  <div class='ocr_page' id='page_1' title='image "/cluster/home/n/w/nwhite01/storage/ocr_20150623/113/hvd.32044018909572/424.png"; bbox 0 0 3982 6352; ppageno 0'>
   <div class='ocr_carea' id='block_1_1' title="bbox 264 395 371 453">
    <p class='ocr_par' dir='ltr' id='par_1_1' title="bbox 264 395 371 453">
     <span class='ocr_line' id='line_1_1' title="bbox 264 395 371 453; baseline -0.037 0"><span class='ocrx_word' id='word_1_1' title='bbox 264 395 371 453; x_wconf 75' lang='lat'><strong>837</strong></span> 
     </span>
    </p>
   </div>
   <div class='ocr_carea' id='block_1_2' title="bbox 1366 391 2517 454">
    <p class='ocr_par' dir='ltr' id='par_1_2' title="bbox 1366 391 2517 454">
     <span class='ocr_line' id='line_1_2' title="bbox 1366 391 2517 454; baseline 0 -3"><span class='ocrx_word' id='word_1_2' title='bbox 1366 392 1633 452; x_wconf 83' lang='lat' dir='ltr'><strong>GLOSSA</strong></span> <span class='ocrx_word' id='word_1_3' title='bbox 1670 391 2067 452; x_wconf 79' lang='lat' dir='ltr'><strong>ORDINARIA.</strong></span> <span class='ocrx_word' id='word_1_4' title='bbox 2104 423 2178 435; x_wconf 95' lang='lat'>—</span> <span class='ocrx_word' id='word_1_5' title='bbox 2209 394 2337 452; x_wconf 82' lang='lat' dir='ltr'><strong>LIB.</strong></span> <span class='ocrx_word' id='word_1_6' title='bbox 2377 395 2517 454; x_wconf 83' lang='lat' dir='ltr'><strong>JOB.</strong></span> 
     </span>
    </p>
   </div>
   <div class='ocr_carea' id='block_1_3' title="bbox 336 502 3524 592">
    <p class='ocr_par' dir='ltr' id='par_1_3' title="bbox 336 502 3524 592">
     <span class='ocr_line' id='line_1_3' title="bbox 336 502 3524 592; baseline 0.004 -29"><span class='ocrx_word' id='word_1_7' title='bbox 336 502 554 579; x_wconf 69' lang='lat'><strong>(6336.)</strong></span> <span class='ocrx_word' id='word_1_8' title='bbox 580 502 770 563; x_wconf 85' lang='lat' dir='ltr'><strong>Sciens</strong></span> <span class='ocrx_word' id='word_1_9' title='bbox 802 521 861 563; x_wconf 91' lang='lat' dir='ltr'><strong>se</strong></span> <span class='ocrx_word' id='word_1_10' title='bbox 884 507 1057 563; x_wconf 85' lang='lat' dir='ltr'><strong>videri</strong></span> <span class='ocrx_word' id='word_1_11' title='bbox 1077 514 1256 572; x_wconf 85' lang='lat' dir='ltr'><strong>cavet,</strong></span> <span class='ocrx_word' id='word_1_12' title='bbox 1284 521 1389 562; x_wconf 91' lang='lat' dir='ltr'><strong>non</strong></span> <span class='ocrx_word' id='word_1_13' title='bbox 1417 513 1595 562; x_wconf 88' lang='lat' dir='ltr'><strong>tamen</strong></span> <span class='ocrx_word' id='word_1_14' title='bbox 1624 522 1851 565; x_wconf 89' lang='lat' dir='ltr'><strong>securus</strong></span> <span class='ocrx_word' id='word_1_15' title='bbox 1877 512 1931 572; x_wconf 73' lang='grc' dir='ltr'><strong>Α</strong></span> <span class='ocrx_word' id='word_1_16' title='bbox 1954 506 2080 577; x_wconf 87' lang='lat' dir='ltr'><strong>quia</strong></span> <span class='ocrx_word' id='word_1_17' title='bbox 2107 510 2246 578; x_wconf 88' lang='lat' dir='ltr'><strong>apud</strong></span> <span class='ocrx_word' id='word_1_18' title='bbox 2278 510 2422 579; x_wconf 85' lang='lat' dir='ltr'><strong>piam</strong></span> <span class='ocrx_word' id='word_1_19' title='bbox 2451 518 2683 567; x_wconf 78' lang='lat' dir='ltr'><strong>mentem</strong></span> <span class='ocrx_word' id='word_1_20' title='bbox 2728 512 2850 585; x_wconf 84' lang='lat' dir='ltr'><strong>plus</strong></span> <span class='ocrx_word' id='word_1_21' title='bbox 2898 520 3093 571; x_wconf 81' lang='lat' dir='ltr'><strong>natura</strong></span> <span class='ocrx_word' id='word_1_22' title='bbox 3142 516 3308 587; x_wconf 82' lang='lat' dir='ltr'><strong>valet,</strong></span> <span class='ocrx_word' id='word_1_23' title='bbox 3357 532 3524 592; x_wconf 79' lang='lat' dir='ltr'><strong>qnam</strong></span> 
     </span>
    </p>
   </div>
   <div class='ocr_carea' id='block_1_4' title="bbox 259 597 2492 671">
    <p class='ocr_par' dir='ltr' id='par_1_4' title="bbox 259 597 2492 671">
     <span class='ocr_line' id='line_1_4' title="bbox 259 597 2492 671; baseline 0 -16"><span class='ocrx_word' id='word_1_24' title='bbox 259 606 316 655; x_wconf 88' lang='lat' dir='ltr'><strong>et</strong></span> <span class='ocrx_word' id='word_1_25' title='bbox 335 597 610 670; x_wconf 87' lang='lat' dir='ltr'><strong>perfectus</strong></span> <span class='ocrx_word' id='word_1_26' title='bbox 634 600 851 670; x_wconf 85' lang='lat' dir='ltr'><strong>quidem</strong></span> <span class='ocrx_word' id='word_1_27' title='bbox 869 600 1009 657; x_wconf 89' lang='lat' dir='ltr'><strong>inter</strong></span> <span class='ocrx_word' id='word_1_28' title='bbox 1025 608 1258 665; x_wconf 89' lang='lat' dir='ltr'><strong>veteres,</strong></span> <span class='ocrx_word' id='word_1_29' title='bbox 1286 600 1339 654; x_wconf 93' lang='lat' dir='ltr'><strong>in</strong></span> <span class='ocrx_word' id='word_1_30' title='bbox 1368 600 1653 671; x_wconf 70' lang='lat' dir='ltr'><strong>prmceptis</strong></span> <span class='ocrx_word' id='word_1_31' title='bbox 1676 600 1843 657; x_wconf 86' lang='lat' dir='ltr'><strong>futuri</strong></span> <span class='ocrx_word' id='word_1_32' title='bbox 1949 598 2161 665; x_wconf 91' lang='lat' dir='ltr'><strong>notitia,</strong></span> <span class='ocrx_word' id='word_1_33' title='bbox 2191 609 2248 653; x_wconf 87' lang='lat' dir='ltr'><strong>ut</strong></span> <span class='ocrx_word' id='word_1_34' title='bbox 2277 600 2333 654; x_wconf 85' lang='lat' dir='ltr'><strong>in</strong></span> <span class='ocrx_word' id='word_1_35' title='bbox 2370 599 2492 657; x_wconf 86' lang='lat' dir='ltr'><strong>Job.</strong></span> 
     </span>
    </p>
   </div>
   <div class='ocr_carea' id='block_1_5' title="bbox 259 689 1845 764">
    <p class='ocr_par' dir='ltr' id='par_1_5' title="bbox 259 689 1845 764">
     <span class='ocr_line' id='line_1_5' title="bbox 259 689 1845 764; baseline 0.001 -17"><span class='ocrx_word' id='word_1_36' title='bbox 259 689 467 747; x_wconf 78' lang='lat' dir='ltr'><strong>Christi</strong></span> <span class='ocrx_word' id='word_1_37' title='bbox 494 699 718 761; x_wconf 85' lang='lat' dir='ltr'><strong>pensat,</strong></span> <span class='ocrx_word' id='word_1_38' title='bbox 760 706 923 761; x_wconf 90' lang='lat' dir='ltr'><strong>quam</strong></span> <span class='ocrx_word' id='word_1_39' title='bbox 965 691 1131 746; x_wconf 90' lang='lat' dir='ltr'><strong>multa</strong></span> <span class='ocrx_word' id='word_1_40' title='bbox 1185 692 1250 746; x_wconf 91' lang='lat' dir='ltr'><strong>de</strong></span> <span class='ocrx_word' id='word_1_41' title='bbox 1288 691 1623 764; x_wconf 76' lang='lat' dir='ltr'><strong>perfectione</strong></span> <span class='ocrx_word' id='word_1_42' title='bbox 1667 694 1845 749; x_wconf 90' lang='lat' dir='ltr'><strong>minus</strong></span> 
     </span>
    </p>
   </div>
   <div class='ocr_carea' id='block_1_6' title="bbox 258 779 1214 838">
    <p class='ocr_par' dir='ltr' id='par_1_6' title="bbox 258 779 1214 838">
     <span class='ocr_line' id='line_1_6' title="bbox 258 779 1214 838; baseline -0.005 0"><span class='ocrx_word' id='word_1_43' title='bbox 258 782 443 838; x_wconf 80' lang='lat' dir='ltr'><strong>habet.</strong></span> <span class='ocrx_word' id='word_1_44' title='bbox 474 779 603 837; x_wconf 85' lang='lat' dir='ltr'><strong>Ideo</strong></span> <span class='ocrx_word' id='word_1_45' title='bbox 627 781 792 836; x_wconf 88' lang='lat' dir='ltr'><strong>dicit:</strong></span> <span class='ocrx_word' id='word_1_46' title='bbox 828 798 848 832; x_wconf 74' lang='grc' dir='ltr'><strong>α</strong></span> <span class='ocrx_word' id='word_1_47' title='bbox 886 779 941 836; x_wconf 89' lang='lat' dir='ltr'><strong>Si</strong></span> <span class='ocrx_word' id='word_1_48' title='bbox 971 781 1162 836; x_wconf 86' lang='lat' dir='ltr'><strong>ambis.</strong></span> <span class='ocrx_word' id='word_1_49' title='bbox 1195 802 1214 833; x_wconf 78' lang='grc' dir='ltr'><strong><em>ι</em></strong></span> 
     </span>
    </p>
   </div>
   <div class='ocr_carea' id='block_1_7' title="bbox 2014 688 3521 777">
    <p class='ocr_par' dir='ltr' id='par_1_7' title="bbox 2014 688 3521 777">
     <span class='ocr_line' id='line_1_7' title="bbox 2014 688 3521 777; baseline 0.011 -33"><span class='ocrx_word' id='word_1_50' title='bbox 2014 688 2178 745; x_wconf 86' lang='lat' dir='ltr'><strong>Vens.</strong></span> <span class='ocrx_word' id='word_1_51' title='bbox 2213 690 2303 746; x_wconf 73' lang='grc'><strong>21.</strong></span> <span class='ocrx_word' id='word_1_52' title='bbox 2331 723 2401 732; x_wconf 91' lang='grc'><strong>-</strong></span> <span class='ocrx_word' id='word_1_53' title='bbox 2428 710 2447 744; x_wconf 73' lang='grc' dir='ltr'><strong>ε</strong></span> <span class='ocrx_word' id='word_1_54' title='bbox 2483 691 2541 748; x_wconf 91' lang='lat' dir='ltr'><strong>Si</strong></span> <span class='ocrx_word' id='word_1_55' title='bbox 2571 693 2744 750; x_wconf 86' lang='lat' dir='ltr'><strong>levavi</strong></span> <span class='ocrx_word' id='word_1_56' title='bbox 2766 709 2928 767; x_wconf 84' lang='lat' dir='ltr'><strong>super</strong></span> <span class='ocrx_word' id='word_1_57' title='bbox 2950 697 3227 769; x_wconf 82' lang='lat' dir='ltr'><strong>pusillum.</strong></span> <span class='ocrx_word' id='word_1_58' title='bbox 3264 720 3287 755; x_wconf 72' lang='grc' dir='ltr'><strong><em>ι</em></strong></span> <span class='ocrx_word' id='word_1_59' title='bbox 3328 702 3521 777; x_wconf 67' lang='lat' dir='ltr'><strong>Obici.)</strong></span> 
     </span>
    </p>
   </div>
   <div class='ocr_carea' id='block_1_8' title="bbox 1939 780 3519 866">
    <p class='ocr_par' dir='ltr' id='par_1_8' title="bbox 1939 780 3519 866">
     <span class='ocr_line' id='line_1_8' title="bbox 1939 780 3519 866; baseline 0.013 -33"><span class='ocrx_word' id='word_1_60' title='bbox 1939 780 2019 835; x_wconf 85' lang='lat' dir='ltr'><strong>Ac</strong></span> <span class='ocrx_word' id='word_1_61' title='bbox 2042 781 2086 835; x_wconf 90' lang='lat' dir='ltr'><strong>si</strong></span> <span class='ocrx_word' id='word_1_62' title='bbox 2114 790 2360 851; x_wconf 86' lang='lat' dir='ltr'><strong>patenter</strong></span> <span class='ocrx_word' id='word_1_63' title='bbox 2394 783 2569 853; x_wconf 86' lang='lat' dir='ltr'><strong>dicat,</strong></span> <span class='ocrx_word' id='word_1_64' title='bbox 2609 794 2740 854; x_wconf 89' lang='lat' dir='ltr'><strong>etc.,</strong></span> <span class='ocrx_word' id='word_1_65' title='bbox 2782 804 2945 861; x_wconf 66' lang='lat' dir='ltr'><strong>sequ</strong></span> <span class='ocrx_word' id='word_1_66' title='bbox 2989 790 3060 845; x_wconf 84' lang='lat' dir='ltr'><strong>ad</strong></span> <span class='ocrx_word' id='word_1_67' title='bbox 3094 793 3243 862; x_wconf 83' lang='lat' dir='ltr'><strong>quod</strong></span> <span class='ocrx_word' id='word_1_68' title='bbox 3284 794 3339 850; x_wconf 87' lang='lat' dir='ltr'><strong>in</strong></span> <span class='ocrx_word' id='word_1_69' title='bbox 3362 803 3519 866; x_wconf 78' lang='lat' dir='ltr'><strong>porta</strong></span> 
     </span>
    </p>
   </div>
   <div class='ocr_carea' id='block_1_9' title="bbox 312 856 2532 944">
    <p class='ocr_par' dir='ltr' id='par_1_9' title="bbox 312 856 2532 944">
     <span class='ocr_line' id='line_1_9' title="bbox 312 856 2532 944; baseline 0.001 -17"><span class='ocrx_word' id='word_1_70' title='bbox 312 856 495 929; x_wconf 68' lang='lat' dir='ltr'><strong>Vens.</strong></span> <span class='ocrx_word' id='word_1_71' title='bbox 540 871 594 927; x_wconf 89' lang='lat'><strong>6.</strong></span> <span class='ocrx_word' id='word_1_72' title='bbox 624 902 698 913; x_wconf 92' lang='lat'>—</span> <span class='ocrx_word' id='word_1_73' title='bbox 724 892 742 924; x_wconf 74' lang='grc' dir='ltr'>ι</span> <span class='ocrx_word' id='word_1_74' title='bbox 783 872 1084 944; x_wconf 86' lang='lat' dir='ltr'><strong>Appendat,</strong></span> <span class='ocrx_word' id='word_1_75' title='bbox 1128 891 1147 924; x_wconf 71' lang='grc' dir='ltr'><strong>ι</strong></span> <span class='ocrx_word' id='word_1_76' title='bbox 1196 871 1351 942; x_wconf 89' lang='lat' dir='ltr'><strong>quasi</strong></span> <span class='ocrx_word' id='word_1_77' title='bbox 1391 870 1627 927; x_wconf 86' lang='lat' dir='ltr'><strong>diceret:</strong></span> <span class='ocrx_word' id='word_1_78' title='bbox 1660 870 1841 939; x_wconf 80' lang='lat' dir='ltr'><strong>Quan—</strong></span> <span class='ocrx_word' id='word_1_79' title='bbox 1940 871 2215 942; x_wconf 78' lang='lat' dir='ltr'><strong>agebatur,</strong></span> <span class='ocrx_word' id='word_1_80' title='bbox 2248 872 2532 943; x_wconf 86' lang='lat' dir='ltr'><strong>significat.</strong></span> 
     </span>
    </p>
   </div>
   <div class='ocr_carea' id='block_1_10' title="bbox 257 962 1836 1028">
    <p class='ocr_par' dir='ltr' id='par_1_10' title="bbox 257 962 1836 1028">
     <span class='ocr_line' id='line_1_10' title="bbox 257 962 1836 1028; baseline -0.003 -8"><span class='ocrx_word' id='word_1_81' title='bbox 257 973 372 1020; x_wconf 91' lang='lat' dir='ltr'><strong>tum</strong></span> <span class='ocrx_word' id='word_1_82' title='bbox 401 964 471 1020; x_wconf 90' lang='lat' dir='ltr'><strong>ad</strong></span> <span class='ocrx_word' id='word_1_83' title='bbox 500 964 719 1020; x_wconf 88' lang='lat' dir='ltr'><strong>modum</strong></span> <span class='ocrx_word' id='word_1_84' title='bbox 741 965 990 1019; x_wconf 74' lang='lat' dir='ltr'><strong>humanae</strong></span> <span class='ocrx_word' id='word_1_85' title='bbox 1009 963 1134 1019; x_wconf 67' lang='lat' dir='ltr'><strong>vitae</strong></span> <span class='ocrx_word' id='word_1_86' title='bbox 1160 962 1302 1017; x_wconf 89' lang='lat' dir='ltr'><strong>mala</strong></span> <span class='ocrx_word' id='word_1_87' title='bbox 1328 962 1381 1017; x_wconf 91' lang='lat' dir='ltr'><strong>in</strong></span> <span class='ocrx_word' id='word_1_88' title='bbox 1406 978 1492 1016; x_wconf 87' lang='lat' dir='ltr'><strong>me</strong></span> <span class='ocrx_word' id='word_1_89' title='bbox 1514 978 1618 1017; x_wconf 89' lang='lat' dir='ltr'><strong>non</strong></span> <span class='ocrx_word' id='word_1_90' title='bbox 1646 962 1836 1028; x_wconf 88' lang='lat' dir='ltr'><strong>video;</strong></span> 
     </span>
    </p>
   </div>
   <div class='ocr_carea' id='block_1_11' title="bbox 2010 928 3539 1046">
    <p class='ocr_par' dir='ltr' id='par_1_11' title="bbox 2010 928 3539 1046">
     <span class='ocr_line' id='line_1_11' title="bbox 2010 928 3539 1046; baseline 0.014 -34"><span class='ocrx_word' id='word_1_91' title='bbox 2010 958 2174 1014; x_wconf 79' lang='lat' dir='ltr'><strong>Vens.</strong></span> <span class='ocrx_word' id='word_1_92' title='bbox 2200 928 2389 1015; x_wconf 38' lang='lat'><strong>&#39;22:,—</strong></span> <span class='ocrx_word' id='word_1_93' title='bbox 2775 970 2946 1024; x_wconf 73' lang='lat' dir='ltr'><strong>me.</strong></span> <span class='ocrx_word' id='word_1_94' title='bbox 2985 986 3009 1021; x_wconf 70' lang='grc' dir='ltr'><strong><em>ι</em></strong></span> <span class='ocrx_word' id='word_1_95' title='bbox 3035 968 3092 1025; x_wconf 90' lang='lat' dir='ltr'><strong>Si</strong></span> <span class='ocrx_word' id='word_1_96' title='bbox 3118 985 3185 1027; x_wconf 90' lang='lat' dir='ltr'><strong>ea</strong></span> <span class='ocrx_word' id='word_1_97' title='bbox 3222 972 3363 1030; x_wconf 73' lang='lat' dir='ltr'><strong>bona</strong></span> <span class='ocrx_word' id='word_1_98' title='bbox 3396 928 3539 1046; x_wconf 9' lang='lat' dir='ltr'><strong>quati</strong></span> 
     </span>
    </p>
   </div>
   <div class='ocr_carea' id='block_1_12' title="bbox 257 1049 3522 1137">
    <p class='ocr_par' dir='ltr' id='par_1_12' title="bbox 257 1049 3522 1137">
     <span class='ocr_line' id='line_1_12' title="bbox 257 1049 3522 1137; baseline 0.002 -26"><span class='ocrx_word' id='word_1_99' title='bbox 257 1055 351 1111; x_wconf 87' lang='lat' dir='ltr'><strong>sed</strong></span> <span class='ocrx_word' id='word_1_100' title='bbox 370 1054 476 1111; x_wconf 87' lang='lat' dir='ltr'><strong>nisi</strong></span> <span class='ocrx_word' id='word_1_101' title='bbox 501 1056 767 1111; x_wconf 82' lang='lat' dir='ltr'><strong>mediator</strong></span> <span class='ocrx_word' id='word_1_102' title='bbox 788 1063 1063 1126; x_wconf 82' lang='lat' dir='ltr'><strong>appareat,</strong></span> <span class='ocrx_word' id='word_1_103' title='bbox 1088 1054 1180 1125; x_wconf 93' lang='lat' dir='ltr'><strong>qui</strong></span> <span class='ocrx_word' id='word_1_104' title='bbox 1200 1066 1387 1108; x_wconf 89' lang='lat' dir='ltr'><strong>omnes</strong></span> <span class='ocrx_word' id='word_1_105' title='bbox 1408 1051 1644 1118; x_wconf 81' lang='lat' dir='ltr'><strong>excedit,</strong></span> <span class='ocrx_word' id='word_1_106' title='bbox 1666 1066 1839 1123; x_wconf 86' lang='lat' dir='ltr'><strong>quan—</strong></span> <span class='ocrx_word' id='word_1_107' title='bbox 1936 1062 2032 1103; x_wconf 91' lang='lat' dir='ltr'><strong>ore</strong></span> <span class='ocrx_word' id='word_1_108' title='bbox 2063 1049 2295 1118; x_wconf 71' lang='lat' dir='ltr'><strong>protuli,</strong></span> <span class='ocrx_word' id='word_1_109' title='bbox 2322 1054 2454 1118; x_wconf 81' lang='lat' dir='ltr'><strong>etc.,</strong></span> <span class='ocrx_word' id='word_1_110' title='bbox 2475 1066 2640 1125; x_wconf 69' lang='lat' dir='ltr'><strong>usque</strong></span> <span class='ocrx_word' id='word_1_111' title='bbox 2669 1055 2740 1110; x_wconf 74' lang='lat' dir='ltr'><strong>ad</strong></span> <span class='ocrx_word' id='word_1_112' title='bbox 2768 1063 2831 1112; x_wconf 81' lang='lat' dir='ltr'><strong>ut</strong></span> <span class='ocrx_word' id='word_1_113' title='bbox 2848 1059 3100 1115; x_wconf 69' lang='lat' dir='ltr'><strong>calendas</strong></span> <span class='ocrx_word' id='word_1_114' title='bbox 3127 1060 3183 1117; x_wconf 79' lang='lat' dir='ltr'><strong>in</strong></span> <span class='ocrx_word' id='word_1_115' title='bbox 3202 1072 3264 1119; x_wconf 79' lang='lat' dir='ltr'><strong>se</strong></span> <span class='ocrx_word' id='word_1_116' title='bbox 3293 1065 3522 1137; x_wconf 77' lang='lat' dir='ltr'><strong>conjun-</strong></span> 
     </span>
    </p>
   </div>
   <div class='ocr_carea' id='block_1_13' title="bbox 256 1144 1654 1217">
    <p class='ocr_par' dir='ltr' id='par_1_13' title="bbox 256 1144 1654 1217">
     <span class='ocr_line' id='line_1_13' title="bbox 256 1144 1654 1217; baseline -0.002 -15"><span class='ocrx_word' id='word_1_117' title='bbox 256 1155 370 1202; x_wconf 90' lang='lat' dir='ltr'><strong>tum</strong></span> <span class='ocrx_word' id='word_1_118' title='bbox 401 1162 432 1200; x_wconf 91' lang='lat' dir='ltr'><strong>a</strong></span> <span class='ocrx_word' id='word_1_119' title='bbox 461 1162 587 1202; x_wconf 90' lang='lat' dir='ltr'><strong>vera</strong></span> <span class='ocrx_word' id='word_1_120' title='bbox 610 1146 952 1217; x_wconf 86' lang='lat' dir='ltr'><strong>simplicitate</strong></span> <span class='ocrx_word' id='word_1_121' title='bbox 989 1144 1205 1211; x_wconf 91' lang='lat' dir='ltr'><strong>distem,</strong></span> <span class='ocrx_word' id='word_1_122' title='bbox 1234 1160 1341 1199; x_wconf 90' lang='lat' dir='ltr'><strong>non</strong></span> <span class='ocrx_word' id='word_1_123' title='bbox 1368 1156 1654 1217; x_wconf 82' lang='lat' dir='ltr'><strong>cognosco.</strong></span> 
     </span>
    </p>
   </div>
   <div class='ocr_carea' id='block_1_14' title="bbox 331 1233 1829 1306">
    <p class='ocr_par' dir='ltr' id='par_1_14' title="bbox 331 1233 1829 1306">
     <span class='ocr_line' id='line_1_14' title="bbox 331 1233 1829 1306; baseline 0.003 -21"><span class='ocrx_word' id='word_1_124' title='bbox 331 1255 349 1285; x_wconf 77' lang='grc' dir='ltr'>ι</span> <span class='ocrx_word' id='word_1_125' title='bbox 377 1234 433 1288; x_wconf 90' lang='lat' dir='ltr'><strong>ln</strong></span> <span class='ocrx_word' id='word_1_126' title='bbox 463 1243 662 1291; x_wconf 86' lang='lat' dir='ltr'><strong>statera</strong></span> <span class='ocrx_word' id='word_1_127' title='bbox 679 1235 843 1306; x_wconf 89' lang='lat' dir='ltr'><strong>justa.</strong></span> <span class='ocrx_word' id='word_1_128' title='bbox 884 1256 902 1287; x_wconf 75' lang='grc' dir='ltr'><strong><em>ι</em></strong></span> <span class='ocrx_word' id='word_1_129' title='bbox 935 1233 1164 1290; x_wconf 62' lang='lat' dir='ltr'><strong>Staterm</strong></span> <span class='ocrx_word' id='word_1_130' title='bbox 1194 1234 1410 1289; x_wconf 88' lang='lat' dir='ltr'><strong>nomine</strong></span> <span class='ocrx_word' id='word_1_131' title='bbox 1439 1234 1705 1289; x_wconf 85' lang='lat' dir='ltr'><strong>mediator</strong></span> <span class='ocrx_word' id='word_1_132' title='bbox 1730 1233 1829 1289; x_wconf 87' lang='lat' dir='ltr'><strong>Dei</strong></span> 
     </span>
    </p>
   </div>
   <div class='ocr_carea' id='block_1_15' title="bbox 1935 1140 2671 1213">
    <p class='ocr_par' dir='ltr' id='par_1_15' title="bbox 1935 1140 2671 1213">
     <span class='ocr_line' id='line_1_15' title="bbox 1935 1140 2671 1213; baseline 0.011 -20"><span class='ocrx_word' id='word_1_133' title='bbox 1935 1146 2069 1206; x_wconf 82' lang='lat' dir='ltr'><strong>etas,</strong></span> <span class='ocrx_word' id='word_1_134' title='bbox 2106 1140 2347 1213; x_wconf 81' lang='lat' dir='ltr'><strong>singulas</strong></span> <span class='ocrx_word' id='word_1_135' title='bbox 2366 1154 2671 1201; x_wconf 73' lang='lat' dir='ltr'><strong>enumerat.</strong></span> 
     </span>
    </p>
   </div>
   <div class='ocr_carea' id='block_1_16' title="bbox 2006 1230 3512 1313">
    <p class='ocr_par' dir='ltr' id='par_1_16' title="bbox 2006 1230 3512 1313">
     <span class='ocr_line' id='line_1_16' title="bbox 2006 1230 3512 1313; baseline 0.013 -27"><span class='ocrx_word' id='word_1_136' title='bbox 2006 1230 2170 1289; x_wconf 80' lang='lat' dir='ltr'><strong>Vens.</strong></span> <span class='ocrx_word' id='word_1_137' title='bbox 2194 1234 2284 1290; x_wconf 75' lang='lat'><strong>2&#39;5.</strong></span> <span class='ocrx_word' id='word_1_138' title='bbox 2312 1265 2376 1275; x_wconf 89' lang='lat'>—</span> <span class='ocrx_word' id='word_1_139' title='bbox 2409 1256 2428 1289; x_wconf 77' lang='grc' dir='ltr'>ι</span> <span class='ocrx_word' id='word_1_140' title='bbox 2465 1236 2692 1310; x_wconf 79' lang='lat' dir='ltr'><strong>Semper</strong></span> <span class='ocrx_word' id='word_1_141' title='bbox 2730 1241 2875 1297; x_wconf 87' lang='lat' dir='ltr'><strong>enim</strong></span> <span class='ocrx_word' id='word_1_142' title='bbox 2920 1244 3078 1313; x_wconf 84' lang='lat' dir='ltr'><strong>quasi</strong></span> <span class='ocrx_word' id='word_1_143' title='bbox 3126 1254 3185 1301; x_wconf 89' lang='lat' dir='ltr'><strong>tu</strong></span> <span class='ocrx_word' id='word_1_144' title='bbox 3221 1258 3453 1306; x_wconf 80' lang='lat' dir='ltr'><strong>mentes.</strong></span> <span class='ocrx_word' id='word_1_145' title='bbox 3490 1267 3512 1305; x_wconf 77' lang='grc' dir='ltr'><strong><em>ι</em></strong></span> 
     </span>
    </p>
   </div>
   <div class='ocr_carea' id='block_1_17' title="bbox 254 1321 3518 1406">
    <p class='ocr_par' dir='ltr' id='par_1_17' title="bbox 254 1321 3518 1406">
     <span class='ocr_line' id='line_1_17' title="bbox 254 1321 3518 1406; baseline 0.004 -26"><span class='ocrx_word' id='word_1_146' title='bbox 254 1333 309 1380; x_wconf 91' lang='lat' dir='ltr'><strong>et</strong></span> <span class='ocrx_word' id='word_1_147' title='bbox 338 1324 638 1392; x_wconf 86' lang='lat' dir='ltr'><strong>hominum,</strong></span> <span class='ocrx_word' id='word_1_148' title='bbox 662 1334 795 1393; x_wconf 91' lang='lat' dir='ltr'><strong>etc.,</strong></span> <span class='ocrx_word' id='word_1_149' title='bbox 828 1342 991 1397; x_wconf 76' lang='lat' dir='ltr'><strong>usque</strong></span> <span class='ocrx_word' id='word_1_150' title='bbox 1023 1325 1090 1379; x_wconf 85' lang='lat' dir='ltr'><strong>ad</strong></span> <span class='ocrx_word' id='word_1_151' title='bbox 1119 1326 1166 1380; x_wconf 87' lang='lat' dir='ltr'><strong>si</strong></span> <span class='ocrx_word' id='word_1_152' title='bbox 1189 1325 1353 1380; x_wconf 80' lang='lat' dir='ltr'><strong>vitam</strong></span> <span class='ocrx_word' id='word_1_153' title='bbox 1381 1324 1679 1397; x_wconf 84' lang='lat' dir='ltr'><strong>simplicem</strong></span> <span class='ocrx_word' id='word_1_154' title='bbox 1705 1340 1834 1382; x_wconf 84' lang='lat' dir='ltr'><strong>vere</strong></span> <span class='ocrx_word' id='word_1_155' title='bbox 1930 1321 2186 1392; x_wconf 85' lang='lat' dir='ltr'><strong>Fluctus,</strong></span> <span class='ocrx_word' id='word_1_156' title='bbox 2218 1342 2343 1382; x_wconf 84' lang='lat' dir='ltr'><strong>cum</strong></span> <span class='ocrx_word' id='word_1_157' title='bbox 2368 1337 2638 1386; x_wconf 84' lang='lat' dir='ltr'><strong>tumentes</strong></span> <span class='ocrx_word' id='word_1_158' title='bbox 2669 1331 2900 1403; x_wconf 82' lang='lat' dir='ltr'><strong>desuper</strong></span> <span class='ocrx_word' id='word_1_159' title='bbox 2926 1333 3232 1405; x_wconf 80' lang='lat' dir='ltr'><strong>imminent,</strong></span> <span class='ocrx_word' id='word_1_160' title='bbox 3260 1348 3393 1406; x_wconf 85' lang='lat' dir='ltr'><strong>etc.,</strong></span> <span class='ocrx_word' id='word_1_161' title='bbox 3425 1356 3518 1397; x_wconf 74' lang='lat' dir='ltr'><strong>m-</strong></span> 
     </span>
    </p>
   </div>
   <div class='ocr_carea' id='block_1_18' title="bbox 254 1416 532 1475">
    <p class='ocr_par' dir='ltr' id='par_1_18' title="bbox 254 1416 532 1475">
     <span class='ocr_line' id='line_1_18' title="bbox 254 1416 532 1475; baseline 0 -4"><span class='ocrx_word' id='word_1_162' title='bbox 254 1416 532 1475; x_wconf 83' lang='lat' dir='ltr'><strong>tenuisset.</strong></span> 
     </span>
    </p>
   </div>
   <div class='ocr_carea' id='block_1_19' title="bbox 324 1476 1821 1581">
    <p class='ocr_par' dir='ltr' id='par_1_19' title="bbox 324 1476 1821 1581">
     <span class='ocr_line' id='line_1_19' title="bbox 324 1476 1821 1581; baseline 0.003 -24"><span class='ocrx_word' id='word_1_163' title='bbox 324 1476 488 1564; x_wconf 53' lang='lat' dir='ltr'><strong>Vens’.</strong></span> <span class='ocrx_word' id='word_1_164' title='bbox 515 1509 567 1562; x_wconf 89' lang='lat'><strong>7.</strong></span> <span class='ocrx_word' id='word_1_165' title='bbox 592 1538 664 1549; x_wconf 90' lang='lat'><strong>—</strong></span> <span class='ocrx_word' id='word_1_166' title='bbox 697 1527 715 1560; x_wconf 83' lang='grc'><em>‹</em></span> <span class='ocrx_word' id='word_1_167' title='bbox 750 1507 806 1563; x_wconf 90' lang='lat' dir='ltr'><strong>Si</strong></span> <span class='ocrx_word' id='word_1_168' title='bbox 834 1507 1123 1564; x_wconf 85' lang='lat' dir='ltr'><strong>declinavit</strong></span> <span class='ocrx_word' id='word_1_169' title='bbox 1149 1524 1373 1581; x_wconf 76' lang='lat' dir='ltr'><strong>gressus</strong></span> <span class='ocrx_word' id='word_1_170' title='bbox 1394 1524 1545 1565; x_wconf 89' lang='lat' dir='ltr'><strong>meus</strong></span> <span class='ocrx_word' id='word_1_171' title='bbox 1573 1510 1639 1565; x_wconf 93' lang='lat' dir='ltr'><strong>de</strong></span> <span class='ocrx_word' id='word_1_172' title='bbox 1662 1510 1770 1564; x_wconf 85' lang='lat' dir='ltr'><strong>via.</strong></span> <span class='ocrx_word' id='word_1_173' title='bbox 1803 1529 1821 1562; x_wconf 74' lang='grc' dir='ltr'><strong><em>ι</em></strong></span> 
     </span>
    </p>
   </div>
   <div class='ocr_carea' id='block_1_20' title="bbox 253 1598 1831 1673">
    <p class='ocr_par' dir='ltr' id='par_1_20' title="bbox 253 1598 1831 1673">
     <span class='ocr_line' id='line_1_20' title="bbox 253 1598 1831 1673; baseline 0.001 -20"><span class='ocrx_word' id='word_1_174' title='bbox 253 1598 441 1655; x_wconf 86' lang='lat' dir='ltr'><strong>Toties</strong></span> <span class='ocrx_word' id='word_1_175' title='bbox 461 1614 681 1672; x_wconf 80' lang='lat' dir='ltr'><strong>gressus</strong></span> <span class='ocrx_word' id='word_1_176' title='bbox 708 1600 774 1656; x_wconf 88' lang='lat' dir='ltr'><strong>de</strong></span> <span class='ocrx_word' id='word_1_177' title='bbox 794 1600 883 1654; x_wconf 88' lang='lat' dir='ltr'><strong>via</strong></span> <span class='ocrx_word' id='word_1_178' title='bbox 913 1598 1167 1666; x_wconf 85' lang='lat' dir='ltr'><strong>declinat,</strong></span> <span class='ocrx_word' id='word_1_179' title='bbox 1194 1601 1405 1671; x_wconf 90' lang='lat' dir='ltr'><strong>quoties</strong></span> <span class='ocrx_word' id='word_1_180' title='bbox 1426 1610 1606 1655; x_wconf 90' lang='lat' dir='ltr'><strong>nostra</strong></span> <span class='ocrx_word' id='word_1_181' title='bbox 1632 1601 1831 1673; x_wconf 88' lang='lat' dir='ltr'><strong>cogita-</strong></span> 
     </span>
    </p>
   </div>
   <div class='ocr_carea' id='block_1_21' title="bbox 252 1689 1823 1763">
    <p class='ocr_par' dir='ltr' id='par_1_21' title="bbox 252 1689 1823 1763">
     <span class='ocr_line' id='line_1_21' title="bbox 252 1689 1823 1763; baseline 0.001 -18"><span class='ocrx_word' id='word_1_182' title='bbox 252 1689 328 1745; x_wconf 88' lang='lat' dir='ltr'><strong>tio</strong></span> <span class='ocrx_word' id='word_1_183' title='bbox 353 1689 458 1746; x_wconf 88' lang='lat' dir='ltr'><strong>iter</strong></span> <span class='ocrx_word' id='word_1_184' title='bbox 484 1690 823 1746; x_wconf 86' lang='lat' dir='ltr'><strong>rectitudinis</strong></span> <span class='ocrx_word' id='word_1_185' title='bbox 846 1705 944 1763; x_wconf 89' lang='lat' dir='ltr'><strong>per</strong></span> <span class='ocrx_word' id='word_1_186' title='bbox 972 1700 1293 1747; x_wconf 84' lang='lat' dir='ltr'><strong>consensum</strong></span> <span class='ocrx_word' id='word_1_187' title='bbox 1326 1691 1578 1763; x_wconf 86' lang='lat' dir='ltr'><strong>relinquit</strong></span> <span class='ocrx_word' id='word_1_188' title='bbox 1605 1692 1823 1748; x_wconf 90' lang='lat' dir='ltr'><strong>erroris.</strong></span> 
     </span>
    </p>
   </div>
   <div class='ocr_carea' id='block_1_22' title="bbox 326 1781 1823 1841">
    <p class='ocr_par' dir='ltr' id='par_1_22' title="bbox 326 1781 1823 1841">
     <span class='ocr_line' id='line_1_22' title="bbox 326 1781 1823 1841; baseline 0.002 -5"><span class='ocrx_word' id='word_1_189' title='bbox 326 1800 346 1835; x_wconf 72' lang='grc' dir='ltr'>ι</span> <span class='ocrx_word' id='word_1_190' title='bbox 372 1781 443 1838; x_wconf 87' lang='lat' dir='ltr'><strong>Et</strong></span> <span class='ocrx_word' id='word_1_191' title='bbox 467 1782 510 1838; x_wconf 89' lang='lat' dir='ltr'><strong>si</strong></span> <span class='ocrx_word' id='word_1_192' title='bbox 550 1792 791 1840; x_wconf 89' lang='lat' dir='ltr'><strong>secutum</strong></span> <span class='ocrx_word' id='word_1_193' title='bbox 820 1791 903 1840; x_wconf 92' lang='lat' dir='ltr'><strong>est</strong></span> <span class='ocrx_word' id='word_1_194' title='bbox 932 1784 1117 1840; x_wconf 72' lang='lat' dir='ltr'><strong>oculos</strong></span> <span class='ocrx_word' id='word_1_195' title='bbox 1138 1799 1287 1839; x_wconf 90' lang='lat' dir='ltr'><strong>meos</strong></span> <span class='ocrx_word' id='word_1_196' title='bbox 1310 1798 1422 1840; x_wconf 88' lang='lat' dir='ltr'><strong>cor.</strong></span> <span class='ocrx_word' id='word_1_197' title='bbox 1463 1804 1482 1837; x_wconf 72' lang='grc' dir='ltr'><strong><em>ι</em></strong></span> <span class='ocrx_word' id='word_1_198' title='bbox 1512 1782 1662 1840; x_wconf 91' lang='lat' dir='ltr'><strong>Sicut</strong></span> <span class='ocrx_word' id='word_1_199' title='bbox 1681 1786 1823 1841; x_wconf 92' lang='lat' dir='ltr'><strong>enim</strong></span> 
     </span>
    </p>
   </div>
   <div class='ocr_carea' id='block_1_23' title="bbox 1929 1416 3195 1496">
    <p class='ocr_par' dir='ltr' id='par_1_23' title="bbox 1929 1416 3195 1496">
     <span class='ocr_line' id='line_1_23' title="bbox 1929 1416 3195 1496; baseline 0.012 -28"><span class='ocrx_word' id='word_1_200' title='bbox 1929 1430 2029 1486; x_wconf 71' lang='lat' dir='ltr'><strong>que</strong></span> <span class='ocrx_word' id='word_1_201' title='bbox 2048 1416 2116 1470; x_wconf 83' lang='lat' dir='ltr'><strong>ad</strong></span> <span class='ocrx_word' id='word_1_202' title='bbox 2141 1430 2301 1486; x_wconf 82' lang='lat' dir='ltr'><strong>quam</strong></span> <span class='ocrx_word' id='word_1_203' title='bbox 2328 1420 2501 1476; x_wconf 85' lang='lat' dir='ltr'><strong>sancti</strong></span> <span class='ocrx_word' id='word_1_204' title='bbox 2543 1421 2786 1490; x_wconf 87' lang='lat' dir='ltr'><strong>quotidie</strong></span> <span class='ocrx_word' id='word_1_205' title='bbox 2808 1435 3195 1496; x_wconf 78' lang='lat' dir='ltr'><strong>expavescunt.</strong></span> 
     </span>
    </p>
   </div>
   <div class='ocr_carea' id='block_1_24' title="bbox 1970 1506 3513 1589">
    <p class='ocr_par' dir='ltr' id='par_1_24' title="bbox 1970 1506 3513 1589">
     <span class='ocr_line' id='line_1_24' title="bbox 1970 1506 3513 1589; baseline 0.011 -30"><span class='ocrx_word' id='word_1_206' title='bbox 1970 1508 1977 1513; x_wconf 85' lang='grc'><em>’</em></span> <span class='ocrx_word' id='word_1_207' title='bbox 2006 1524 2024 1558; x_wconf 75' lang='grc' dir='ltr'><strong><em>ι</em></strong></span> <span class='ocrx_word' id='word_1_208' title='bbox 2060 1506 2274 1564; x_wconf 90' lang='lat' dir='ltr'><strong>Pondus</strong></span> <span class='ocrx_word' id='word_1_209' title='bbox 2294 1509 2411 1581; x_wconf 87' lang='lat' dir='ltr'><strong>ejus</strong></span> <span class='ocrx_word' id='word_1_210' title='bbox 2444 1510 2588 1567; x_wconf 85' lang='lat' dir='ltr'><strong>ferre</strong></span> <span class='ocrx_word' id='word_1_211' title='bbox 2618 1526 2725 1568; x_wconf 88' lang='lat' dir='ltr'><strong>non</strong></span> <span class='ocrx_word' id='word_1_212' title='bbox 2751 1515 2920 1583; x_wconf 88' lang='lat' dir='ltr'><strong>potui,</strong></span> <span class='ocrx_word' id='word_1_213' title='bbox 2959 1535 2979 1568; x_wconf 75' lang='grc' dir='ltr'><strong><em>ι</em></strong></span> <span class='ocrx_word' id='word_1_214' title='bbox 3014 1517 3270 1587; x_wconf 83' lang='lat' dir='ltr'><strong>quoniam</strong></span> <span class='ocrx_word' id='word_1_215' title='bbox 3296 1519 3391 1589; x_wconf 83' lang='lat' dir='ltr'><strong>qui</strong></span> <span class='ocrx_word' id='word_1_216' title='bbox 3412 1534 3513 1576; x_wconf 78' lang='lat' dir='ltr'><strong>ex-</strong></span> 
     </span>
    </p>
   </div>
   <div class='ocr_carea' id='block_1_25' title="bbox 1928 1596 3513 1678">
    <p class='ocr_par' dir='ltr' id='par_1_25' title="bbox 1928 1596 3513 1678">
     <span class='ocr_line' id='line_1_25' title="bbox 1928 1596 3513 1678; baseline 0.009 -28"><span class='ocrx_word' id='word_1_217' title='bbox 1928 1596 2087 1655; x_wconf 85' lang='lat' dir='ltr'><strong>tremi</strong></span> <span class='ocrx_word' id='word_1_218' title='bbox 2128 1596 2317 1665; x_wconf 85' lang='lat' dir='ltr'><strong>judicii</strong></span> <span class='ocrx_word' id='word_1_219' title='bbox 2366 1600 2654 1657; x_wconf 80' lang='lat' dir='ltr'><strong>adventum</strong></span> <span class='ocrx_word' id='word_1_220' title='bbox 2704 1603 2911 1661; x_wconf 84' lang='lat' dir='ltr'><strong>intenta</strong></span> <span class='ocrx_word' id='word_1_221' title='bbox 2965 1616 3143 1663; x_wconf 80' lang='lat' dir='ltr'><strong>mente</strong></span> <span class='ocrx_word' id='word_1_222' title='bbox 3183 1608 3513 1678; x_wconf 85' lang='lat' dir='ltr'><strong>considerat,</strong></span> 
     </span>
    </p>
   </div>
   <div class='ocr_carea' id='block_1_26' title="bbox 1924 1688 3515 1771">
    <p class='ocr_par' dir='ltr' id='par_1_26' title="bbox 1924 1688 3515 1771">
     <span class='ocr_line' id='line_1_26' title="bbox 1924 1688 3515 1771; baseline 0.011 -30"><span class='ocrx_word' id='word_1_223' title='bbox 1924 1688 2170 1758; x_wconf 49' lang='lat' dir='ltr'><strong>prefecto</strong></span> <span class='ocrx_word' id='word_1_224' title='bbox 2192 1689 2424 1757; x_wconf 86' lang='lat' dir='ltr'><strong>videtur,</strong></span> <span class='ocrx_word' id='word_1_225' title='bbox 2447 1694 2575 1763; x_wconf 80' lang='lat' dir='ltr'><strong>quia</strong></span> <span class='ocrx_word' id='word_1_226' title='bbox 2600 1702 2782 1750; x_wconf 89' lang='lat' dir='ltr'><strong>tantus</strong></span> <span class='ocrx_word' id='word_1_227' title='bbox 2803 1711 2973 1765; x_wconf 82' lang='lat' dir='ltr'><strong>paver</strong></span> <span class='ocrx_word' id='word_1_228' title='bbox 2993 1697 3259 1764; x_wconf 73' lang='lat' dir='ltr'><strong>imminet,</strong></span> <span class='ocrx_word' id='word_1_229' title='bbox 3274 1710 3515 1771; x_wconf 84' lang='lat' dir='ltr'><strong>quantus</strong></span> 
     </span>
    </p>
   </div>
   <div class='ocr_carea' id='block_1_27' title="bbox 1927 1782 3515 1865">
    <p class='ocr_par' dir='ltr' id='par_1_27' title="bbox 1927 1782 3515 1865">
     <span class='ocr_line' id='line_1_27' title="bbox 1927 1782 3515 1865; baseline 0.013 -30"><span class='ocrx_word' id='word_1_230' title='bbox 1927 1782 2251 1865; x_wconf 27' lang='lat' dir='ltr'><strong>non‘solum</strong></span> <span class='ocrx_word' id='word_1_231' title='bbox 2282 1793 2409 1841; x_wconf 87' lang='lat' dir='ltr'><strong>tunc</strong></span> <span class='ocrx_word' id='word_1_232' title='bbox 2449 1786 2669 1854; x_wconf 86' lang='lat' dir='ltr'><strong>videre,</strong></span> <span class='ocrx_word' id='word_1_233' title='bbox 2709 1791 2806 1845; x_wconf 76' lang='lat' dir='ltr'><strong>sed</strong></span> <span class='ocrx_word' id='word_1_234' title='bbox 2845 1791 3013 1846; x_wconf 72' lang='lat' dir='ltr'><strong>etiam</strong></span> <span class='ocrx_word' id='word_1_235' title='bbox 3062 1804 3208 1851; x_wconf 76' lang='lat' dir='ltr'><strong>nunc</strong></span> <span class='ocrx_word' id='word_1_236' title='bbox 3228 1795 3515 1865; x_wconf 67' lang='lat' dir='ltr'><strong>providere</strong></span> 
     </span>
    </p>
   </div>
   <div class='ocr_carea' id='block_1_28' title="bbox 248 1858 2295 1947">
    <p class='ocr_par' dir='ltr' id='par_1_28' title="bbox 248 1858 2295 1947">
     <span class='ocr_line' id='line_1_28' title="bbox 248 1858 2295 1947; baseline 0 -18"><span class='ocrx_word' id='word_1_237' title='bbox 248 1874 476 1929; x_wconf 85' lang='lat' dir='ltr'><strong>tentatio</strong></span> <span class='ocrx_word' id='word_1_238' title='bbox 503 1887 600 1945; x_wconf 91' lang='lat' dir='ltr'><strong>per</strong></span> <span class='ocrx_word' id='word_1_239' title='bbox 624 1874 810 1931; x_wconf 92' lang='lat' dir='ltr'><strong>oculos</strong></span> <span class='ocrx_word' id='word_1_240' title='bbox 846 1876 1116 1942; x_wconf 87' lang='lat' dir='ltr'><strong>trahitur,</strong></span> <span class='ocrx_word' id='word_1_241' title='bbox 1168 1877 1247 1932; x_wconf 90' lang='lat' dir='ltr'><strong>sic</strong></span> <span class='ocrx_word' id='word_1_242' title='bbox 1276 1891 1662 1947; x_wconf 90' lang='lat' dir='ltr'><strong>nonnunquam</strong></span> <span class='ocrx_word' id='word_1_243' title='bbox 1699 1892 1829 1933; x_wconf 91' lang='lat' dir='ltr'><strong>con—</strong></span> <span class='ocrx_word' id='word_1_244' title='bbox 1858 1877 1903 1937; x_wconf 91' lang='lat' dir='ltr'><strong>B</strong></span> <span class='ocrx_word' id='word_1_245' title='bbox 1928 1858 2295 1943; x_wconf 73' lang='lat' dir='ltr'><strong>pertimescat.</strong></span> 
     </span>
    </p>
   </div>
   <div class='ocr_carea' id='block_1_29' title="bbox 247 1965 1826 2039">
    <p class='ocr_par' dir='ltr' id='par_1_29' title="bbox 247 1965 1826 2039">
     <span class='ocr_line' id='line_1_29' title="bbox 247 1965 1826 2039; baseline 0.002 -18"><span class='ocrx_word' id='word_1_246' title='bbox 247 1974 407 2036; x_wconf 88' lang='lat' dir='ltr'><strong>cepta</strong></span> <span class='ocrx_word' id='word_1_247' title='bbox 450 1965 775 2023; x_wconf 87' lang='lat' dir='ltr'><strong>intrinsecus</strong></span> <span class='ocrx_word' id='word_1_248' title='bbox 820 1966 1092 2039; x_wconf 89' lang='lat' dir='ltr'><strong>compellit</strong></span> <span class='ocrx_word' id='word_1_249' title='bbox 1119 1966 1222 2023; x_wconf 88' lang='lat' dir='ltr'><strong>sibi</strong></span> <span class='ocrx_word' id='word_1_250' title='bbox 1267 1968 1605 2024; x_wconf 79' lang='lat' dir='ltr'><strong>extrinsecus</strong></span> <span class='ocrx_word' id='word_1_251' title='bbox 1641 1967 1826 2024; x_wconf 89' lang='lat' dir='ltr'><strong>oculos</strong></span> 
     </span>
    </p>
   </div>
   <div class='ocr_carea' id='block_1_30' title="bbox 246 2054 543 2113">
    <p class='ocr_par' dir='ltr' id='par_1_30' title="bbox 246 2054 543 2113">
     <span class='ocr_line' id='line_1_30' title="bbox 246 2054 543 2113; baseline 0 -3"><span class='ocrx_word' id='word_1_252' title='bbox 246 2054 543 2113; x_wconf 86' lang='lat' dir='ltr'><strong>deservire.</strong></span> 
     </span>
    </p>
   </div>
   <div class='ocr_carea' id='block_1_31' title="bbox 314 2147 1824 2223">
    <p class='ocr_par' dir='ltr' id='par_1_31' title="bbox 314 2147 1824 2223">
     <span class='ocr_line' id='line_1_31' title="bbox 314 2147 1824 2223; baseline 0.003 -18"><span class='ocrx_word' id='word_1_253' title='bbox 314 2147 477 2206; x_wconf 84' lang='lat' dir='ltr'><strong>Vens.</strong></span> <span class='ocrx_word' id='word_1_254' title='bbox 503 2149 557 2205; x_wconf 89' lang='lat'><strong>8.</strong></span> <span class='ocrx_word' id='word_1_255' title='bbox 584 2180 655 2190; x_wconf 88' lang='lat'><strong>-—</strong></span> <span class='ocrx_word' id='word_1_256' title='bbox 680 2168 699 2202; x_wconf 78' lang='grc' dir='ltr'><strong><em>ι</em></strong></span> <span class='ocrx_word' id='word_1_257' title='bbox 734 2149 803 2206; x_wconf 85' lang='lat' dir='ltr'><strong>Et</strong></span> <span class='ocrx_word' id='word_1_258' title='bbox 813 2152 1095 2223; x_wconf 87' lang='lat' dir='ltr'><strong>progenies</strong></span> <span class='ocrx_word' id='word_1_259' title='bbox 1121 2167 1241 2207; x_wconf 91' lang='lat' dir='ltr'><strong>mea</strong></span> <span class='ocrx_word' id='word_1_260' title='bbox 1270 2152 1593 2208; x_wconf 89' lang='lat' dir='ltr'><strong>eradicetur.</strong></span> <span class='ocrx_word' id='word_1_261' title='bbox 1627 2172 1645 2204; x_wconf 76' lang='grc' dir='ltr'><strong><em>ι</em></strong></span> <span class='ocrx_word' id='word_1_262' title='bbox 1672 2152 1824 2221; x_wconf 86' lang='lat' dir='ltr'><strong>Quis-</strong></span> 
     </span>
    </p>
   </div>
   <div class='ocr_carea' id='block_1_32' title="bbox 245 2240 1824 2316">
    <p class='ocr_par' dir='ltr' id='par_1_32' title="bbox 245 2240 1824 2316">
     <span class='ocr_line' id='line_1_32' title="bbox 245 2240 1824 2316; baseline 0.003 -20"><span class='ocrx_word' id='word_1_263' title='bbox 245 2242 366 2312; x_wconf 89' lang='lat' dir='ltr'><strong>quis</strong></span> <span class='ocrx_word' id='word_1_264' title='bbox 384 2240 544 2313; x_wconf 82' lang='lat' dir='ltr'><strong>juxta</strong></span> <span class='ocrx_word' id='word_1_265' title='bbox 584 2244 687 2299; x_wconf 91' lang='lat' dir='ltr'><strong>hoc</strong></span> <span class='ocrx_word' id='word_1_266' title='bbox 710 2243 852 2314; x_wconf 88' lang='lat' dir='ltr'><strong>quod</strong></span> <span class='ocrx_word' id='word_1_267' title='bbox 872 2242 1113 2314; x_wconf 86' lang='lat' dir='ltr'><strong>loquitur</strong></span> <span class='ocrx_word' id='word_1_268' title='bbox 1138 2259 1247 2299; x_wconf 91' lang='lat' dir='ltr'><strong>non</strong></span> <span class='ocrx_word' id='word_1_269' title='bbox 1279 2244 1446 2310; x_wconf 88' lang='lat' dir='ltr'><strong>vivit,</strong></span> <span class='ocrx_word' id='word_1_270' title='bbox 1485 2260 1620 2316; x_wconf 91' lang='lat' dir='ltr'><strong>quos</strong></span> <span class='ocrx_word' id='word_1_271' title='bbox 1659 2242 1824 2301; x_wconf 89' lang='lat' dir='ltr'><strong>verbo</strong></span> 
     </span>
    </p>
   </div>
   <div class='ocr_carea' id='block_1_33' title="bbox 244 2331 1584 2405">
    <p class='ocr_par' dir='ltr' id='par_1_33' title="bbox 244 2331 1584 2405">
     <span class='ocr_line' id='line_1_33' title="bbox 244 2331 1584 2405; baseline 0.002 -18"><span class='ocrx_word' id='word_1_272' title='bbox 244 2331 445 2400; x_wconf 84' lang='lat' dir='ltr'><strong>genuit,</strong></span> <span class='ocrx_word' id='word_1_273' title='bbox 478 2348 509 2387; x_wconf 91' lang='lat' dir='ltr'><strong>a</strong></span> <span class='ocrx_word' id='word_1_274' title='bbox 531 2331 821 2389; x_wconf 88' lang='lat' dir='ltr'><strong>stabilitate</strong></span> <span class='ocrx_word' id='word_1_275' title='bbox 849 2332 1186 2389; x_wconf 84' lang='lat' dir='ltr'><strong>rectitudinis</strong></span> <span class='ocrx_word' id='word_1_276' title='bbox 1211 2349 1374 2405; x_wconf 86' lang='lat' dir='ltr'><strong>opere</strong></span> <span class='ocrx_word' id='word_1_277' title='bbox 1403 2334 1584 2391; x_wconf 87' lang='lat' dir='ltr'><strong>evellit</strong></span> 
     </span>
    </p>
   </div>
   <div class='ocr_carea' id='block_1_34' title="bbox 314 2421 1824 2498">
    <p class='ocr_par' dir='ltr' id='par_1_34' title="bbox 314 2421 1824 2498">
     <span class='ocr_line' id='line_1_34' title="bbox 314 2421 1824 2498; baseline 0.003 -21"><span class='ocrx_word' id='word_1_278' title='bbox 314 2421 477 2479; x_wconf 86' lang='lat' dir='ltr'><strong>Vens.</strong></span> <span class='ocrx_word' id='word_1_279' title='bbox 507 2422 560 2479; x_wconf 91' lang='lat'><strong>9.</strong></span> <span class='ocrx_word' id='word_1_280' title='bbox 593 2454 663 2464; x_wconf 97' lang='lat'><strong>—</strong></span> <span class='ocrx_word' id='word_1_281' title='bbox 698 2443 716 2477; x_wconf 75' lang='grc' dir='ltr'>ι</span> <span class='ocrx_word' id='word_1_282' title='bbox 753 2422 812 2479; x_wconf 91' lang='lat' dir='ltr'><strong>Si</strong></span> <span class='ocrx_word' id='word_1_283' title='bbox 847 2425 1129 2495; x_wconf 89' lang='lat' dir='ltr'><strong>deceptum</strong></span> <span class='ocrx_word' id='word_1_284' title='bbox 1166 2433 1268 2480; x_wconf 88' lang='lat' dir='ltr'><strong>est.</strong></span> <span class='ocrx_word' id='word_1_285' title='bbox 1310 2446 1328 2477; x_wconf 78' lang='grc' dir='ltr'><strong><em>ι</em></strong></span> <span class='ocrx_word' id='word_1_286' title='bbox 1360 2422 1548 2498; x_wconf 74' lang='grc' dir='ltr'><strong>(Ιὺἱά.)</strong></span> <span class='ocrx_word' id='word_1_287' title='bbox 1592 2424 1695 2480; x_wconf 86' lang='lat' dir='ltr'><strong>Per</strong></span> <span class='ocrx_word' id='word_1_288' title='bbox 1720 2425 1824 2481; x_wconf 90' lang='lat' dir='ltr'><strong>hoc</strong></span> 
     </span>
    </p>
   </div>
   <div class='ocr_carea' id='block_1_35' title="bbox 242 2514 1823 2587">
    <p class='ocr_par' dir='ltr' id='par_1_35' title="bbox 242 2514 1823 2587">
     <span class='ocr_line' id='line_1_35' title="bbox 242 2514 1823 2587; baseline 0.003 -18"><span class='ocrx_word' id='word_1_289' title='bbox 242 2528 344 2570; x_wconf 89' lang='lat' dir='ltr'><strong>nec</strong></span> <span class='ocrx_word' id='word_1_290' title='bbox 391 2514 656 2587; x_wconf 80' lang='lat' dir='ltr'><strong>cogitasse</strong></span> <span class='ocrx_word' id='word_1_291' title='bbox 704 2516 770 2571; x_wconf 89' lang='lat' dir='ltr'><strong>de</strong></span> <span class='ocrx_word' id='word_1_292' title='bbox 821 2514 1195 2572; x_wconf 82' lang='lat' dir='ltr'><strong>fornicationis</strong></span> <span class='ocrx_word' id='word_1_293' title='bbox 1244 2515 1455 2572; x_wconf 87' lang='lat' dir='ltr'><strong>macula</strong></span> <span class='ocrx_word' id='word_1_294' title='bbox 1482 2517 1567 2572; x_wconf 90' lang='lat' dir='ltr'><strong>vir</strong></span> <span class='ocrx_word' id='word_1_295' title='bbox 1603 2526 1823 2574; x_wconf 89' lang='lat' dir='ltr'><strong>sanctus</strong></span> 
     </span>
    </p>
   </div>
   <div class='ocr_carea' id='block_1_36' title="bbox 242 2608 661 2666">
    <p class='ocr_par' dir='ltr' id='par_1_36' title="bbox 242 2608 661 2666">
     <span class='ocr_line' id='line_1_36' title="bbox 242 2608 661 2666; baseline -0.005 0"><span class='ocrx_word' id='word_1_296' title='bbox 242 2608 661 2666; x_wconf 86' lang='lat' dir='ltr'><strong>demonstratur.</strong></span> 
     </span>
    </p>
   </div>
   <div class='ocr_carea' id='block_1_37' title="bbox 318 2700 1816 2773">
    <p class='ocr_par' dir='ltr' id='par_1_37' title="bbox 318 2700 1816 2773">
     <span class='ocr_line' id='line_1_37' title="bbox 318 2700 1816 2773; baseline 0.005 -20"><span class='ocrx_word' id='word_1_297' title='bbox 318 2700 431 2757; x_wconf 69' lang='lat' dir='ltr'><strong>«Et</strong></span> <span class='ocrx_word' id='word_1_298' title='bbox 477 2703 521 2759; x_wconf 90' lang='lat' dir='ltr'><strong>si</strong></span> <span class='ocrx_word' id='word_1_299' title='bbox 562 2702 631 2758; x_wconf 90' lang='lat' dir='ltr'><strong>ad</strong></span> <span class='ocrx_word' id='word_1_300' title='bbox 682 2703 895 2758; x_wconf 92' lang='lat' dir='ltr'><strong>ostium.</strong></span> <span class='ocrx_word' id='word_1_301' title='bbox 956 2723 975 2756; x_wconf 76' lang='grc' dir='ltr'><strong><em>ι</em></strong></span> <span class='ocrx_word' id='word_1_302' title='bbox 1019 2702 1122 2758; x_wconf 89' lang='lat' dir='ltr'><strong>Per</strong></span> <span class='ocrx_word' id='word_1_303' title='bbox 1176 2703 1277 2759; x_wconf 90' lang='lat' dir='ltr'><strong>hoc</strong></span> <span class='ocrx_word' id='word_1_304' title='bbox 1327 2711 1575 2773; x_wconf 89' lang='lat' dir='ltr'><strong>patenter</strong></span> <span class='ocrx_word' id='word_1_305' title='bbox 1632 2713 1816 2761; x_wconf 90' lang='lat' dir='ltr'><strong>osten-</strong></span> 
     </span>
    </p>
   </div>
   <div class='ocr_carea' id='block_1_38' title="bbox 238 2792 1815 2865">
    <p class='ocr_par' dir='ltr' id='par_1_38' title="bbox 238 2792 1815 2865">
     <span class='ocr_line' id='line_1_38' title="bbox 238 2792 1815 2865; baseline 0.002 -16"><span class='ocrx_word' id='word_1_306' title='bbox 238 2792 340 2860; x_wconf 88' lang='lat' dir='ltr'><strong>dit,</strong></span> <span class='ocrx_word' id='word_1_307' title='bbox 365 2801 494 2861; x_wconf 90' lang='lat' dir='ltr'><strong>etc.,</strong></span> <span class='ocrx_word' id='word_1_308' title='bbox 524 2810 685 2865; x_wconf 78' lang='lat' dir='ltr'><strong>usque</strong></span> <span class='ocrx_word' id='word_1_309' title='bbox 733 2793 802 2849; x_wconf 84' lang='lat' dir='ltr'><strong>ad</strong></span> <span class='ocrx_word' id='word_1_310' title='bbox 849 2794 1143 2851; x_wconf 89' lang='lat' dir='ltr'><strong>secundum</strong></span> <span class='ocrx_word' id='word_1_311' title='bbox 1182 2794 1284 2849; x_wconf 91' lang='lat' dir='ltr'><strong>hoc</strong></span> <span class='ocrx_word' id='word_1_312' title='bbox 1312 2795 1455 2865; x_wconf 90' lang='lat' dir='ltr'><strong>quod</strong></span> <span class='ocrx_word' id='word_1_313' title='bbox 1480 2794 1610 2851; x_wconf 90' lang='lat' dir='ltr'><strong>dicit</strong></span> <span class='ocrx_word' id='word_1_314' title='bbox 1639 2795 1685 2852; x_wconf 90' lang='lat' dir='ltr'><strong>si</strong></span> <span class='ocrx_word' id='word_1_315' title='bbox 1722 2797 1815 2852; x_wconf 90' lang='lat' dir='ltr'><strong>de-</strong></span> 
     </span>
    </p>
   </div>
   <div class='ocr_carea' id='block_1_39' title="bbox 237 2898 839 2963">
    <p class='ocr_par' dir='ltr' id='par_1_39' title="bbox 237 2898 839 2963">
     <span class='ocr_line' id='line_1_39' title="bbox 237 2898 839 2963; baseline -0.003 -16"><span class='ocrx_word' id='word_1_316' title='bbox 237 2898 455 2963; x_wconf 73' lang='lat' dir='ltr'><strong>ceptum</strong></span> <span class='ocrx_word' id='word_1_317' title='bbox 476 2899 560 2949; x_wconf 90' lang='lat' dir='ltr'><strong>est</strong></span> <span class='ocrx_word' id='word_1_318' title='bbox 586 2907 705 2960; x_wconf 92' lang='lat' dir='ltr'><strong>cor,</strong></span> <span class='ocrx_word' id='word_1_319' title='bbox 732 2899 839 2948; x_wconf 89' lang='lat' dir='ltr'><strong>etc.</strong></span> 
     </span>
    </p>
   </div>
   <div class='ocr_carea' id='block_1_40' title="bbox 308 2981 1818 3042">
    <p class='ocr_par' dir='ltr' id='par_1_40' title="bbox 308 2981 1818 3042">
     <span class='ocr_line' id='line_1_40' title="bbox 308 2981 1818 3042; baseline 0.001 -3"><span class='ocrx_word' id='word_1_320' title='bbox 308 2983 474 3042; x_wconf 86' lang='lat' dir='ltr'><strong>Vens.</strong></span> <span class='ocrx_word' id='word_1_321' title='bbox 507 2986 593 3039; x_wconf 89' lang='grc'><strong>11.</strong></span> <span class='ocrx_word' id='word_1_322' title='bbox 628 3014 700 3025; x_wconf 89' lang='lat'><strong>—-</strong></span> <span class='ocrx_word' id='word_1_323' title='bbox 739 3004 757 3036; x_wconf 75' lang='grc' dir='ltr'><strong><em>ι</em></strong></span> <span class='ocrx_word' id='word_1_324' title='bbox 801 2982 914 3039; x_wconf 84' lang='lat' dir='ltr'><strong>Hoc</strong></span> <span class='ocrx_word' id='word_1_325' title='bbox 955 2982 1099 3038; x_wconf 88' lang='lat' dir='ltr'><strong>enim</strong></span> <span class='ocrx_word' id='word_1_326' title='bbox 1130 2981 1282 3038; x_wconf 83' lang='lat' dir='ltr'><strong>nefas</strong></span> <span class='ocrx_word' id='word_1_327' title='bbox 1322 2990 1425 3038; x_wconf 90' lang='lat' dir='ltr'><strong>est.</strong></span> <span class='ocrx_word' id='word_1_328' title='bbox 1469 3003 1488 3036; x_wconf 77' lang='grc' dir='ltr'><strong><em>ι</em></strong></span> <span class='ocrx_word' id='word_1_329' title='bbox 1524 2983 1637 3039; x_wconf 85' lang='lat' dir='ltr'><strong>Hoc</strong></span> <span class='ocrx_word' id='word_1_330' title='bbox 1676 2984 1818 3041; x_wconf 89' lang='lat' dir='ltr'><strong>inter</strong></span> 
     </span>
    </p>
   </div>
   <div class='ocr_carea' id='block_1_41' title="bbox 230 3074 1815 3148">
    <p class='ocr_par' dir='ltr' id='par_1_41' title="bbox 230 3074 1815 3148">
     <span class='ocr_line' id='line_1_41' title="bbox 230 3074 1815 3148; baseline -0.001 -17"><span class='ocrx_word' id='word_1_331' title='bbox 230 3084 516 3148; x_wconf 88' lang='lat' dir='ltr'><strong>peccatum</strong></span> <span class='ocrx_word' id='word_1_332' title='bbox 543 3076 706 3130; x_wconf 88' lang='lat' dir='ltr'><strong>distat</strong></span> <span class='ocrx_word' id='word_1_333' title='bbox 737 3082 792 3130; x_wconf 90' lang='lat' dir='ltr'><strong>et</strong></span> <span class='ocrx_word' id='word_1_334' title='bbox 819 3075 1047 3141; x_wconf 88' lang='lat' dir='ltr'><strong>crimen,</strong></span> <span class='ocrx_word' id='word_1_335' title='bbox 1078 3080 1212 3140; x_wconf 92' lang='lat' dir='ltr'><strong>etc.,</strong></span> <span class='ocrx_word' id='word_1_336' title='bbox 1243 3090 1403 3145; x_wconf 73' lang='lat' dir='ltr'><strong>usque</strong></span> <span class='ocrx_word' id='word_1_337' title='bbox 1426 3074 1495 3129; x_wconf 84' lang='lat' dir='ltr'><strong>ad</strong></span> <span class='ocrx_word' id='word_1_338' title='bbox 1520 3075 1613 3130; x_wconf 91' lang='lat' dir='ltr'><strong>sed</strong></span> <span class='ocrx_word' id='word_1_339' title='bbox 1647 3082 1815 3146; x_wconf 71' lang='lat' dir='ltr'><strong>uSque</strong></span> 
     </span>
    </p>
   </div>
   <div class='ocr_carea' id='block_1_42' title="bbox 233 3164 952 3237">
    <p class='ocr_par' dir='ltr' id='par_1_42' title="bbox 233 3164 952 3237">
     <span class='ocr_line' id='line_1_42' title="bbox 233 3164 952 3237; baseline -0.003 -16"><span class='ocrx_word' id='word_1_340' title='bbox 233 3164 305 3222; x_wconf 89' lang='lat' dir='ltr'><strong>ad</strong></span> <span class='ocrx_word' id='word_1_341' title='bbox 328 3166 687 3237; x_wconf 86' lang='lat' dir='ltr'><strong>perditionem</strong></span> <span class='ocrx_word' id='word_1_342' title='bbox 714 3165 952 3222; x_wconf 84' lang='lat' dir='ltr'><strong>devorat.</strong></span> 
     </span>
    </p>
   </div>
   <div class='ocr_carea' id='block_1_43' title="bbox 307 3245 1889 3328">
    <p class='ocr_par' dir='ltr' id='par_1_43' title="bbox 307 3245 1889 3328">
     <span class='ocr_line' id='line_1_43' title="bbox 307 3245 1889 3328; baseline 0.001 -19"><span class='ocrx_word' id='word_1_343' title='bbox 307 3252 472 3312; x_wconf 95' lang='lat' dir='ltr'><strong>Vens.</strong></span> <span class='ocrx_word' id='word_1_344' title='bbox 518 3256 601 3311; x_wconf 78' lang='grc'><strong>12.</strong></span> <span class='ocrx_word' id='word_1_345' title='bbox 627 3286 697 3297; x_wconf 91' lang='lat'><strong>--</strong></span> <span class='ocrx_word' id='word_1_346' title='bbox 740 3277 757 3308; x_wconf 76' lang='grc' dir='ltr'>ι</span> <span class='ocrx_word' id='word_1_347' title='bbox 795 3256 863 3311; x_wconf 92' lang='lat' dir='ltr'><strong>Et</strong></span> <span class='ocrx_word' id='word_1_348' title='bbox 898 3257 1078 3311; x_wconf 90' lang='lat' dir='ltr'><strong>omnia</strong></span> <span class='ocrx_word' id='word_1_349' title='bbox 1127 3257 1409 3313; x_wconf 88' lang='lat' dir='ltr'><strong>eradicans</strong></span> <span class='ocrx_word' id='word_1_350' title='bbox 1461 3257 1753 3328; x_wconf 89' lang='lat' dir='ltr'><strong>genimina.</strong></span> <span class='ocrx_word' id='word_1_351' title='bbox 1792 3277 1810 3311; x_wconf 70' lang='grc' dir='ltr'><strong><em>ι</em></strong></span> <span class='ocrx_word' id='word_1_352' title='bbox 1838 3245 1889 3312; x_wconf 87' lang='lat' dir='ltr'><strong><em>C</em></strong></span> 
     </span>
    </p>
   </div>
   <div class='ocr_carea' id='block_1_44' title="bbox 232 3344 1816 3419">
    <p class='ocr_par' dir='ltr' id='par_1_44' title="bbox 232 3344 1816 3419">
     <span class='ocr_line' id='line_1_44' title="bbox 232 3344 1816 3419; baseline -0.001 -15"><span class='ocrx_word' id='word_1_353' title='bbox 232 3344 489 3405; x_wconf 82' lang='lat' dir='ltr'><strong>Germina</strong></span> <span class='ocrx_word' id='word_1_354' title='bbox 523 3348 715 3404; x_wconf 70' lang='lat' dir='ltr'><strong>animae</strong></span> <span class='ocrx_word' id='word_1_355' title='bbox 732 3357 858 3404; x_wconf 92' lang='lat' dir='ltr'><strong>sunt</strong></span> <span class='ocrx_word' id='word_1_356' title='bbox 881 3349 1222 3419; x_wconf 89' lang='lat' dir='ltr'><strong>operationes</strong></span> <span class='ocrx_word' id='word_1_357' title='bbox 1246 3350 1419 3415; x_wconf 77' lang='lat' dir='ltr'><strong>home,</strong></span> <span class='ocrx_word' id='word_1_358' title='bbox 1444 3350 1567 3419; x_wconf 88' lang='lat' dir='ltr'><strong>quia</strong></span> <span class='ocrx_word' id='word_1_359' title='bbox 1592 3349 1638 3404; x_wconf 89' lang='lat' dir='ltr'><strong>si</strong></span> <span class='ocrx_word' id='word_1_360' title='bbox 1660 3349 1816 3404; x_wconf 81' lang='lat' dir='ltr'><strong>luxu-</strong></span> 
     </span>
    </p>
   </div>
   <div class='ocr_carea' id='block_1_45' title="bbox 231 3439 1813 3510">
    <p class='ocr_par' dir='ltr' id='par_1_45' title="bbox 231 3439 1813 3510">
     <span class='ocr_line' id='line_1_45' title="bbox 231 3439 1813 3510; baseline 0 -15"><span class='ocrx_word' id='word_1_361' title='bbox 231 3441 332 3496; x_wconf 72' lang='lat' dir='ltr'><strong>ria:</strong></span> <span class='ocrx_word' id='word_1_362' title='bbox 380 3439 519 3495; x_wconf 90' lang='lat' dir='ltr'><strong>malo</strong></span> <span class='ocrx_word' id='word_1_363' title='bbox 565 3455 672 3494; x_wconf 92' lang='lat' dir='ltr'><strong>non</strong></span> <span class='ocrx_word' id='word_1_364' title='bbox 715 3440 1017 3504; x_wconf 86' lang='lat' dir='ltr'><strong>resistitur,</strong></span> <span class='ocrx_word' id='word_1_365' title='bbox 1059 3447 1112 3493; x_wconf 91' lang='lat' dir='ltr'><strong>et</strong></span> <span class='ocrx_word' id='word_1_366' title='bbox 1164 3440 1252 3495; x_wconf 79' lang='lat' dir='ltr'><strong>illa</strong></span> <span class='ocrx_word' id='word_1_367' title='bbox 1282 3449 1508 3509; x_wconf 89' lang='lat' dir='ltr'><strong>pereunt</strong></span> <span class='ocrx_word' id='word_1_368' title='bbox 1532 3455 1651 3510; x_wconf 67' lang='lat' dir='ltr'><strong>qua:</strong></span> <span class='ocrx_word' id='word_1_369' title='bbox 1673 3441 1813 3497; x_wconf 88' lang='lat' dir='ltr'><strong>bona</strong></span> 
     </span>
    </p>
   </div>
   <div class='ocr_carea' id='block_1_46' title="bbox 231 3528 1811 3604">
    <p class='ocr_par' dir='ltr' id='par_1_46' title="bbox 231 3528 1811 3604">
     <span class='ocr_line' id='line_1_46' title="bbox 231 3528 1811 3604; baseline 0.003 -21"><span class='ocrx_word' id='word_1_370' title='bbox 231 3528 584 3597; x_wconf 83' lang='lat' dir='ltr'><strong>videbantur;</strong></span> <span class='ocrx_word' id='word_1_371' title='bbox 619 3530 712 3586; x_wconf 89' lang='lat' dir='ltr'><strong>sed</strong></span> <span class='ocrx_word' id='word_1_372' title='bbox 758 3530 811 3585; x_wconf 91' lang='lat' dir='ltr'><strong>in</strong></span> <span class='ocrx_word' id='word_1_373' title='bbox 847 3539 993 3585; x_wconf 90' lang='lat' dir='ltr'><strong>tanta</strong></span> <span class='ocrx_word' id='word_1_374' title='bbox 1032 3532 1301 3587; x_wconf 86' lang='lat' dir='ltr'><strong>castitatis</strong></span> <span class='ocrx_word' id='word_1_375' title='bbox 1336 3532 1601 3587; x_wconf 88' lang='lat' dir='ltr'><strong>munditia</strong></span> <span class='ocrx_word' id='word_1_376' title='bbox 1646 3549 1811 3604; x_wconf 87' lang='lat' dir='ltr'><strong>quam</strong></span> 
     </span>
    </p>
   </div>
   <div class='ocr_carea' id='block_1_47' title="bbox 232 3619 1270 3693">
    <p class='ocr_par' dir='ltr' id='par_1_47' title="bbox 232 3619 1270 3693">
     <span class='ocr_line' id='line_1_47' title="bbox 232 3619 1270 3693; baseline 0 -16"><span class='ocrx_word' id='word_1_377' title='bbox 232 3621 456 3677; x_wconf 86' lang='lat' dir='ltr'><strong>humilis</strong></span> <span class='ocrx_word' id='word_1_378' title='bbox 481 3620 580 3677; x_wconf 89' lang='lat' dir='ltr'><strong>fuit</strong></span> <span class='ocrx_word' id='word_1_379' title='bbox 600 3622 793 3692; x_wconf 89' lang='lat' dir='ltr'><strong>aperit,</strong></span> <span class='ocrx_word' id='word_1_380' title='bbox 816 3637 938 3677; x_wconf 87' lang='lat' dir='ltr'><strong>cum</strong></span> <span class='ocrx_word' id='word_1_381' title='bbox 960 3619 1232 3693; x_wconf 85' lang='lat' dir='ltr'><strong>subjungit</strong></span> <span class='ocrx_word' id='word_1_382' title='bbox 1257 3640 1270 3677; x_wconf 97' lang='lat'><strong>:</strong></span> 
     </span>
    </p>
   </div>
   <div class='ocr_carea' id='block_1_48' title="bbox 310 3711 1813 3784">
    <p class='ocr_par' dir='ltr' id='par_1_48' title="bbox 310 3711 1813 3784">
     <span class='ocr_line' id='line_1_48' title="bbox 310 3711 1813 3784; baseline 0.003 -18"><span class='ocrx_word' id='word_1_383' title='bbox 310 3711 471 3769; x_wconf 85' lang='lat' dir='ltr'><strong>Vens.</strong></span> <span class='ocrx_word' id='word_1_384' title='bbox 506 3712 593 3769; x_wconf 76' lang='grc'><strong>13.</strong></span> <span class='ocrx_word' id='word_1_385' title='bbox 621 3743 691 3753; x_wconf 95' lang='grc'><strong><em>-</em></strong></span> <span class='ocrx_word' id='word_1_386' title='bbox 731 3734 750 3766; x_wconf 78' lang='grc' dir='ltr'>ι</span> <span class='ocrx_word' id='word_1_387' title='bbox 786 3711 844 3769; x_wconf 89' lang='lat' dir='ltr'><strong>Si</strong></span> <span class='ocrx_word' id='word_1_388' title='bbox 900 3713 1198 3784; x_wconf 90' lang='lat' dir='ltr'><strong>contempsi</strong></span> <span class='ocrx_word' id='word_1_389' title='bbox 1249 3714 1450 3769; x_wconf 89' lang='lat' dir='ltr'><strong>subire.</strong></span> <span class='ocrx_word' id='word_1_390' title='bbox 1486 3734 1505 3767; x_wconf 87' lang='grc'><strong>›</strong></span> <span class='ocrx_word' id='word_1_391' title='bbox 1532 3713 1637 3783; x_wconf 89' lang='lat' dir='ltr'><strong>Qui</strong></span> <span class='ocrx_word' id='word_1_392' title='bbox 1668 3712 1813 3784; x_wconf 90' lang='lat' dir='ltr'><strong>judi-</strong></span> 
     </span>
    </p>
   </div>
   <div class='ocr_carea' id='block_1_49' title="bbox 232 3806 1809 3879">
    <p class='ocr_par' dir='ltr' id='par_1_49' title="bbox 232 3806 1809 3879">
     <span class='ocr_line' id='line_1_49' title="bbox 232 3806 1809 3879; baseline 0.001 -17"><span class='ocrx_word' id='word_1_393' title='bbox 232 3806 354 3862; x_wconf 91' lang='lat' dir='ltr'><strong>cari</strong></span> <span class='ocrx_word' id='word_1_394' title='bbox 377 3823 497 3863; x_wconf 87' lang='lat' dir='ltr'><strong>cum</strong></span> <span class='ocrx_word' id='word_1_395' title='bbox 531 3808 702 3863; x_wconf 88' lang='lat' dir='ltr'><strong>servis</strong></span> <span class='ocrx_word' id='word_1_396' title='bbox 737 3809 849 3864; x_wconf 89' lang='lat' dir='ltr'><strong>suis</strong></span> <span class='ocrx_word' id='word_1_397' title='bbox 871 3808 1184 3879; x_wconf 87' lang='lat' dir='ltr'><strong>ancillisque</strong></span> <span class='ocrx_word' id='word_1_398' title='bbox 1207 3824 1313 3864; x_wconf 91' lang='lat' dir='ltr'><strong>non</strong></span> <span class='ocrx_word' id='word_1_399' title='bbox 1344 3809 1541 3879; x_wconf 86' lang='lat' dir='ltr'><strong>renuit,</strong></span> <span class='ocrx_word' id='word_1_400' title='bbox 1569 3817 1695 3876; x_wconf 88' lang='lat' dir='ltr'><strong>etc.,</strong></span> <span class='ocrx_word' id='word_1_401' title='bbox 1721 3826 1809 3864; x_wconf 77' lang='lat' dir='ltr'><strong>us-</strong></span> 
     </span>
    </p>
   </div>
   <div class='ocr_carea' id='block_1_50' title="bbox 230 3898 1814 3971">
    <p class='ocr_par' dir='ltr' id='par_1_50' title="bbox 230 3898 1814 3971">
     <span class='ocr_line' id='line_1_50' title="bbox 230 3898 1814 3971; baseline 0.001 -19"><span class='ocrx_word' id='word_1_402' title='bbox 230 3915 334 3971; x_wconf 87' lang='lat' dir='ltr'><strong>que</strong></span> <span class='ocrx_word' id='word_1_403' title='bbox 385 3899 454 3953; x_wconf 86' lang='lat' dir='ltr'><strong>ad</strong></span> <span class='ocrx_word' id='word_1_404' title='bbox 503 3899 643 3955; x_wconf 89' lang='lat' dir='ltr'><strong>unde</strong></span> <span class='ocrx_word' id='word_1_405' title='bbox 689 3907 744 3955; x_wconf 91' lang='lat' dir='ltr'><strong>et</strong></span> <span class='ocrx_word' id='word_1_406' title='bbox 792 3900 1040 3970; x_wconf 83' lang='lat' dir='ltr'><strong>protinus</strong></span> <span class='ocrx_word' id='word_1_407' title='bbox 1067 3899 1287 3956; x_wconf 86' lang='lat' dir='ltr'><strong>subdit:</strong></span> <span class='ocrx_word' id='word_1_408' title='bbox 1327 3919 1345 3952; x_wconf 80' lang='grc'><em>‹</em></span> <span class='ocrx_word' id='word_1_409' title='bbox 1377 3898 1514 3967; x_wconf 87' lang='lat' dir='ltr'><strong>Quid</strong></span> <span class='ocrx_word' id='word_1_410' title='bbox 1551 3900 1694 3956; x_wconf 89' lang='lat' dir='ltr'><strong>enim</strong></span> <span class='ocrx_word' id='word_1_411' title='bbox 1734 3898 1814 3954; x_wconf 89' lang='lat' dir='ltr'><strong>fa-</strong></span> 
     </span>
    </p>
   </div>
   <div class='ocr_carea' id='block_1_51' title="bbox 232 3991 455 4047">
    <p class='ocr_par' dir='ltr' id='par_1_51' title="bbox 232 3991 455 4047">
     <span class='ocr_line' id='line_1_51' title="bbox 232 3991 455 4047; baseline -0.018 0"><span class='ocrx_word' id='word_1_412' title='bbox 232 3991 400 4047; x_wconf 85' lang='lat' dir='ltr'><strong>ciam.</strong></span> <span class='ocrx_word' id='word_1_413' title='bbox 437 4011 455 4043; x_wconf 76' lang='grc' dir='ltr'>ι</span> 
     </span>
    </p>
   </div>
   <div class='ocr_carea' id='block_1_52' title="bbox 304 4068 1808 4154">
    <p class='ocr_par' dir='ltr' id='par_1_52' title="bbox 304 4068 1808 4154">
     <span class='ocr_line' id='line_1_52' title="bbox 304 4068 1808 4154; baseline 0.003 -19"><span class='ocrx_word' id='word_1_414' title='bbox 304 4068 465 4138; x_wconf 83' lang='lat' dir='ltr'><strong>Vens.</strong></span> <span class='ocrx_word' id='word_1_415' title='bbox 500 4078 674 4139; x_wconf 78' lang='grc'><strong>15.--</strong></span> <span class='ocrx_word' id='word_1_416' title='bbox 693 4102 711 4135; x_wconf 73' lang='grc' dir='ltr'>ι</span> <span class='ocrx_word' id='word_1_417' title='bbox 731 4078 983 4154; x_wconf 87' lang='lat' dir='ltr'><strong>Nunquid</strong></span> <span class='ocrx_word' id='word_1_418' title='bbox 1006 4098 1113 4138; x_wconf 89' lang='lat' dir='ltr'><strong>non</strong></span> <span class='ocrx_word' id='word_1_419' title='bbox 1135 4083 1188 4137; x_wconf 91' lang='lat' dir='ltr'><strong>in</strong></span> <span class='ocrx_word' id='word_1_420' title='bbox 1207 4092 1364 4138; x_wconf 90' lang='lat' dir='ltr'><strong>utero</strong></span> <span class='ocrx_word' id='word_1_421' title='bbox 1392 4080 1539 4140; x_wconf 87' lang='lat' dir='ltr'><strong>fecit.</strong></span> <span class='ocrx_word' id='word_1_422' title='bbox 1574 4102 1592 4135; x_wconf 83' lang='grc'><strong>›</strong></span> <span class='ocrx_word' id='word_1_423' title='bbox 1620 4083 1808 4139; x_wconf 84' lang='lat' dir='ltr'><strong>Poten-</strong></span> 
     </span>
    </p>
   </div>
   <div class='ocr_carea' id='block_1_53' title="bbox 231 4172 1812 4247">
    <p class='ocr_par' dir='ltr' id='par_1_53' title="bbox 231 4172 1812 4247">
     <span class='ocr_line' id='line_1_53' title="bbox 231 4172 1812 4247; baseline 0.002 -20"><span class='ocrx_word' id='word_1_424' title='bbox 231 4172 378 4229; x_wconf 87' lang='lat' dir='ltr'><strong>tibus</strong></span> <span class='ocrx_word' id='word_1_425' title='bbox 404 4174 535 4231; x_wconf 89' lang='lat' dir='ltr'><strong>viris</strong></span> <span class='ocrx_word' id='word_1_426' title='bbox 563 4191 756 4247; x_wconf 88' lang='lat' dir='ltr'><strong>magna</strong></span> <span class='ocrx_word' id='word_1_427' title='bbox 781 4186 864 4230; x_wconf 90' lang='lat' dir='ltr'><strong>est</strong></span> <span class='ocrx_word' id='word_1_428' title='bbox 896 4175 1067 4231; x_wconf 90' lang='lat' dir='ltr'><strong>virtus</strong></span> <span class='ocrx_word' id='word_1_429' title='bbox 1096 4174 1435 4231; x_wconf 88' lang='lat' dir='ltr'><strong>humilitatis.</strong></span> <span class='ocrx_word' id='word_1_430' title='bbox 1463 4174 1812 4232; x_wconf 88' lang='lat' dir='ltr'><strong>Considerata</strong></span> 
     </span>
    </p>
   </div>
   <div class='ocr_carea' id='block_1_54' title="bbox 228 4266 1813 4340">
    <p class='ocr_par' dir='ltr' id='par_1_54' title="bbox 228 4266 1813 4340">
     <span class='ocr_line' id='line_1_54' title="bbox 228 4266 1813 4340; baseline 0.003 -19"><span class='ocrx_word' id='word_1_431' title='bbox 228 4266 536 4338; x_wconf 65' lang='lat' dir='ltr'><strong>aequalitate</strong></span> <span class='ocrx_word' id='word_1_432' title='bbox 572 4268 914 4334; x_wconf 89' lang='lat' dir='ltr'><strong>conditionis,</strong></span> <span class='ocrx_word' id='word_1_433' title='bbox 956 4266 1071 4338; x_wconf 88' lang='lat' dir='ltr'><strong>jam</strong></span> <span class='ocrx_word' id='word_1_434' title='bbox 1127 4268 1195 4323; x_wconf 92' lang='lat' dir='ltr'><strong>ad</strong></span> <span class='ocrx_word' id='word_1_435' title='bbox 1244 4267 1511 4325; x_wconf 86' lang='lat' dir='ltr'><strong>libertatis</strong></span> <span class='ocrx_word' id='word_1_436' title='bbox 1555 4283 1720 4340; x_wconf 86' lang='lat' dir='ltr'><strong>opera</strong></span> <span class='ocrx_word' id='word_1_437' title='bbox 1754 4283 1813 4325; x_wconf 90' lang='lat' dir='ltr'><strong>se</strong></span> 
     </span>
    </p>
   </div>
   <div class='ocr_carea' id='block_1_55' title="bbox 229 4358 520 4413">
    <p class='ocr_par' dir='ltr' id='par_1_55' title="bbox 229 4358 520 4413">
     <span class='ocr_line' id='line_1_55' title="bbox 229 4358 520 4413; baseline -0.003 0"><span class='ocrx_word' id='word_1_438' title='bbox 229 4358 520 4413; x_wconf 89' lang='lat' dir='ltr'><strong>convertit.</strong></span> 
     </span>
    </p>
   </div>
   <div class='ocr_carea' id='block_1_56' title="bbox 302 4446 1814 4519">
    <p class='ocr_par' dir='ltr' id='par_1_56' title="bbox 302 4446 1814 4519">
     <span class='ocr_line' id='line_1_56' title="bbox 302 4446 1814 4519; baseline 0.001 -15"><span class='ocrx_word' id='word_1_439' title='bbox 302 4448 469 4504; x_wconf 90' lang='lat' dir='ltr'><strong>Vens.</strong></span> <span class='ocrx_word' id='word_1_440' title='bbox 510 4447 597 4504; x_wconf 88' lang='grc'><strong>16.</strong></span> <span class='ocrx_word' id='word_1_441' title='bbox 622 4478 691 4488; x_wconf 90' lang='grc'><strong><em>-</em></strong></span> <span class='ocrx_word' id='word_1_442' title='bbox 727 4467 744 4499; x_wconf 83' lang='grc'><strong>‹</strong></span> <span class='ocrx_word' id='word_1_443' title='bbox 776 4446 834 4504; x_wconf 92' lang='lat' dir='ltr'><strong>Si</strong></span> <span class='ocrx_word' id='word_1_444' title='bbox 878 4448 1067 4519; x_wconf 86' lang='lat' dir='ltr'><strong>negavi</strong></span> <span class='ocrx_word' id='word_1_445' title='bbox 1117 4448 1259 4519; x_wconf 87' lang='lat' dir='ltr'><strong>quod</strong></span> <span class='ocrx_word' id='word_1_446' title='bbox 1308 4448 1578 4505; x_wconf 85' lang='lat' dir='ltr'><strong>volebant.</strong></span> <span class='ocrx_word' id='word_1_447' title='bbox 1627 4467 1646 4502; x_wconf 75' lang='grc' dir='ltr'><strong><em>ι</em></strong></span> <span class='ocrx_word' id='word_1_448' title='bbox 1684 4447 1814 4505; x_wconf 89' lang='lat' dir='ltr'><strong>Post</strong></span> 
     </span>
    </p>
   </div>
   <div class='ocr_carea' id='block_1_57' title="bbox 231 4539 1806 4611">
    <p class='ocr_par' dir='ltr' id='par_1_57' title="bbox 231 4539 1806 4611">
     <span class='ocr_line' id='line_1_57' title="bbox 231 4539 1806 4611; baseline -0.001 -15"><span class='ocrx_word' id='word_1_449' title='bbox 231 4540 539 4597; x_wconf 87' lang='lat' dir='ltr'><strong>castitatem</strong></span> <span class='ocrx_word' id='word_1_450' title='bbox 571 4550 626 4595; x_wconf 93' lang='lat' dir='ltr'><strong>et</strong></span> <span class='ocrx_word' id='word_1_451' title='bbox 669 4539 1025 4595; x_wconf 89' lang='lat' dir='ltr'><strong>humilitatem</strong></span> <span class='ocrx_word' id='word_1_452' title='bbox 1066 4540 1247 4596; x_wconf 90' lang='lat' dir='ltr'><strong>subdit</strong></span> <span class='ocrx_word' id='word_1_453' title='bbox 1279 4540 1346 4596; x_wconf 90' lang='lat' dir='ltr'><strong>de</strong></span> <span class='ocrx_word' id='word_1_454' title='bbox 1384 4541 1661 4607; x_wconf 87' lang='lat' dir='ltr'><strong>libertate;</strong></span> <span class='ocrx_word' id='word_1_455' title='bbox 1710 4556 1806 4611; x_wconf 90' lang='lat' dir='ltr'><strong>per</strong></span> 
     </span>
    </p>
   </div>
   <div class='ocr_carea' id='block_1_58' title="bbox 233 4628 1809 4700">
    <p class='ocr_par' dir='ltr' id='par_1_58' title="bbox 233 4628 1809 4700">
     <span class='ocr_line' id='line_1_58' title="bbox 233 4628 1809 4700; baseline -0.001 -14"><span class='ocrx_word' id='word_1_456' title='bbox 233 4632 339 4686; x_wconf 90' lang='lat' dir='ltr'><strong>hoc</strong></span> <span class='ocrx_word' id='word_1_457' title='bbox 356 4630 674 4694; x_wconf 88' lang='lat' dir='ltr'><strong>ostenditur,</strong></span> <span class='ocrx_word' id='word_1_458' title='bbox 698 4644 805 4684; x_wconf 91' lang='lat' dir='ltr'><strong>non</strong></span> <span class='ocrx_word' id='word_1_459' title='bbox 827 4628 999 4685; x_wconf 90' lang='lat' dir='ltr'><strong>solum</strong></span> <span class='ocrx_word' id='word_1_460' title='bbox 1022 4629 1090 4683; x_wconf 90' lang='lat' dir='ltr'><strong>ad</strong></span> <span class='ocrx_word' id='word_1_461' title='bbox 1114 4629 1347 4699; x_wconf 88' lang='lat' dir='ltr'><strong>inopiam</strong></span> <span class='ocrx_word' id='word_1_462' title='bbox 1369 4630 1695 4700; x_wconf 88' lang='lat' dir='ltr'><strong>pauperibus</strong></span> <span class='ocrx_word' id='word_1_463' title='bbox 1716 4630 1809 4686; x_wconf 86' lang='lat' dir='ltr'><strong>sed</strong></span> 
     </span>
    </p>
   </div>
   <div class='ocr_carea' id='block_1_59' title="bbox 233 4721 1203 4781">
    <p class='ocr_par' dir='ltr' id='par_1_59' title="bbox 233 4721 1203 4781">
     <span class='ocr_line' id='line_1_59' title="bbox 233 4721 1203 4781; baseline -0.004 -3"><span class='ocrx_word' id='word_1_464' title='bbox 233 4723 397 4778; x_wconf 82' lang='lat' dir='ltr'><strong>etiam</strong></span> <span class='ocrx_word' id='word_1_465' title='bbox 428 4722 493 4777; x_wconf 92' lang='lat' dir='ltr'><strong>ad</strong></span> <span class='ocrx_word' id='word_1_466' title='bbox 525 4722 853 4781; x_wconf 87' lang='lat' dir='ltr'><strong>desiderium</strong></span> <span class='ocrx_word' id='word_1_467' title='bbox 879 4721 1203 4777; x_wconf 88' lang='lat' dir='ltr'><strong>deseruisse.</strong></span> 
     </span>
    </p>
   </div>
   <div class='ocr_carea' id='block_1_60' title="bbox 311 4810 1806 4880">
    <p class='ocr_par' dir='ltr' id='par_1_60' title="bbox 311 4810 1806 4880">
     <span class='ocr_line' id='line_1_60' title="bbox 311 4810 1806 4880; baseline 0.002 -14"><span class='ocrx_word' id='word_1_468' title='bbox 311 4832 330 4866; x_wconf 75' lang='grc' dir='ltr'><strong><em>ι</em></strong></span> <span class='ocrx_word' id='word_1_469' title='bbox 358 4812 426 4869; x_wconf 87' lang='lat' dir='ltr'><strong>Et</strong></span> <span class='ocrx_word' id='word_1_470' title='bbox 464 4813 649 4870; x_wconf 90' lang='lat' dir='ltr'><strong>oculos</strong></span> <span class='ocrx_word' id='word_1_471' title='bbox 699 4814 892 4869; x_wconf 74' lang='lat' dir='ltr'><strong>viduae.</strong></span> <span class='ocrx_word' id='word_1_472' title='bbox 939 4833 958 4864; x_wconf 72' lang='grc' dir='ltr'><strong><em>ι</em></strong></span> <span class='ocrx_word' id='word_1_473' title='bbox 993 4812 1374 4868; x_wconf 86' lang='lat' dir='ltr'><strong>incunctanter</strong></span> <span class='ocrx_word' id='word_1_474' title='bbox 1425 4810 1659 4868; x_wconf 86' lang='lat' dir='ltr'><strong>dandum</strong></span> <span class='ocrx_word' id='word_1_475' title='bbox 1705 4821 1806 4880; x_wconf 90' lang='lat' dir='ltr'><strong>est,</strong></span> 
     </span>
    </p>
   </div>
   <div class='ocr_carea' id='block_1_61' title="bbox 232 4905 1811 4978">
    <p class='ocr_par' dir='ltr' id='par_1_61' title="bbox 232 4905 1811 4978">
     <span class='ocr_line' id='line_1_61' title="bbox 232 4905 1811 4978; baseline 0 -16"><span class='ocrx_word' id='word_1_476' title='bbox 232 4907 376 4978; x_wconf 90' lang='lat' dir='ltr'><strong>quod</strong></span> <span class='ocrx_word' id='word_1_477' title='bbox 401 4921 524 4961; x_wconf 91' lang='lat' dir='ltr'><strong>cum</strong></span> <span class='ocrx_word' id='word_1_478' title='bbox 556 4921 684 4961; x_wconf 87' lang='lat' dir='ltr'><strong>vera</strong></span> <span class='ocrx_word' id='word_1_479' title='bbox 716 4905 1018 4961; x_wconf 88' lang='lat' dir='ltr'><strong>humilitate</strong></span> <span class='ocrx_word' id='word_1_480' title='bbox 1056 4907 1283 4977; x_wconf 80' lang='lat' dir='ltr'><strong>quaerit,</strong></span> <span class='ocrx_word' id='word_1_481' title='bbox 1309 4906 1365 4961; x_wconf 90' lang='lat' dir='ltr'><strong>id</strong></span> <span class='ocrx_word' id='word_1_482' title='bbox 1393 4915 1500 4975; x_wconf 87' lang='lat' dir='ltr'><strong>est,</strong></span> <span class='ocrx_word' id='word_1_483' title='bbox 1522 4906 1665 4977; x_wconf 89' lang='lat' dir='ltr'><strong>quod</strong></span> <span class='ocrx_word' id='word_1_484' title='bbox 1710 4923 1811 4963; x_wconf 90' lang='lat' dir='ltr'><strong>nec</strong></span> 
     </span>
    </p>
   </div>
   <div class='ocr_carea' id='block_1_62' title="bbox 234 4997 1810 5067">
    <p class='ocr_par' dir='ltr' id='par_1_62' title="bbox 234 4997 1810 5067">
     <span class='ocr_line' id='line_1_62' title="bbox 234 4997 1810 5067; baseline 0.001 -14"><span class='ocrx_word' id='word_1_485' title='bbox 234 5014 303 5054; x_wconf 77' lang='lat' dir='ltr'><strong>ex</strong></span> <span class='ocrx_word' id='word_1_486' title='bbox 328 4997 592 5054; x_wconf 85' lang='lat' dir='ltr'><strong>desiderio</strong></span> <span class='ocrx_word' id='word_1_487' title='bbox 615 5039 631 5067; x_wconf 93' lang='lat'><strong>,</strong></span> <span class='ocrx_word' id='word_1_488' title='bbox 654 4999 749 5053; x_wconf 90' lang='lat' dir='ltr'><strong>sed</strong></span> <span class='ocrx_word' id='word_1_489' title='bbox 775 5013 842 5053; x_wconf 75' lang='lat' dir='ltr'><strong>ex</strong></span> <span class='ocrx_word' id='word_1_490' title='bbox 866 4998 1188 5053; x_wconf 85' lang='lat' dir='ltr'><strong>necessitate</strong></span> <span class='ocrx_word' id='word_1_491' title='bbox 1222 4998 1462 5067; x_wconf 88' lang='lat' dir='ltr'><strong>poscitur</strong></span> <span class='ocrx_word' id='word_1_492' title='bbox 1477 5038 1491 5063; x_wconf 92' lang='lat'><strong>,</strong></span> <span class='ocrx_word' id='word_1_493' title='bbox 1514 5006 1574 5052; x_wconf 89' lang='lat' dir='ltr'><strong>ut</strong></span> <span class='ocrx_word' id='word_1_494' title='bbox 1596 5013 1700 5053; x_wconf 90' lang='lat' dir='ltr'><strong>non</strong></span> <span class='ocrx_word' id='word_1_495' title='bbox 1723 5014 1810 5054; x_wconf 86' lang='lat' dir='ltr'><strong>so-</strong></span> 
     </span>
    </p>
   </div>
   <div class='ocr_carea' id='block_1_63' title="bbox 203 5089 1813 5169">
    <p class='ocr_par' dir='ltr' id='par_1_63' title="bbox 203 5089 1813 5169">
     <span class='ocr_line' id='line_1_63' title="bbox 203 5089 1813 5169; baseline 0.002 -25"><span class='ocrx_word' id='word_1_496' title='bbox 203 5090 346 5169; x_wconf 45' lang='lat' dir='ltr'><strong>.lum</strong></span> <span class='ocrx_word' id='word_1_497' title='bbox 373 5106 439 5146; x_wconf 81' lang='lat' dir='ltr'><strong>ex</strong></span> <span class='ocrx_word' id='word_1_498' title='bbox 468 5106 721 5157; x_wconf 88' lang='lat' dir='ltr'><strong>munere,</strong></span> <span class='ocrx_word' id='word_1_499' title='bbox 753 5090 845 5145; x_wconf 91' lang='lat' dir='ltr'><strong>sed</strong></span> <span class='ocrx_word' id='word_1_500' title='bbox 875 5091 1035 5145; x_wconf 87' lang='lat' dir='ltr'><strong>etiam</strong></span> <span class='ocrx_word' id='word_1_501' title='bbox 1070 5089 1344 5144; x_wconf 87' lang='lat' dir='ltr'><strong>celeritate</strong></span> <span class='ocrx_word' id='word_1_502' title='bbox 1370 5091 1609 5146; x_wconf 87' lang='lat' dir='ltr'><strong>muneris</strong></span> <span class='ocrx_word' id='word_1_503' title='bbox 1644 5090 1813 5147; x_wconf 88' lang='lat' dir='ltr'><strong>bono-</strong></span> 
     </span>
    </p>
   </div>
   <div class='ocr_carea' id='block_1_64' title="bbox 234 5182 1172 5253">
    <p class='ocr_par' dir='ltr' id='par_1_64' title="bbox 234 5182 1172 5253">
     <span class='ocr_line' id='line_1_64' title="bbox 234 5182 1172 5253; baseline -0.003 -16"><span class='ocrx_word' id='word_1_504' title='bbox 234 5197 353 5237; x_wconf 87' lang='lat' dir='ltr'><strong>rum</strong></span> <span class='ocrx_word' id='word_1_505' title='bbox 383 5197 606 5253; x_wconf 88' lang='lat' dir='ltr'><strong>operum</strong></span> <span class='ocrx_word' id='word_1_506' title='bbox 632 5182 823 5236; x_wconf 88' lang='lat' dir='ltr'><strong>merita</strong></span> <span class='ocrx_word' id='word_1_507' title='bbox 855 5190 1172 5252; x_wconf 87' lang='lat' dir='ltr'><strong>augeantur.</strong></span> 
     </span>
    </p>
   </div>
   <div class='ocr_carea' id='block_1_65' title="bbox 305 5271 1804 5333">
    <p class='ocr_par' dir='ltr' id='par_1_65' title="bbox 305 5271 1804 5333">
     <span class='ocr_line' id='line_1_65' title="bbox 305 5271 1804 5333; baseline 0 -5"><span class='ocrx_word' id='word_1_508' title='bbox 305 5272 469 5330; x_wconf 85' lang='lat' dir='ltr'><strong>Vens.</strong></span> <span class='ocrx_word' id='word_1_509' title='bbox 498 5275 584 5329; x_wconf 87' lang='lat' dir='ltr'><strong>l7.</strong></span> <span class='ocrx_word' id='word_1_510' title='bbox 604 5304 674 5314; x_wconf 91' lang='lat'><strong><em>—</em></strong></span> <span class='ocrx_word' id='word_1_511' title='bbox 702 5293 719 5325; x_wconf 74' lang='grc' dir='ltr'>ι</span> <span class='ocrx_word' id='word_1_512' title='bbox 757 5271 815 5333; x_wconf 85' lang='lat' dir='ltr'><strong>Si</strong></span> <span class='ocrx_word' id='word_1_513' title='bbox 835 5273 1042 5329; x_wconf 83' lang='lat' dir='ltr'><strong>comedi</strong></span> <span class='ocrx_word' id='word_1_514' title='bbox 1056 5273 1352 5329; x_wconf 87' lang='lat' dir='ltr'><strong>buccellam</strong></span> <span class='ocrx_word' id='word_1_515' title='bbox 1382 5289 1558 5330; x_wconf 89' lang='lat' dir='ltr'><strong>meam</strong></span> <span class='ocrx_word' id='word_1_516' title='bbox 1586 5273 1748 5329; x_wconf 89' lang='lat' dir='ltr'><strong>solus.</strong></span> <span class='ocrx_word' id='word_1_517' title='bbox 1785 5293 1804 5327; x_wconf 83' lang='grc'>›</span> 
     </span>
    </p>
   </div>
   <div class='ocr_carea' id='block_1_66' title="bbox 232 5358 1806 5437">
    <p class='ocr_par' dir='ltr' id='par_1_66' title="bbox 232 5358 1806 5437">
     <span class='ocr_line' id='line_1_66' title="bbox 232 5358 1806 5437; baseline -0.003 -11"><span class='ocrx_word' id='word_1_518' title='bbox 232 5358 353 5426; x_wconf 83' lang='lat' dir='ltr'><strong>Non</strong></span> <span class='ocrx_word' id='word_1_519' title='bbox 382 5367 554 5424; x_wconf 90' lang='lat' dir='ltr'><strong>solum</strong></span> <span class='ocrx_word' id='word_1_520' title='bbox 592 5367 831 5423; x_wconf 82' lang='lat' dir='ltr'><strong>exterius</strong></span> <span class='ocrx_word' id='word_1_521' title='bbox 865 5367 1021 5432; x_wconf 90' lang='lat' dir='ltr'><strong>dedi,</strong></span> <span class='ocrx_word' id='word_1_522' title='bbox 1053 5375 1181 5431; x_wconf 89' lang='lat' dir='ltr'><strong>etc.,</strong></span> <span class='ocrx_word' id='word_1_523' title='bbox 1212 5383 1371 5437; x_wconf 77' lang='lat' dir='ltr'><strong>usque</strong></span> <span class='ocrx_word' id='word_1_524' title='bbox 1409 5367 1478 5419; x_wconf 89' lang='lat' dir='ltr'><strong>ad</strong></span> <span class='ocrx_word' id='word_1_525' title='bbox 1510 5365 1619 5421; x_wconf 87' lang='lat' dir='ltr'><strong>Nec</strong></span> <span class='ocrx_word' id='word_1_526' title='bbox 1648 5366 1806 5421; x_wconf 89' lang='lat' dir='ltr'><strong>istam</strong></span> 
     </span>
    </p>
   </div>
   <div class='ocr_carea' id='block_1_67' title="bbox 230 5459 1638 5536">
    <p class='ocr_par' dir='ltr' id='par_1_67' title="bbox 230 5459 1638 5536">
     <span class='ocr_line' id='line_1_67' title="bbox 230 5459 1638 5536; baseline -0.003 -19"><span class='ocrx_word' id='word_1_527' title='bbox 230 5463 492 5536; x_wconf 76' lang='lat' dir='ltr'><strong>pietatem</strong></span> <span class='ocrx_word' id='word_1_528' title='bbox 530 5462 652 5525; x_wconf 86' lang='lat' dir='ltr'><strong>sibi,</strong></span> <span class='ocrx_word' id='word_1_529' title='bbox 685 5461 779 5516; x_wconf 86' lang='lat' dir='ltr'><strong>sed</strong></span> <span class='ocrx_word' id='word_1_530' title='bbox 808 5462 994 5531; x_wconf 76' lang='lat' dir='ltr'><strong>gratia:</strong></span> <span class='ocrx_word' id='word_1_531' title='bbox 1022 5460 1117 5514; x_wconf 87' lang='lat' dir='ltr'><strong>Dei</strong></span> <span class='ocrx_word' id='word_1_532' title='bbox 1138 5459 1407 5525; x_wconf 87' lang='lat' dir='ltr'><strong>attribuit,</strong></span> <span class='ocrx_word' id='word_1_533' title='bbox 1433 5460 1638 5515; x_wconf 89' lang='lat' dir='ltr'><strong>dicens.</strong></span> 
     </span>
    </p>
   </div>
   <div class='ocr_carea' id='block_1_68' title="bbox 306 5548 1805 5620">
    <p class='ocr_par' dir='ltr' id='par_1_68' title="bbox 306 5548 1805 5620">
     <span class='ocr_line' id='line_1_68' title="bbox 306 5548 1805 5620; baseline -0.001 -13"><span class='ocrx_word' id='word_1_534' title='bbox 306 5550 468 5608; x_wconf 85' lang='lat' dir='ltr'><strong>Vens.</strong></span> <span class='ocrx_word' id='word_1_535' title='bbox 503 5552 590 5607; x_wconf 86' lang='grc'><strong>19.</strong></span> <span class='ocrx_word' id='word_1_536' title='bbox 614 5582 678 5591; x_wconf 91' lang='lat'><strong>—-</strong></span> <span class='ocrx_word' id='word_1_537' title='bbox 724 5569 744 5602; x_wconf 71' lang='grc' dir='ltr'>α</span> <span class='ocrx_word' id='word_1_538' title='bbox 783 5550 839 5605; x_wconf 87' lang='lat' dir='ltr'><strong>Si</strong></span> <span class='ocrx_word' id='word_1_539' title='bbox 860 5550 1079 5620; x_wconf 77' lang='lat' dir='ltr'><strong>despexi</strong></span> <span class='ocrx_word' id='word_1_540' title='bbox 1118 5557 1549 5620; x_wconf 61' lang='lat' dir='ltr'><strong>praetereuntem.</strong></span> <span class='ocrx_word' id='word_1_541' title='bbox 1590 5570 1608 5602; x_wconf 76' lang='grc' dir='ltr'><strong><em>ι</em></strong></span> <span class='ocrx_word' id='word_1_542' title='bbox 1653 5548 1805 5618; x_wconf 83' lang='lat' dir='ltr'><strong>Quod</strong></span> 
     </span>
    </p>
   </div>
   <div class='ocr_carea' id='block_1_69' title="bbox 232 5641 1803 5716">
    <p class='ocr_par' dir='ltr' id='par_1_69' title="bbox 232 5641 1803 5716">
     <span class='ocr_line' id='line_1_69' title="bbox 232 5641 1803 5716; baseline -0.001 -17"><span class='ocrx_word' id='word_1_543' title='bbox 232 5659 523 5716; x_wconf 89' lang='lat' dir='ltr'><strong>pauperem</strong></span> <span class='ocrx_word' id='word_1_544' title='bbox 547 5659 653 5699; x_wconf 88' lang='lat' dir='ltr'><strong>non</strong></span> <span class='ocrx_word' id='word_1_545' title='bbox 671 5644 928 5712; x_wconf 80' lang='lat' dir='ltr'><strong>despexit,</strong></span> <span class='ocrx_word' id='word_1_546' title='bbox 943 5643 1195 5697; x_wconf 88' lang='lat' dir='ltr'><strong>virtutem</strong></span> <span class='ocrx_word' id='word_1_547' title='bbox 1214 5641 1528 5696; x_wconf 85' lang='lat' dir='ltr'><strong>humilitatis</strong></span> <span class='ocrx_word' id='word_1_548' title='bbox 1541 5643 1803 5708; x_wconf 81' lang='lat' dir='ltr'><strong>exhibuit;</strong></span> 
     </span>
    </p>
   </div>
   <div class='ocr_carea' id='block_1_70' title="bbox 234 5734 1807 5808">
    <p class='ocr_par' dir='ltr' id='par_1_70' title="bbox 234 5734 1807 5808">
     <span class='ocr_line' id='line_1_70' title="bbox 234 5734 1807 5808; baseline -0.002 -17"><span class='ocrx_word' id='word_1_549' title='bbox 234 5738 380 5808; x_wconf 89' lang='lat' dir='ltr'><strong>quod</strong></span> <span class='ocrx_word' id='word_1_550' title='bbox 406 5746 585 5792; x_wconf 89' lang='lat' dir='ltr'><strong>autem</strong></span> <span class='ocrx_word' id='word_1_551' title='bbox 610 5736 853 5806; x_wconf 88' lang='lat' dir='ltr'><strong>operuit,</strong></span> <span class='ocrx_word' id='word_1_552' title='bbox 883 5735 1115 5803; x_wconf 87' lang='lat' dir='ltr'><strong>pietatis.</strong></span> <span class='ocrx_word' id='word_1_553' title='bbox 1144 5734 1327 5804; x_wconf 87' lang='lat' dir='ltr'><strong>ignoto</strong></span> <span class='ocrx_word' id='word_1_554' title='bbox 1359 5742 1534 5787; x_wconf 88' lang='lat' dir='ltr'><strong>autem</strong></span> <span class='ocrx_word' id='word_1_555' title='bbox 1560 5734 1807 5803; x_wconf 75' lang='lat' dir='ltr'><strong>proximo</strong></span> 
     </span>
    </p>
   </div>
   <div class='ocr_carea' id='block_1_71' title="bbox 232 5828 1802 5895">
    <p class='ocr_par' dir='ltr' id='par_1_71' title="bbox 232 5828 1802 5895">
     <span class='ocr_line' id='line_1_71' title="bbox 232 5828 1802 5895; baseline -0.001 -11"><span class='ocrx_word' id='word_1_556' title='bbox 232 5830 521 5884; x_wconf 85' lang='lat' dir='ltr'><strong>misertum</strong></span> <span class='ocrx_word' id='word_1_557' title='bbox 565 5844 623 5883; x_wconf 85' lang='lat' dir='ltr'><strong>se</strong></span> <span class='ocrx_word' id='word_1_558' title='bbox 668 5828 897 5893; x_wconf 87' lang='lat' dir='ltr'><strong>indicat,</strong></span> <span class='ocrx_word' id='word_1_559' title='bbox 948 5840 1108 5895; x_wconf 89' lang='lat' dir='ltr'><strong>quem</strong></span> <span class='ocrx_word' id='word_1_560' title='bbox 1162 5834 1573 5894; x_wconf 62' lang='lat' dir='ltr'><strong>praetereuntem</strong></span> <span class='ocrx_word' id='word_1_561' title='bbox 1629 5838 1802 5892; x_wconf 86' lang='lat' dir='ltr'><strong>vocat,</strong></span> 
     </span>
    </p>
   </div>
   <div class='ocr_carea' id='block_1_72' title="bbox 1958 1948 3508 2049">
    <p class='ocr_par' dir='ltr' id='par_1_72' title="bbox 1958 1948 3508 2049">
     <span class='ocr_line' id='line_1_72' title="bbox 1958 1948 3508 2049; baseline 0.012 -33"><span class='ocrx_word' id='word_1_562' title='bbox 1958 1948 1967 1968; x_wconf 55' lang='grc'><em>⁵</em></span> <span class='ocrx_word' id='word_1_563' title='bbox 1997 1964 2160 2021; x_wconf 86' lang='lat' dir='ltr'><strong>Vens.</strong></span> <span class='ocrx_word' id='word_1_564' title='bbox 2182 1966 2273 2020; x_wconf 71' lang='grc'><strong>24.</strong></span> <span class='ocrx_word' id='word_1_565' title='bbox 2299 1996 2373 2009; x_wconf 93' lang='lat'><strong>-</strong></span> <span class='ocrx_word' id='word_1_566' title='bbox 2403 1982 2425 2021; x_wconf 72' lang='grc' dir='ltr'><strong>ε</strong></span> <span class='ocrx_word' id='word_1_567' title='bbox 2462 1968 2521 2024; x_wconf 88' lang='lat' dir='ltr'><strong>Si</strong></span> <span class='ocrx_word' id='word_1_568' title='bbox 2546 1971 2730 2040; x_wconf 87' lang='lat' dir='ltr'><strong>putavi</strong></span> <span class='ocrx_word' id='word_1_569' title='bbox 2757 1984 2967 2028; x_wconf 75' lang='lat' dir='ltr'><strong>aurum.</strong></span> <span class='ocrx_word' id='word_1_570' title='bbox 2992 1992 3013 2025; x_wconf 76' lang='grc' dir='ltr'><strong><em>ι</em></strong></span> <span class='ocrx_word' id='word_1_571' title='bbox 3038 1972 3233 2047; x_wconf 64' lang='grc' dir='ltr'><strong>(ϐω.</strong></span> <span class='ocrx_word' id='word_1_572' title='bbox 3257 1976 3314 2031; x_wconf 78' lang='lat' dir='ltr'><strong>in</strong></span> <span class='ocrx_word' id='word_1_573' title='bbox 3359 1978 3508 2049; x_wconf 82' lang='lat' dir='ltr'><strong>Job.,</strong></span> 
     </span>
    </p>
   </div>
   <div class='ocr_carea' id='block_1_73' title="bbox 1924 2054 3509 2135">
    <p class='ocr_par' dir='ltr' id='par_1_73' title="bbox 1924 2054 3509 2135">
     <span class='ocr_line' id='line_1_73' title="bbox 1924 2054 3509 2135; baseline 0.01 -26"><span class='ocrx_word' id='word_1_574' title='bbox 1924 2054 1963 2109; x_wconf 90' lang='lat' dir='ltr'><strong>i.</strong></span> <span class='ocrx_word' id='word_1_575' title='bbox 1989 2060 2149 2128; x_wconf 70' lang='grc' dir='ltr'><strong>χχιι.)</strong></span> <span class='ocrx_word' id='word_1_576' title='bbox 2197 2057 2272 2112; x_wconf 88' lang='lat' dir='ltr'><strong>De</strong></span> <span class='ocrx_word' id='word_1_577' title='bbox 2310 2057 2568 2125; x_wconf 72' lang='lat' dir='ltr'><strong>Creatore</strong></span> <span class='ocrx_word' id='word_1_578' title='bbox 2614 2060 2814 2132; x_wconf 83' lang='lat' dir='ltr'><strong>quippe</strong></span> <span class='ocrx_word' id='word_1_579' title='bbox 2859 2063 3173 2134; x_wconf 73' lang='lat' dir='ltr'><strong>desperasse</strong></span> <span class='ocrx_word' id='word_1_580' title='bbox 3214 2064 3509 2135; x_wconf 82' lang='lat' dir='ltr'><strong>fuerat,’si</strong></span> 
     </span>
    </p>
   </div>
   <div class='ocr_carea' id='block_1_74' title="bbox 1925 2147 3510 2226">
    <p class='ocr_par' dir='ltr' id='par_1_74' title="bbox 1925 2147 3510 2226">
     <span class='ocr_line' id='line_1_74' title="bbox 1925 2147 3510 2226; baseline 0.013 -27"><span class='ocrx_word' id='word_1_581' title='bbox 1925 2159 2074 2216; x_wconf 85' lang='lat' dir='ltr'><strong>spem</strong></span> <span class='ocrx_word' id='word_1_582' title='bbox 2097 2147 2151 2201; x_wconf 86' lang='lat' dir='ltr'><strong>in</strong></span> <span class='ocrx_word' id='word_1_583' title='bbox 2173 2158 2479 2205; x_wconf 87' lang='lat' dir='ltr'><strong>creaturam</strong></span> <span class='ocrx_word' id='word_1_584' title='bbox 2508 2153 2779 2222; x_wconf 88' lang='lat' dir='ltr'><strong>posuisset</strong></span> <span class='ocrx_word' id='word_1_585' title='bbox 2806 2171 2818 2208; x_wconf 93' lang='lat'><strong>:</strong></span> <span class='ocrx_word' id='word_1_586' title='bbox 2852 2155 2943 2226; x_wconf 90' lang='lat' dir='ltr'><strong>qui</strong></span> <span class='ocrx_word' id='word_1_587' title='bbox 2967 2157 3113 2213; x_wconf 89' lang='lat' dir='ltr'><strong>enim</strong></span> <span class='ocrx_word' id='word_1_588' title='bbox 3142 2158 3343 2216; x_wconf 84' lang='lat' dir='ltr'><strong>labenti</strong></span> <span class='ocrx_word' id='word_1_589' title='bbox 3370 2161 3510 2219; x_wconf 87' lang='lat' dir='ltr'><strong>inni-</strong></span> 
     </span>
    </p>
   </div>
   <div class='ocr_carea' id='block_1_75' title="bbox 1923 2239 3163 2313">
    <p class='ocr_par' dir='ltr' id='par_1_75' title="bbox 1923 2239 3163 2313">
     <span class='ocr_line' id='line_1_75' title="bbox 1923 2239 3163 2313; baseline 0.01 -21"><span class='ocrx_word' id='word_1_590' title='bbox 1923 2239 2074 2313; x_wconf 76' lang='lat' dir='ltr'><strong>titur,</strong></span> <span class='ocrx_word' id='word_1_591' title='bbox 2104 2252 2327 2295; x_wconf 79' lang='lat' dir='ltr'><strong>necesse</strong></span> <span class='ocrx_word' id='word_1_592' title='bbox 2353 2249 2439 2296; x_wconf 91' lang='lat' dir='ltr'><strong>est</strong></span> <span class='ocrx_word' id='word_1_593' title='bbox 2456 2250 2518 2296; x_wconf 91' lang='lat' dir='ltr'><strong>ut</strong></span> <span class='ocrx_word' id='word_1_594' title='bbox 2542 2257 2665 2298; x_wconf 87' lang='lat' dir='ltr'><strong>cum</strong></span> <span class='ocrx_word' id='word_1_595' title='bbox 2695 2244 2909 2301; x_wconf 81' lang='lat' dir='ltr'><strong>labente</strong></span> <span class='ocrx_word' id='word_1_596' title='bbox 2931 2246 3163 2304; x_wconf 82' lang='lat' dir='ltr'><strong>labatur.</strong></span> 
     </span>
    </p>
   </div>
   <div class='ocr_carea' id='block_1_76' title="bbox 1996 2329 3504 2401">
    <p class='ocr_par' dir='ltr' id='par_1_76' title="bbox 1996 2329 3504 2401">
     <span class='ocr_line' id='line_1_76' title="bbox 1996 2329 3504 2401; baseline 0.011 -18"><span class='ocrx_word' id='word_1_597' title='bbox 1996 2329 2158 2385; x_wconf 84' lang='lat' dir='ltr'><strong>Vens.</strong></span> <span class='ocrx_word' id='word_1_598' title='bbox 2181 2329 2271 2385; x_wconf 71' lang='lat'><strong>25.</strong></span> <span class='ocrx_word' id='word_1_599' title='bbox 2296 2360 2363 2371; x_wconf 89' lang='lat'><strong>--</strong></span> <span class='ocrx_word' id='word_1_600' title='bbox 2391 2350 2411 2382; x_wconf 80' lang='grc' dir='ltr'>ι</span> <span class='ocrx_word' id='word_1_601' title='bbox 2444 2330 2502 2387; x_wconf 91' lang='lat' dir='ltr'><strong>Si</strong></span> <span class='ocrx_word' id='word_1_602' title='bbox 2530 2332 2742 2390; x_wconf 65' lang='lat' dir='ltr'><strong>laetatus</strong></span> <span class='ocrx_word' id='word_1_603' title='bbox 2778 2351 2919 2392; x_wconf 79' lang='lat' dir='ltr'><strong>sum.</strong></span> <span class='ocrx_word' id='word_1_604' title='bbox 2956 2356 2979 2391; x_wconf 78' lang='grc' dir='ltr'><strong><em>ι</em></strong></span> <span class='ocrx_word' id='word_1_605' title='bbox 3018 2338 3162 2395; x_wconf 80' lang='lat' dir='ltr'><strong>Nihil</strong></span> <span class='ocrx_word' id='word_1_606' title='bbox 3182 2340 3328 2397; x_wconf 86' lang='lat' dir='ltr'><strong>enim</strong></span> <span class='ocrx_word' id='word_1_607' title='bbox 3348 2350 3504 2401; x_wconf 79' lang='lat' dir='ltr'><strong>extra</strong></span> 
     </span>
    </p>
   </div>
   <div class='ocr_carea' id='block_1_77' title="bbox 1921 2418 3507 2505">
    <p class='ocr_par' dir='ltr' id='par_1_77' title="bbox 1921 2418 3507 2505">
     <span class='ocr_line' id='line_1_77' title="bbox 1921 2418 3507 2505; baseline 0.013 -31"><span class='ocrx_word' id='word_1_608' title='bbox 1921 2418 2091 2475; x_wconf 82' lang='lat' dir='ltr'><strong>Deum</strong></span> <span class='ocrx_word' id='word_1_609' title='bbox 2115 2423 2282 2477; x_wconf 84' lang='lat' dir='ltr'><strong>menti</strong></span> <span class='ocrx_word' id='word_1_610' title='bbox 2313 2422 2526 2490; x_wconf 76' lang='lat' dir='ltr'><strong>suﬂicit,</strong></span> <span class='ocrx_word' id='word_1_611' title='bbox 2555 2440 2674 2496; x_wconf 65' lang='lat' dir='ltr'><strong>qum</strong></span> <span class='ocrx_word' id='word_1_612' title='bbox 2687 2427 2856 2483; x_wconf 87' lang='lat' dir='ltr'><strong>Deum</strong></span> <span class='ocrx_word' id='word_1_613' title='bbox 2870 2431 3507 2505; x_wconf 65' lang='lat' dir='ltr'><strong>veraeiterquaarit,etc.,</strong></span> 
     </span>
    </p>
   </div>
   <div class='ocr_carea' id='block_1_78' title="bbox 1921 2513 3507 2592">
    <p class='ocr_par' dir='ltr' id='par_1_78' title="bbox 1921 2513 3507 2592">
     <span class='ocr_line' id='line_1_78' title="bbox 1921 2513 3507 2592; baseline 0.011 -27"><span class='ocrx_word' id='word_1_614' title='bbox 1921 2527 2085 2583; x_wconf 79' lang='lat' dir='ltr'><strong>usque</strong></span> <span class='ocrx_word' id='word_1_615' title='bbox 2104 2514 2174 2567; x_wconf 86' lang='lat' dir='ltr'><strong>ad</strong></span> <span class='ocrx_word' id='word_1_616' title='bbox 2198 2513 2507 2571; x_wconf 78' lang='lat' dir='ltr'><strong>intellectus</strong></span> <span class='ocrx_word' id='word_1_617' title='bbox 2532 2516 2617 2572; x_wconf 85' lang='lat' dir='ltr'><strong>vel</strong></span> <span class='ocrx_word' id='word_1_618' title='bbox 2644 2518 2759 2575; x_wconf 89' lang='lat' dir='ltr'><strong>otio</strong></span> <span class='ocrx_word' id='word_1_619' title='bbox 2794 2526 2989 2592; x_wconf 86' lang='lat' dir='ltr'><strong>torpet,</strong></span> <span class='ocrx_word' id='word_1_620' title='bbox 3015 2521 3098 2577; x_wconf 83' lang='lat' dir='ltr'><strong>vel</strong></span> <span class='ocrx_word' id='word_1_621' title='bbox 3139 2521 3375 2581; x_wconf 85' lang='lat' dir='ltr'><strong>elatione</strong></span> <span class='ocrx_word' id='word_1_622' title='bbox 3410 2540 3507 2583; x_wconf 84' lang='lat' dir='ltr'><strong>va-</strong></span> 
     </span>
    </p>
   </div>
   <div class='ocr_carea' id='block_1_79' title="bbox 1920 2604 2479 2671">
    <p class='ocr_par' dir='ltr' id='par_1_79' title="bbox 1920 2604 2479 2671">
     <span class='ocr_line' id='line_1_79' title="bbox 1920 2604 2479 2671; baseline 0.007 -14"><span class='ocrx_word' id='word_1_623' title='bbox 1920 2604 2113 2671; x_wconf 87' lang='lat' dir='ltr'><strong>nescit,</strong></span> <span class='ocrx_word' id='word_1_624' title='bbox 2146 2614 2201 2660; x_wconf 93' lang='lat' dir='ltr'><strong>et</strong></span> <span class='ocrx_word' id='word_1_625' title='bbox 2221 2604 2344 2661; x_wconf 92' lang='lat' dir='ltr'><strong>ideo</strong></span> <span class='ocrx_word' id='word_1_626' title='bbox 2371 2607 2479 2661; x_wconf 90' lang='lat' dir='ltr'><strong>ait:</strong></span> 
     </span>
    </p>
   </div>
   <div class='ocr_carea' id='block_1_80' title="bbox 1918 2698 3500 2782">
    <p class='ocr_par' dir='ltr' id='par_1_80' title="bbox 1918 2698 3500 2782">
     <span class='ocr_line' id='line_1_80' title="bbox 1918 2698 3500 2782; baseline 0.013 -32"><span class='ocrx_word' id='word_1_627' title='bbox 1918 2772 1923 2779; x_wconf 16' lang='grc' dir='ltr'><strong><em>ἡ</em></strong></span> <span class='ocrx_word' id='word_1_628' title='bbox 1997 2716 2015 2748; x_wconf 73' lang='grc' dir='ltr'>ι</span> <span class='ocrx_word' id='word_1_629' title='bbox 2048 2698 2106 2753; x_wconf 92' lang='lat' dir='ltr'><strong>Si</strong></span> <span class='ocrx_word' id='word_1_630' title='bbox 2129 2698 2340 2756; x_wconf 72' lang='lat' dir='ltr'><strong>laetatus</strong></span> <span class='ocrx_word' id='word_1_631' title='bbox 2356 2716 2498 2757; x_wconf 89' lang='lat' dir='ltr'><strong>sum.</strong></span> <span class='ocrx_word' id='word_1_632' title='bbox 2530 2721 2549 2756; x_wconf 73' lang='grc' dir='ltr'><strong><em>ι</em></strong></span> <span class='ocrx_word' id='word_1_633' title='bbox 2577 2703 2712 2759; x_wconf 86' lang='lat' dir='ltr'><strong>Cum</strong></span> <span class='ocrx_word' id='word_1_634' title='bbox 2734 2714 2915 2761; x_wconf 78' lang='lat' dir='ltr'><strong>autem</strong></span> <span class='ocrx_word' id='word_1_635' title='bbox 2935 2722 3056 2778; x_wconf 72' lang='lat' dir='ltr'><strong>qua:</strong></span> <span class='ocrx_word' id='word_1_636' title='bbox 3084 2707 3353 2782; x_wconf 79' lang='lat' dir='ltr'><strong>intelligit,</strong></span> <span class='ocrx_word' id='word_1_637' title='bbox 3368 2718 3500 2780; x_wconf 84' lang='lat' dir='ltr'><strong>etc.,</strong></span> 
     </span>
    </p>
   </div>
   <div class='ocr_carea' id='block_1_81' title="bbox 1920 2790 3497 2873">
    <p class='ocr_par' dir='ltr' id='par_1_81' title="bbox 1920 2790 3497 2873">
     <span class='ocr_line' id='line_1_81' title="bbox 1920 2790 3497 2873; baseline 0.01 -30"><span class='ocrx_word' id='word_1_638' title='bbox 1920 2806 2084 2861; x_wconf 73' lang='lat' dir='ltr'><strong>usque</strong></span> <span class='ocrx_word' id='word_1_639' title='bbox 2108 2791 2177 2845; x_wconf 80' lang='lat' dir='ltr'><strong>ad</strong></span> <span class='ocrx_word' id='word_1_640' title='bbox 2207 2807 2238 2845; x_wconf 90' lang='lat' dir='ltr'><strong>a</strong></span> <span class='ocrx_word' id='word_1_641' title='bbox 2260 2790 2377 2848; x_wconf 85' lang='lat' dir='ltr'><strong>luce</strong></span> <span class='ocrx_word' id='word_1_642' title='bbox 2400 2793 2654 2850; x_wconf 85' lang='lat' dir='ltr'><strong>invisibili</strong></span> <span class='ocrx_word' id='word_1_643' title='bbox 2687 2810 2782 2852; x_wconf 88' lang='lat' dir='ltr'><strong>eor</strong></span> <span class='ocrx_word' id='word_1_644' title='bbox 2809 2806 2966 2854; x_wconf 74' lang='lat' dir='ltr'><strong>extra</strong></span> <span class='ocrx_word' id='word_1_645' title='bbox 2993 2798 3215 2855; x_wconf 77' lang='lat' dir='ltr'><strong>inhians</strong></span> <span class='ocrx_word' id='word_1_646' title='bbox 3233 2810 3497 2873; x_wconf 70' lang='lat' dir='ltr'><strong>caecatur,</strong></span> 
     </span>
    </p>
   </div>
   <div class='ocr_carea' id='block_1_82' title="bbox 1920 2890 2323 2941">
    <p class='ocr_par' dir='ltr' id='par_1_82' title="bbox 1920 2890 2323 2941">
     <span class='ocr_line' id='line_1_82' title="bbox 1920 2890 2323 2941; baseline 0.005 -4"><span class='ocrx_word' id='word_1_647' title='bbox 1920 2890 1975 2937; x_wconf 73' lang='grc' dir='ltr'><strong>ει</strong></span> <span class='ocrx_word' id='word_1_648' title='bbox 2000 2892 2082 2939; x_wconf 75' lang='grc' dir='ltr'><strong>εει</strong></span> <span class='ocrx_word' id='word_1_649' title='bbox 2110 2898 2323 2941; x_wconf 86' lang='lat' dir='ltr'><strong>sensus.</strong></span> 
     </span>
    </p>
   </div>
   <div class='ocr_carea' id='block_1_83' title="bbox 1991 2972 3501 3043">
    <p class='ocr_par' dir='ltr' id='par_1_83' title="bbox 1991 2972 3501 3043">
     <span class='ocr_line' id='line_1_83' title="bbox 1991 2972 3501 3043; baseline 0.011 -16"><span class='ocrx_word' id='word_1_650' title='bbox 1991 2972 2155 3029; x_wconf 79' lang='lat' dir='ltr'><strong>Vens.</strong></span> <span class='ocrx_word' id='word_1_651' title='bbox 2185 2974 2273 3030; x_wconf 68' lang='lat'><strong>96.</strong></span> <span class='ocrx_word' id='word_1_652' title='bbox 2304 3005 2375 3016; x_wconf 92' lang='lat'><strong>-—</strong></span> <span class='ocrx_word' id='word_1_653' title='bbox 2407 2994 2428 3029; x_wconf 74' lang='grc' dir='ltr'><strong>ε</strong></span> <span class='ocrx_word' id='word_1_654' title='bbox 2463 2976 2524 3033; x_wconf 90' lang='lat' dir='ltr'><strong>Si</strong></span> <span class='ocrx_word' id='word_1_655' title='bbox 2558 2977 2669 3033; x_wconf 78' lang='lat' dir='ltr'><strong>vidi</strong></span> <span class='ocrx_word' id='word_1_656' title='bbox 2690 2978 2883 3036; x_wconf 82' lang='lat' dir='ltr'><strong>solem.</strong></span> <span class='ocrx_word' id='word_1_657' title='bbox 2914 3000 2934 3033; x_wconf 82' lang='grc'><strong><em>›</em></strong></span> <span class='ocrx_word' id='word_1_658' title='bbox 2958 2979 3105 3041; x_wconf 83' lang='lat' dir='ltr'><strong>Pene</strong></span> <span class='ocrx_word' id='word_1_659' title='bbox 3130 2981 3231 3040; x_wconf 83' lang='lat' dir='ltr'><strong>soli</strong></span> <span class='ocrx_word' id='word_1_660' title='bbox 3253 2982 3501 3043; x_wconf 82' lang='lat' dir='ltr'><strong>homines</strong></span> 
     </span>
    </p>
   </div>
   <div class='ocr_carea' id='block_1_84' title="bbox 1916 3065 3502 3145">
    <p class='ocr_par' dir='ltr' id='par_1_84' title="bbox 1916 3065 3502 3145">
     <span class='ocr_line' id='line_1_84' title="bbox 1916 3065 3502 3145; baseline 0.009 -23"><span class='ocrx_word' id='word_1_661' title='bbox 1916 3080 2015 3122; x_wconf 85' lang='lat' dir='ltr'><strong>sua</strong></span> <span class='ocrx_word' id='word_1_662' title='bbox 2042 3065 2182 3122; x_wconf 89' lang='lat' dir='ltr'><strong>bona</strong></span> <span class='ocrx_word' id='word_1_663' title='bbox 2228 3083 2335 3124; x_wconf 89' lang='lat' dir='ltr'><strong>non</strong></span> <span class='ocrx_word' id='word_1_664' title='bbox 2383 3070 2587 3137; x_wconf 90' lang='lat' dir='ltr'><strong>vident,</strong></span> <span class='ocrx_word' id='word_1_665' title='bbox 2619 3079 2752 3138; x_wconf 89' lang='lat' dir='ltr'><strong>etc.,</strong></span> <span class='ocrx_word' id='word_1_666' title='bbox 2791 3088 2955 3145; x_wconf 68' lang='lat' dir='ltr'><strong>usque</strong></span> <span class='ocrx_word' id='word_1_667' title='bbox 2980 3075 3051 3130; x_wconf 82' lang='lat' dir='ltr'><strong>ad</strong></span> <span class='ocrx_word' id='word_1_668' title='bbox 3076 3075 3207 3135; x_wconf 85' lang='lat' dir='ltr'><strong>dum</strong></span> <span class='ocrx_word' id='word_1_669' title='bbox 3254 3086 3502 3136; x_wconf 85' lang='lat' dir='ltr'><strong>eontem-</strong></span> 
     </span>
    </p>
   </div>
   <div class='ocr_carea' id='block_1_85' title="bbox 1915 3158 2779 3231">
    <p class='ocr_par' dir='ltr' id='par_1_85' title="bbox 1915 3158 2779 3231">
     <span class='ocr_line' id='line_1_85' title="bbox 1915 3158 2779 3231; baseline 0.01 -19"><span class='ocrx_word' id='word_1_670' title='bbox 1915 3158 2154 3231; x_wconf 86' lang='lat' dir='ltr'><strong>platione</strong></span> <span class='ocrx_word' id='word_1_671' title='bbox 2183 3163 2399 3229; x_wconf 90' lang='lat' dir='ltr'><strong>mentis,</strong></span> <span class='ocrx_word' id='word_1_672' title='bbox 2421 3162 2501 3219; x_wconf 90' lang='lat' dir='ltr'><strong>sol</strong></span> <span class='ocrx_word' id='word_1_673' title='bbox 2528 3164 2594 3221; x_wconf 90' lang='lat' dir='ltr'><strong>de</strong></span> <span class='ocrx_word' id='word_1_674' title='bbox 2619 3164 2779 3221; x_wconf 65' lang='lat' dir='ltr'><strong>caelo.</strong></span> 
     </span>
    </p>
   </div>
   <div class='ocr_carea' id='block_1_86' title="bbox 2000 3250 3499 3333">
    <p class='ocr_par' dir='ltr' id='par_1_86' title="bbox 2000 3250 3499 3333">
     <span class='ocr_line' id='line_1_86' title="bbox 2000 3250 3499 3333; baseline 0.011 -29"><span class='ocrx_word' id='word_1_675' title='bbox 2000 3268 2015 3301; x_wconf 77' lang='grc' dir='ltr'>ι</span> <span class='ocrx_word' id='word_1_676' title='bbox 2048 3250 2117 3305; x_wconf 90' lang='lat' dir='ltr'><strong>Et</strong></span> <span class='ocrx_word' id='word_1_677' title='bbox 2154 3250 2338 3307; x_wconf 87' lang='lat' dir='ltr'><strong>lunam</strong></span> <span class='ocrx_word' id='word_1_678' title='bbox 2383 3252 2741 3310; x_wconf 84' lang='lat' dir='ltr'><strong>incedentem.</strong></span> <span class='ocrx_word' id='word_1_679' title='bbox 2780 3275 2801 3310; x_wconf 75' lang='grc' dir='ltr'><strong><em>ι</em></strong></span> <span class='ocrx_word' id='word_1_680' title='bbox 2829 3255 3038 3314; x_wconf 87' lang='lat' dir='ltr'><strong>Lunam</strong></span> <span class='ocrx_word' id='word_1_681' title='bbox 3093 3259 3225 3317; x_wconf 87' lang='lat' dir='ltr'><strong>dicit</strong></span> <span class='ocrx_word' id='word_1_682' title='bbox 3274 3262 3499 3333; x_wconf 81' lang='lat' dir='ltr'><strong>famam,</strong></span> 
     </span>
    </p>
   </div>
   <div class='ocr_carea' id='block_1_87' title="bbox 1918 3345 3499 3423">
    <p class='ocr_par' dir='ltr' id='par_1_87' title="bbox 1918 3345 3499 3423">
     <span class='ocr_line' id='line_1_87' title="bbox 1918 3345 3499 3423; baseline 0.01 -26"><span class='ocrx_word' id='word_1_683' title='bbox 1918 3358 2038 3415; x_wconf 73' lang='lat' dir='ltr'><strong>qua:</strong></span> <span class='ocrx_word' id='word_1_684' title='bbox 2064 3345 2248 3402; x_wconf 88' lang='lat' dir='ltr'><strong>lucens</strong></span> <span class='ocrx_word' id='word_1_685' title='bbox 2268 3347 2324 3401; x_wconf 90' lang='lat' dir='ltr'><strong>in</strong></span> <span class='ocrx_word' id='word_1_686' title='bbox 2351 3355 2508 3403; x_wconf 87' lang='lat' dir='ltr'><strong>nocte</strong></span> <span class='ocrx_word' id='word_1_687' title='bbox 2528 3348 2691 3419; x_wconf 88' lang='lat' dir='ltr'><strong>hujus</strong></span> <span class='ocrx_word' id='word_1_688' title='bbox 2709 3349 2835 3405; x_wconf 71' lang='lat' dir='ltr'><strong>vitae</strong></span> <span class='ocrx_word' id='word_1_689' title='bbox 2856 3364 2924 3406; x_wconf 77' lang='lat' dir='ltr'><strong>ex</strong></span> <span class='ocrx_word' id='word_1_690' title='bbox 2960 3350 3104 3408; x_wconf 84' lang='lat' dir='ltr'><strong>bono</strong></span> <span class='ocrx_word' id='word_1_691' title='bbox 3147 3367 3313 3423; x_wconf 89' lang='lat' dir='ltr'><strong>opere</strong></span> <span class='ocrx_word' id='word_1_692' title='bbox 3352 3355 3499 3414; x_wconf 82' lang='lat' dir='ltr'><strong>vires</strong></span> 
     </span>
    </p>
   </div>
   <div class='ocr_carea' id='block_1_88' title="bbox 1915 3438 3500 3510">
    <p class='ocr_par' dir='ltr' id='par_1_88' title="bbox 1915 3438 3500 3510">
     <span class='ocr_line' id='line_1_88' title="bbox 1915 3438 3500 3510; baseline 0.009 -17"><span class='ocrx_word' id='word_1_693' title='bbox 1915 3438 2129 3510; x_wconf 80' lang='lat' dir='ltr'><strong>accipit.</strong></span> <span class='ocrx_word' id='word_1_694' title='bbox 2181 3458 2201 3490; x_wconf 75' lang='grc' dir='ltr'><strong><em>ι</em></strong></span> <span class='ocrx_word' id='word_1_695' title='bbox 2245 3440 2312 3495; x_wconf 88' lang='lat' dir='ltr'><strong>Et</strong></span> <span class='ocrx_word' id='word_1_696' title='bbox 2366 3455 2474 3496; x_wconf 91' lang='lat' dir='ltr'><strong>non</strong></span> <span class='ocrx_word' id='word_1_697' title='bbox 2516 3451 2601 3499; x_wconf 87' lang='lat' dir='ltr'><strong>est</strong></span> <span class='ocrx_word' id='word_1_698' title='bbox 2636 3442 2874 3499; x_wconf 65' lang='lat' dir='ltr'><strong>laetatum</strong></span> <span class='ocrx_word' id='word_1_699' title='bbox 2927 3446 2983 3501; x_wconf 93' lang='lat' dir='ltr'><strong>in</strong></span> <span class='ocrx_word' id='word_1_700' title='bbox 3036 3446 3356 3506; x_wconf 85' lang='lat' dir='ltr'><strong>abscondito</strong></span> <span class='ocrx_word' id='word_1_701' title='bbox 3400 3465 3500 3508; x_wconf 85' lang='lat' dir='ltr'><strong>cor</strong></span> 
     </span>
    </p>
   </div>
   <div class='ocr_carea' id='block_1_89' title="bbox 1913 3532 3498 3608">
    <p class='ocr_par' dir='ltr' id='par_1_89' title="bbox 1913 3532 3498 3608">
     <span class='ocr_line' id='line_1_89' title="bbox 1913 3532 3498 3608; baseline 0.008 -20"><span class='ocrx_word' id='word_1_702' title='bbox 1913 3547 2119 3588; x_wconf 83' lang='lat' dir='ltr'><strong>meum.</strong></span> <span class='ocrx_word' id='word_1_703' title='bbox 2160 3552 2179 3585; x_wconf 76' lang='grc' dir='ltr'><strong><em>ι</em></strong></span> <span class='ocrx_word' id='word_1_704' title='bbox 2213 3532 2352 3589; x_wconf 91' lang='lat' dir='ltr'><strong>Sunt</strong></span> <span class='ocrx_word' id='word_1_705' title='bbox 2376 3536 2523 3591; x_wconf 89' lang='lat' dir='ltr'><strong>enim</strong></span> <span class='ocrx_word' id='word_1_706' title='bbox 2549 3536 2643 3606; x_wconf 90' lang='lat' dir='ltr'><strong>qui</strong></span> <span class='ocrx_word' id='word_1_707' title='bbox 2685 3538 2803 3593; x_wconf 86' lang='lat' dir='ltr'><strong>suis</strong></span> <span class='ocrx_word' id='word_1_708' title='bbox 2826 3539 3119 3608; x_wconf 80' lang='lat' dir='ltr'><strong>praeconiis</strong></span> <span class='ocrx_word' id='word_1_709' title='bbox 3167 3541 3498 3601; x_wconf 76' lang='lat' dir='ltr'><strong>extolluntur</strong></span> 
     </span>
    </p>
   </div>
   <div class='ocr_carea' id='block_1_90' title="bbox 1830 3618 2903 3695">
    <p class='ocr_par' dir='ltr' id='par_1_90' title="bbox 1830 3618 2903 3695">
     <span class='ocr_line' id='line_1_90' title="bbox 1830 3618 2903 3695; baseline 0.003 -18"><span class='ocrx_word' id='word_1_710' title='bbox 1830 3618 1839 3627; x_wconf 78' lang='grc'><strong><em>’</em></strong></span> <span class='ocrx_word' id='word_1_711' title='bbox 1913 3623 2054 3693; x_wconf 91' lang='lat' dir='ltr'><strong>apud</strong></span> <span class='ocrx_word' id='word_1_712' title='bbox 2078 3638 2158 3691; x_wconf 85' lang='lat' dir='ltr'><strong>se,</strong></span> <span class='ocrx_word' id='word_1_713' title='bbox 2185 3631 2240 3677; x_wconf 91' lang='lat' dir='ltr'><strong>et</strong></span> <span class='ocrx_word' id='word_1_714' title='bbox 2266 3625 2519 3695; x_wconf 85' lang='lat' dir='ltr'><strong>gaudent.</strong></span> <span class='ocrx_word' id='word_1_715' title='bbox 2542 3626 2612 3680; x_wconf 90' lang='lat' dir='ltr'><strong>Et</strong></span> <span class='ocrx_word' id='word_1_716' title='bbox 2640 3626 2747 3682; x_wconf 86' lang='lat' dir='ltr'><strong>hoc</strong></span> <span class='ocrx_word' id='word_1_717' title='bbox 2762 3637 2849 3683; x_wconf 86' lang='lat' dir='ltr'><strong>est</strong></span> <span class='ocrx_word' id='word_1_718' title='bbox 2888 3643 2903 3680; x_wconf 92' lang='lat'><strong>:</strong></span> 
     </span>
    </p>
   </div>
   <div class='ocr_carea' id='block_1_91' title="bbox 1986 3715 3501 3793">
    <p class='ocr_par' dir='ltr' id='par_1_91' title="bbox 1986 3715 3501 3793">
     <span class='ocr_line' id='line_1_91' title="bbox 1986 3715 3501 3793; baseline 0.007 -23"><span class='ocrx_word' id='word_1_719' title='bbox 1986 3715 2147 3771; x_wconf 84' lang='lat' dir='ltr'><strong>Vens.</strong></span> <span class='ocrx_word' id='word_1_720' title='bbox 2176 3716 2266 3770; x_wconf 71' lang='grc' dir='ltr'><strong>Ξῖ.</strong></span> <span class='ocrx_word' id='word_1_721' title='bbox 2297 3747 2369 3758; x_wconf 93' lang='lat'><strong>-—</strong></span> <span class='ocrx_word' id='word_1_722' title='bbox 2409 3735 2428 3768; x_wconf 79' lang='grc' dir='ltr'>ι</span> <span class='ocrx_word' id='word_1_723' title='bbox 2461 3716 2530 3772; x_wconf 83' lang='grc' dir='ltr'><strong>Ει</strong></span> <span class='ocrx_word' id='word_1_724' title='bbox 2549 3718 2793 3775; x_wconf 72' lang='lat' dir='ltr'><strong>laetatum</strong></span> <span class='ocrx_word' id='word_1_725' title='bbox 2818 3728 2924 3787; x_wconf 90' lang='lat' dir='ltr'><strong>est,</strong></span> <span class='ocrx_word' id='word_1_726' title='bbox 2953 3728 3062 3777; x_wconf 88' lang='lat' dir='ltr'><strong>etc.</strong></span> <span class='ocrx_word' id='word_1_727' title='bbox 3099 3740 3119 3775; x_wconf 77' lang='grc' dir='ltr'><strong><em>ι</em></strong></span> <span class='ocrx_word' id='word_1_728' title='bbox 3151 3721 3221 3778; x_wconf 82' lang='grc' dir='ltr'><strong>Ει</strong></span> <span class='ocrx_word' id='word_1_729' title='bbox 3248 3722 3379 3793; x_wconf 83' lang='lat' dir='ltr'><strong>quia</strong></span> <span class='ocrx_word' id='word_1_730' title='bbox 3412 3724 3501 3780; x_wconf 84' lang='lat' dir='ltr'><strong>in-</strong></span> 
     </span>
    </p>
   </div>
   <div class='ocr_carea' id='block_1_92' title="bbox 1912 3804 3496 3882">
    <p class='ocr_par' dir='ltr' id='par_1_92' title="bbox 1912 3804 3496 3882">
     <span class='ocr_line' id='line_1_92' title="bbox 1912 3804 3496 3882; baseline 0.008 -23"><span class='ocrx_word' id='word_1_731' title='bbox 1912 3804 2253 3861; x_wconf 84' lang='lat' dir='ltr'><strong>considerata</strong></span> <span class='ocrx_word' id='word_1_732' title='bbox 2283 3820 2438 3862; x_wconf 90' lang='lat' dir='ltr'><strong>mens</strong></span> <span class='ocrx_word' id='word_1_733' title='bbox 2478 3806 2754 3865; x_wconf 83' lang='lat' dir='ltr'><strong>favoribus</strong></span> <span class='ocrx_word' id='word_1_734' title='bbox 2796 3816 2968 3865; x_wconf 87' lang='lat' dir='ltr'><strong>tracta</strong></span> <span class='ocrx_word' id='word_1_735' title='bbox 3002 3810 3293 3882; x_wconf 78' lang='lat' dir='ltr'><strong>aliquando</strong></span> <span class='ocrx_word' id='word_1_736' title='bbox 3309 3812 3496 3872; x_wconf 78' lang='lat' dir='ltr'><strong>laudat</strong></span> 
     </span>
    </p>
   </div>
   <div class='ocr_carea' id='block_1_93' title="bbox 1913 3894 2556 3964">
    <p class='ocr_par' dir='ltr' id='par_1_93' title="bbox 1913 3894 2556 3964">
     <span class='ocr_line' id='line_1_93' title="bbox 1913 3894 2556 3964; baseline 0.008 -16"><span class='ocrx_word' id='word_1_737' title='bbox 1913 3894 2056 3964; x_wconf 91' lang='lat' dir='ltr'><strong>quod</strong></span> <span class='ocrx_word' id='word_1_738' title='bbox 2078 3894 2228 3962; x_wconf 83' lang='lat' dir='ltr'><strong>fecit,</strong></span> <span class='ocrx_word' id='word_1_739' title='bbox 2250 3896 2428 3952; x_wconf 83' lang='lat' dir='ltr'><strong>addit:</strong></span> <span class='ocrx_word' id='word_1_740' title='bbox 2550 3903 2556 3909; x_wconf 84' lang='grc'><em>’</em></span> 
     </span>
    </p>
   </div>
   <div class='ocr_carea' id='block_1_94' title="bbox 1989 3988 3490 4068">
    <p class='ocr_par' dir='ltr' id='par_1_94' title="bbox 1989 3988 3490 4068">
     <span class='ocr_line' id='line_1_94' title="bbox 1989 3988 3490 4068; baseline 0.009 -28"><span class='ocrx_word' id='word_1_741' title='bbox 1989 4008 2007 4040; x_wconf 70' lang='grc' dir='ltr'>ι</span> <span class='ocrx_word' id='word_1_742' title='bbox 2031 3988 2097 4043; x_wconf 88' lang='lat' dir='ltr'><strong>Et</strong></span> <span class='ocrx_word' id='word_1_743' title='bbox 2113 3990 2390 4046; x_wconf 85' lang='lat' dir='ltr'><strong>osculatus</strong></span> <span class='ocrx_word' id='word_1_744' title='bbox 2412 4002 2531 4046; x_wconf 86' lang='lat' dir='ltr'><strong>sum</strong></span> <span class='ocrx_word' id='word_1_745' title='bbox 2558 4008 2572 4045; x_wconf 91' lang='lat'><strong>:</strong></span> <span class='ocrx_word' id='word_1_746' title='bbox 2604 4009 2624 4044; x_wconf 73' lang='grc' dir='ltr'><strong><em>ι</em></strong></span> <span class='ocrx_word' id='word_1_747' title='bbox 2649 4006 2751 4064; x_wconf 85' lang='lat' dir='ltr'><strong>per</strong></span> <span class='ocrx_word' id='word_1_748' title='bbox 2791 4007 2857 4049; x_wconf 87' lang='lat' dir='ltr'><strong>os</strong></span> <span class='ocrx_word' id='word_1_749' title='bbox 2888 3992 3089 4051; x_wconf 86' lang='lat' dir='ltr'><strong>locutio</strong></span> <span class='ocrx_word' id='word_1_750' title='bbox 3130 3994 3490 4068; x_wconf 82' lang='lat' dir='ltr'><strong>designatur:</strong></span> 
     </span>
    </p>
   </div>
   <div class='ocr_carea' id='block_1_95' title="bbox 1912 4084 3495 4159">
    <p class='ocr_par' dir='ltr' id='par_1_95' title="bbox 1912 4084 3495 4159">
     <span class='ocr_line' id='line_1_95' title="bbox 1912 4084 3495 4159; baseline 0.008 -24"><span class='ocrx_word' id='word_1_751' title='bbox 1912 4096 2129 4137; x_wconf 89' lang='lat' dir='ltr'><strong>manum</strong></span> <span class='ocrx_word' id='word_1_752' title='bbox 2172 4097 2302 4155; x_wconf 88' lang='lat' dir='ltr'><strong>ergo</strong></span> <span class='ocrx_word' id='word_1_753' title='bbox 2349 4097 2505 4139; x_wconf 91' lang='lat' dir='ltr'><strong>suam</strong></span> <span class='ocrx_word' id='word_1_754' title='bbox 2541 4084 2820 4141; x_wconf 85' lang='lat' dir='ltr'><strong>osculatur</strong></span> <span class='ocrx_word' id='word_1_755' title='bbox 2862 4099 2961 4142; x_wconf 82' lang='lat' dir='ltr'><strong>ore</strong></span> <span class='ocrx_word' id='word_1_756' title='bbox 3003 4098 3122 4155; x_wconf 81' lang='lat' dir='ltr'><strong>suo,</strong></span> <span class='ocrx_word' id='word_1_757' title='bbox 3172 4089 3265 4159; x_wconf 87' lang='lat' dir='ltr'><strong>qui</strong></span> <span class='ocrx_word' id='word_1_758' title='bbox 3307 4089 3495 4147; x_wconf 88' lang='lat' dir='ltr'><strong>laudat</strong></span> 
     </span>
    </p>
   </div>
   <div class='ocr_carea' id='block_1_96' title="bbox 1912 4172 2232 4244">
    <p class='ocr_par' dir='ltr' id='par_1_96' title="bbox 1912 4172 2232 4244">
     <span class='ocr_line' id='line_1_96' title="bbox 1912 4172 2232 4244; baseline 0.006 -18"><span class='ocrx_word' id='word_1_759' title='bbox 1912 4183 2057 4244; x_wconf 84' lang='lat' dir='ltr'><strong>quod</strong></span> <span class='ocrx_word' id='word_1_760' title='bbox 2082 4172 2232 4230; x_wconf 88' lang='lat' dir='ltr'><strong>facit.</strong></span> 
     </span>
    </p>
   </div>
   <div class='ocr_carea' id='block_1_97' title="bbox 1983 4266 3488 4341">
    <p class='ocr_par' dir='ltr' id='par_1_97' title="bbox 1983 4266 3488 4341">
     <span class='ocr_line' id='line_1_97' title="bbox 1983 4266 3488 4341; baseline 0.003 -20"><span class='ocrx_word' id='word_1_761' title='bbox 1983 4266 2149 4322; x_wconf 86' lang='lat' dir='ltr'><strong>Vens.</strong></span> <span class='ocrx_word' id='word_1_762' title='bbox 2181 4266 2269 4324; x_wconf 65' lang='lat'><strong>18.</strong></span> <span class='ocrx_word' id='word_1_763' title='bbox 2298 4297 2369 4307; x_wconf 93' lang='lat'><em>—</em></span> <span class='ocrx_word' id='word_1_764' title='bbox 2412 4284 2433 4318; x_wconf 72' lang='grc' dir='ltr'>ι</span> <span class='ocrx_word' id='word_1_765' title='bbox 2469 4266 2598 4335; x_wconf 77' lang='lat' dir='ltr'><strong>Qua:</strong></span> <span class='ocrx_word' id='word_1_766' title='bbox 2633 4276 2719 4323; x_wconf 90' lang='lat' dir='ltr'><strong>est</strong></span> <span class='ocrx_word' id='word_1_767' title='bbox 2758 4267 3037 4338; x_wconf 79' lang='lat' dir='ltr'><strong>iniquitas.</strong></span> <span class='ocrx_word' id='word_1_768' title='bbox 3072 4286 3094 4321; x_wconf 74' lang='grc' dir='ltr'><strong><em>ι</em></strong></span> <span class='ocrx_word' id='word_1_769' title='bbox 3126 4266 3314 4341; x_wconf 73' lang='grc' dir='ltr'><strong>(ιὺίό.)</strong></span> <span class='ocrx_word' id='word_1_770' title='bbox 3352 4267 3488 4338; x_wconf 80' lang='lat' dir='ltr'><strong>Quia</strong></span> 
     </span>
    </p>
   </div>
   <div class='ocr_carea' id='block_1_98' title="bbox 1910 4358 3490 4435">
    <p class='ocr_par' dir='ltr' id='par_1_98' title="bbox 1910 4358 3490 4435">
     <span class='ocr_line' id='line_1_98' title="bbox 1910 4358 3490 4435; baseline 0.004 -22"><span class='ocrx_word' id='word_1_771' title='bbox 1910 4359 2149 4414; x_wconf 83' lang='lat' dir='ltr'><strong>auctoris</strong></span> <span class='ocrx_word' id='word_1_772' title='bbox 2197 4360 2280 4414; x_wconf 90' lang='lat' dir='ltr'><strong>sui</strong></span> <span class='ocrx_word' id='word_1_773' title='bbox 2320 4360 2552 4431; x_wconf 87' lang='lat' dir='ltr'><strong>gratiam</strong></span> <span class='ocrx_word' id='word_1_774' title='bbox 2606 4372 2806 4431; x_wconf 79' lang='lat' dir='ltr'><strong>negare</strong></span> <span class='ocrx_word' id='word_1_775' title='bbox 2853 4358 3197 4416; x_wconf 82' lang='lat' dir='ltr'><strong>convincitur</strong></span> <span class='ocrx_word' id='word_1_776' title='bbox 3240 4360 3490 4435; x_wconf 82' lang='lat' dir='ltr'><strong>quisquis</strong></span> 
     </span>
    </p>
   </div>
   <div class='ocr_carea' id='block_1_99' title="bbox 1911 4448 2742 4520">
    <p class='ocr_par' dir='ltr' id='par_1_99' title="bbox 1911 4448 2742 4520">
     <span class='ocr_line' id='line_1_99' title="bbox 1911 4448 2742 4520; baseline -0.001 -15"><span class='ocrx_word' id='word_1_777' title='bbox 1911 4448 2014 4505; x_wconf 86' lang='lat' dir='ltr'><strong>sibi</strong></span> <span class='ocrx_word' id='word_1_778' title='bbox 2037 4448 2278 4505; x_wconf 88' lang='lat' dir='ltr'><strong>tribuens</strong></span> <span class='ocrx_word' id='word_1_779' title='bbox 2303 4450 2447 4520; x_wconf 89' lang='lat' dir='ltr'><strong>quod</strong></span> <span class='ocrx_word' id='word_1_780' title='bbox 2467 4459 2742 4520; x_wconf 86' lang='lat' dir='ltr'><strong>operatur.</strong></span> 
     </span>
    </p>
   </div>
   <div class='ocr_carea' id='block_1_100' title="bbox 1991 4540 3487 4615">
    <p class='ocr_par' dir='ltr' id='par_1_100' title="bbox 1991 4540 3487 4615">
     <span class='ocr_line' id='line_1_100' title="bbox 1991 4540 3487 4615; baseline 0.007 -20"><span class='ocrx_word' id='word_1_781' title='bbox 1991 4562 2011 4595; x_wconf 71' lang='grc' dir='ltr'>ι</span> <span class='ocrx_word' id='word_1_782' title='bbox 2049 4542 2299 4598; x_wconf 78' lang='lat' dir='ltr'><strong>Maxima.</strong></span> <span class='ocrx_word' id='word_1_783' title='bbox 2329 4564 2349 4596; x_wconf 75' lang='grc' dir='ltr'><strong><em>ι</em></strong></span> <span class='ocrx_word' id='word_1_784' title='bbox 2373 4540 2545 4600; x_wconf 88' lang='lat' dir='ltr'><strong>Omne</strong></span> <span class='ocrx_word' id='word_1_785' title='bbox 2575 4552 2882 4614; x_wconf 76' lang='lat' dir='ltr'><strong>peccatum,</strong></span> <span class='ocrx_word' id='word_1_786' title='bbox 2908 4545 3054 4615; x_wconf 84' lang='lat' dir='ltr'><strong>quod</strong></span> <span class='ocrx_word' id='word_1_787' title='bbox 3077 4560 3147 4601; x_wconf 69' lang='lat' dir='ltr'><strong>ex</strong></span> <span class='ocrx_word' id='word_1_788' title='bbox 3168 4544 3487 4606; x_wconf 66' lang='lat' dir='ltr'><strong>inﬁrmitate</strong></span> 
     </span>
    </p>
   </div>
   <div class='ocr_carea' id='block_1_101' title="bbox 1912 4634 3485 4711">
    <p class='ocr_par' dir='ltr' id='par_1_101' title="bbox 1912 4634 3485 4711">
     <span class='ocr_line' id='line_1_101' title="bbox 1912 4634 3485 4711; baseline 0.004 -22"><span class='ocrx_word' id='word_1_789' title='bbox 1912 4643 2017 4700; x_wconf 86' lang='lat' dir='ltr'><strong>est,</strong></span> <span class='ocrx_word' id='word_1_790' title='bbox 2042 4647 2193 4703; x_wconf 87' lang='lat' dir='ltr'><strong>spem</strong></span> <span class='ocrx_word' id='word_1_791' title='bbox 2240 4650 2349 4690; x_wconf 82' lang='lat' dir='ltr'><strong>non</strong></span> <span class='ocrx_word' id='word_1_792' title='bbox 2385 4634 2584 4704; x_wconf 86' lang='lat' dir='ltr'><strong>perdit,</strong></span> <span class='ocrx_word' id='word_1_793' title='bbox 2621 4635 2747 4705; x_wconf 82' lang='lat' dir='ltr'><strong>quia</strong></span> <span class='ocrx_word' id='word_1_794' title='bbox 2787 4652 2819 4692; x_wconf 91' lang='lat' dir='ltr'><strong>a</strong></span> <span class='ocrx_word' id='word_1_795' title='bbox 2860 4635 2972 4692; x_wconf 86' lang='lat' dir='ltr'><strong>Deo</strong></span> <span class='ocrx_word' id='word_1_796' title='bbox 3007 4637 3219 4693; x_wconf 76' lang='lat' dir='ltr'><strong>veniam</strong></span> <span class='ocrx_word' id='word_1_797' title='bbox 3256 4639 3485 4711; x_wconf 69' lang='lat' dir='ltr'><strong>quierit;</strong></span> 
     </span>
    </p>
   </div>
   <div class='ocr_carea' id='block_1_102' title="bbox 1909 4724 3484 4798">
    <p class='ocr_par' dir='ltr' id='par_1_102' title="bbox 1909 4724 3484 4798">
     <span class='ocr_line' id='line_1_102' title="bbox 1909 4724 3484 4798; baseline 0.005 -20"><span class='ocrx_word' id='word_1_798' title='bbox 1909 4724 2259 4794; x_wconf 64' lang='lat' dir='ltr'><strong>praesumptio</strong></span> <span class='ocrx_word' id='word_1_799' title='bbox 2290 4740 2442 4792; x_wconf 90' lang='lat' dir='ltr'><strong>vero,</strong></span> <span class='ocrx_word' id='word_1_800' title='bbox 2473 4735 2678 4794; x_wconf 87' lang='lat' dir='ltr'><strong>quanto</strong></span> <span class='ocrx_word' id='word_1_801' title='bbox 2705 4725 2919 4798; x_wconf 87' lang='lat' dir='ltr'><strong>longius</strong></span> <span class='ocrx_word' id='word_1_802' title='bbox 2951 4736 3036 4783; x_wconf 88' lang='lat' dir='ltr'><strong>est</strong></span> <span class='ocrx_word' id='word_1_803' title='bbox 3066 4727 3134 4783; x_wconf 89' lang='lat' dir='ltr'><strong>ab</strong></span> <span class='ocrx_word' id='word_1_804' title='bbox 3159 4728 3484 4797; x_wconf 88' lang='lat' dir='ltr'><strong>humilitate,</strong></span> 
     </span>
    </p>
   </div>
   <div class='ocr_carea' id='block_1_103' title="bbox 1911 4816 3482 4889">
    <p class='ocr_par' dir='ltr' id='par_1_103' title="bbox 1911 4816 3482 4889">
     <span class='ocr_line' id='line_1_103' title="bbox 1911 4816 3482 4889; baseline 0.004 -18"><span class='ocrx_word' id='word_1_805' title='bbox 1911 4825 2061 4871; x_wconf 87' lang='lat' dir='ltr'><strong>tanto</strong></span> <span class='ocrx_word' id='word_1_806' title='bbox 2086 4816 2305 4887; x_wconf 85' lang='lat' dir='ltr'><strong>gravius</strong></span> <span class='ocrx_word' id='word_1_807' title='bbox 2329 4816 2725 4887; x_wconf 87' lang='lat' dir='ltr'><strong>desperatione,</strong></span> <span class='ocrx_word' id='word_1_808' title='bbox 2745 4825 2802 4874; x_wconf 87' lang='lat' dir='ltr'><strong>et</strong></span> <span class='ocrx_word' id='word_1_809' title='bbox 2828 4819 2957 4875; x_wconf 88' lang='lat' dir='ltr'><strong>dum</strong></span> <span class='ocrx_word' id='word_1_810' title='bbox 2976 4819 3081 4876; x_wconf 82' lang='lat' dir='ltr'><strong>sibi</strong></span> <span class='ocrx_word' id='word_1_811' title='bbox 3108 4820 3251 4878; x_wconf 81' lang='lat' dir='ltr'><strong>vires</strong></span> <span class='ocrx_word' id='word_1_812' title='bbox 3271 4822 3482 4889; x_wconf 85' lang='lat' dir='ltr'><strong>tribuit,</strong></span> 
     </span>
    </p>
   </div>
   <div class='ocr_carea' id='block_1_104' title="bbox 1910 4906 2490 4979">
    <p class='ocr_par' dir='ltr' id='par_1_104' title="bbox 1910 4906 2490 4979">
     <span class='ocr_line' id='line_1_104' title="bbox 1910 4906 2490 4979; baseline 0 -17"><span class='ocrx_word' id='word_1_813' title='bbox 1910 4923 1942 4962; x_wconf 86' lang='lat' dir='ltr'><strong>a</strong></span> <span class='ocrx_word' id='word_1_814' title='bbox 1982 4906 2092 4963; x_wconf 86' lang='lat' dir='ltr'><strong>Deo</strong></span> <span class='ocrx_word' id='word_1_815' title='bbox 2116 4922 2221 4963; x_wconf 90' lang='lat' dir='ltr'><strong>non</strong></span> <span class='ocrx_word' id='word_1_816' title='bbox 2245 4908 2490 4979; x_wconf 87' lang='lat' dir='ltr'><strong>requirit.</strong></span> 
     </span>
    </p>
   </div>
   <div class='ocr_carea' id='block_1_105' title="bbox 1981 5000 3488 5073">
    <p class='ocr_par' dir='ltr' id='par_1_105' title="bbox 1981 5000 3488 5073">
     <span class='ocr_line' id='line_1_105' title="bbox 1981 5000 3488 5073; baseline 0.003 -18"><span class='ocrx_word' id='word_1_817' title='bbox 1981 5000 2145 5057; x_wconf 83' lang='lat' dir='ltr'><strong>Vens.</strong></span> <span class='ocrx_word' id='word_1_818' title='bbox 2185 5002 2274 5057; x_wconf 75' lang='grc'><strong>29.</strong></span> <span class='ocrx_word' id='word_1_819' title='bbox 2302 5032 2374 5042; x_wconf 91' lang='grc'><strong><em>-</em></strong></span> <span class='ocrx_word' id='word_1_820' title='bbox 2406 5020 2425 5052; x_wconf 85' lang='grc'><strong><em>‹</em></strong></span> <span class='ocrx_word' id='word_1_821' title='bbox 2473 5000 2530 5057; x_wconf 91' lang='lat' dir='ltr'><strong>Si</strong></span> <span class='ocrx_word' id='word_1_822' title='bbox 2564 5002 2782 5073; x_wconf 88' lang='lat' dir='ltr'><strong>gavisus</strong></span> <span class='ocrx_word' id='word_1_823' title='bbox 2822 5019 2940 5060; x_wconf 87' lang='lat' dir='ltr'><strong>sum</strong></span> <span class='ocrx_word' id='word_1_824' title='bbox 2987 5004 3077 5061; x_wconf 75' lang='lat' dir='ltr'><strong>ad.</strong></span> <span class='ocrx_word' id='word_1_825' title='bbox 3113 5022 3134 5059; x_wconf 70' lang='grc' dir='ltr'><strong><em>ι</em></strong></span> <span class='ocrx_word' id='word_1_826' title='bbox 3164 5002 3300 5070; x_wconf 70' lang='lat' dir='ltr'><strong>Qui:</strong></span> <span class='ocrx_word' id='word_1_827' title='bbox 3336 5001 3488 5060; x_wconf 80' lang='lat' dir='ltr'><strong>vide—</strong></span> 
     </span>
    </p>
   </div>
   <div class='ocr_carea' id='block_1_106' title="bbox 1913 5092 3483 5165">
    <p class='ocr_par' dir='ltr' id='par_1_106' title="bbox 1913 5092 3483 5165">
     <span class='ocr_line' id='line_1_106' title="bbox 1913 5092 3483 5165; baseline 0.001 -18"><span class='ocrx_word' id='word_1_828' title='bbox 1913 5093 2040 5149; x_wconf 87' lang='lat' dir='ltr'><strong>licet</strong></span> <span class='ocrx_word' id='word_1_829' title='bbox 2081 5102 2137 5148; x_wconf 89' lang='lat' dir='ltr'><strong>et</strong></span> <span class='ocrx_word' id='word_1_830' title='bbox 2178 5092 2456 5147; x_wconf 88' lang='lat' dir='ltr'><strong>inimicum</strong></span> <span class='ocrx_word' id='word_1_831' title='bbox 2485 5092 2731 5165; x_wconf 90' lang='lat' dir='ltr'><strong>diligens,</strong></span> <span class='ocrx_word' id='word_1_832' title='bbox 2777 5095 2903 5151; x_wconf 84' lang='lat' dir='ltr'><strong>dum</strong></span> <span class='ocrx_word' id='word_1_833' title='bbox 2946 5094 3261 5151; x_wconf 85' lang='lat' dir='ltr'><strong>adversario</strong></span> <span class='ocrx_word' id='word_1_834' title='bbox 3303 5093 3483 5150; x_wconf 88' lang='lat' dir='ltr'><strong>ruenti</strong></span> 
     </span>
    </p>
   </div>
   <div class='ocr_carea' id='block_1_107' title="bbox 1913 5182 3306 5256">
    <p class='ocr_par' dir='ltr' id='par_1_107' title="bbox 1913 5182 3306 5256">
     <span class='ocr_line' id='line_1_107' title="bbox 1913 5182 3306 5256; baseline 0 -17"><span class='ocrx_word' id='word_1_835' title='bbox 1913 5183 2206 5248; x_wconf 91' lang='lat' dir='ltr'><strong>condoluit,</strong></span> <span class='ocrx_word' id='word_1_836' title='bbox 2235 5191 2290 5238; x_wconf 90' lang='lat' dir='ltr'><strong>et</strong></span> <span class='ocrx_word' id='word_1_837' title='bbox 2317 5182 2473 5239; x_wconf 88' lang='lat' dir='ltr'><strong>malis</strong></span> <span class='ocrx_word' id='word_1_838' title='bbox 2506 5183 2649 5240; x_wconf 89' lang='lat' dir='ltr'><strong>illius</strong></span> <span class='ocrx_word' id='word_1_839' title='bbox 2673 5184 2791 5256; x_wconf 84' lang='lat' dir='ltr'><strong>ipse</strong></span> <span class='ocrx_word' id='word_1_840' title='bbox 2813 5186 2883 5241; x_wconf 78' lang='lat' dir='ltr'><strong>ad</strong></span> <span class='ocrx_word' id='word_1_841' title='bbox 2908 5187 3107 5241; x_wconf 88' lang='lat' dir='ltr'><strong>bonum</strong></span> <span class='ocrx_word' id='word_1_842' title='bbox 3132 5184 3306 5240; x_wconf 88' lang='lat' dir='ltr'><strong>crevit</strong></span> 
     </span>
    </p>
   </div>
   <div class='ocr_carea' id='block_1_108' title="bbox 1982 5273 3483 5332">
    <p class='ocr_par' dir='ltr' id='par_1_108' title="bbox 1982 5273 3483 5332">
     <span class='ocr_line' id='line_1_108' title="bbox 1982 5273 3483 5332; baseline -0.001 -2"><span class='ocrx_word' id='word_1_843' title='bbox 1982 5275 2145 5330; x_wconf 86' lang='lat' dir='ltr'><strong>Vens.</strong></span> <span class='ocrx_word' id='word_1_844' title='bbox 2176 5273 2264 5329; x_wconf 83' lang='lat'><strong>&#39;50.</strong></span> <span class='ocrx_word' id='word_1_845' title='bbox 2308 5305 2378 5315; x_wconf 95' lang='lat'><strong><em>—</em></strong></span> <span class='ocrx_word' id='word_1_846' title='bbox 2420 5295 2440 5327; x_wconf 88' lang='grc'><em>‹</em></span> <span class='ocrx_word' id='word_1_847' title='bbox 2478 5275 2593 5331; x_wconf 85' lang='grc' dir='ltr'><strong>Νοη</strong></span> <span class='ocrx_word' id='word_1_848' title='bbox 2616 5276 2762 5332; x_wconf 90' lang='lat' dir='ltr'><strong>enim</strong></span> <span class='ocrx_word' id='word_1_849' title='bbox 2807 5276 2950 5332; x_wconf 86' lang='lat' dir='ltr'><strong>dedi.</strong></span> <span class='ocrx_word' id='word_1_850' title='bbox 2988 5294 3008 5328; x_wconf 76' lang='grc' dir='ltr'><strong><em>ι</em></strong></span> <span class='ocrx_word' id='word_1_851' title='bbox 3052 5273 3301 5329; x_wconf 88' lang='lat' dir='ltr'><strong>Nonnulli</strong></span> <span class='ocrx_word' id='word_1_852' title='bbox 3333 5273 3483 5331; x_wconf 87' lang='lat' dir='ltr'><strong>enim</strong></span> 
     </span>
    </p>
   </div>
   <div class='ocr_carea' id='block_1_109' title="bbox 1908 5367 3478 5441">
    <p class='ocr_par' dir='ltr' id='par_1_109' title="bbox 1908 5367 3478 5441">
     <span class='ocr_line' id='line_1_109' title="bbox 1908 5367 3478 5441; baseline -0.001 -18"><span class='ocrx_word' id='word_1_853' title='bbox 1908 5384 2045 5441; x_wconf 90' lang='lat' dir='ltr'><strong>quos</strong></span> <span class='ocrx_word' id='word_1_854' title='bbox 2097 5370 2438 5426; x_wconf 87' lang='lat' dir='ltr'><strong>adversarios</strong></span> <span class='ocrx_word' id='word_1_855' title='bbox 2476 5371 2784 5437; x_wconf 65' lang='lat' dir='ltr'><strong>aestimant,</strong></span> <span class='ocrx_word' id='word_1_856' title='bbox 2834 5368 3213 5427; x_wconf 87' lang='lat' dir='ltr'><strong>maledictione</strong></span> <span class='ocrx_word' id='word_1_857' title='bbox 3255 5367 3478 5435; x_wconf 84' lang='lat' dir='ltr'><strong>feriunt,</strong></span> 
     </span>
    </p>
   </div>
   <div class='ocr_carea' id='block_1_110' title="bbox 1908 5461 2914 5533">
    <p class='ocr_par' dir='ltr' id='par_1_110' title="bbox 1908 5461 2914 5533">
     <span class='ocr_line' id='line_1_110' title="bbox 1908 5461 2914 5533; baseline -0.002 -17"><span class='ocrx_word' id='word_1_858' title='bbox 1908 5461 2035 5533; x_wconf 91' lang='lat' dir='ltr'><strong>quia</strong></span> <span class='ocrx_word' id='word_1_859' title='bbox 2070 5461 2269 5517; x_wconf 88' lang='lat' dir='ltr'><strong>virtute</strong></span> <span class='ocrx_word' id='word_1_860' title='bbox 2306 5476 2644 5533; x_wconf 86' lang='lat' dir='ltr'><strong>nequaquam</strong></span> <span class='ocrx_word' id='word_1_861' title='bbox 2669 5466 2914 5532; x_wconf 87' lang='lat' dir='ltr'><strong>possunt.</strong></span> 
     </span>
    </p>
   </div>
   <div class='ocr_carea' id='block_1_111' title="bbox 1980 5547 3485 5609">
    <p class='ocr_par' dir='ltr' id='par_1_111' title="bbox 1980 5547 3485 5609">
     <span class='ocr_line' id='line_1_111' title="bbox 1980 5547 3485 5609; baseline -0.001 -2"><span class='ocrx_word' id='word_1_862' title='bbox 1980 5551 2142 5608; x_wconf 87' lang='lat' dir='ltr'><strong>Vens.</strong></span> <span class='ocrx_word' id='word_1_863' title='bbox 2181 5553 2269 5609; x_wconf 81' lang='grc'><strong>51.</strong></span> <span class='ocrx_word' id='word_1_864' title='bbox 2301 5584 2373 5593; x_wconf 91' lang='grc'><strong>-</strong></span> <span class='ocrx_word' id='word_1_865' title='bbox 2422 5571 2441 5604; x_wconf 73' lang='grc' dir='ltr'>ι</span> <span class='ocrx_word' id='word_1_866' title='bbox 2488 5552 2545 5608; x_wconf 90' lang='lat' dir='ltr'><strong>Si</strong></span> <span class='ocrx_word' id='word_1_867' title='bbox 2591 5567 2695 5607; x_wconf 91' lang='lat' dir='ltr'><strong>non</strong></span> <span class='ocrx_word' id='word_1_868' title='bbox 2743 5549 2995 5607; x_wconf 79' lang='lat' dir='ltr'><strong>dixerunt</strong></span> <span class='ocrx_word' id='word_1_869' title='bbox 3028 5550 3153 5606; x_wconf 89' lang='lat' dir='ltr'><strong>viri.</strong></span> <span class='ocrx_word' id='word_1_870' title='bbox 3212 5570 3232 5604; x_wconf 84' lang='grc'>›</span> <span class='ocrx_word' id='word_1_871' title='bbox 3281 5547 3485 5606; x_wconf 86' lang='lat' dir='ltr'><strong>Secum</strong></span> 
     </span>
    </p>
   </div>
   <div class='ocr_carea' id='block_1_112' title="bbox 1908 5638 3480 5711">
    <p class='ocr_par' dir='ltr' id='par_1_112' title="bbox 1908 5638 3480 5711">
     <span class='ocr_line' id='line_1_112' title="bbox 1908 5638 3480 5711; baseline -0.003 -12"><span class='ocrx_word' id='word_1_872' title='bbox 1908 5644 2052 5699; x_wconf 91' lang='lat' dir='ltr'><strong>enim</strong></span> <span class='ocrx_word' id='word_1_873' title='bbox 2096 5644 2435 5700; x_wconf 84' lang='lat' dir='ltr'><strong>adversarios</strong></span> <span class='ocrx_word' id='word_1_874' title='bbox 2471 5651 2856 5699; x_wconf 88' lang='lat' dir='ltr'><strong>conversantes</strong></span> <span class='ocrx_word' id='word_1_875' title='bbox 2900 5641 3193 5709; x_wconf 89' lang='lat' dir='ltr'><strong>tolerabat,</strong></span> <span class='ocrx_word' id='word_1_876' title='bbox 3229 5638 3480 5711; x_wconf 49' lang='lat' dir='ltr'><strong>quirin-</strong></span> 
     </span>
    </p>
   </div>
   <div class='ocr_carea' id='block_1_113' title="bbox 1903 5731 3481 5810">
    <p class='ocr_par' dir='ltr' id='par_1_113' title="bbox 1903 5731 3481 5810">
     <span class='ocr_line' id='line_1_113' title="bbox 1903 5731 3481 5810; baseline -0.003 -19"><span class='ocrx_word' id='word_1_877' title='bbox 1903 5738 2045 5810; x_wconf 88' lang='lat' dir='ltr'><strong>jttste</strong></span> <span class='ocrx_word' id='word_1_878' title='bbox 2074 5738 2353 5808; x_wconf 81' lang='lat' dir='ltr'><strong>agentibus</strong></span> <span class='ocrx_word' id='word_1_879' title='bbox 2392 5753 2490 5806; x_wconf 88' lang='lat' dir='ltr'><strong>per</strong></span> <span class='ocrx_word' id='word_1_880' title='bbox 2516 5735 2793 5791; x_wconf 90' lang='lat' dir='ltr'><strong>silentium</strong></span> <span class='ocrx_word' id='word_1_881' title='bbox 2828 5748 2935 5790; x_wconf 88' lang='lat' dir='ltr'><strong>non</strong></span> <span class='ocrx_word' id='word_1_882' title='bbox 2977 5731 3228 5800; x_wconf 89' lang='lat' dir='ltr'><strong>cedebat,</strong></span> <span class='ocrx_word' id='word_1_883' title='bbox 3259 5731 3354 5788; x_wconf 88' lang='lat' dir='ltr'><strong>sed</strong></span> <span class='ocrx_word' id='word_1_884' title='bbox 3380 5744 3481 5805; x_wconf 88' lang='lat' dir='ltr'><strong>per</strong></span> 
     </span>
    </p>
   </div>
   <div class='ocr_carea' id='block_1_114' title="bbox 1905 5823 2629 5881">
    <p class='ocr_par' dir='ltr' id='par_1_114' title="bbox 1905 5823 2629 5881">
     <span class='ocr_line' id='line_1_114' title="bbox 1905 5823 2629 5881; baseline -0.006 0"><span class='ocrx_word' id='word_1_885' title='bbox 1905 5826 2281 5881; x_wconf 89' lang='lat' dir='ltr'><strong>rectitudinem</strong></span> <span class='ocrx_word' id='word_1_886' title='bbox 2312 5823 2629 5881; x_wconf 87' lang='lat' dir='ltr'><strong>contraibat.</strong></span> 
     </span>
    </p>
   </div>
  </div>
