3982 6352
465 402 572 489 asa

963 388 1356 447 WALAFRIDI
1396 384 1642 443 STRABI
1680 380 1883 437 FULD.
1928 377 2056 433 MO?

2189 377 2289 430 PP.
2330 371 2512 428 PARS
2552 371 2594 426 Ι.
2631 402 2701 414 -
2736 368 3191 427 THEOLOGICA.

3635 365 3748 420 84-0

545 540 564 572 ι
596 517 728 586 Quis
754 515 844 571 det
869 513 957 567 de.
995 531 1014 562 3
1046 510 1160 565 Hoc
1190 507 1411 578 mystice
1436 506 1500 558 de
1527 501 1763 565 Christo,
1791 499 1854 553 de
1888 496 2039 563 cujus
2065 499 2119 558 Α
2142 493 2382 548 celarunt
2412 489 2597 560 amigit
2644 497 2820 543 rector
2852 486 3127 551 Ecclesiae,
3167 494 3297 548 etc.,
3329 499 3492 553 usque
3524 482 3600 537 ad
3649 487 3748 553 qui

471 612 727 688 carnibus
773 605 1008 663 saturari
1049 601 1351 672 cupierunt,
1395 597 1474 650 vel
1518 592 1796 650 domestici
1850 589 2039 654 Judaei,

468 685 802 774 ejus'corpus
831 697 1074 752 volentes
1101 693 1253 762 quasi
1280 688 1643 745 consumendo
1676 685 2041 754 exstinguere,

466 795 555 852 vel
582 791 808 866 gentiles
851 787 1152 850 credentes,
1191 783 1283 854 qui
1315 782 1380 837 de
1400 793 1628 851 corpore
1663 779 1781 849 ejus
1805 774 2046 846 quotidie

471 888 808 946 reﬁciuntur.

543 987 705 1042 Vens.
754 981 844 1036 52.
884 1010 956 1022 -—
1005 997 1024 1030 ‹
1069 975 1224 1032 Foris
1269 989 1378 1030 non
1408 971 1609 1028 mansit
1645 965 1982 1040 peregrinus.
2020 981 2040 1016 3

471 1079 724 1134 Dicturus
767 1074 822 1128 in
861 1067 1244 1140 hospitalitatis
1287 1064 1461 1134 gratia
1514 1062 1819 1133 largitatem
1864 1070 2040 1122 suam,

469 1171 621 1242 prius
643 1167 816 1238 qualis
855 1164 994 1234 apud
1022 1177 1080 1217 se
1099 1159 1284 1225 fuerit,
1321 1155 1590 1228 exposuit,
1622 1153 1748 1223 quia
1776 1149 2046 1206 exteriora

473 1282 696 1324 munera
731 1280 797 1320 ex
823 1260 1064 1317 interiori
1087 1256 1264 1314 cordis
1291 1252 1554 1309 munditia
1589 1248 1937 1305 condiuntur:

544 1359 704 1415 Vsus.
740 1355 828 1410 55.
857 1383 929 1394 -—
953 1370 972 1403 ι
1003 1350 1062 1406 Si
1082 1346 1336 1404 abscondi
1357 1343 1510 1415 quasi
1536 1343 1716 1397 homo.
1751 1358 1770 1391 3
1804 1334 2049 1391 Hominis

472 1450 746 1523 proprium
787 1460 907 1502 esse
953 1441 1237 1512 conspicit,
1292 1446 1426 1501 etc.,
1478 1449 1640 1504 usque
1678 1431 1746 1484 ad
1790 1441 2047 1499 expressa

470 1539 807 1598 confessione
829 1535 1060 1608 peccati,
1091 1539 1240 1586 recte
1269 1525 1611 1597 subiungitur
1641 1540 1654 1576 :

540 1631 704 1689 Vsus.
733 1604 925 1686 254.--
950 1646 968 1679 ‹
1006 1623 1064 1679 Si
1093 1620 1282 1692 expavi
1305 1618 1371 1674 ad
1395 1613 1814 1671 multitudinem.
1856 1627 1875 1660 3
1903 1604 2050 1661 Nihil

468 1722 653 1779 mundi
695 1731 892 1788 cupere
938 1727 1129 1782 magna
1174 1717 1257 1765 est
1300 1706 1586 1768 securitas,
1626 1709 1688 1756 ut
1725 1695 2050 1754 immutabili

470 1815 682 1869 haereus
707 1850 722 1876 ,
763 1787 1014 1865 omnibus
1058 1801 1198 1858 infra
1251 1797 1476 1853 turbatis
1533 1809 1656 1849 non
1697 1791 1943 1846 turbetur
1987 1787 2043 1842 in

471 1911 672 1968 mente,
695 1900 795 1955 etsi
821 1907 975 1953 extra
1005 1893 1347 1965 quandoque,
1380 1887 1559 1944 carnis
1587 1883 1926 1940 inﬁrmitate.

547 2014 566 2045 ι
601 1993 668 2048 Et
707 1989 996 2060 despectio.
1042 2005 1060 2036 3
1094 1982 1229 2038 Boni
1255 1996 1355 2036 nec
1381 1976 1622 2048 despecti
1653 1989 1749 2030 sua
1778 1970 2048 2042 aperiunt,

470 2095 600 2150 etc.,
628 2097 789 2154 usque
837 2079 905 2134 ad
950 2086 1203 2146 tanquam
1250 2086 1348 2142 per
1385 2069 1496 2125 oris
1532 2067 1734 2124 ostium
1763 2061 2054 2134 egrediun-

473 2187 581 2241 tur,
627 2175 768 2230 uude
797 2188 812 2224 :

548 2287 564 2319 ι
602 2266 671 2321 Et
690 2280 796 2320 non
818 2261 995 2333 magis
1020 2257 1188 2314 tacui.
1226 2275 1244 2308 3
1272 2255 1417 2311 Bene
1436 2249 1734 2324 praemittit,
1772 2265 1790 2298 ‹
1828 2244 1991 2308 tacui,
2027 2263 2047 2296 3

472 2365 596 2437 quia
631 2362 722 2434 qui
753 2357 1038 2430 impatiens
1066 2363 1250 2409 tacere
1279 2349 1475 2415 nescit,
1509 2362 1541 2401 a
1572 2344 1734 2401 domo
1774 2337 2055 2396 conscien-

473 2435 558 2514 tiae
583 2456 714 2511 exit.
764 2451 878 2508 Hoc
925 2448 1152 2522 mystice
1190 2445 1256 2500 de
1296 2443 1534 2505 Christo,
1567 2439 1661 2509 qui
1695 2435 1893 2492 multos
1924 2446 2051 2502 per-

471 2557 758 2622 sequentes
780 2561 888 2600 non
923 2543 1120 2606 timuit,
1160 2546 1214 2592 et
1251 2535 1630 2606 despicientes,
1657 2531 1752 2600 qui
1783 2538 1838 2584 et
1863 2525 2050 2590 tacuit,

471 2659 572 2700 nec
595 2654 846 2712 egressus
873 2635 1111 2708 potentia
1145 2629 1455 2686 vindicavit.

543 2733 709 2788 Vsus.
735 2730 824 2785 55.
855 2757 925 2767 -
977 2745 996 2777 ι
1043 2724 1175 2792 Quis
1214 2721 1347 2776 mihi
1390 2717 1595 2772 tribuat
1638 2712 1966 2776 auditorem,
1995 2717 2054 2763 ut

475 2823 806 2881 desiderium
853 2829 1034 2872 meum
1081 2811 1306 2868 audiat?
1342 2828 1361 2861 3
1415 2805 1763 2860 Mediatorem
1803 2799 2050 2870 requirit,

474 2915 654 2972 sciens
690 2908 834 2981 quod
859 2907 925 2961 ad
959 2903 1198 2973 requiem
1227 2897 1560 2955 liberatiouis
1593 2901 1807 2948 aeternae
1834 2887 2055 2944 humani

476 3004 750 3077 desiderii,
770 3014 959 3072 preces
983 2996 1083 3051 nisi
1097 3010 1193 3065 per
1215 2994 1528 3048 advocatum
1547 3002 1726 3050 suum,
1750 2983 1925 3039 audiri
1948 2997 2056 3037 non

475 3103 737 3171 possunt:
770 3093 835 3148 de
863 3104 970 3162 quo
996 3085 1261 3142 subditur.

554 3210 572 3242 ι
604 3187 672 3242 Et
716 3185 914 3240 librum
945 3179 1180 3240 scribat;
1230 3173 1372 3228 unde
1419 3190 1432 3226 :
1485 3171 1648 3224 Pater
1699 3183 1807 3223 non
1851 3164 2060 3233 judicat

477 3293 823 3354 quemquam,
846 3273 939 3330 sed
965 3284 1124 3326 omne
1147 3265 1408 3336 judicium
1435 3261 1579 3316 dedit
1602 3259 1756 3313 Filio.
1785 3277 1802 3308 3
1831 3255 1933 3322 Qui
1963 3268 2054 3308 ve—

479 3375 638 3430 niens
687 3369 755 3424 ad
810 3372 1051 3422 nostram
1105 3356 1549 3427 redemptionem,
1605 3359 1740 3413 etc.,
1790 3363 1954 3416 usque
1989 3343 2058 3398 ad

481 3465 573 3522 sed
603 3478 724 3528 cur,
746 3461 903 3516 beate
926 3453 1048 3520 Job,
1073 3450 1234 3507 scribi
1271 3448 1469 3502 librum
1501 3440 1808 3499 desideras?

552 3557 716 3612 Vsus.
751 3553 839 3608 56.
875 3580 943 3590 -
973 3567 992 3599 ι
1019 3546 1090 3603 Ut
1117 3545 1170 3598 in
1195 3543 1422 3598 humero
1449 3551 1568 3593 meo
1589 3543 1796 3606 portem
1824 3531 1989 3586 illum.
2034 3546 2057 3600 3

478 3650 703 3706 Librum
749 3645 804 3699 in
827 3643 1056 3696 humero
1093 3642 1307 3706 portare
1345 3639 1428 3684 est
1465 3627 1800 3695 Scripturam
1849 3632 2058 3674 sacram

482 3736 756 3812 operando
792 3731 1072 3803 perﬁcere.
1106 3725 1262 3780 Prius
1295 3729 1475 3776 autem
1513 3715 1838 3772 describitur
1875 3711 1928 3764 in
1961 3709 2062 3762 hu-

485 3844 636 3886 mero
647 3825 875 3898 portari,
890 3831 942 3877 et
962 3817 1300 3892 postmodum
1323 3814 1463 3868 sicut
1482 3823 1683 3865 corona
1706 3801 2056 3866 circumdari,

482 3923 608 3994 quia
668 3917 808 3974 sacri
873 3913 1069 3982 eloquii
1129 3909 1380 3964 mandata
1428 3905 1475 3960 si
1532 3901 1693 3957 modo
1756 3899 1892 3953 bene
1935 3909 2062 3966 por-

488 4023 672 4070 tantur
697 4011 752 4064 iu
781 4022 964 4078 opere,
995 4001 1334 4078 postmodum
1361 3996 1514 4052 nobis
1539 3991 1780 4049 victoria:
1805 4001 2060 4044 coronam

486 4106 745 4162 exhibent
777 4102 829 4154 iu
862 4095 1232 4153 retributione.

559 4194 723 4251 Vsus.
762 4192 852 4246 57.
893 4217 962 4226 -
1008 4204 1024 4236 ι
1071 4185 1173 4238 Per
1212 4179 1450 4251 singulos
1480 4175 1678 4248 gradus
1716 4186 1884 4236 meos.
1924 4189 1942 4222 3
1979 4169 2065 4222 ln-

487 4294 764 4346 cremeuta
794 4282 1052 4336 virtutum
1078 4275 1278 4347 gradus
1315 4278 1490 4334 vocat,
1521 4278 1652 4330 etc.,
1683 4281 1845 4335 usque
1871 4262 1938 4317 ad
1969 4261 2064 4316 sed

487 4361 651 4439 etiam
683 4394 778 4450 per
807 4390 969 4445 opera
1001 4373 1352 4427 demonstrat.

565 4491 583 4524 ι
613 4448 858 4540 Εῑνῳιειεὶ
879 4463 1108 4537 principi
1135 4459 1356 4515 offeram
1377 4471 1520 4512 eum.
1545 4473 1563 4507 3
1591 4452 1742 4521 Quod
1765 4448 2061 4511 oﬁ‘erimus,

489 4580 655 4621 manu
707 4573 968 4618 tenemus.
1011 4558 1261 4614 Venieuti
1301 4570 1430 4626 ergo
1468 4553 1534 4608 ad
1574 4551 1835 4621 judicium
1867 4547 2065 4601 librum

490 4656 686 4713 oﬁ‘erre
725 4663 808 4708 est
841 4653 1008 4708 verba
1053 4658 1448 4719 praeceptorum
1483 4645 1600 4715 ejus
1642 4644 1693 4696 in
1741 4641 1951 4696 actione
1991 4647 2068 4692 te-

492 4761 694 4803 DUISSB.

567 4836 730 4891 Vsus.
759 4831 848 4887 58.
878 4860 950 4870 ——
993 4849 1010 4881 ‹
1049 4828 1107 4884 Si
1145 4829 1430 4908 adversum
1468 4841 1574 4880 me.
1627 4846 1645 4878 3
1691 4824 1772 4879 Ad
1810 4823 2069 4894 majorem

493 4929 884 4992 ostensiouem,
911 4933 1042 4989 etc.,
1071 4938 1232 4994 usque
1261 4921 1328 4974 ad
1359 4929 1413 4976 et
1431 4919 1590 4975 nullis
1616 4919 1872 4989 operibus
1891 4913 2071 4971 excul-

493 5031 580 5080 tos
607 5030 750 5076 terra
776 5016 995 5072 dicitur.

571 5135 590 5168 ‹
618 5115 826 5170 Etcum
851 5110 964 5181 ipsa
994 5105 1149 5162 sulci.
1188 5125 1206 5158 3
1237 5102 1382 5159 Sulci
1418 5101 1666 5156 dicuntur
1706 5099 1761 5153 hi
1797 5098 1908 5168 qui,
1939 5104 2070 5162 etc.,

500 5222 658 5277 usque
693 5203 760 5257 ad
796 5210 852 5258 et
889 5199 1050 5254 rudes
1092 5203 1281 5253 contra
1321 5209 1443 5250 eum
1471 5191 1722 5253 clamant,
1759 5199 1813 5243 et
1850 5186 2073 5258 perfecti

501 5296 696 5355 deﬂent

573 5389 736 5444 Vsus.
780 5386 867 5442 59.
913 5416 984 5427 ——
1029 5401 1047 5434 ι
1098 5380 1156 5436 Si
1205 5379 1413 5434 fructus
1459 5372 1574 5443 ejus
1620 5369 1850 5426 comedi.
1904 5387 1922 5419 3
1973 5365 2076 5434 Qui

498 5489 694 5553 praeest
743 5487 797 5534 et
830 5480 1045 5540 subest,
1085 5482 1218 5537 etc.,
1259 5485 1419 5540 usque
1457 5466 1523 5520 ad
1554 5481 1582 5519 a
1623 5463 1818 5534 quibus
1872 5459 2077 5515 fruetus

501 5588 775 5646 corporeae
796 5570 1074 5628 servitutis
1108 5566 1335 5635 accepit.

577 5685 601 5723 ι
626 5667 876 5725 Animam
913 5662 1274 5736 agricolarum
1293 5658 1407 5729 ejus
1429 5653 1610 5711 alllixi.
1645 5673 1662 5706 3
1689 5650 1912 5706 Animas
1936 5647 2080 5719 agri-

2144 602 2252 642 non
2305 599 2458 641 suam
2505 583 2727 654 gloriam
2787 580 3012 651 quaerit,
3073 577 3141 632 ab
3175 576 3427 631 omnibus
3467 574 3588 630 vult
3650 575 3754 628 ad-

2141 678 2342 750 juvari.

2216 770 2380 824 Vens.
2418 767 2505 822 40.
2534 797 2605 806 —-
2637 783 2655 816 ι
2693 763 2796 818 Pro
2832 761 3122 816 frumento.
3165 779 3182 812 ι
3228 758 3308 823 Si,
3358 757 3614 828 inquam,
3641 757 3756 812 hoc

2146 863 2228 920 vel
2277 861 2407 916 illud
2437 860 2560 925 feci,
2589 866 2722 923 etc.,
2753 871 2914 925 usque
2958 854 3025 908 ad
3075 853 3142 908 de
3172 851 3276 906 illis
3313 865 3463 922 ergo,
3497 869 3517 900 ‹
3550 847 3750 904 Gloria

2148 953 2265 1025 ejus
2293 953 2448 1022 quasi
2475 949 2572 1005 ﬂos
2604 947 2735 1002 feni.
2771 965 2791 999 3

2225 1064 2244 1097 ι
2280 1044 2385 1099 Pro
2425 1041 2716 1096 frumento.
2752 1055 2770 1089 3
2801 1034 2909 1090 Pro
2947 1033 3219 1088 frumento
3253 1032 3452 1102 quippe
3479 1029 3752 1093 tributus,

2149 1143 2204 1190 et
2248 1149 2348 1204 pro
2396 1131 2602 1188 hordeo
2647 1129 2800 1199 Spina
2849 1126 3042 1190 oritur,
3093 1139 3216 1179 cum
3268 1123 3323 1177 in
3377 1123 3754 1178 retributione

2150 1225 2358 1291 ultima,
2383 1225 2436 1279 in
2463 1237 2568 1294 qua
2591 1217 2955 1277 remuneratio
2980 1216 3180 1272 laboris
3199 1215 3486 1286 quatritur,
3517 1215 3756 1284 punctio

2151 1318 2354 1375 doloris
2371 1315 2662 1371 invenitur.

2700 1445 2932 1502 CAPUT
2970 1443 3188 1498 XXXII.

2223 1587 2390 1643 Vens.
2420 1584 2472 1638 1.
2492 1611 2563 1625 —-
2597 1599 2616 1634 ‹
2639 1581 2898 1637 Miserum
2926 1586 3106 1633 autem
3133 1585 3263 1631 tres.
3295 1595 3314 1628 3
3349 1574 3572 1646 (Gutta)
3601 1574 3760 1628 Tan-

2153 1680 2273 1736 dem
2300 1677 2443 1734 beati
2461 1675 2562 1732 Job
2589 1673 2796 1746 plenas,
2830 1679 2962 1738 etc.,
2991 1686 3155 1741 usque
3198 1668 3267 1722 ad
3298 1676 3354 1722 et
3392 1667 3446 1721 in
3471 1676 3759 1722 vetustate

2164 1785 2222 1826 se
2269 1767 2552 1824 retinendo
2603 1763 2786 1835 pravis
2833 1761 2948 1818 suis
2995 1759 3337 1817 sermonibus
3383 1756 3756 1828 speculationi

2076 1855 2125 1916 Β
2153 1859 2380 1916 rectoris
2411 1863 2627 1913 nocent.

2226 1951 2388 2006 Vsus.
2433 1950 2486 2004 2.
2515 1979 2588 1989 -
2621 1967 2639 1999 ι
2678 1947 2746 2003 Et
2778 1947 2950 2002 iratus
2986 1944 3402 2015 indignatusque
3429 1950 3515 1997 est
3538 1940 3690 1996 Eliu.
3729 1961 3751 1991 3

2153 2045 2274 2101 Eliu
2300 2044 2442 2098 Deus
2462 2057 2616 2097 meus
2639 2041 2758 2104 iste,
2808 2049 2939 2102 etc.,
2979 2053 3140 2108 usque
3170 2036 3237 2088 ad
3277 2033 3526 2104 quamvis
3559 2035 3628 2088 ab
3660 2048 3759 2088 eo-

2153 2153 2274 2193 rum
2299 2132 2686 2190 vita'elatiouis
2709 2130 2977 2202 pravitate
3002 2127 3348 2198 disjuugitur.

2232 2246 2250 2278 (
2287 2225 2462 2280 Iratus
2502 2231 2586 2279 est
2627 2231 2806 2277 autem
2839 2223 3098 2277 adversus
3137 2216 3257 2274 Job.
3311 2238 3331 2271 3
3384 2217 3555 2272 Vana:
3601 2217 3756 2272 enim

2155 2318 2338 2391 gloriae
2383 2323 2694 2376 sectatores,
2740 2323 2870 2377 etc.,
2903 2327 3074 2381 usque
3103 2308 3171 2362 ad
3203 2309 3348 2363 intus
3375 2307 3592 2377 positos
3613 2323 3748 2378 pre-

2155 2420 2312 2466 munt
2347 2408 2607 2479 qualitate
2632 2404 2862 2467 dicendi,
2897 2404 2950 2458 id
2977 2411 3078 2465 est,
3109 2402 3242 2455 vitio
3267 2401 3542 2455 elationis.

2227 2504 2391 2558 Vens.
2421 2501 2472 2556 6.
2493 2531 2564 2541 -—
2599 2519 2616 2550 ι
2659 2497 3117 2568 Respondensque
3161 2494 3279 2548 Eliu
3304 2493 3464 2549 ﬁlius.
3498 2515 3516 2547 3
3548 2493 3755 2566 (Gaza.

2156 2599 2212 2650 in
2235 2595 2386 2660 Job.,
2429 2593 2466 2648 l.
2499 2589 2680 2661 χχιιι.)
2729 2589 2856 2644 Haec
2885 2587 3008 2658 quia
3042 2586 3312 2642 soliditate
3341 2586 3634 2657 gravitatis
3659 2601 3760 2640 ca—

2159 2695 2301 2752 rent,
2353 2694 2482 2752 etc.,
2538 2699 2700 2754 usque
2747 2681 2816 2734 ad
2873 2695 3030 2734 usum
3084 2686 3266 2733 tamen
3313 2687 3535 2733 exercet
3587 2678 3760 2733 vehe-

2157 2786 2388 2835 menter.

2233 2871 2280 2943 (Ι
2290 2869 2422 2941 bid.)
2468 2867 2584 2922 Non
2615 2879 2778 2936 parva
2814 2862 3192 2918 condemnatio
3217 2868 3387 2916 estex
3413 2860 3589 2943 bono,
3618 2868 3755 2926 etc.,

2160 2934 2320 3036 usque
2348 2934 2416 3016 ad
2440 2968 2498 3015 ut
2525 2959 2581 3013 in
2608 2934 2723 3026 ejus
2752 2955 2906 3010 ruina
2936 2953 3205 3009 discerent
3247 2952 3377 3022 quid
3411 2934 3486 3008 de
3509 2951 3756 3007 elatione

2159 3061 2434 3116 timerent.

2231 3150 2396 3206 Vsus.
2426 3149 2513 3203 11.
2547 3176 2617 3187 -
2650 3166 2667 3197 ‹
2701 3141 3022 3213 Exspectavi
3044 3140 3188 3196 enim
3221 3153 3502 3196 sermones
3515 3146 3755 3203 vestros,

2083 3221 2130 3285 (ἶ
2161 3243 2341 3298 audivi
2376 3237 2719 3312 prudentiam
2767 3244 3029 3289 vestram.
3079 3251 3099 3283 3
3143 3231 3276 3287 Cum
3313 3230 3445 3285 dicit
3491 3249 3510 3281 ι
3556 3245 3758 3300 exspe-

2163 3335 2331 3400 ctavi,
2362 3341 2492 3395 etc.,
2523 3351 2540 3381 3
2577 3327 2817 3384 declarat
2853 3341 2912 3380 se
2948 3325 3015 3378 ad
3043 3323 3227 3387 verba,
3253 3329 3382 3387 etc.,
3415 3338 3578 3392 usque
3605 3322 3676 3374 ad
3695 3322 3758 3377 in

2164 3440 2393 3496 quorum
2417 3421 2596 3476 verbis
2621 3420 2869 3489 dogmata
2893 3430 3151 3487 perversa
3179 3411 3605 3484 reprehendunt.

2235 3517 2399 3571 Vens.
2426 3514 2511 3568 12.
2541 3544 2612 3553 —
2642 3530 2660 3562 ‹
2692 3510 2819 3574 Sed,
2847 3517 2907 3562 ut
2943 3509 3125 3573 video,
3159 3521 3264 3561 non
3291 3514 3375 3562 est
3399 3505 3494 3576 qui
3523 3520 3759 3577 arguere

2163 3609 2334 3682 possit
2355 3607 2474 3662 Job.
2512 3625 2530 3657 3
2565 3603 2717 3674 Stepe
2755 3601 2996 3657 haeretici
3030 3599 3251 3671 perhoc
3273 3600 3414 3667 quod
3445 3611 3591 3663 esse,
3619 3607 3757 3663 etc.,

2165 3718 2328 3768 usque
2353 3698 2421 3754 ad
2442 3712 2672 3768 quorum
2694 3708 2825 3749 voce
2853 3693 2971 3747 Eliu
3007 3691 3209 3756 obviat,
3246 3690 3432 3744 dicens
3460 3707 3474 3742 :

2237 3794 2400 3848 Vens.
2428 3791 2514 3845 15.
2538 3818 2608 3829 -
2639 3807 2656 3839 ι
2687 3787 2764 3842 Ne
2793 3785 2932 3841 forte
2955 3784 3166 3840 dicatis.
3208 3801 3228 3835 3
3258 3782 3446 3849 Quasi,
3478 3781 3758 3836 incassum

2167 3889 2367 3952 dicitis,
2399 3895 2527 3951 etc.,
2555 3901 2716 3956 usque
2739 3883 2806 3937 ad
2837 3891 2892 3935 et
2927 3879 3256 3950 pervenienti
3297 3885 3500 3932 aeterna
3526 3877 3755 3947 pramia

2168 3988 2366 4037 servat.

2239 4073 2402 4137 Vsus,
2438 4069 2524 4124 14.
2576 4098 2646 4108 --
2689 4086 2706 4117 ι
2747 4064 2892 4119 Nihil
2935 4063 3147 4119 locutus
3182 4069 3268 4116 est
3303 4058 3458 4114 mihi.
3496 4077 3516 4110 3
3563 4056 3754 4130 (Ibid.)

2167 4166 2286 4221 Elin
2342 4162 2556 4233 quidem
2609 4158 2822 4230 publice
2869 4157 3086 4209 beatum
3133 4151 3236 4206 Job
3292 4151 3567 4216 audierat,
3619 4159 3754 4216 etc.,

2169 4275 2330 4329 usque
2355 4257 2422 4310 ad
2452 4270 2573 4310 cum
2599 4251 2954 4321 sapientiores
2982 4263 3040 4303 se
3068 4255 3122 4301 et
3148 4245 3279 4317 ipsis
3301 4242 3758 4314 redargueutibus

2168 4351 2518 4405 arbitrantur.
2545 4345 2680 4411 Quia
2711 4358 2835 4396 vero
2860 4341 2935 4394 ait
2962 4358 2974 4392 :

2245 4459 2263 4490 ι
2303 4441 2366 4494 Et
2405 4453 2506 4508 ego
2531 4452 2638 4490 non
2663 4434 2956 4490 secundum
2981 4443 3260 4485 sermones
3288 4434 3500 4482 vestros
3531 4440 3760 4496 respou-

2173 4534 2329 4589 debo.
2371 4550 2390 4582 3
2421 4531 2564 4584 Bene
2591 4529 2751 4583 beato
2774 4523 2876 4578 Job
2901 4539 3029 4587 non,
3068 4531 3202 4586 etc.,
3245 4536 3406 4591 usque
3444 4519 3514 4571 ad
3559 4518 3659 4573 sed
3697 4519 3762 4572 de

2172 4641 2229 4680 se
2257 4624 2376 4694 plus
2414 4636 2572 4691 quam
2607 4632 2827 4674 necesse
2855 4623 2958 4677 est,
2983 4611 3142 4682 digna
3165 4612 3532 4680 suspicantur.

2245 4701 2403 4773 Vens.
2461 4715 2546 4770 15.
2594 4744 2665 4754 ——
2717 4731 2735 4762 ι
2799 4709 3173 4764 Extimuerunt
3215 4719 3313 4759 nec
3361 4701 3762 4772 responderunt

2172 4812 2334 4867 ultra.
2375 4829 2393 4860 3
2424 4809 2568 4862 Bene
2609 4805 2677 4859 ab
2716 4801 2833 4857 Elin
2872 4799 3038 4854 verba
3084 4795 3244 4851 amici
3289 4794 3390 4850 Job
3441 4792 3763 4846 extimuisse

2174 4903 2505 4964 referuntur,
2541 4897 2666 4968 quia
2707 4905 3095 4961 nonnunquam
3139 4894 3458 4956 arroganter
3499 4882 3764 4968 Ecclesia:

2175 4997 2507 5060 defensores,
2554 4990 2801 5062 quamvis
2847 4987 3090 5043 ordinem
3132 4979 3343 5037 dicendi
3375 4991 3484 5032 non
3511 4954 3758 5036 teueani,

2175 5101 2356 5146 tamen
2379 5084 2724 5142 adversarios
2750 5081 2949 5134 virtute
2976 5076 3240 5132 dictorum
3265 5068 3614 5140 perturbant,
3651 5071 3760 5119 etc.

2185 5181 2316 5236 Vide
2341 5177 2497 5249 Greg.
2527 5177 2629 5230 Ioc.
2656 5174 2745 5228 cit.
2781 5185 2941 5240 usque
2967 5165 3034 5220 ad
3063 5164 3159 5233 ﬁn.
3193 5178 3309 5228 cap.

2721 5313 2948 5372 CAPUT
2981 5308 3218 5367 XXXIII.

2251 5431 2669 5505 (Expositionem
2715 5445 2864 5496 capp.
2905 5425 2974 5478 55
3002 5432 3052 5505 et
3078 5437 3244 5489 seqq.,
3295 5403 3762 5505 emflﬁrﬂegorig'g!

2179 5473 2392 5562 0913mm:
2419 5473 3060 5571 expressam,crorutpend-ii‘
3083 5473 3244 5544 ca'u'sd
3285 5473 3596 5571 omittimus.
3635 5473 3766 5530 Vide

2181 5553 2681 5645 lilé’g‘f,’ridenti».
2725 5553 2786 5623 in
2833 5553 2956 5631 Job,
3002 5562 3093 5616 lib.
3121 5575 3276 5626 xxm,
3323 5572 3438 5625 τηρ·
3473 5553 3504 5606 7
3532 5560 3583 5604 εε
3629 5563 3766 5618 ειν-ι

2185 5640 2319 5716 opp'.
2348 5654 2473 5700 (om.
2500 5640 2608 5713 II.)
