3982 6352
520 420 627 477 845
1012 419 1408 477 WALAFRIDI
1447 418 1696 476 STRABI
1732 418 1937 476 FULD.
1977 417 2145 474 MON.
2181 415 2332 475 OPP.
2372 417 2552 477 PARS
2587 418 2631 474 Ι.
2670 448 2741 460 -
2777 414 3233 475 THEOLOGICA.
3670 416 3782 475 ω

520 539 663 612 Cyro
702 537 838 613 (ιω.
873 537 1029 610 xtv),
1078 557 1101 590 θ
1149 538 1293 609 quod
1336 553 1443 593 non
1477 536 1659 592 sinunt
1707 537 1988 609 sequentia
2025 537 2092 593 de
2116 536 2495 607 Ajubilaeum:
2529 536 2673 593 unde
2696 536 2950 592 Salomon
2980 551 2996 590 :
3030 555 3049 588 ι
3078 536 3155 591 Da
3182 542 3362 606 partes
3382 540 3620 605 septem,
3646 546 3782 589 nec-

521 631 799 687 Salvatore
820 628 990 699 accipi
1016 669 1031 694 ,
1059 636 1120 684 ut
1140 629 1358 699 quidam
1385 635 1594 699 putant.
1626 626 1723 684 Est
1763 636 2093 700 unguentum

518 720 914 793 propheticum,
940 733 1050 789 quo
1080 719 1389 790 praecipitur
1412 718 1545 774 Elia:
1569 727 1630 774 ut
1650 726 1815 789 tingat
1838 711 2093 774 Blisaaum

520 813 575 867 in
598 809 917 882 prophetam
945 808 1065 879 (III
1090 808 1220 881 Reg.
1258 810 1409 880 nx);
1455 824 1619 879 super
1663 811 1843 865 omnia
1880 821 1964 866 est
1994 827 2091 865 un-

520 913 774 977 guentum
803 902 1106 974 spirituale,
1119 903 1264 972 quod
1285 902 1484 956 dicitur
1498 901 1674 956 oleum
1695 901 2090 967 exsultationis,

520 1009 627 1064 quo
650 992 897 1049 Christus
920 1000 1113 1046 unctus
1138 1000 1225 1046 est
1252 1005 1363 1061 prie
1383 990 1756 1061 participibus,
1779 992 1871 1061 qui
1893 992 2094 1047 habent

519 1084 753 1139 chrisma
793 1081 1066 1152 baptismi.
1101 1080 1254 1148 Quod
1286 1081 1343 1135 si
1370 1081 1562 1150 perdat
1585 1081 1729 1150 quis,
1768 1095 1875 1136 non
1899 1083 2091 1150 despe-

518 1182 632 1240 ret;
662 1172 787 1243 quia
809 1174 877 1228 de
905 1171 1206 1242 separando
1236 1171 1529 1227 chrismate
1561 1171 1814 1226 scribitur
1849 1171 1905 1226 in
1938 1170 2093 1227 Levi-

520 1263 627 1320 tico
647 1261 791 1336 (Leu.
824 1260 944 1332 xm)
970 1301 985 1327 ,
1016 1259 1159 1329 quod
1187 1274 1308 1316 cum
1334 1259 1482 1329 lepra
1513 1256 1737 1328 alicujus
1759 1259 1919 1315 fuerit
1942 1275 2094 1314 mun-

517 1356 667 1420 data,
686 1353 868 1409 mittat
885 1351 935 1407 ei
956 1350 1211 1407 sacerdos
1236 1350 1414 1405 oleum
1444 1351 1500 1405 in
1545 1366 1710 1405 manu
1742 1350 1960 1406 sinistra
1981 1392 1995 1417 ,
2036 1358 2094 1409 et

517 1454 715 1503 cm
747 1454 868 1515 qua
894 1438 971 1499 ibi
1002 1442 1286 1509 dicuntur,
1330 1448 1389 1497 et
1421 1440 1539 1512 ipse
1584 1448 1811 1498 vocetur
1855 1442 2093 1499 christus

517 1537 633 1592 Dei.
672 1535 788 1593 Hoc
827 1540 1006 1590 autem
1043 1540 1216 1590 restat
1238 1534 1382 1604 quod
1418 1534 1561 1589 idem
1588 1535 1752 1589 homo
1780 1532 2093 1603 [requetiter

513 1628 773 1701 ungitur,
809 1640 880 1683 ne
921 1628 998 1683 sit
1042 1626 1258 1681 occasio
1294 1624 1468 1680 ruinae
1527 1623 1837 1695 negligenti.
1882 1622 2093 1681 Suﬁicit

514 1720 659 1774 enim
682 1716 894 1788 lepruso
922 1723 1001 1781 ut,
1023 1723 1148 1787 post
1164 1715 1403 1785 primum
1422 1721 1755 1784 unguentum
1795 1712 2088 1784 perditum,

515 1817 749 1882 ungatur
773 1807 1039 1872 secundo;
1074 1807 1171 1861 sed
1202 1805 1291 1860 ille
1317 1820 1459 1875 sape
1496 1807 1714 1875 ungitur
1744 1807 1837 1877 qui
1877 1820 2091 1877 semper

2194 643 2302 684 non
2346 638 2402 684 et
2451 637 2574 685 octo
2617 627 2785 700 (Eccl.
2817 628 2918 699 χι).
2946 648 2966 680 ι
3008 626 3153 683 Bene
3193 626 3358 698 igitur
3386 625 3487 680 hoc
3539 637 3782 680 numero

2192 718 2520 788 psalmorum
2547 714 2685 777 iiber
2710 718 2813 773 iste
2834 718 3011 774 editus
3040 724 3144 783 est,
3166 716 3322 787 cujus
3351 725 3537 787 partes
3561 718 3783 773 utriuap

2193 826 2299 882 que
2326 810 2656 866 Testamenti
2692 810 2995 866 doctrinam
3027 818 3085 865 et
3110 811 3363 866 mandata
3388 810 3705 865 continent.

2265 898 2444 973 (Auc.)
2466 901 2597 957 item
2619 915 2717 971 per
2743 907 2859 958 tres
2885 902 3295 972 quinquagenas
3321 901 3517 972 triplex
3541 901 3605 954 ﬁt
3625 901 3783 970 psal-

2194 1006 2404 1048 morum
2440 990 2713 1047 distinctio
2738 1030 2754 1057 ,
2788 999 3012 1062 propter
3058 1001 3172 1047 tros
3214 998 3390 1048 status
3438 991 3783 1047 Christianae

2193 1084 2466 1155 religionis
2493 1081 2872 1152 signiﬁcandos
2910 1101 2924 1138 :
2964 1082 3170 1153 primus
3196 1083 3546 1153 poenitentia,
3578 1083 3639 1137 in
3666 1097 3782 1152 qua

2188 1181 2249 1230 et
2269 1174 2441 1244 pritna
2480 1171 2815 1244 psalmorum
2853 1172 3231 1244 quinquagena
3269 1172 3616 1237 terminatur,
3662 1172 3779 1227 sci-

2191 1261 2355 1319 licet:
2385 1282 2403 1315 ‹
2432 1260 2685 1317 Miserere
2708 1262 2815 1317 mei
2842 1262 3017 1331 Deus;
3046 1281 3065 1316 ι
3096 1261 3363 1318 secundus
3395 1259 3629 1329 iustitiae
3657 1301 3677 1327 ,
3722 1263 3779 1317 in

2192 1368 2299 1425 qua
2342 1361 2400 1408 et
2436 1353 2670 1409 secunda
2701 1353 3079 1424 quinquagena
3129 1369 3144 1408 :
3195 1369 3217 1404 ε
3246 1351 3683 1409 Misericordiam
3724 1364 3783 1409 et

2191 1441 2459 1513 judicium
2491 1443 2722 1499 cantabo
2754 1442 2893 1510 tibi;
2929 1458 2949 1497 ι
3005 1444 3200 1500 muas
3238 1445 3412 1499 statin
3448 1444 3580 1500 vita:
3616 1455 3783 1500 ater-

2192 1549 2298 1601 naa,
2334 1534 2390 1590 in
2415 1532 2569 1605 cujus
2596 1533 2807 1591 laudem
2830 1535 2991 1591 tertia
3014 1535 3392 1607 quinquagena
3406 1534 3623 1605 ﬁnitur,
3658 1539 3775 1594 sci-

2191 1616 2352 1680 licet:
2385 1643 2403 1676 ‹
2433 1622 2620 1681 Omnis
2648 1622 2871 1695 spiritus
2896 1618 3077 1681 laudet
3116 1614 3416 1682 Dominum.
3458 1645 3478 1678 ι

2260 1714 2384 1789 (11).)
2414 1710 2565 1772 Unus
2607 1724 2692 1772 est
2729 1706 2864 1772 iiber
2888 1708 3253 1785 Psalmorum,
3277 1735 3382 1774 non
3407 1718 3679 1788 quinque,
3720 1730 3781 1776 ut

2191 1804 2247 1861 in
2280 1804 2503 1861 Actibus
2540 1806 2901 1875 apostolorum
2944 1800 3139 1878 legitur
3177 1824 3194 1861 :
3239 1825 3258 1860 ι
3305 1805 3459 1863 Sicut
3497 1808 3776 1881 scriptum

516 1897 762 1969 proﬁcit:
790 1906 866 1962 et,
893 1895 961 1951 de
987 1894 1108 1951 oleo
1128 1894 1343 1966 leprosi,
1385 1896 1534 1949 venit
1557 1896 1624 1950 ad
1649 1904 2093 1968 unguentumpo-
2118 1906 2167 1968 Β
2199 1912 2218 1947 ι
2245 1902 2333 1950 est
2378 1894 2433 1950 in
2482 1888 2619 1950 libro
2664 1888 2998 1952 Psaimorum
3034 1917 3054 1951 ι
3093 1886 3242 1966 (Act.
3283 1894 3355 1970 t).
3406 1890 3778 1970 Hieronymus

516 1986 661 2058 puli;
678 1986 806 2042 inde
832 1986 901 2042 ad
922 1984 1294 2050 sacerdotale;
1318 1985 1386 2040 de
1408 2000 1517 2055 quo
1537 1985 1609 2042 ad
1635 1986 1872 2042 chrisma
1908 1987 2088 2058 ponti-

516 2078 670 2145 ﬁcis;
703 2092 735 2132 a
772 2074 1027 2148 pontiﬁce
1064 2074 1135 2131 ad
1162 2086 1374 2146 ngam;
1403 2091 1434 2130 a
1463 2089 1591 2147 rege
1619 2076 1689 2131 ad
1710 2075 2088 2146 patriarchas;

516 2184 546 2224 a
575 2167 904 2241 patriarchia
925 2167 995 2224 ad
1018 2166 1318 2223 Christum.

583 2261 786 2336 (Cass)
812 2259 967 2318 Sicut
1017 2259 1302 2332 prophetia
1338 2257 1402 2316 ﬁt
1444 2258 1675 2314 diversis
1702 2258 1899 2325 modis,
1924 2260 2000 2316 ita
2022 2265 2093 2317 et

514 2353 743 2410 diversis
777 2351 1127 2424 temporibus.
1158 2351 1259 2407 Est
1290 2350 1455 2420 igitur
1475 2348 1583 2405 alia
1614 2348 1682 2405 de
1708 2349 1988 2420 praealti,
2028 2355 2091 2406 ut

519 2443 797 2501 Eiisaheth
827 2460 844 2500 ι
872 2461 894 2497 ι
927 2442 1081 2501 Unde
1108 2441 1241 2498 mihi
1271 2441 1405 2506 hoc,
1448 2447 1511 2496 ut
1558 2439 1738 2495 veniat
1778 2446 1952 2495 mater
1978 2439 2087 2495 Do-

514 2536 690 2592 mini?
719 2546 828 2592 etc.
858 2554 879 2590 ι
909 2532 1062 2608 (Lac.
1084 2534 1151 2603 ι.)
1177 2533 1254 2588 De
1289 2531 1583 2603 praeterito,
1608 2539 1668 2586 ut
1701 2529 1949 2601 Moyses:
1985 2548 2007 2583 ι
2029 2529 2090 2588 ιιι

512 2626 795 2698 principio,
833 2624 1038 2682 creavit
1069 2623 1211 2680 Deus
1239 2620 1435 2678 ctelum
1479 2630 1536 2676 et
1566 2629 1766 2675 terram
1795 2618 1950 2691 (Gen.
1972 2619 2036 2690 ι).
2062 2638 2083 2673 ι

514 2716 591 2773 De
608 2715 812 2782 futuro,
829 2726 926 2772 ut:
954 2732 977 2768 ι
1002 2714 1143 2771 Ecce
1154 2714 1319 2786 Virgo
1337 2711 1623 2781 concipiet,
1641 2716 1746 2766 etc.
1764 2706 1900 2782 (Isa.
1921 2712 2039 2780 vn).
2062 2729 2083 2764 ι

583 2807 714 2864 Item
749 2806 1028 2881 prophetia
1067 2805 1170 2863 alia
1214 2813 1301 2863 est
1350 2803 1645 2862 secundum
1691 2803 2089 2874 prmscientiam

514 2903 634 2969 Dei,
655 2919 819 2976 quam
847 2917 1067 2961 necesse
1093 2912 1179 2958 est
1214 2901 1463 2958 omnibus
1489 2900 1665 2956 modis
1703 2898 1940 2970 impleri,
1984 2909 2086 2956 ut:

519 3011 539 3045 ι
570 2992 715 3051 Ecce
743 2990 911 3064 Virgo
936 2992 1230 3064 concipiet,
1253 3002 1359 3049 etc.
1400 3009 1420 3044 ι
1459 2989 1580 3046 Alia
1616 2987 1912 3046 secundum
1941 3003 2090 3045 com-

512 3085 885 3151 minationem,
910 3094 1007 3143 ut:
1043 3106 1064 3140 ι
1090 3085 1457 3156 Quadraginta
1483 3083 1620 3152 dies,
1648 3091 1707 3139 et
1730 3080 1923 3139 Ninive
1960 3082 2088 3139 sub-

513 3187 751 3237 vertetur
769 3178 1063 3252 (Ionam).
1088 3200 1108 3234 ι

2194 1996 2377 2044 tamen
2418 1986 2551 2046 dicit
2573 1990 2811 2062 quinque
2852 1988 3048 2059 libros,
3089 1990 3269 2063 idest,
3308 1996 3550 2068 quinque
3576 1997 3779 2052 distino

2188 2078 2397 2135 ctiones
2423 2095 2545 2150 quae
2584 2078 2720 2137 ﬁunt
2740 2096 2840 2152 per
2863 2099 2885 2135 ι
2915 2080 3029 2150 ﬁat,
3056 2078 3167 2140 ﬁat.
3195 2103 3216 2137 ι

2259 2166 2405 2227 Ordo
2431 2168 2761 2240 psalmorum
2808 2170 2878 2227 ab
2915 2168 3105 2230 ordine
3156 2172 3395 2232 historia:
3445 2174 3775 2247 discordat,

2189 2260 2315 2330 quia
2343 2266 2469 2316 ante
2503 2260 2748 2333 peccavit
2786 2256 2957 2319 David
3002 2279 3125 2320 cum
3154 2280 3324 2322 uxore
3373 2265 3513 2324 Uria:
3536 2308 3557 2335 ,
3602 2276 3658 2324 et
3708 2268 3781 2328 de

2188 2350 2507 2422 pmoitentia
2555 2352 2753 2408 cecinit
2786 2371 2800 2408 :
2835 2371 2855 2406 ς
2892 2348 3147 2411 Miserere
3173 2354 3300 2421 mei,
3331 2354 3505 2425 Deus,
3544 2377 3567 2410 a
3607 2374 3778 2429 quam

2189 2438 2335 2496 ﬁlius
2363 2438 2479 2513 ejus
2498 2455 2622 2495 eum
2644 2454 3063 2514 persequeretur
3085 2454 3140 2501 et
3163 2444 3451 2502 cecinerit:
3474 2466 3493 2499 ι
3516 2447 3775 2518 Domine,

2195 2551 2215 2586 ι
2249 2528 2380 2604 quid
2407 2532 2782 2605 multiplicati;
2813 2553 2832 2587 ι
2866 2534 2961 2593 sed
2991 2535 3060 2592 ab
3091 2528 3264 2593 Esdra
3286 2538 3553 2612 propheta
3576 2538 3780 2597 instin-

2189 2632 2280 2683 ctu
2307 2618 2488 2682 divino
2507 2626 2581 2681 ita
2607 2622 2848 2683 ordinari
2876 2627 3190 2684 creduntur.

2260 2712 2483 2773 Materia
2527 2722 2611 2773 est
2644 2717 2856 2789 integer
2889 2710 3173 2787 Christus,
3202 2732 3430 2793 sponsus
3458 2730 3516 2777 et
3546 2736 3775 2795 sponsa.

2189 2806 2437 2876 intentio,
2468 2806 2715 2866 hemines
2744 2810 2798 2867 in
2825 2804 2996 2866 Adam
3023 2806 3356 2869 deformatos
3382 2810 3608 2872 Christo
3631 2834 3779 2875 novo

2189 2898 2397 2959 homini
2449 2900 2808 2959 conformare.
2857 2896 3047 2959 Modus
3088 2904 3354 2961 tractandi
3391 2905 3778 2979 :Quandoque

2189 2996 2301 3069 agit
2320 2997 2388 3054 de
2404 2992 2639 3063 Christo,
2672 2992 2969 3056 secundum
2995 2994 3139 3071 quod
3164 3008 3325 3073 caput
3345 3010 3449 3067 est,
3475 2998 3777 3074 aliquando

2190 3088 2484 3144 secundum
2513 3104 2733 3160 corpus,
2784 3090 3072 3163 aliquando
3100 3090 3395 3149 secundum
3445 3102 3773 3165 utrumque.

2193 3174 2498 3235 Secundum
2523 3179 2666 3250 quod
2696 3191 2857 3252 caput
2880 3222 2895 3248 ,
2940 3178 3224 3253 tripiiciter
3254 3201 3269 3239 :
3294 3174 3420 3255 quia
3447 3180 3537 3242 vel
3575 3201 3777 3242 secun-

580 3268 884 3326 Notandum
924 3270 1090 3344 igitur
1113 3271 1257 3340 quod
1295 3270 1557 3343 propheta
1580 3268 1872 3340 aliquando
1908 3267 2083 3338 loqui-
2106 3253 2153 3319 C
2185 3262 2312 3325 dum
2336 3268 2691 3337 divinitatem,
2723 3281 2783 3327 ut
2816 3290 2829 3326 :
2868 3292 2888 3324 ιι
2924 3266 3128 3330 Tecum
3156 3253 3519 3347 principium,
3546 3286 3664 3335 etc.
3692 3295 3711 3343 ;
3748 3299 3768 3331 a

512 3369 602 3417 tur
644 3361 937 3419 indiscrete
988 3359 1056 3418 de
1103 3360 1302 3417 futuris
1348 3360 1508 3431 quasi
1571 3359 1638 3416 de
1686 3358 2081 3429 praesentibus;

509 3452 798 3525 aliquando
820 3453 890 3511 de
914 3453 1205 3526 praeteritis
1222 3492 1241 3519 ,
1277 3451 1571 3524 aliquando
1588 3452 1752 3509 etiam
1778 3452 1996 3525 proprie
2015 3453 2086 3511 de

509 3544 743 3602 futuris:
768 3544 914 3615 quod
952 3542 1073 3600 ideo
1101 3542 1184 3610 ﬁt,
1204 3542 1459 3615 quoniam
1486 3541 1665 3599 omnia
1692 3542 1934 3603 dictante
1957 3540 2083 3613 Spi-

512 3636 618 3692 ritu
641 3643 832 3695 sancto
853 3635 1007 3702 dicit,
1031 3634 1119 3693 cui
1139 3644 1265 3693 sunt
1287 3633 1471 3692 omnia
1489 3640 1638 3703 nota,
1653 3634 1768 3692 sive
1784 3635 2082 3707 praeterita,

510 3726 625 3783 sive
655 3725 838 3782 futura
861 3762 880 3794 ,
922 3733 1179 3798 tanquam
1208 3725 1517 3798 praesentia.

581 3814 825 3888 (Belia)
848 3813 1012 3873 Liber
1032 3816 1137 3873 iste
1158 3831 1225 3873 ex
1260 3824 1477 3873 cenmm
1513 3816 1901 3890 quinquaginta
1941 3817 2086 3887 psal.

510 3908 634 3974 mis,
653 3922 764 3963 non
790 3907 908 3965 sine
928 3908 1137 3966 altioris
1162 3910 1405 3984 mysterii
1426 3910 1660 3978 ratione,
1683 3913 1950 3968 consistit.
1982 3911 2084 3968 Hic

508 4002 654 4059 enim
676 4015 937 4057 numerus
958 4003 1232 4075 mysteriis
1253 4003 1656 4060 celeberrimus.
1683 4001 1910 4060 Constat
1936 4004 2081 4059 enim

507 4106 577 4149 ex
600 4091 947 4162 octogenario
967 4101 1021 4148 et
1041 4093 1474 4165 septuagenario,
1500 4092 1696 4162 quibus
1715 4108 1779 4150 ex
1804 4093 2082 4149 octonario

507 4192 562 4240 et
593 4183 898 4255 septenario
919 4183 1246 4257 principium
1271 4194 1328 4242 et
1348 4185 1673 4257 signiﬁcatio
1705 4193 1806 4241 est.
1842 4187 2078 4243 Ortona-

507 4276 619 4355 rius
659 4276 804 4332 enim
847 4284 1092 4334 octavam
1126 4277 1581 4335 resurrectionem
1618 4275 1924 4348 signiﬁcat:
1952 4260 2079 4347 quia

505 4384 631 4424 cum
650 4382 747 4425 sex
768 4367 879 4424 sint
898 4376 1086 4425 aetates
1105 4369 1401 4425 viventium
1417 4408 1431 4432 ,
1458 4368 1685 4437 septima
1710 4369 2076 4436 morientium,

504 4472 696 4519 octava
739 4461 1134 4535 resurgentium
1181 4459 1307 4516 erit.
1364 4456 1471 4513 Per
1505 4458 1868 4529 septenarium
1907 4473 2075 4525 vero,

2184 3358 2473 3433 aliquando
2523 3360 2820 3418 secundum
2865 3364 3280 3433 humanitatem,
3312 3364 3374 3422 ut
3402 3386 3416 3422 :
3445 3386 3467 3422 ι
3503 3360 3623 3442 Ego
3646 3369 3776 3427 dor—

2194 3470 2213 3504 ι
2248 3446 2403 3519 mivi,
2425 3460 2564 3521 etc.,
2600 3474 2619 3506 ι
2654 3452 2946 3527 aliquando
2992 3468 3090 3527 per
3119 3459 3639 3530 transsumptionem
3662 3501 3680 3527 ,
3709 3472 3776 3517 ut

2184 3538 2399 3613 quando
2424 3540 2593 3600 utitur
2619 3559 2751 3600 voce
2779 3546 3169 3614 membrorum,
3201 3540 3343 3604 sicut
3370 3544 3443 3604 ibi
3469 3566 3486 3603 :
3526 3569 3547 3601 ι
3578 3546 3769 3623 Longe

2190 3650 2209 3684 ι
2242 3648 2274 3688 a
2298 3632 2472 3689 salute
2491 3649 2633 3699 mea,
2660 3643 2767 3690 etc.
2794 3654 2814 3689 ι
2844 3636 2978 3691 item
2999 3635 3068 3693 de
3088 3635 3327 3695 Ecclesia
3352 3636 3530 3696 tribus
3552 3640 3767 3697 modis:

2183 3718 2474 3793 aliquando
2496 3720 2791 3780 secundum
2815 3724 3107 3798 perfectos,
3132 3724 3425 3800 aliquando
3455 3730 3767 3787 secundum

2184 3810 2554 3885 imperfectos,
2587 3815 2875 3886 aliquando
2921 3818 3217 3875 secundum
3256 3814 3427 3877 malos
3456 3840 3472 3875 :
3506 3819 3603 3892 qui
3638 3830 3774 3881 sunt

2181 3904 2236 3961 in
2262 3902 2505 3962 Ecclesia
2529 3922 2756 3979 corpore
2780 3949 2799 3977 ,
2842 3924 2948 3964 non
2998 3916 3210 3977 mente;
3240 3925 3487 3982 numero,
3512 3920 3627 3969 non
3654 3929 3771 3971 me-

2184 3996 2322 4065 rito;
2348 3998 2588 4066 nomine,
2612 4012 2719 4054 non
2756 3996 2998 4056 numine.

2648 4086 2876 4146 PSALM
2886 4088 2971 4148 US
3007 4086 3285 4149 PRIMUS.

2254 4174 2417 4235 Vens.
2470 4178 2522 4236 1.
2551 4212 2618 4222 -
2652 4198 2672 4233 ι
2704 4182 2900 4237 Beatus
2955 4180 3040 4237 vir
3091 4182 3184 4253 qui
3229 4192 3339 4238 non
3378 4176 3539 4250 abiit,
3582 4190 3700 4241 etc.
3737 4194 3763 4239 t

2183 4264 2364 4343 (Anth,
2393 4271 2590 4327 Enarr.
2619 4272 2676 4327 in
2707 4264 2880 4338 Psal.,
2911 4278 3042 4328 tom.
3068 4268 3176 4347 lii.)
3197 4266 3364 4339 Ordo,
3400 4267 3541 4329 abiit
3582 4270 3766 4331 Adam

2178 4378 2301 4418 cum
2326 4378 2358 4417 a
2377 4362 2487 4418 Deo
2513 4362 2769 4429 recessit;
2802 4362 2969 4429 stetit,
2997 4379 3121 4419 cum
3145 4360 3442 4421 delectatus
3488 4368 3577 4420 est
3626 4378 3763 4438 pec-

2179 4458 2335 4516 cato;
2367 4448 2525 4515 sedit,
2554 4460 2676 4504 cum
2708 4450 2760 4504 in
2783 4446 3029 4521 superbia
3063 4448 3415 4507 conﬁrmatus
3445 4450 3632 4507 redire
3654 4446 3764 4509 non

506 4553 665 4623 hujus
695 4554 817 4610 vita:
842 4561 1053 4624 tempus
1080 4550 1442 4622 signiﬁcatur,
1469 4550 1610 4619 quod
1640 4556 1845 4620 septem
1864 4549 2073 4604 dierum
2110 4610 2156 4624 _
2179 4542 2375 4615 potuit,
2400 4538 2501 4597 nisi
2532 4554 2628 4614 per
2656 4542 2819 4598 istum
2844 4540 3125 4607 liberatus,
3171 4536 3263 4614 qui
3293 4542 3368 4598 nil
3413 4540 3614 4600 horum
3665 4544 3765 4601 ha-

506 4610 822 4718 repetitione
842 4610 1039 4716 agitur.
1063 4610 1229 4699 Recte
1244 4657 1374 4712 ergo
1393 4610 1835 4711 tali-psalmorum
1857 4654 2082 4697 numero
2105 4610 2160 4673 Β
2183 4610 2318 4687 ῧυίι·
2344 4630 2495 4688 Abi“
2522 4610 2692 4686 Adam
2715 4638 2838 4688 cum
2865 4610 3206 4704 Ρθτευθείοηί
3218 4630 3422 4692 (1³³1⁵0³
3445 4636 3763 4703 ωοεείιοίίὲ

505 4736 642 4791 liber
666 4737 771 4793 iste
789 4734 1117 4804 compositus
1134 4741 1237 4798 est,
1257 4732 1384 4802 quia
1406 4732 1484 4786 sic
1506 4731 1559 4785 in
1582 4728 1743 4798 huius
1762 4731 1885 4785 vita:
1906 4738 2082 4800 septe-

504 4827 659 4881 nario
678 4825 893 4896 operari
927 4839 992 4879 ac
1020 4825 1198 4879 vivere
1238 4838 1336 4878 nos
1360 4822 1535 4885 docet,
1566 4829 1627 4876 ut
1665 4821 1723 4875 in
1764 4831 1956 4876 octava
2000 4837 2082 4879 re-

504 4908 856 4972 surrectionis
898 4912 1089 4968 stolam
1124 4911 1309 4983 gloriae
1358 4926 1776 4983 consequamur.
1828 4911 1919 4967 Vel
1958 4912 2081 4968 ideo

2183 4725 2354 4791 stetit,
2387 4724 2513 4781 dum
2537 4736 2755 4795 pomum
2794 4724 3059 4791 comedit;
3090 4720 3249 4790 sedit,
3278 4722 3407 4781 dum
3442 4734 3505 4782 se
3530 4734 3764 4783 excusa

2183 4812 2286 4871 vit:
2311 4834 2329 4869 ι
2351 4808 2540 4870 Mulier
2552 4828 2713 4886 quam
2729 4814 2922 4871 dedisti
2942 4816 3073 4871 mihi
3086 4828 3172 4871 me
3187 4814 3419 4872 seduxit.
3431 4834 3452 4870 ο
3471 4812 3633 4886 (Gut.
3654 4817 3763 4890 ιιι).

2178 4904 2262 4964 Ad
2284 4906 2688 4964 similitudinem
2712 4906 3097 4975 exsulantium,
3120 4902 3212 4978 qui
3243 4906 3369 4963 dum
3392 4916 3523 4963 sunt
3562 4908 3621 4965 in
3675 4910 3765 4964 via

504 5006 633 5078 quia
657 5016 755 5078 per
774 5000 1111 5060 octonarium
1143 5002 1350 5059 Novum
1375 5000 1779 5060 Testamentum
1809 5004 2079 5077 signiﬁca-
2178 4996 2391 5057 facilius
2420 5002 2770 5064 revocantur,
2812 4999 2940 5055 dum
2975 4996 3087 5068 iam
3123 5002 3270 5054 stant
3296 4994 3614 5056 dimciilus:
3669 5002 3765 5055 de-

505 5104 595 5153 tur
635 5114 650 5151 :
691 5090 904 5152 octoadi
951 5090 1095 5150 enim
1123 5102 1308 5165 patres
1355 5092 1489 5150 Novi
1532 5090 1862 5151 Testamenti
1903 5092 2080 5152 deser-
2181 5104 2329 5146 mum
2356 5086 2689 5156 difﬁcillime,
2726 5090 2853 5147 dum
2880 5084 2953 5146 ibi
2981 5086 3226 5161 magistri
3252 5092 3305 5145 et
3342 5082 3551 5147 domini
3577 5084 3759 5147 Μ

502 5186 689 5251 viunt,
746 5185 1098 5241 observantes
1132 5183 1296 5239 -diem
1354 5190 1603 5241 octavam
1667 5182 2079 5242 resurrectionis
2179 5192 2322 5239 sunt.
2339 5178 2546 5255 (λιιι.)
2576 5180 2838 5238 Peccatur
2856 5182 3202 5254 cogitatione,
3229 5191 3353 5239 actu
3379 5188 3436 5239 et
3457 5180 3763 5240 verbisde.

502 5274 727 5341 Christi,
765 5274 819 5332 id
846 5282 950 5341 est,
975 5272 1337 5340 Dominicam,
1362 5283 1580 5331 octavas
1604 5279 1938 5339 sanctorum,
1981 5286 2079 5329 ex-
2180 5273 2370 5329 cendo.
2418 5272 2617 5347 (Cass)
2664 5270 2861 5343 impius
2881 5268 2936 5329 in
2961 5262 3153 5339 Deum,
3198 5282 3451 5345 peccator
3475 5274 3529 5330 in
3558 5286 3640 5339 se,
3666 5288 3763 5346 pe-

504 5374 810 5441 spectantes
840 5370 1084 5423 octat'am
1116 5364 1534 5424 resurrectionis
1580 5370 1939 5419 mortuorum.
1972 5364 2079 5421 Per
2178 5364 2368 5422 stilens
2392 5368 2445 5421 in
2479 5367 2801 5435 proximum.
2847 5384 2866 5419 ι
2896 5362 2953 5421 in
2991 5364 3247 5423 cathedra
3272 5367 3405 5423 dans
3444 5364 3759 5438 excinplum

501 5458 865 5529 septenarium
902 5470 1031 5513 vero
1068 5456 1235 5515 Vetus
1262 5454 1690 5519 Testamentum,
1716 5452 1843 5523 quia
1878 5452 2079 5511 hebdo—
2180 5457 2457 5530 peccandi.
2495 5477 2513 5509 ι
2564 5456 2763 5532 (ωδε.)
2794 5456 3043 5515 Thronus
3071 5468 3289 5532 regum,
3333 5458 3568 5516 tribunal
3609 5456 3757 5531 judi-

504 5548 680 5616 madi,
707 5548 764 5606 id
805 5556 892 5607 est
929 5546 1272 5621 septenario,
1295 5554 1478 5618 patres
1512 5544 1723 5604 Veteris
1747 5546 2078 5604 Testamenti
2180 5560 2323 5614 cum,
2352 5547 2605 5603 cathedra
2629 5549 2843 5619 proprie
2873 5551 3174 5605 doetorutn.
3227 5542 3415 5622 (ΙΜά.)
3463 5544 3631 5617 Quasi
3678 5550 3755 5605 ita

502 5642 845 5708 servierunt,
888 5642 1241 5697 observantes
1271 5638 1557 5709 septimum
1588 5637 1753 5703 diem,
1791 5636 2075 5709 septimam
2178 5639 2253 5694 ait
2283 5656 2296 5692 :
2330 5636 2438 5695 Vos
2460 5639 2551 5707 qui
2589 5630 2863 5695 cecidistis
2891 5650 2984 5710 per
3014 5639 3245 5712 primum
3294 5637 3489 5705 Adam,
3533 5636 3754 5695 confer.

502 5734 879 5805 septimanam,
906 5732 1191 5803 septimum
1237 5742 1438 5786 annum
1467 5737 1523 5785 et
1547 5730 2071 5801 quinquagesimum,
2179 5726 2396 5786 mmini
2429 5730 2550 5786 huic
2581 5730 2815 5787 secundo
2848 5746 2860 5786 :
2912 5731 3038 5801 quia
3076 5726 3265 5787 beatus
3308 5728 3485 5801 primo
3526 5738 3721 5788 contra

504 5825 593 5899 qui
633 5823 869 5897 septenis
912 5834 1175 5878 annorum
1206 5818 1629 5877 hebdomadibus
1664 5820 1883 5890 texitur,
1914 5822 1963 5877 id
1991 5830 2076 5880 est
2177 5820 2289 5878 rius
