3982 6352
545 480 647 537 ειτ

1040 475 1430 531 WALAFRIDI
1470 473 1714 528 STRABI
1754 471 1956 527 FULD.
1999 469 2166 527 MON.
2205 471 2355 529 OPP.
2396 469 2573 527 PARS
2609 469 2652 525 ι.
2692 497 2761 510 --
2795 467 3254 527 THEOLOGICA.

3699 473 3811 532 8‘8

547 555 777 655 sentiam
800 565 1088 666 signillcai,
1106 596 1171 649 de
1192 593 1517 664 sempiterna
1538 590 1883 662 generatione
1904 588 2114 659 sapien-
2142 590 2192 652 Α
2292 586 2450 642 Vens.
2502 587 2555 641 4.
2596 616 2664 627 -
2714 605 2734 638 ι
2771 585 3062 657 Susceptor
3112 599 3264 640 meus
3309 597 3388 638 es.
3427 603 3448 637 ι
3490 584 3709 658 (ωδε.)
3751 589 3811 644 ιιι

549 695 636 749 tia:
660 692 754 747 Dei
785 691 1097 760 accipiatur.

617 783 781 838 Vens.
815 781 868 838 8.
909 812 979 822 —
1010 799 1028 832 ‹
1063 778 1301 836 Postula.
1340 797 1358 828 ι
1391 776 1571 848 (Ana)
1603 777 1683 831 Ad
1718 775 2114 844 susceptionem

549 876 782 931 hominis
802 873 1033 944 pertinet
1069 887 1224 941 :quaa
1253 885 1350 939 pro
1391 868 1564 922 salute
1622 867 1896 923 hominum
1950 865 2110 929 facta,

549 966 836 1021 secundum
883 977 1044 1032 quam
1086 959 1390 1028 interpellat
1435 974 1530 1027 pro
1553 957 1724 1012 nobis.
1761 976 1779 1008 ‹
1821 955 2115 1010 [haeredita-

551 1065 674 1110 tem.
715 1074 732 1105 ›
767 1053 962 1124 (Cass)
995 1051 1288 1105 [hereditas
1314 1051 1381 1103 ab
1426 1050 1577 1113 hero,
1617 1049 1757 1117 quod
1780 1047 1833 1101 in
1867 1062 1930 1100 ea
1957 1053 2112 1116 pote-

547 1155 682 1202 state
719 1144 886 1198 libera
909 1141 1230 1198 dominetur.

617 1234 779 1288 Vens.
808 1234 860 1288 9.
885 1262 955 1272 —
992 1250 1010 1282 ι
1051 1231 1222 1302 Reges
1263 1245 1374 1285 eos.
1416 1249 1434 1281 ι
1474 1228 1653 1299 (Aura)
1695 1227 1898 1284 Partim
1935 1241 2110 1297 reges,

543 1325 999 1403 partim.franges,
1035 1323 1327 1379 secundum
1358 1321 1485 1375 illud
1516 1340 1528 1374 :
1565 1340 1583 1371 σ
1612 1320 1752 1374 Ecce
1791 1317 1877 1372 hic
1903 1317 2112 1387 positus

543 1431 628 1478 est
653 1421 707 1475 in
752 1419 962 1486 ruinam
987 1415 1115 1470 etin
1157 1412 1602 1468 resurrectionem
1646 1409 1934 1464 multorum
1957 1405 2108 1476 (Luc.

542 1511 625 1581 ιι),
668 1529 687 1562 ι
719 1517 779 1564 ιιι
803 1506 1088 1577 quijustus
1115 1514 1216 1568 est,
1247 1502 1574 1572 iustiﬁcetur
1608 1501 1783 1555 adhuc
1811 1517 1825 1552 :
1858 1506 1914 1554 et
1943 1498 2034 1570 qui
2056 1497 2111 1550 in

540 1601 789 1655 sordibus
809 1606 913 1662 est,
945 1596 1219 1652 sordescat
1248 1595 1417 1648 adhuc
1440 1592 1624 1663 (Apoc.
1651 1589 1810 1660 xm).
1841 1610 1860 1641 ι
1893 1607 1912 1640 ι
1948 1586 2109 1656 Virga

539 1694 734 1750 ferrea.
756 1713 775 1745 ι
801 1690 1000 1764 (Cass)
1021 1689 1264 1744 Potestas
1275 1688 1492 1750 Christi,
1516 1687 1667 1757 virga
1686 1684 1892 1748 ferrea;
1921 1695 2111 1752 pecca-

541 1795 644 1850 tor,
674 1797 769 1837 vas
797 1780 976 1852 ﬁguli,
1015 1779 1158 1849 quod
1186 1787 1242 1832 et
1282 1778 1482 1831 luteum
1527 1783 1582 1830 et
1626 1773 1780 1828 facile
1821 1772 2106 1842 frangitur.

611 1876 773 1930 Vens.
799 1873 885 1927 10.
916 1901 987 1911 -—
1019 1891 1037 1921 ι
1073 1871 1140 1924 Ει
1159 1884 1322 1934 nunc,
1350 1882 1523 1937 rcges,
1553 1865 1850 1935 intelligite.
1884 1883 1901 1915 ι
1929 1862 2102 1927 Nunc,

2212 681 2447 737 Christo.
2481 680 2671 750 Caput,
2701 677 3000 744 Christum,
3037 676 3122 732 vel
3167 685 3403 732 mentem
3457 692 3582 746 qua
3635 679 3813 734 servit

2213 772 2318 844 legi
2354 773 2470 827 Dei.
2503 791 2521 824 ι
2553 771 2876 828 Percussisti
2928 786 3138 826 omnes.
3176 789 3194 822 ι
3227 769 3393 824 Recte
3427 770 3480 824 in
3511 772 3812 840 praedesti-

2213 864 2433 918 natione
2484 862 2685 917 dicitur
2725 863 2789 918 de
2823 861 3037 917 diabolo
3067 869 3122 916 et
3154 860 3356 930 angelis
3395 859 3533 929 ejus.
3567 881 3588 913 ‹
3627 861 3812 934 Super

2212 959 2486 1029 populum.
2524 977 2543 1010 ι
2578 956 2692 1012 Hoc
2738 965 2823 1012 cst
2867 971 3302 1026 unumquemque
3351 967 3624 1012 nostrum.
3684 959 3809 1027 (In)

2213 1051 2310 1105 Vel
2338 1051 2438 1106 hoc
2461 1050 2696 1120 loquitur
2722 1050 2961 1104 Ecclesia
3009 1059 3062 1105 et
3109 1058 3273 1118 caput
3316 1049 3466 1119 eius,
3498 1051 3651 1104 inter
3683 1069 3812 1121 pro-

2213 1144 2375 1200 cellas
2428 1143 2856 1214 persecutionum
2891 1158 2989 1212 per
3033 1149 3202 1198 totum
3247 1143 3430 1197 orbem
3474 1145 3806 1197 constituta.

2213 1233 2362 1288 Multi
2392 1235 2595 1298 dicunt,
2626 1233 2995 1289 Christianum
3029 1247 3248 1297 nomen,
3284 1231 3638 1302 exstinguere
3709 1250 3804 1288 cu-

2212 1325 2452 1396 pientes,
2502 1344 2520 1375 ι
2549 1324 2665 1379 Non
2690 1333 2773 1378 est
2800 1323 2964 1378 salus.
3001 1343 3020 1375 ι
3053 1322 3226 1378 Aliter
3253 1337 3357 1377 non
3387 1333 3685 1392 sperarent
3715 1327 3806 1379 de-

2212 1416 2324 1471 lere
2347 1415 2639 1471 Ecclesiam
2666 1414 2774 1470 late
2799 1413 3170 1484 pullulantem.
3204 1433 3222 1464 ‹
3252 1414 3571 1484 Susceptor.
3608 1434 3630 1465 ι
3661 1414 3806 1479 ωε..

2213 1507 2266 1561 in
2293 1506 2506 1562 Christo
2531 1515 2774 1576 suscepta
2805 1514 3002 1560 etcum
3025 1520 3092 1560 eo
3111 1504 3366 1560 exaltata.
3391 1504 3574 1576 Caput
3619 1506 3803 1574 ipsum

2212 1597 2303 1668 qui
2329 1597 2533 1667 primus
2561 1595 2804 1652 ascendit
2830 1595 2882 1649 in
2911 1595 3131 1650 omium.

2283 1685 2446 1740 Vnns.
2472 1685 2525 1740 5.
2553 1716 2622 1726 —
2651 1705 2669 1737 ι
2693 1685 2760 1740 Ει
2787 1685 3062 1740 exaudivit
3099 1700 3186 1741 me
3228 1685 3295 1741 de
3335 1693 3553 1751 monte,
3623 1696 3738 1740 etc.
3777 1706 3796 1739 ι

2210 1776 2267 1830 ld
2294 1784 2406 1842 est,
2439 1776 2652 1832 Christo
2673 1776 2888 1831 auditur
2912 1776 3086 1832 oratio
3116 1777 3400 1841 Ecclesiae,
3437 1778 3523 1833 vel
3555 1776 3798 1848 iustitia.

2281 1863 2444 1920 Vens.
2490 1866 2544 1921 6.
2578 1896 2650 1906 —
2694 1883 2713 1916 ε
2745 1866 2856 1935 Ego
2901 1866 3170 1920 dormivi:
3206 1886 3225 1919 ι
3273 1867 3572 1922 secundum
3624 1867 3796 1922 illud:

540 1972 594 2028 id
615 1978 718 2034 est,
757 1983 854 2038 per
880 1982 943 2022 ea
969 1980 1088 2035 quae
1117 1964 1259 2019 dicta
1282 1970 1425 2017 sunt.
1482 1959 1652 2032 (ολδ.)
1675 1957 1858 2013 Tertio
1897 1969 1996 2026 pro
2024 1956 2108 2011 his
2135 1945 2182 2005 Β
2215 1975 2235 2008 ι
2272 1955 2514 2027 Exsurge
2567 1972 2598 2010 a
2639 1957 2885 2022 mortuis,
2943 1966 2996 2011 et
3051 1957 3377 2013 illuminabit
3407 1959 3504 2014 tibi
3544 1959 3800 2014 Chrisms

529 2057 821 2130 patefactis
848 2056 1099 2110 admonet
1117 2065 1302 2107 omnes
1329 2049 1602 2104 humiliter
1623 2047 1864 2114 obedire,
1909 2053 1963 2101 et
1985 2061 2108 2100 sua-

536 2151 627 2206 det
671 2151 739 2205 ab
759 2147 876 2202 utili
903 2162 972 2202 ne
995 2153 1249 2216 pereant,
1280 2151 1335 2198 et
1383 2143 1450 2196 ab
1482 2142 1728 2201 honesto,
1787 2139 1914 2209 quia
1963 2137 2108 2193 beati

536 2242 627 2312 qui
655 2240 928 2297 conﬁdunt
956 2239 1011 2293 in
1035 2254 1123 2294 eo.
1152 2236 1211 2291 in
1238 2236 1341 2290 hoc
1358 2241 1481 2303 post
1499 2231 1772 2287 Christum
1792 2229 1947 2300 quasi
1963 2229 2107 2298 Apo-

533 2333 704 2390 stolus
733 2331 988 2400 loquitur.

605 2423 785 2497 (Auc.)
819 2420 931 2485 Vel,
953 2434 1040 2475 me
1071 2433 1195 2488 rege
1220 2417 1536 2481 constituto,
1563 2429 1632 2470 ne
1672 2413 1988 2478 tristemini,
2021 2426 2106 2466 re-

531 2531 626 2590 ges
655 2527 842 2579 terras;
866 2513 1080 2584 expedit
1109 2513 1252 2566 enim
1281 2510 1431 2566 vobis
1455 2517 1514 2564 ut
1538 2508 1638 2563 sub
1666 2507 1756 2561 illo
1781 2507 1920 2570 sitis,
1945 2521 1974 2559 a
1997 2519 2105 2575 quo

532 2620 617 2664 est
635 2609 958 2671 intellectus,
985 2617 1040 2661 et
1066 2603 1321 2668 eruditio,
1349 2610 1408 2656 ut
1433 2617 1539 2655 non
1569 2609 1767 2654 temere
1792 2593 2107 2652 dominemi-

531 2703 612 2767 ni,
636 2704 730 2757 sed
768 2700 993 2756 Domino
1027 2697 1266 2753 omnium
1295 2693 1561 2758 serviatis,
1593 2700 1650 2745 et
1675 2691 1729 2745 in
1775 2689 2104 2744 beatitudine

529 2791 826 2846 exsultetis.

605 2885 766 2939 Vens.
800 2883 884 2937 12.
914 2912 983 2922 -
1016 2899 1036 2932 ι
1067 2878 1358 2949 Nequando
1405 2876 1688 2930 irascatur.
1725 2891 1744 2925 ι
1779 2871 1963 2942 (lbid.)
1991 2872 2102 2924 Du-

529 2975 721 3030 bitatio
744 2989 852 3028 non
878 2971 1171 3028 secundum
1199 2967 1534 3039 prophetam,
1565 2965 1658 3020 sed
1702 2963 1993 3019 secundum
2018 2960 2100 3031 ip-

530 3081 640 3129 sos,
666 3065 757 3136 qui
783 3080 902 3119 cum
935 3062 1264 3118 dubitatione
1287 3060 1526 3128 cogitant
1553 3057 1686 3111 iram
1718 3055 1831 3110 Dei.
1865 3073 1883 3106 ι
1914 3053 1989 3108 De
2015 3055 2101 3108 via

522 3156 692 3227 iusta,
727 3177 746 3210 ι
781 3158 836 3214 id
859 3165 962 3223 est,
992 3156 1208 3212 Christo
1233 3152 1448 3218 sublati,
1485 3151 1568 3206 vel
1614 3151 1680 3206 de
1721 3148 1862 3204 bona
1905 3161 2101 3217 Opera-

529 3251 695 3307 tione.

2214 2068 2233 2101 ‹
2265 2047 2480 2120 (Ephes.
2507 2046 2583 2119 v).
2621 2066 2639 2098 ι
2674 2046 2818 2102 Nihil
2847 2048 3042 2102 mirum
3075 2047 3416 2104 Salvatorem
3442 2049 3566 2104 hazc
3588 2049 3794 2108 dicere.

2208 2139 2421 2212 quando
2447 2139 2612 2194 multo
2644 2137 2849 2208 majora
2886 2155 2984 2210 pro
3024 2141 3329 2195 animarum
3373 2141 3552 2196 salute
3605 2143 3796 2212 gessit,

2207 2249 2314 2304 quo
2363 2243 2602 2304 tempore
2636 2249 2667 2287 a
2705 2248 2935 2303 corpore
2969 2233 3163 2298 abfuit,
3193 2249 3314 2303 qua:
3343 2233 3396 2288 in
3429 2233 3668 2303 epistola
3710 2249 3798 2288 ca-

2207 2324 2404 2380 tholica
2418 2324 2556 2394 apud
2580 2334 2824 2379 sanctum
2844 2322 3062 2378 Petrum
3090 2332 3474 2379 recensentur:
3503 2341 3524 2374 ι
3566 2323 3798 2390 Quando

2212 2433 2232 2466 ι
2268 2415 2335 2470 iis
2384 2417 2477 2485 qui
2538 2423 2695 2469 erant
2757 2414 2813 2468 in
2864 2429 3123 2480 carcere,
3184 2414 3468 2485 spiritibus
3512 2415 3795 2485 profectas

2211 2529 2230 2563 ι
2275 2510 2623 2581 praedicavit,
2684 2509 2776 2579 qui
2845 2507 3106 2564 increduli
3199 2508 3496 2578 aliquando
3577 2508 3797 2564 fuerant

2211 2619 2232 2655 ι
2267 2601 2317 2673 (1
2351 2599 2496 2655 Petr.
2520 2600 2624 2670 ιιι).
2655 2617 2674 2651 ι

2277 2691 2441 2747 Vnns.
2467 2691 2520 2746 7.
2550 2721 2622 2731 —
2663 2709 2682 2742 ι
2725 2689 2841 2746 Non
2892 2691 3092 2746 timebo
3117 2689 3312 2755 millia,
3347 2709 3368 2743 ι
3409 2706 3536 2761 qua:
3593 2707 3790 2746 nomen

2205 2783 2400 2840 Christi
2426 2789 2686 2838 conantur
2699 2781 3061 2854 exstinguere.
3076 2811 3145 2823 —
3165 2801 3184 2832 ‹
3214 2781 3478 2853 Exsurge.
3520 2803 3540 2836 ι
3563 2783 3612 2840 0
3627 2795 3790 2854 caput

2205 2873 2444 2939 Christe,
2465 2874 2519 2928 in
2541 2871 2694 2941 cujus
2717 2874 3116 2930 resurrectione
3149 2871 3293 2930 salus
3317 2884 3420 2930 est.

2274 2962 2435 3020 Vens.
2463 2963 2516 3018 8.
2540 2993 2612 3003 —
2645 2981 2663 3014 ‹
2703 2962 2967 3030 Quoniam
3001 2974 3056 3020 tu
3081 2966 3417 3036 percussisti,
3472 2977 3582 3024 etc.
3617 2989 3637 3022 ι
3663 2969 3785 3025 Jam

2205 3064 2464 3126 regnante
2493 3055 2756 3120 Ecclesia,
2790 3056 2996 3112 inimici
3023 3056 3339 3113 confusione
3360 3063 3610 3126 percussi
3639 3072 3782 3117 sunt.

2209 3167 2228 3200 ι
2260 3149 2459 3204 Dentes
2500 3157 2872 3219 peccatorum,
2910 3167 2928 3200 ι
2975 3150 3156 3215 verba,
3202 3150 3430 3216 scilicet,
3475 3153 3784 3218 maledica;

2201 3239 2284 3294 vel
2309 3240 2578 3310 principes
2605 3240 2658 3294 in
2695 3239 2972 3296 interitum
3005 3240 3160 3295 ﬁunt.
3191 3241 3332 3312 Ergo
3354 3243 3582 3312 credite,
3613 3247 3788 3301 homi-

599 3341 764 3397 Vsns.
792 3339 877 3393 15.
902 3367 973 3379 -
1003 3355 1022 3389 ‹
1053 3337 1182 3392 Cum
1212 3334 1494 3390 exarserit.
1534 3353 1552 3385 ι
1585 3328 1788 3404 (sts.)
1816 3327 1970 3382 Modo
1991 3341 2099 3381 non
2127 3333 2172 3396 ο
2202 3345 2320 3396 nes,
2342 3330 2486 3399 quod
2512 3348 2532 3381 ι
2561 3331 2774 3386 Domini
2799 3340 2883 3386 est
2902 3331 3067 3398 salus,
3105 3351 3124 3385 ι
3161 3342 3214 3387 et
3242 3348 3276 3388 ο
3299 3332 3536 3391 Domine
3563 3353 3584 3387 ι
3619 3337 3788 3392 bene-

525 3431 682 3486 ardet
737 3447 858 3487 cum
900 3430 1145 3498 castigat,
1175 3436 1231 3480 ut
1263 3436 1434 3495 pater,
1465 3423 1560 3479 sed
1582 3422 1638 3476 in
1661 3421 1842 3476 futuro
1869 3419 2096 3484 ardebit,

525 3526 654 3597 quia
684 3523 816 3578 nihil
841 3521 1112 3593 patientiae
1134 3519 1187 3573 in
1234 3517 1414 3571 futuro
1437 3515 1559 3570 erit.
1599 3532 1617 3563 ι
1652 3513 1709 3567 In
1743 3511 1892 3566 brevi
1939 3509 2038 3563 ira.
2075 3527 2093 3559 ι

524 3617 662 3685 Quia
701 3631 808 3671 non
837 3613 1045 3686 singula
1071 3613 1261 3666 horum
1292 3607 1583 3679 separatim
1604 3647 1621 3673 ,
1649 3605 1746 3662 sed
1784 3601 1946 3660 simul
1983 3616 2098 3657 om-

526 3707 616 3761 nia
643 3703 881 3760 discutit.

1088 3767 1411 3826 PSALMUS
1437 3767 1521 3823 ιιι.

596 3884 764 3939 Vens.
798 3885 942 3937 l.—
971 3900 991 3934 ι
1028 3881 1293 3945 PSahnus,
1332 3900 1350 3932 ι
1404 3877 1588 3950 (Aura)
1629 3877 1696 3932 de
1743 3876 1998 3947 passione
2039 3883 2096 3929 ct

525 3974 922 4033 resurrectione
950 3972 1151 4029 Christi
1183 3987 1198 4026 :
1230 3971 1396 4025 Filius
1419 3969 1584 4026 Judas
1606 3985 1637 4022 a
1657 3983 1763 4038 quo
1787 3968 1943 4037 fugit,
1971 3981 2094 4020 cum

526 4069 617 4126 illo
663 4068 972 4125 discedente
1009 4082 1132 4121 cum
1187 4064 1396 4120 ueteris
1447 4065 1500 4116 in
1550 4071 1788 4118 montem
1836 4061 2091 4126 secessit;

524 4161 610 4218 vel
634 4162 814 4233 potius
835 4175 957 4214 cum
980 4165 1212 4212 mentem
1233 4155 1350 4225 eius
1388 4154 1652 4224 sapientia
1700 4153 1793 4207 Dei
1833 4151 2089 4216 deseruit,

525 4264 584 4309 ut
615 4264 758 4309 totus
786 4262 930 4308 esset
957 4250 1177 4316 diaboli,
1200 4265 1318 4320 qua:
1344 4248 1578 4304 desertio
1601 4247 1726 4319 fuga
1751 4255 1973 4317 propter
2001 4260 2092 4300 ce-

523 4343 790 4399 leritatem
836 4344 1052 4398 dicitur.
1096 4341 1290 4396 Unde:
1340 4359 1358 4392 ι
1404 4339 1555 4406 Quod
1601 4339 1765 4403 facis,
1804 4337 1889 4393 fac
1931 4337 2094 4392 citius

523 4435 705 4507 (Joan.
732 4435 906 4506 ιιιι).›
933 4431 1029 4487 Cui
1057 4431 1302 4487 Christus
1321 4445 1508 4501 pacem
1529 4429 1793 4496 exhibuit,
1820 4438 1880 4483 ut
1908 4438 1961 4484 et
1982 4430 2089 4483 Da-

520 4525 612 4580 vid
644 4525 753 4579 ﬁlio
781 4525 983 4594 iniquo,
1017 4524 1155 4577 unde
1179 4538 1282 4593 pax
1311 4523 1482 4592 patris
1509 4521 1703 4575 dicitur
1735 4538 1747 4574 :
1773 4519 1938 4575 ludas
1962 4533 2090 4576 vero

522 4626 584 4672 ut
606 4616 841 4672 Absalon
895 4630 1190 4685 suspensus
1219 4616 1441 4669 interiit.
1473 4613 1728 4684 Proponit
1752 4616 1883 4669 duas
1906 4621 2088 4684 partes

522 4713 819 4781 oppositas.
865 4711 981 4764 Vox
1024 4710 1224 4764 Christi
1265 4711 1418 4778 quasi
1451 4709 1791 4775 admirantis,
1844 4724 1968 4765 cum
2025 4710 2092 4764 ad
2120 4701 2173 4762 D

523 4802 838 4857 salvandum
872 4801 1018 4854 venit
1047 4818 1078 4868 :_
1101 4819 1119 4850 ‹
1150 4801 1392 4866 Domine,
1417 4801 1564 4870 quid,
1592 4810 1697 4857 etc.
1731 4819 1749 4852 ι

600 4892 764 4949 Vens.
821 4891 876 4945 2.
949 4924 976 4928 —
1055 4910 1074 4942 ι
1114 4891 1354 4955 Domine,
1404 4892 1552 4960 quid.
1587 4911 1605 4942 ι
1649 4890 1846 4961 (Cass)
1877 4891 2090 4947 Primus

521 4984 761 5056 psalmus
783 4983 850 5038 de
871 4981 956 5036 his
978 4983 1068 5050 qui
1097 4983 1328 5036 breviter
1353 4984 1418 5037 de
1446 4985 1696 5053 passione
1731 4993 1785 5038 et
1814 4999 2090 5038 resurrec-

522 5077 668 5131 tione
699 5075 848 5139 facit,
875 5087 1060 5128 contra
1085 5089 1197 5136 eos,
1225 5083 1280 5128 et
1304 5075 1537 5129 maxime
1563 5091 1820 5145 paganos,
1849 5077 1941 5145 qui
1969 5075 2083 5144 glo-

522 5169 660 5224 riam
688 5167 985 5240 maiestatis
1015 5183 1118 5222 non
1141 5175 1333 5236 putant
1352 5169 1418 5222 ad
1436 5169 1656 5223 humilia
1680 5185 1838 5239 posse
1867 5170 2088 5224 descen-

522 5260 672 5314 dere.
1029 5303 1034 5308 ,

591 5348 758 5403 Vens.
787 5348 842 5402 5.
870 5380 938 5390 -
970 5368 988 5400 ι
1024 5349 1169 5403 Multi
1219 5349 1422 5416 dicunt,
1449 5359 1550 5405 etc.
1589 5371 1608 5403 ι
1645 5351 1824 5423 (Αυς.)
1856 5350 1952 5407 Vel
1983 5353 2086 5408 hoc

517 5443 649 5497 dicit
672 5442 1038 5512 unusquisque
1061 5443 1151 5512 qui
1183 5459 1213 5496 a
1238 5443 1384 5496 vitiis
1406 5451 1459 5496 et
1507 5443 1883 5511 cupiditatibus
1914 5445 2086 5515 impu-

517 5543 732 5604 gnatur.

592 5643 610 5674 ι
647 5625 844 5679 Dicunt
895 5625 1087 5678 anima:
1118 5639 1132 5677 :
1169 5624 1284 5678 Non
1318 5632 1400 5678 est
1433 5624 1598 5689 salus,
1625 5633 1728 5679 etc.
1773 5645 1792 5678 ι
1845 5625 2078 5682 Coacer-

515 5716 730 5770 vatione
756 5717 1008 5770 vitiorum
1039 5716 1282 5783 subrepit
1311 5717 1615 5786 desperatio
1643 5717 2080 5788 sanitatis,qtms_i

511 5805 660 5860 vitiis
712 5804 1094 5860 insultantibus
1139 5805 1370 5870 animae;
1413 5807 1496 5860 vel
1536 5808 1693 5863 etiam
1750 5809 1972 5865 diabolis
2027 5819 2082 5864 et

513 5896 717 5966 angelis
739 5897 877 5966 eius,
906 5911 1002 5964 per
1030 5898 1414 5967 suggestioncs.

2207 3443 2225 3476 ι
2253 3423 2419 3479 dictio
2453 3432 2543 3478 tua
2577 3424 2651 3479 sit
2686 3439 2848 3493 super
2886 3424 3141 3496 populum
3185 3433 3353 3480 tuum.
3387 3427 3532 3482 Voce
3578 3444 3724 3483 mea.
3757 3449 3778 3482 ι

2200 3512 2325 3569 Haac
2350 3514 2480 3568 mihi
2506 3517 2722 3580 merito,
2749 3515 2876 3585 quia
2910 3532 2929 3566 ι
2964 3528 3096 3570 voce
3119 3529 3258 3572 mea.
3299 3535 3317 3568 ι
3345 3515 3444 3584 Qui
3469 3519 3652 3574 bonus
3677 3527 3784 3584 est,

2198 3616 2254 3662 et
2273 3607 2411 3662 bona
2439 3606 2592 3678 petit,
2626 3621 2757 3662 voce
2794 3622 2891 3661 sua
2925 3606 3163 3673 clamat;
3193 3607 3368 3663 aliena
3401 3623 3551 3673 voce,
3587 3611 3646 3664 id
3676 3620 3784 3674 est,

2197 3697 2322 3753 vita:
2352 3712 2462 3752 sua:
2489 3713 2596 3752 non
2639 3698 3019 3752 concordante.
3063 3717 3082 3749 ι
3116 3698 3228 3769 Ego
3269 3699 3520 3754 dormivi.
3555 3719 3578 3752 ι
3631 3699 3784 3756 Finis

2196 3789 2296 3854 rei,
2325 3789 2467 3844 unde
2509 3789 2759 3860 pr0ponit
2803 3803 2910 3843 non
2965 3789 3282 3844 timendum.
3342 3809 3362 3842 «
3401 3789 3537 3861 Ego,
3567 3810 3590 3844 ι
3655 3808 3781 3847 cum

2197 3881 2469 3949 pondere;
2503 3880 2658 3949 quasi
2693 3897 2707 3934 :
2739 3880 2966 3934 saeviunt
3008 3880 3106 3947 illi,
3150 3881 3246 3936 sed
3295 3897 3404 3937 non
3455 3883 3779 3951 dormirem,

2194 3971 2302 4027 nisi
2334 3972 2542 4027 vellem.
2577 3973 2693 4039 Vel,
2720 3974 2948 4029 dormivi
2993 3975 3420 4042 consentiendo;
3463 3990 3778 4048 soporatos,

2195 4063 2337 4118 male
2390 4064 2708 4134 operando;
2789 4066 3066 4120 exsurrexi
3094 4106 3110 4131 ,
3178 4074 3400 4136 peccata
3447 4068 3776 4123 deserendo.

2201 4172 2222 4206 ι
2251 4155 2531 4222 Quoniam.
2582 4175 2602 4209 ι
2629 4156 2812 4229 (Ana)
2838 4156 2954 4212 Non
2990 4157 3359 4229 retropendet,
3389 4174 3498 4214 non
3547 4169 3778 4230 preter-

2193 4263 2257 4303 ea
2293 4248 2498 4304 salvum
2547 4248 2678 4306 facit
2709 4250 2836 4320 quia
2863 4250 3132 4320 percussit
3173 4264 3189 4304 :
3236 4251 3332 4307 sed
3375 4251 3502 4306 inde
3551 4253 3776 4308 contriti

2195 4349 2319 4394 sunt
2350 4341 2559 4407 dentes,
2600 4342 2726 4412 quia
2755 4343 3054 4411 percussit;
3089 4339 3143 4396 id
3167 4350 3272 4409 est,
3305 4341 3569 4398 maledica
3608 4342 3779 4398 verba

2193 4431 2248 4486 in
2277 4432 2490 4488 irritum
2519 4433 2677 4489 ducta
2705 4444 2830 4490 sunt
2858 4452 2873 4502 ;
2913 4435 3012 4499 vel,
3048 4436 3255 4502 dentes,
3289 4445 3418 4492 sunt
3457 4437 3554 4507 qui
3603 4453 3776 4509 quos-

2193 4527 2318 4582 dam
2347 4529 2412 4583 de
2437 4545 2661 4587 numero
2707 4541 3019 4601 sanctorum
3058 4533 3381 4602 praecidunt,
3412 4542 3468 4588 et
3504 4532 3673 4589 malis
3699 4534 3778 4589 in-

2195 4629 2509 4690 corporant.

2758 4694 3084 4753 PSALMUS
3110 4695 3197 4750 IV.

2275 4802 2502 4860 Vnns.l.
2525 4835 2594 4845 —
2624 4823 2642 4856 ι
2676 4806 2734 4860 ln
2761 4807 2943 4862 ﬁnem.
2972 4828 2992 4860 ι
3027 4807 3374 4880 (Auo.)Finis
3399 4809 3612 4866 duobus
3645 4811 3778 4867 dici-

2198 4902 2285 4948 tur
2302 4896 2496 4962 modis,
2517 4896 2732 4965 quando
2761 4897 2959 4967 aliquid
2990 4897 3187 4964 deﬁcit,
3206 4898 3287 4953 vel
3314 4900 3530 4968 quando
3555 4903 3776 4970 perﬁci-

2194 4993 2303 5038 tur.
2333 4985 2521 5058 (lbid.)
2555 4987 2840 5042 Canticum
2879 4988 3116 5042 laetitiam
3147 4989 3368 5044 indicat.
3409 4989 3613 5046 Psalmi
3643 5003 3774 5049 sunt

2192 5077 2283 5145 qui
2308 5086 2594 5131 cantantur
2613 5077 2679 5133 ad
2701 5077 3013 5149 psalterium
3029 5119 3046 5145 ,
3076 5095 3181 5149 quo
3211 5079 3266 5134 in
3288 5096 3483 5152 magno
3502 5085 3771 5154 mysterio

2191 5182 2319 5222 usus
2367 5177 2450 5222 est
2501 5167 2788 5239 Propheta.
2844 5189 2863 5223 ι
2913 5169 3181 5237 Psalmus,
3217 5190 3237 5223 ι
3287 5172 3355 5227 de
3402 5175 3650 5230 moribus
3699 5178 3768 5230 ad

2188 5261 2472 5328 agendum,
2518 5271 2575 5314 ut
2614 5263 2929 5317 deserantur
2980 5261 3099 5318 falsi
3138 5263 3212 5319 dii
3259 5273 3313 5318 et
3350 5278 3490 5319 vana
3536 5268 3766 5332 seculi;

2193 5369 2211 5402 ι
2248 5351 2480 5418 Cantici,
2523 5371 2541 5403 ι
2567 5355 2692 5423 quia
2717 5355 2779 5408 ﬁt
2799 5355 3000 5410 mentio
3047 5358 3112 5410 de
3158 5366 3356 5412 aeterna
3399 5357 3764 5428 iucunditate.

2255 5441 2419 5498 Vens.
2461 5443 2513 5497 2.
2563 5476 2632 5484 —
2671 5463 2693 5498 ι
2743 5446 2877 5502 Cum
2925 5447 3267 5515 invocarem,
3319 5459 3427 5504 etc.
3483 5470 3502 5501 ι
3561 5453 3763 5524 (Cass)

2196 5529 2458 5605 Exemplo
2487 5538 2570 5592 sui
2599 5539 2843 5611 increpat
2897 5539 3136 5596 inﬁdeles
3165 5542 3232 5596 de
3259 5542 3427 5597 falsis.
3464 5561 3484 5593 ι
3514 5542 3764 5597 Dziatasti

2189 5626 2342 5680 mihi.
2375 5646 2394 5679 ›
2449 5627 2635 5701 (Ιὺὶά.)
2657 5629 2741 5684 ΔΙ)
2766 5632 3029 5701 angustiis
3085 5632 3316 5688 tristitia:
3363 5634 3419 5688 in
3467 5632 3760 5690 latitudine

2183 5719 2362 5790 gaudii
2416 5719 2639 5776 duxisti.
2688 5738 2738 5776 v.
2800 5743 2818 5776 ι
2853 5722 3163 5781 Gaudemus
3207 5726 3261 5781 in
3317 5725 3758 5781 tribulationibus

2183 5814 2416 5872 scientes
2470 5814 2610 5884 quod
2675 5811 2980 5880 tribulatio,
3030 5825 3135 5872 etc.
3179 5833 3198 5867 ι
3235 5814 3425 5887 (Rom.
3465 5816 3556 5886 v.)
3601 5815 3758 5871 Prius

2187 5907 2444 5963 indicavit
2478 5924 2535 5964 se
2562 5908 2799 5962 auditum
2844 5927 2854 5961 :
2880 5907 2988 5977 iam
3047 5907 3197 5980 quasi
3241 5907 3442 5964 habens
3492 5907 3546 5964 in
3593 5909 3754 5965 corde
