3982 6352
215 451 322 510 849
1213 445 1479 504 GLOSSA
1518 448 1914 506 OBDINARIA.
1955 479 2020 489 —
2061 449 2187 504 LIB.
2233 449 2477 504 PSALM.
3367 449 3471 508 850

221 562 414 626 Deum,
440 559 492 615 ei
515 557 773 629 loquitur.
829 577 848 609 ι
882 558 1136 613 Miserere
1191 559 1320 614 mei.
1351 579 1368 611 ι
1427 559 1678 615 Misertus
1731 560 1798 614 de
1825 568 1876 622 Λ
1901 558 2002 614 bus
2050 563 2300 616 humanis
2331 561 2502 632 magis
2524 563 2865 616 accommoda
2883 578 2980 633 pro
2995 565 3244 621 omnibus
3267 566 3470 623 divitiis

213 653 426 728 justitia
463 661 521 708 et
559 651 832 708 dilatione.
864 652 1028 715 ltem,
1053 652 1313 708 miserere
1335 661 1522 708 contra
1553 655 1800 709 miserias

221 746 382 815 hujus
409 746 554 802 Vita.
593 763 611 794 ι
632 745 942 802 Orationem
968 760 1164 800 meam.
1196 765 1214 798 ι
1254 745 1331 800 De
1344 747 1591 816 petendis
1621 747 1796 802 bonis.

223 836 442 892 Etcum
470 835 547 892 ita
575 835 641 891 de
669 849 776 898 me,
816 853 833 885 t
859 833 980 889 Filii
1005 835 1306 898 hominum,
1327 851 1606 907 usquequo
1650 837 1798 907 gravi

225 933 427 993 corde?
453 954 472 988 ι

297 1025 456 1082 Vers.
489 1025 634 1080 5.-
676 1043 696 1076 ι
758 1022 990 1094 Diligitis
1039 1024 1356 1088 vanitatem,
1402 1033 1508 1078 etc.
1543 1043 1562 1075 ι
1597 1021 1799 1093 (Cass)

225 1116 364 1173 Voto
395 1114 798 1186 amplexamini,
835 1114 1077 1184 quaeritis
1121 1115 1308 1170 labore
1355 1130 1492 1168 vana
1546 1114 1705 1176 idola,
1747 1123 1803 1168 et

225 1210 530 1272 mendacia,
552 1222 672 1278 quae
696 1221 800 1262 non
832 1207 970 1260 Deus
1005 1225 1016 1260 :
1043 1206 1125 1259 vel
1158 1215 1397 1270 terrena,
1430 1221 1550 1275 qua:
1579 1220 1687 1261 non
1717 1203 1801 1260 fa-

225 1302 376 1357 ciunt
404 1299 547 1372 quod
588 1297 927 1369 promittunt.

298 1389 459 1446 Vens.
490 1391 544 1443 4.
570 1419 642 1430 -
701 1406 722 1440 t
751 1389 816 1442 Et
846 1388 1055 1453 scitote,
1108 1396 1215 1443 etc.
1255 1406 1273 1440 ›
1315 1387 1598 1456 PrOposito
1661 1403 1801 1444 novo

226 1486 444 1544 homine
471 1492 711 1539 veterem
754 1481 907 1553 jubet
940 1495 1156 1535 exuere.
1191 1480 1378 1552 (Aus)
1420 1479 1578 1546 Nota,
1615 1497 1633 1531 α
1673 1481 1738 1536 Et
1776 1501 1796 1536 ι

226 1581 279 1635 in
322 1578 488 1633 initiis
520 1575 667 1647 poni,
695 1584 752 1629 ttt
782 1575 943 1640 dicta,
970 1589 1090 1628 cum
1124 1573 1330 1628 visione
1373 1589 1492 1644 quae
1533 1573 1586 1627 in
1638 1573 1802 1629 corde

224 1679 308 1725 est
329 1667 635 1738 coniungat.
669 1665 742 1719 ita
770 1665 876 1719 hic.
905 1671 999 1720 ut:
1031 1682 1050 1716 ι
1086 1662 1262 1717 Nolite
1289 1663 1510 1735 diligere
1535 1679 1692 1718 vana.
1738 1663 1805 1719 Et

225 1762 437 1817 scitote.
483 1778 502 1812 ι
555 1757 662 1812 Sed
705 1755 996 1826 diapsalma
1040 1755 1120 1810 sic
1159 1754 1410 1826 conjungi
1458 1762 1624 1809 vetat.
1675 1754 1800 1808 Dia-

221 1851 428 1922 psalma
486 1847 778 1903 secundum
837 1846 1220 1916 Hieronymum
1277 1860 1520 1915 semper,
1591 1844 1801 1900 Hebraei

1903 650 2073 720 ponit.

1975 743 2137 798 Vens.
2171 743 2224 799 9.
2253 774 2325 785 —
2359 763 2377 798 ι
2405 743 2463 801 In
2502 761 2636 816 pace
2676 747 2731 802 in
2773 747 3025 817 idipsum.
3063 749 3318 823 i'(Cass.)
3360 751 3472 824 Ego

1903 842 2081 888 autem
2107 835 2158 888 in
2181 851 2313 906 pace
2332 839 2528 893 mentis
2558 839 2844 903 dormiam,
2887 841 2975 894 hic
3007 841 3205 897 oblitus
3261 845 3468 910 mundi,

1903 934 1956 980 et
1985 927 2318 995 requiescam
2350 929 2402 982 in
2441 927 2620 985 futuro
2647 946 2662 985 :
2687 932 2816 1001 quia
2839 933 2951 1002 jam
2981 933 3031 987 in
3062 950 3168 988 una
3215 949 3333 1005 spe,
3363 951 3468 990 non

1903 1015 1958 1072 in
1997 1017 2390 1088 multiplicitate
2423 1021 2624 1076 sreculi.
2686 1041 2704 1073 ι
2735 1022 2792 1076 ln
2822 1039 2953 1092 pace
2981 1025 3244 1080 dormiam
3284 1035 3339 1081 et
3387 1043 3471 1082 re-

1909 1124 1928 1158 t
1963 1108 2258 1178 quiescam.
2295 1130 2314 1161 ι
2353 1111 2534 1184 (Aes)
2561 1113 2642 1168 Ab
2672 1115 2921 1171 omnibus
2973 1118 3153 1172 saeculi
3181 1134 3301 1174 cum
3331 1135 3475 1174 mor-

1904 1198 2010 1252 tale
2034 1199 2136 1253 hoe
2166 1200 2350 1257 induet
2397 1202 2857 1262 immortalitatem
2893 1227 2904 1262 :
2939 1217 2993 1264 et
3021 1209 3123 1265 hoc
3169 1226 3295 1265 vere
3347 1212 3470 1276 erit,

1904 1292 2031 1361 quia
2053 1293 2164 1362 jam
2191 1301 2276 1347 est
2302 1310 2423 1363 spes
2457 1314 2470 1349 :
2496 1304 2552 1351 et
2601 1299 2701 1354 hoc
2749 1308 2832 1355 est
2860 1317 2874 1356 :
2905 1320 2922 1351 ι
2953 1301 3215 1368 Quoniam
3262 1311 3338 1369 tu,
3368 1301 3473 1358 Do-

1909 1401 1929 1434 t
1967 1385 2132 1450 mine,
2169 1405 2188 1437 ι
2221 1396 2275 1441 et
2297 1388 2543 1458 profecto
2571 1393 2676 1446 erit
2711 1393 2854 1463 quod
2877 1403 3146 1466 speratur.

2481 1522 2801 1582 PSALMUS
2841 1525 2907 1581 V.
2961 1525 2966 1532 ’

1975 1651 2135 1710 Vens.
2166 1656 2217 1709 1.
2244 1687 2317 1698 -
2347 1676 2366 1709 t
2397 1658 2502 1713 Pro
2533 1673 2595 1715 ea
2628 1676 2747 1730 quae
2792 1665 3142 1735 consequitur
3195 1667 3480 1722 haeredita-

1904 1754 2032 1800 tem.
2070 1767 2087 1799 ι
2127 1748 2263 1815 Quia
2315 1751 2403 1806 hic
2432 1752 2729 1807 honoratur
2777 1755 2862 1809 cui
2905 1758 3147 1811 habenda
3198 1759 3482 1814 haereditas

1905 1837 2226 1907 affirmatur,
2267 1857 2298 1896 a
2329 1858 2434 1912 qua
2482 1845 2672 1899 aemula
2721 1846 3042 1925 excluditur.
3095 1849 3332 1904 Ecclesia
3377 1860 3480 1916 est,

225 1920 370 2005 Sela,
414 1942 464 1994 id
514 1949 616 2003 est,
665 1953 878 2008 semper
906 1939 959 1992 in
992 1937 1403 1992 conﬁrmatione
1448 1939 1802 2007 prtecedentis
1832 1920 1880 1980 Β
1907 1944 2026 1999 quae
2071 1931 2460 2000 Ῐιίθΐθάῖιδῑθηιν
2504 1935 2556 1990 id
2600 1920 2934 2003 θεῖν-νίωίη
2980 1949 3260 2006 ἱειθΐιιθῐη,
3310 1943 3481 2012 ipsum

224 2032 410 2103 partis.
443 2029 799 2102 Sympsalma,
835 2029 886 2084 id
917 2037 1021 2094 est,
1049 2025 1359 2095 coniunctio
1389 2029 1599 2098 psalmi.
1638 2048 1654 2080 ι
1693 2029 1799 2084 Do-

228 2125 404 2178 minus
451 2123 722 2176 exaudiet.
753 2142 772 2174 ο
814 2123 889 2176 De
924 2120 1109 2190 requie
1156 2121 1253 2186 ita,
1282 2130 1337 2175 et
1381 2136 1477 2177 vos
1521 2139 1533 2175 :
1583 2130 1638 2179 et
1682 2123 1804 2178 ideo

227 2217 477 2280 clamate,
507 2215 586 2270 sic
609 2214 755 2283 digni
782 2213 989 2266 auditu.

297 2307 458 2362 Vens.
490 2306 543 2360 5.
565 2335 637 2348 --
667 2324 686 2357 t
722 2303 1048 2360 lrascimini.
1083 2323 1104 2358 ι
1141 2303 1198 2360 Si
1232 2313 1412 2361 motus
1435 2305 1608 2377 surgit
1635 2305 1803 2360 animi

227 2397 318 2467 qui
333 2413 438 2452 non
452 2405 536 2452 est
548 2397 601 2451 in
613 2405 900 2468 potestate,
917 2412 1022 2452 non
1037 2397 1088 2452 ei
1103 2397 1406 2454 consentiat
1421 2397 1578 2453 ratio.
1601 2397 1802 2470 (Cass)

229 2487 405 2544 Motus
447 2488 613 2543 animi
668 2488 722 2541 in
779 2495 1048 2558 potestate
1077 2496 1260 2543 nostra
1291 2503 1397 2542 non
1425 2496 1528 2553 est,
1570 2489 1664 2542 sed
1708 2488 1804 2544 Dei

229 2580 400 2651 gratia
432 2588 732 2650 temperare
758 2593 1045 2648 possumus
1075 2596 1088 2632 :
1122 2579 1264 2648 quod
1297 2592 1427 2649 ergo
1461 2578 1805 2634 consuetudi-

228 2673 316 2728 nis
337 2681 439 2736 est,
467 2671 768 2741 permittit;
821 2671 963 2742 quod
990 2670 1179 2741 culpat,
1209 2671 1482 2740 prohibet.

301 2765 504 2838 (lites)
528 2765 642 2821 Hoc
670 2765 826 2820 docet
864 2764 1154 2834 Apostolus
1188 2783 1199 2816 :
1241 2783 1258 2814 ι
1295 2763 1386 2817 Sol
1439 2778 1542 2817 non
1592 2763 1806 2818 occidat

233 2875 254 2910 ε
291 2873 454 2928 super
481 2856 817 2912 iracundiam
845 2864 1076 2910 vestram
1109 2853 1324 2925 (Ephes.
1359 2854 1459 2925 tv),
1497 2873 1515 2905 ι
1563 2863 1623 2908 ut
1675 2869 1803 2925 pec-

229 2953 412 3001 catum
443 2947 514 3000 sit
538 2945 759 3001 omnino
788 2943 873 2999 vel
904 2945 1090 2998 leviter
1114 2944 1272 2998 irasci
1308 2963 1320 2997 :
1347 2943 1557 3013 justitia
1601 2955 1801 3012 autem,

231 3037 364 3093 iram
399 3037 558 3092 celeri
592 3036 923 3106 paenitudine
949 3036 1212 3106 mitigare.
1271 3054 1288 3086 ι
1335 3034 1391 3088 In
1429 3036 1680 3091 cordibus
1709 3051 1804 3091 ve-

235 3150 252 3184 t
289 3130 441 3185 stris.
478 3149 495 3180 »
530 3129 712 3200 (Αυσ.)
741 3129 814 3182 De
841 3128 923 3182 his
943 3142 1063 3196 quae
1094 3127 1339 3181 tractatis
1363 3127 1415 3180 in
1437 3127 1620 3191 corde,
1643 3141 1803 3196 quem

229 3221 380 3278 novit
405 3220 546 3275 Deus
572 3237 584 3272 :
616 3220 668 3273 id
696 3227 798 3283 est,
833 3219 898 3272 de
921 3233 1220 3281 consensu;
1247 3226 1302 3272 et
1325 3217 1390 3271 de
1424 3217 1508 3273 his
1539 3231 1658 3287 qua:
1684 3216 1802 3272 vol-

1906 2021 2074 2076 Deum
2139 2025 2373 2093 accipit,
2421 2041 2542 2096 qua:
2587 2028 2673 2083 hic
2733 2028 2970 2100 loquitur
3020 2033 3086 2087 de
3146 2033 3482 2102 hmeditate,

1905 2129 2067 2184 quam
2108 2115 2210 2172 sibi
2241 2117 2394 2186 petit,
2423 2127 2476 2174 et
2504 2121 2718 2186 asserit,
2752 2121 3000 2176 aemulam
3037 2125 3222 2179 dicens
3249 2126 3478 2181 excludi.

1906 2207 2119 2279 (Beas)
2146 2207 2202 2264 ld
2224 2219 2440 2281 est,pro
2466 2212 2724 2276 Ecclesia,
2753 2215 3126 2284 quae,Christo
3149 2229 3483 2291 resurgentc,

1901 2299 2171 2356 bonorum
2213 2303 2570 2372 spiritualium
2615 2306 2754 2360 dona
2798 2309 3070 2378 percepit,
3116 2325 3236 2380 quae
3273 2319 3328 2365 et
3372 2311 3483 2380 ipsa

1905 2407 2293 2462 nonnunquam
2332 2393 2545 2450 Domini
2572 2407 2798 2452 vocatur
2826 2397 3147 2464 haereditas,
3180 2398 3332 2469 cujus
3358 2417 3486 2472 pre-

1907 2485 2045 2540 tioso
2093 2496 2177 2541 est
2224 2487 2486 2554 sanguine
2532 2498 2842 2559 comparata
2881 2509 2895 2544 :
2937 2491 3079 2547 unde
3125 2492 3324 2549 dictum
3367 2502 3480 2549 est:

1912 2595 1931 2628 ι
1964 2575 2181 2632 Postula
2235 2594 2266 2632 a
2311 2593 2415 2645 me,
2441 2587 2493 2634 et
2541 2581 2680 2636 dabo
2729 2581 2821 2636 tibi
2873 2591 3083 2655 gentes,
3117 2586 3480 2641 hrereditatem

1911 2686 1929 2718 ‹
1969 2677 2134 2722 tuam.
2173 2689 2192 2722 ι
2226 2670 2393 2726 Totus
2435 2687 2564 2744 ergo
2609 2673 2848 2743 psalmus
2876 2692 3156 2746 apersona
3205 2679 3484 2735 catholica:

1905 2757 2181 2830 profertur
2205 2759 2481 2829 Ecclesize,
2525 2779 2643 2832 quae
2686 2767 2861 2836 prima
2901 2769 3139 2823 sectione
3183 2770 3482 2825 orationem

1906 2867 2059 2906 suam
2089 2852 2262 2920 poscit
2301 2853 2494 2920 audiri,
2532 2856 2814 2913 haereticos
2846 2866 2901 2912 et
2934 2859 3309 2917 schismaticos
3346 2878 3487 2932 prae-

1907 2943 2092 2998 dicans
2120 2958 2149 2995 a
2179 2944 2391 2999 Domini
2434 2949 2750 3004 muneribus
2791 2965 2913 3005 esse
2960 2951 3342 3009 excludendos.
3391 2954 3486 3010 Se-

1882 3034 2082 3087 .cunda
2123 3036 2361 3091 sectione
2398 3052 2500 3106 per
2543 3039 2872 3095 intellectum
2901 3042 3305 3114 Seriptnrarum
3353 3047 3488 3101 divi-

1907 3138 2098 3176 narum
2155 3133 2304 3179 recto
2353 3129 2572 3184 tramite
2617 3131 2774 3201 dirigi
2842 3147 2899 3187 se
2961 3135 3028 3188 ad
3083 3135 3224 3190 illam
3272 3135 3483 3194 felicem

1906 3216 2136 3285 patriam
2166 3217 2508 3286 deprecatur,
2539 3222 2772 3290 perfidos
2818 3224 2942 3278 inde
2968 3241 3218 3283 asserens
3248 3228 3486 3287 funditus

233 3313 359 3368 vitis
408 3313 461 3366 in
491 3311 680 3372 cubili,
712 3309 763 3365 id
814 3318 898 3364 est
944 3309 1296 3363 delectatione
1350 3308 1550 3373 carnis,
1594 3309 1648 3362 in
1696 3324 1802 3378 qua
1830 3290 1876 3354 (ἶ
1909 3307 2025 3361 ﬁeri
2056 3307 2280 3363 alienos.
2331 3309 2411 3364 Ad
2439 3321 2768 3382 postremum
2804 3330 3237 3373 commemorans
3265 3322 3484 3388 przetnia

230 3404 438 3474 captiva
471 3411 715 3455 versatur
735 3400 889 3461 ratio,
916 3407 973 3451 ut
1001 3397 1116 3452 fera
1146 3399 1200 3452 in
1229 3398 1390 3452 cubili
1416 3439 1431 3464 ,
1479 3417 1496 3449 ‹
1535 3398 1803 3470 Compun-

237 3513 256 3548 t
293 3495 500 3564 gimini,
541 3513 559 3546 ι
593 3508 690 3564 per
727 3492 1136 3563 paenitentiam;
1180 3491 1262 3545 vel
1301 3491 1499 3546 cubilia
1540 3500 1665 3546 sunt
1713 3508 1804 3547 co-

232 3591 517 3661 gitationes
541 3587 817 3642 ferociam.
853 3585 1051 3656 (Cass)
1077 3584 1314 3639 Venialis
1338 3592 1417 3639 est
1454 3585 1530 3638 ira
1555 3600 1672 3654 qure
1697 3602 1803 3640 non

235 3680 451 3737 ducitur
499 3679 566 3732 ad
608 3677 879 3732 effectum.
961 3675 1289 3745 Diapsalma.
1346 3694 1364 3727 ‹
1394 3673 1730 3731 Sacriﬁcate.
1778 3696 1796 3729 ι

232 3772 431 3848 (Cass)
453 3772 705 3843 Deposito
734 3770 900 3824 veteri
920 3770 1156 3834 homine,
1182 3784 1279 3823 nos
1301 3769 1353 3822 in
1375 3767 1700 3823 sacrificium
1716 3766 1806 3836 ju-

231 3867 425 3922 bemur
443 3863 644 3928 olferri,
669 3862 794 3932 quia
822 3861 952 3914 certi
983 3861 1049 3914 de
1077 3860 1250 3913 bonis.
1287 3857 1468 3930 (Aus)
1524 3878 1541 3910 t
1580 3858 1805 3912 Sacriﬁ-

237 3976 256 4010 ι
285 3957 424 4011 cium
445 3955 684 4024 justitiae,
719 3975 737 4006 ι
784 3953 1002 4023 spiritus
1050 3951 1460 4015 eontribulatus,
1494 3959 1552 4003 ut
1599 3966 1657 4005 se
1703 3967 1804 4021 pu-

230 4049 385 4104 niens
407 4056 606 4101 mactet
630 4045 738 4099 Deo
760 4064 771 4098 :
793 4044 898 4110 vel,
926 4060 1088 4114 Opera
1105 4041 1251 4112 jnsta
1287 4049 1408 4111 post
1432 4041 1805 4111 paenitentiam

231 4139 372 4211 quod
393 4147 542 4194 notat
568 4137 877 4206 diapsaltna,
914 4144 970 4189 ut
995 4136 1060 4190 de
1091 4134 1257 4189 veteri
1276 4134 1382 4186 vita
1411 4141 1714 4188 transeatur
1737 4133 1807 4189 ad

229 4246 448 4293 novam,
481 4238 532 4283 et
555 4230 633 4284 sic
661 4235 874 4297 sperate
923 4226 1083 4282 bona.
1118 4224 1223 4280 Sed
1277 4226 1404 4294 quia
1450 4224 1538 4278 vix
1579 4234 1662 4280 est
1713 4226 1805 4296 qui

231 4322 417 4393 diligat
447 4319 702 4374 interiora
733 4320 894 4381 bona,
919 4315 1100 4371 subdit
1139 4333 1152 4368 :

299 4411 463 4468 Vens.
491 4411 543 4466 6.
579 4441 648 4450 -—
682 4427 699 4460 t
737 4407 884 4462 Multi
923 4408 1110 4464 dicunt
1142 4425 1155 4460 :
1191 4405 1324 4474 Quis
1365 4406 1603 4460 ostendit
1650 4405 1808 4461 nobis

233 4524 252 4558 ι
282 4505 469 4560 bona?
505 4523 523 4556 ι
559 4502 782 4566 Futura,
812 4501 1016 4556 scilicet
1042 4500 1107 4554 de
1135 4499 1332 4568 quibus
1353 4498 1599 4553 dubitant
1626 4506 1682 4553 et
1709 4499 1804 4552 de-

225 4607 468 4670 sperant.
499 4596 582 4651 Ad
611 4596 753 4664 quod
777 4593 1110 4664 respondens
1151 4587 1392 4646 dstendit
1416 4590 1658 4646 breviter
1683 4604 1804 4661 quae

224 4692 366 4749 bona
395 4699 521 4747 sunt
546 4689 852 4760 quaerenda.

301 4786 462 4842 Vens.
509 4785 562 4838 'l.
591 4813 662 4823 —
711 4803 729 4834 ί
785 4779 1065 4852 Signatum
1103 4787 1188 4834 est
1231 4793 1394 4849 super
1440 4793 1539 4834 nos
1585 4777 1798 4843 lumen,

223 4887 330 4932 etc.
365 4895 384 4930 ι
417 4874 596 4947 (Aes)
614 4873 726 4930 Hoc
746 4873 924 4927 lumen
955 4880 1037 4927 est
1067 4878 1258 4935 totum,
1285 4880 1340 4924 et
1364 4884 1548 4924 verum
1565 4869 1801 4924 hominis

224 4968 448 5032 bonum,
477 4982 584 5036 quo
633 4965 897 5036 signatur,
944 4971 1003 5016 ut
1050 4961 1304 5015 denarius
1346 4959 1578 5030 imagine
1631 4958 1796 5029 regis.

230 5076 251 5111 ι
286 5057 512 5112 Lumen.
548 5075 567 5108 ι
601 5053 780 5128 (Αυα.)
802 5053 1029 5115 Lumen,
1053 5051 1106 5105 id
1135 5059 1240 5113 est,
1267 5049 1567 5102 luminosus
1597 5046 1796 5112 vultus,

221 5155 284 5206 et
315 5145 628 5204 illuminans
671 5160 787 5208 nos,
835 5143 1010 5212 imago
1051 5155 1155 5209 qua
1197 5138 1556 5209 cognosceris.
1592 5135 1793 5208 (Cass)

224 5238 324 5296 Vel
348 5256 361 5291 :
389 5235 536 5292 Crux
565 5235 719 5290 nobis
745 5234 1002 5303 impressa
1018 5239 1124 5296 est,
1139 5231 1192 5286 in
1217 5230 1428 5301 signum
1443 5228 1583 5298 regis
1599 5227 1792 5292 nostri,

225 5343 348 5400 quae
376 5338 461 5383 est
489 5326 669 5381 lumen
697 5323 877 5378 vultus
912 5337 926 5375 :
958 5324 1082 5392 quia
1105 5322 1159 5376 in
1191 5319 1388 5376 talibus
1413 5320 1589 5376 radiat
1631 5318 1792 5374 Deus.

223 5424 406 5493 Imago
427 5418 735 5483 creationis,
765 5415 939 5482 ratio;
998 5413 1364 5479 recreationis,
1401 5412 1605 5484 gratia;
1648 5411 1798 5466 simi-

222 5513 489 5578 litudinis,
516 5520 626 5566 tota
653 5509 909 5565 Trinitas.
947 5525 967 5559 t
995 5505 1054 5561 In
1085 5507 1263 5561 corde.
1297 5503 1478 5576 (Aus)
1522 5502 1638 5559 Non
1667 5503 1797 5559 foris

222 5603 280 5660 in
309 5602 481 5668 vanis,
506 5602 600 5656 sed
621 5600 765 5655 intus
792 5597 883 5653 ubi
926 5597 1130 5652 habitat
1177 5594 1342 5662 Deus,
1383 5595 1665 5665 quaerenda
1713 5601 1798 5650 est

221 5696 432 5754 laetitia.
544 5676 554 5698 '

297 5785 461 5842 Vens.
491 5787 637 5842 8.-
665 5803 684 5837 t
725 5783 772 5838 A
811 5781 1008 5836 fructu.
1056 5799 1076 5832 ι
1121 5777 1295 5849 (αλδ.)
1346 5776 1480 5844 Quia
1520 5786 1712 5848 putant
1741 5778 1796 5832 itt

221 5877 314 5937 his
361 5884 790 5936 consummatum
836 5877 1055 5932 bonum.
1108 5869 1232 5927 Haec
1263 5869 1362 5942 tria
1389 5879 1642 5940 tanquam
1683 5869 1797 5926 usi-

1907 3398 2186 3454 beatorum
2209 3441 2224 3466 ,
2266 3409 2326 3456 ut
2371 3419 2475 3457 una
2509 3405 2892 3473 praedicatione
2931 3416 2986 3462 et
3024 3408 3195 3464 malos
3229 3413 3481 3480 pr:edicta

1906 3507 2064 3564 poena
2093 3503 2454 3561 converteret,
2483 3504 2539 3551 et
2565 3496 2740 3568 justos
2765 3499 3029 3570 promissa
3057 3504 3276 3582 praemia
3305 3505 3486 3558 conci-

1909 3589 2104 3636 tarent.

1979 3671 2144 3726 Vens.
2200 3672 2253 3726 2.
2283 3704 2355 3713 -
2398 3692 2417 3726 t
2463 3674 2639 3731 Verba
2683 3693 2824 3733 mea.
2851 3679 2885 3732 ἰ
2930 3677 3132 3751 (Cass)
3171 3681 3270 3737 Hic
3311 3683 3488 3740 innuit

1908 3763 2173 3831 propheta
2224 3765 2423 3818 trinam
2467 3767 2770 3822 orationem
2817 3783 2937 3826 esse
2981 3771 3296 3828 faciendam.
3347 3775 3482 3831 Sunt

1908 3851 2052 3906 enim
2091 3853 2192 3907 tria
2229 3854 2547 3925 principalia
2583 3857 2712 3911 vitia
2751 3859 2804 3912 in
2837 3862 3126 3930 prosperis,
3176 3863 3276 3917 tria
3307 3865 3359 3919 in
3390 3866 3484 3919 ad-

1909 3943 2120 3997 versis:
2148 3953 2333 3998 contra
2371 3961 2491 4015 quae
2534 3947 2733 4002 trinam
2767 3949 3024 4005 debemus
3068 3951 3247 4008 facere
3285 3957 3485 4010 oratio-

1909 4049 2052 4088 nem.
2097 4034 2154 4089 In
2193 4039 2483 4108 prosperis,
2527 4048 2713 4094 contra
2751 4043 2930 4097 carnis
2968 4047 3480 4114 concupiscentiam,

1910 4135 2097 4182 contra
2125 4130 2616 4200 concupiscentiam
2645 4134 2944 4198 oculorum,
2962 4146 3149 4190 contra
3177 4140 3483 4207 superbiam

1907 4222 2049 4275 vitaz.
2096 4221 2153 4276 In
2189 4224 2449 4287 adversis,
2483 4235 2670 4280 contra
2713 4228 2960 4282 timorem
2993 4231 3203 4296 mortis,
3235 4233 3482 4301 periculi,

1909 4315 2174 4370 utilitatis.
2225 4315 2414 4386 (Ibid.)
2453 4319 2616 4372 Trina
2647 4321 2843 4385 oratio,
2875 4321 3060 4385 verba,
3110 4324 3221 4377 oris
3251 4324 3484 4393 psalmo-

1909 4405 2070 4470 diam,
2094 4405 2408 4471 clamorem,
2431 4409 2610 4463 cordis
2636 4407 2907 4474 affectum,
2933 4409 3084 4464 ideo:
3109 4430 3128 4460 ι
3150 4412 3434 4470 Exaudies.
3459 4436 3477 4468 ι

1909 4493 2050 4550 Ecce
2105 4505 2187 4550 ter
2232 4497 2298 4550 de
2335 4497 2544 4552 eodem.
2606 4515 2624 4548 t
2654 4499 2908 4554 Auribus.
2942 4519 2960 4551 ι
3019 4502 3193 4559 Aures
3220 4504 3314 4560 Dei
3356 4518 3484 4564 sunt

1909 4587 2167 4654 potentia,
2198 4587 2499 4642 clementia.
2552 4588 2819 4653 Potentia,
2853 4607 2958 4662 qua
2982 4603 3198 4664 potest:
3243 4598 3480 4655 clemen-

1907 4679 2003 4744 tia,
2020 4692 2125 4748 qua
2147 4677 2259 4732 vult
2283 4679 2496 4745 audire;
2516 4679 2619 4735 nisi
2634 4680 2776 4734 enim
2801 4691 2945 4738 esset
2959 4683 3265 4754 clementia,
3287 4689 3484 4746 nttllius

1903 4785 2091 4840 preces
2115 4771 2416 4826 exaudiret.
2973 4819 2980 4827 .

1976 4859 2138 4915 Vens.
2171 4860 2223 4914 '5.
2267 4891 2335 4900 ——
2379 4880 2397 4912 t
2427 4858 2578 4915 Voci.
2611 4880 2630 4913 ι
2684 4860 2776 4916 Illa
2832 4864 3010 4920 oratio
3057 4881 3242 4923 vocem
3293 4870 3479 4938 habet,

1902 4962 2022 5018 qua:
2051 4958 2134 5004 est
2158 4949 2316 5019 digna
2341 4949 2534 5004 audiri.
2570 4969 2588 5001 ‹
2621 4949 2756 5005 Rex.
2784 4970 2804 5004 ι
2832 4952 3012 5026 (Αυα.)
3044 4956 3264 5026 Proprie
3293 4959 3478 5024 Filius,

1901 5041 2039 5096 bene
2063 5041 2238 5111 primo
2270 5057 2386 5107 rex,
2415 5043 2539 5112 quia
2571 5059 2670 5113 per
2691 5059 2814 5100 eum
2845 5045 2955 5100 itur
2983 5049 3050 5103 ad
3071 5048 3310 5115 Patrem,
3339 5053 3479 5109 unde

1899 5135 2078 5190 subdit
2109 5150 2125 5189 :
2160 5135 2227 5189 Et
2252 5154 2270 5185 ‹
2302 5135 2442 5190 Dens
2464 5152 2648 5192 meus:
2683 5157 2702 5189 ι
2727 5145 2782 5191 et
2808 5147 2987 5194 tamen
3015 5141 3276 5212 non.dicit
3302 5143 3478 5199 inten-

1899 5227 2033 5292 dite,
2061 5227 2155 5282 sed
2187 5227 2421 5291 intende,
2458 5229 2583 5297 quia
2619 5245 2757 5284 untts
2779 5230 2942 5285 Deus.

1977 5319 2138 5375 Vens.
2169 5319 2224 5374 4.
2269 5350 2340 5360 -
2382 5340 2399 5372 ι
2427 5320 2721 5388 Quoniam,
2759 5331 2866 5377 etc.
2907 5342 2926 5374 ι
2955 5322 3138 5395 (Αυσ.)
3189 5324 3478 5398 [lucusque

1899 5409 2072 5464 oratio
2103 5419 2162 5463 ut
2197 5410 2466 5475 audiatur,
2495 5421 2622 5478 etc.,
2646 5429 2808 5484 usque
2846 5412 2916 5466 ad
2945 5422 3000 5468 et
3026 5415 3128 5470 hoc
3153 5431 3314 5472 mane
3349 5433 3475 5474 mox

1902 5512 1963 5558 ut
1986 5503 2236 5558 tenebras
2262 5503 2480 5558 deserit.

1971 5595 2134 5650 Vens.
2186 5593 2340 5648 5.-
2369 5613 2386 5646 ‹
2419 5592 2573 5648 Mane
2618 5595 2823 5648 astabo.
2856 5611 2875 5645 ι
2921 5593 3118 5665 (ωδε.)
3157 5593 3276 5662 Vel,
3316 5609 3474 5653 mane

1902 5688 2117 5760 quando
2174 5687 2395 5756 incipiet
2448 5687 2754 5750 mternitas,
2804 5694 2860 5740 et
2901 5695 3028 5742 tunc
3072 5688 3228 5757 plene
3277 5687 3474 5744 videbo

1900 5781 2042 5852 quod
2075 5795 2180 5835 non
2206 5782 2381 5849 placet
2421 5779 2672 5848 iniquitas
2700 5797 2714 5834 :
2739 5779 2866 5850 quia
2889 5788 3015 5834 tunc
3049 5795 3156 5835 non
3180 5780 3467 5845 habitabit,

1907 5891 1925 5923 ι
1975 5871 2068 5925 sed
2103 5869 2320 5924 tolletur
2364 5869 2581 5937 impius,
2610 5884 2678 5924 ne
2704 5869 2883 5925 videat
2923 5870 3143 5941 gloriam
3193 5871 3283 5927 Dei
3331 5871 3466 5944 (Ισα.
