3982 6352
533 491 634 560 851

1028 489 1416 544 WALAFRIDI
1459 487 1702 542 STliABl
1741 486 1941 542 FULD.
1985 486 2092 542 ΜΟ]

2205 486 2335 541 )PP.
2380 487 2557 548 rans
2597 489 2635 542 l.
2675 515 2743 527 -
2782 453 3234 542 τηεοιοειεΑ.

531 605 722 678 nu):
753 623 773 658 ν
808 611 866 658 et
903 612 1028 657 tunc
1058 617 1164 657 non
1193 602 1600 671 permanebunt,
1656 601 1757 655 etsi
1786 601 2093 664 misericor-
2121 606 2172 663 Α
2198 599 2612 658 aedificaverunt.
2653 600 2791 660 Dicit
2817 614 2946 672 ergo
2973 598 3061 662 hic
3091 617 3103 653 :
3139 616 3157 650 ι
3188 596 3331 654 Sana
3358 638 3371 664 ,
3417 616 3434 649 ι
3480 611 3551 652 ne
3593 596 3670 652 ibi
3711 598 3782 652 sit

533 697 676 764 diem
703 694 824 766 ejus
852 691 1156 756 habuerint.

603 783 766 844 Vm.
797 783 851 840 6.
878 811 948 832 -ιι-
975 797 1000 836 ι
1034 779 1218 851 Neque
1241 782 1634 852 permanebunt
1675 778 1880 850 iniusti.
1918 798 1936 832 ι
1993 778 2096 846 Qui

533 874 675 938 mala
707 873 932 934 faciunt.
983 871 1117 932 Nam
1165 871 1326 932 odisti
1367 873 1458 943 qui
1511 873 1822 942 operantur,
1872 885 1979 926 non
2006 869 2098 941 qui

533 967 736 1038 operati
767 975 911 1022 sunt.

603 1059 767 1116 Vens.
799 1059 851 1114 7.
881 1087 951 1098 —
987 1075 1006 1109 ι
1035 1055 1233 1116 Perdes
1257 1072 1446 1120 omnes
1485 1058 1580 1134 qui
1620 1056 1914 1128 loquuntur
1940 1070 2096 1112 men-

533 1151 764 1208 dacium.
803 1171 822 1204 ι
855 1147 1037 1222 (Ana)
1067 1148 1199 1217 Quia
1237 1152 1339 1208 hoc
1381 1159 1464 1210 est
1485 1151 1698 1214 veritati
1742 1149 2094 1208 contrarium.

533 1240 750 1296 Veritas
775 1251 860 1295 est
887 1241 952 1296 de
978 1255 1043 1302 eo
1067 1241 1208 1314 quod
1237 1249 1338 1296 est.
1373 1241 1705 1300 Mendacium
1738 1255 1842 1298 non
1867 1249 1949 1296 est
1974 1240 2100 1296 sub-

534 1335 731 1387 stantia
777 1330 861 1386 vel
904 1341 1116 1406 natura,
1159 1332 1252 1390 sed
1281 1333 1347 1388 de
1371 1348 1436 1394 eo
1462 1333 1606 1404 quod
1635 1347 1740 1390 non
1769 1340 1870 1396 est,
1902 1340 1956 1386 et
1983 1345 2096 1386 me-

532 1423 638 1477 rito
671 1423 932 1492 perditur,
983 1423 1125 1492 quod
1161 1423 1393 1478 declinat
1429 1425 1495 1478 ab
1535 1440 1600 1479 eo
1635 1425 1774 1495 quod
1806 1432 1890 1478 est
1931 1424 1998 1477 ad
2046 1422 2100 1477 id

531 1513 671 1582 quod
717 1527 822 1567 non
851 1520 954 1567 est.
1005 1512 1191 1583 (lbid.)
1217 1513 1426 1568 Mentiri
1475 1523 1556 1568 est
1601 1513 1744 1582 loqui
1780 1521 1966 1566 contra
1997 1511 2100 1565 hoc

529 1606 671 1676 quod
698 1605 879 1660 animo
919 1605 1168 1662 sentitur.
1219 1605 1406 1677 (Ibid,)
1451 1609 1588 1668 Sunt
1628 1604 1906 1666 mendacia
1954 1617 2099 1673 quae-

530 1696 651 1750 dam
678 1710 776 1768 pro
805 1695 996 1768 salute,
1030 1706 1161 1768 etc.,
1199 1715 1358 1769 usque
1403 1700 1472 1756 ad
1505 1714 1610 1756 non
1649 1697 1881 1766 cogitavi
1915 1696 2099 1752 furen.

532 1794 637 1840 tem
669 1800 826 1858 posse
861 1795 1122 1855 repetere.

600 1873 762 1930 Vens.
791 1875 844 1932 8.
867 1904 939 1916 --
963 1894 982 1928 ι
1017 1876 1130 1950 Ego
1157 1884 1356 1936 autem.
1389 1895 1406 1938 ι
1442 1876 1622 1952 (Anc)
1652 1876 1855 1942 Tertio,
1885 1876 2016 1932 dicit
2041 1891 2100 1938 se

2199 707 2354 770 Opus,
2385 694 2524 750 unde
2554 691 2732 752 subdit
2763 708 2776 744 :
2811 711 2830 745 ι
2861 691 3136 756 Miserere.
3167 711 3185 758 φ

2269 785 2434 842 Vens.
2462 786 2514 840 5.
2540 805 2650 854 -ς
2687 783 2935 846 Infirmus
2989 804 3008 840 ι
3058 783 3241 858 (Anc)
3263 783 3438 848 Reate
3463 781 3785 846 inﬁrmatur

2200 877 2397 940 anima,
2435 892 2464 929 a
2492 890 2596 945 quo
2629 877 2921 946 sana,quia
2955 891 3101 939 ossa,
3143 877 3194 930 id
3224 885 3325 940 est,
3368 888 3525 929 mens
3551 882 3784 929 contur-

2199 966 2359 1028 batur
2385 967 2451 1020 ad
2477 966 2842 1038 prmsentiam,
2874 975 2928 1020 et
2961 967 3162 1031 anima,
3193 967 3251 1026 id
3281 976 3385 1032 est,
3411 964 3780 1028 sensualitas:

2199 1070 2346 1126 ergo,
2374 1071 2648 1126 usquequo
2673 1053 2873 1118 differs,
2892 1055 3041 1125 quasi
3066 1055 3209 1110 dicat
3235 1074 3250 1113 :
3274 1055 3412 1128 Quid
3444 1064 3616 1114 restat
3644 1054 3786 1128 quin

2200 1148 2394 1204 sanes?
2425 1146 2761 1220 «Usquequo.
2783 1166 2801 1199 ι
2833 1145 3203 1220 (Auc.)lnnuit
3229 1162 3286 1201 se
3311 1147 3398 1201 diu
3429 1146 3626 1200 luctari
3655 1160 3784 1198 cum

2200 1238 2362 1292 vitiis.
2410 1236 2526 1291 Non
2562 1246 2643 1292 est
2672 1245 2853 1292 autem
2895 1237 3185 1292 crudelitas
3209 1237 3394 1292 dilatio
3423 1235 3544 1301 Dei,
3591 1235 3694 1291 sed
3726 1243 3786 1289 ut

2199 1330 2521 1408 persuadeat
2559 1329 2791 1392 animae,
2833 1330 2888 1382 in
2935 1344 3054 1399 quae
3091 1329 3234 1386 mala
3278 1345 3336 1384 se
3381 1327 3780 1399 praecipitavit.

2200 1419 2443 1478 Nondum
2481 1420 2623 1474 enim
2667 1428 2777 1476 tam
2816 1418 3053 1489 perfecte
3114 1428 3272 1486 orat,
3325 1427 3387 1474 ut
3427 1420 3477 1474 ei
3525 1420 3782 1474 dicatur:

2206 1530 2224 1562 ε
2253 1510 2444 1566 Adhuc
2473 1520 2525 1566 te
2549 1510 2798 1581 loquente
2827 1512 3021 1575 dicam,
3046 1527 3171 1567 ecce
3200 1511 3386 1566 adsum
3409 1509 3550 1584 (lea.
3576 1511 3736 1584 ιη).
3765 1530 3782 1563 ι

2202 1599 2272 1658 Ut
2305 1616 2370 1656 ex
2402 1600 2710 1656 difficultate
2739 1602 3031 1656 sanationis
3073 1601 3196 1656 inde
3226 1603 3397 1671 magis
3434 1611 3630 1656 caveat
3655 1602 3786 1666 sibi,

2201 1702 2255 1748 et
2299 1701 2357 1747 ut
2402 1693 2714 1747 ostendatur
2755 1709 2875 1764 qua:
2918 1709 3076 1762 pmna
3118 1695 3189 1748 sit
3233 1710 3339 1750 non
3380 1695 3692 1758 conversis,
3740 1694 3786 1749 si

2201 1794 2352 1842 tanta
2401 1784 2681 1840 diflieultas
2736 1786 2806 1840 sit
2853 1787 3149 1852 conversis,
3198 1787 3342 1843 unde
3386 1805 3398 1841 :
3456 1805 3475 1838 ι
3517 1786 3578 1840 Si
3600 1787 3788 1853 justus

2201 1878 2290 1934 vix
2319 1878 2629 1944 salvabitur,
2658 1877 2862 1950 impius
2891 1878 2978 1936 ubi
3009 1879 3318 1956 apparebit?
3355 1898 3374 1931 ι
3409 1878 3460 1948 (1
3496 1879 3651 1936 Patr.
3687 1880 3786 1950 tv.)

530 1963 764 2030 futuram
795 1967 1006 2030 domum
1037 1968 1151 2034 Dei,
1196 1976 1250 2032 et
1290 1985 1433 2032 nunc
1468 1969 1776 2042 proximare
1821 1970 1875 2034 in
1907 1971 2098 2026 timore
2125 1981 2174 2040 Β
2271 1967 2434 2023 Vens.
2481 1968 2536 2026 5.
2562 1999 2634 2009 —
2677 1986 2696 2020 ‹
2722 1966 3066 2024 Convertere.
3111 1989 3128 2022 ι
3166 1969 3379 2043 (Cass)
3419 1969 3522 2040 Qui
3548 1985 3784 2028 aversus

529 2065 653 2116 ante
697 2061 1247 2126 consummationem,
1298 2075 1414 2138 qua:
1457 2061 1672 2136 expellit
1719 2061 1987 2122 timorem.

605 2166 623 2206 ς
658 2147 914 2214 introibq.
947 2169 964 2214 ι
1019 2149 1220 2224 (Casa)
1249 2150 1350 2206 Per
1391 2153 1493 2212 hoc
1531 2152 1783 2218 introibo,
1811 2153 1936 2222 quia
1973 2151 2099 2208 ado-

529 2241 680 2296 rabo.
729 2241 920 2315 (lbid.)
951 2243 1090 2308 Petit
1136 2253 1324 2309 contra
1364 2259 1429 2300 ea
1465 2259 1584 2322 quae
1637 2243 1826 2306 aemula
1871 2244 2092 2322 ingerit:

529 2332 669 2392 unde
695 2331 808 2406 ipsa
839 2333 1057 2403 peribit.

602 2423 761 2484 νειιε.
810 2424 863 2480 9.
907 2455 978 2465 —
1025 2445 1045 2484 ι
1075 2426 1318 2494 Domine,
1369 2425 1558 2486 deduc.
1592 2445 1612 2486 ρ
1665 2423 1845 2496 (Aue.)
1872 2423 2096 2494 Quarto,

526 2516 815 2586 proficiens
859 2517 1004 2580 inter
1055 2519 1434 2589 impedimenta
1476 2527 1596 2572 orat
1620 2517 1797 2596 juvari
1830 2518 1996 2582 intus,
2030 2530 2099 2572 ne

525 2605 721 2684 linguis
750 2606 950 2672 dolosis
976 2616 1270 2674 avertatur.
1309 2628 1326 2660 ι
1362 2610 1416 2664 ln
1443 2609 1652 2684 justitia
1693 2619 1802 2672 tua.
1841 2629 1858 2661 ι
1894 2608 2095 2682 (Cass)

525 2695 659 2766 Quia
705 2697 1031 2768 ptenitentes
1073 2707 1128 2758 et
1169 2698 1436 2782 supplices
1483 2699 1696 2778 recipis.
1737 2717 1754 2750 ι
1792 2699 1846 2754 1η
1872 2713 2096 2770 εοηευε-

526 2797 634 2842 ctu.
671 2808 689 2840 ι
731 2789 911 2866 (Aura)
944 2789 1044 2854 Ubi
1089 2791 1251 2850 homo
1287 2806 1392 2854 non
1415 2791 1583 2858 videt,
1619 2792 1702 2856 cui
1739 2791 1975 2854 laudanti
2012 2791 2095 2846 vel

524 2879 848 2950 vituperanti
894 2896 1000 2946 non
1043 2890 1125 2950 est
1166 2883 1526 2946 credendum:
1573 2884 1695 2952 quia
1738 2898 1838 2942 non
1870 2883 2012 2944 videt
2039 2882 2094 2940 in

523 2972 876 3040 cunscientia,
925 2975 977 3036 in
1022 2989 1128 3058 qua
1179 2977 1284 3034 iter
1329 2976 1396 3040 ad
1437 2974 1604 3034 Deum
1653 2976 1918 3050 dirigitur.
1970 2975 2096 3036 Ideo

523 3065 732 3130 subdit:
758 3086 776 3118 ‹
807 3065 1071 3144 Quoniam
1097 3084 1200 3124 non
1225 3076 1311 3132 est
1345 3069 1395 3124 in
1424 3081 1517 3128 ore
1549 3083 1736 3128 eorum
1765 3069 1982 3123 veritas.
2035 3087 2054 3121 ι

595 3154 756 3224 Vens.
796 3159 880 3224 10.
905 3177 1022 3224 -ς
1056 3157 1315 3234 Quqniam
1343 3166 1576 3222 nonest,
1609 3167 1712 3220 etc.
1747 3178 1764 3210 ›
1798 3157 1910 3214 Non
1936 3158 2094 3222 modo

524 3263 628 3312 non
679 3258 764 3303 est
812 3250 1014 3314 veritas
1067 3250 1122 3310 in
1151 3265 1267 3315 ore.
1310 3251 1402 3314 sed
1462 3250 1807 3320 sepulcrum:
1850 3251 1976 3322 quia
2007 3249 2074 3304 fe-

2197 2078 2336 2125 eras,
2368 2060 2450 2116 vel
2479 2076 2510 2116 a
2531 2061 2788 2116 vindicta.
2828 2079 2847 2116 t
2875 2061 3057 2142 Eripe,
3090 2081 3108 2115 ι
3141 2062 3208 2124 ab
3235 2062 3553 2117 imminente
3584 2071 3784 2117 morte.

2198 2154 2293 2208 Vel
2330 2154 2478 2223 eripe
2526 2154 2762 2208 animam
2812 2153 3050 2223 peccatis
3081 2153 3320 2230 ligatam.
3365 2173 3382 2208 α
3418 2152 3648 2209 Salvum
3701 2170 3786 2209 me

2199 2242 2302 2309 fac,
2329 2252 2458 2310 etc.,
2495 2263 2515 2296 ι
2557 2243 2735 2299 dando
2757 2242 3006 2308 virtutes.

2267 2333 2430 2389 Vens.
2471 2331 2525 2390 6.
2555 2363 2629 2374 —
2663 2350 2684 2386 ι
2719 2330 2983 2404 Quoniam
3031 2348 3136 2388 non
3180 2341 3279 2388 est.
3335 2350 3355 2386 ι
3399 2331 3609 2410 (Cassi
3654 2335 3788 2390 Ideo

2198 2426 2286 2482 hic
2316 2425 2511 2481 festino
2540 2424 2758 2490 dimitti,
2787 2425 2915 2498 quia
2945 2433 3068 2506 post
3105 2434 3332 2484 mortem
3363 2434 3417 2482 et
3459 2427 3514 2482 in
3563 2425 3785 2482 inferno

2198 2534 2303 2574 non
2350 2519 2612 2594 accipitur
2641 2516 2930 2576 confessio.
2983 2537 3002 2571 ‹
3042 2518 3098 2573 ln
3133 2515 3365 2574 inferno.
3417 2517 3610 2590 (Aec.)
3638 2519 3784 2574 Con-

2197 2609 2370 2664 fessus
2398 2619 2481 2665 est
2508 2610 2678 2676 dives,
2701 2608 2792 2684 qui
2813 2608 3076 2664 Lazarum
3101 2609 3249 2674 vidit,
3282 2610 3380 2666 etsi
3403 2609 3780 2679 deprofundo,

2197 2700 2349 2770 cuius
2377 2699 2779 2771 comparatione
2808 2708 3027 2756 coactus
3055 2707 3139 2755 est
3183 2700 3427 2756 cunfiterl
3471 2699 3620 2754 mala
3655 2716 3777 2763 sua,

2197 2804 2367 2862 usque
2395 2791 2548 2855 adeo,
2581 2798 2640 2844 ut
2681 2799 2736 2845 et
2781 2789 2976 2846 fratres
3012 2798 3165 2862 roget
3208 2791 3276 2844 ab
3303 2790 3386 2844 his
3412 2792 3778 2860 praemuneri:

2196 2883 2287 2938 sed
2321 2891 2444 2954 post
2476 2880 2736 2950 judicium
2767 2881 2818 2935 in
2843 2878 3277 2960 profundioribus
3305 2881 3542 2935 tenebris
3571 2880 3784 2934 nullam

2195 2971 2367 3028 lucem
2398 2973 2492 3028 Dei
2521 2973 2799 3038 videbunt,
2833 2972 2920 3025 cui
2971 2969 3346 3030 confiteantur.
3379 2967 3496 3028 Vel.
3537 2979 3780 3024 mortem

2195 3064 2325 3134 dicit
2372 3073 2652 3133 peccatum
2699 3063 2752 3118 in
2800 3076 2908 3140 quo
2941 3061 3222 3118 immemor
3249 3070 3333 3116 est
3361 3060 3452 3115 Del
3485 3061 3582 3130 qui
3622 3076 3784 3115 man-

2197 3159 2319 3212 data
2344 3154 2461 3226 ejus
2488 3153 2806 3210 contemnit.

2269 3249 2434 3303 Vens.
2468 3249 2519 3301 7.
2541 3278 2611 3288 —
2639 3265 2657 3297 (
2678 3244 2960 3300 Laboravi.
2997 3264 3015 3298 ι
3045 3243 3246 3322 (Cass)
3277 3243 3474 3299 Narrat
3500 3259 3783 3301 arumnas

523 3341 633 3396 tida
661 3351 914 3418 premunt
940 3343 1006 3404 ad
1039 3343 1510 3414 corrumpendum,
1535 3344 1731 3414 quibus
1757 3345 1800 3398 si
1830 3360 1935 3406 nan
1965 3360 2091 3422 pro-
2123 3343 2167 3405 ο
2199 3340 2394 3414 quibus
2425 3339 2750 3410 pmnitentes
2781 3338 3074 3402 avertitur;
3119 3338 3284 3410 gemit
3310 3336 3433 3390 dum
3464 3337 3620 3390 videt
3648 3337 3782 3406 quid

523 3431 731 3500 ficiunt,
767 3432 950 3500 (ιριρεε
986 3441 1168 3512 agunt,
1214 3430 1266 3496 id
1290 3441 1393 3502 est,
1435 3447 1540 3496 non
1582 3435 1742 3496 modo
1772 3433 2087 3502 moliuntur,

523 3525 616 3578 sed
641 3521 896 3579 efﬁciunt.

593 3617 756 3682 Vens.
801 3619 892 3683 ll,
925 3617 1013 3686 12.
1043 3649 1109 3660 -
1141 3635 1161 3668 ‹
1190 3616 1377 3682 iudica
1423 3616 1541 3684 illus
1569 3615 1730 3682 Deus.
1762 3616 2030 3684 Decidant
2055 3633 2085 3672 a

528 3728 546 3760 ι
580 3709 994 3780 cogitationibus
1018 3709 1148 3794 suis,
1175 3728 1194 3760 ι
1229 3708 1345 3774 Non
1367 3719 1535 3788 uptat,
1565 3710 1656 3768 sed
1684 3711 1825 3780 quod
1850 3709 2088 3776 futurum

521 3810 602 3855 est
628 3801 887 3878 praedicit.
927 3800 1134 3866 Decidit
1157 3802 1246 3871 qui
1277 3816 1370 3878 spe
1397 3803 1535 3860 bona
1565 3801 1874 3864 frustratur.

599 3909 616 3942 ι
645 3890 712 3946 Ει
753 3891 1018 3956 laetentur.
1057 3911 1074 3950 ι
1109 3889 1308 3964 (ωδε.)
1351 3890 1478 3948 Post
1510 3892 1893 3956 retributiones
1923 3894 2090 3958 malq-

523 3996 642 4036 rum
670 3981 848 4042 subdit
889 3982 1106 4054 praemia
1131 3981 1413 4050 honorum.
1445 3991 1503 4037 ut
1530 3984 1669 4044 sicut
1714 3999 1874 4056 poena
1901 3996 2086 4055 terret,

525 4073 746 4144 praemia
777 4074 1020 4138 incitent.

597 4166 758 4230 Vens.
789 4166 961 4222 l'5.-—-
990 4183 1010 4218 ι
1039 4165 1111 4228 Ut
1131 4174 1301 4232 scuto.
1329 4166 1526 4238 (Cass)
1551 4166 1668 4234 Uno
1693 4170 1858 4230 verba
1888 4169 2091 4234 indicat

522 4259 782 4316 beneﬁcia
829 4258 923 4320 Dei
974 4261 1228 4340 gratuita.
1290 4259 1546 4320 Voluntas
1607 4278 1727 4334 quae
1775 4273 1960 4330 vocat,
2006 4272 2091 4322 est

523 4351 766 4408 defensio
793 4361 981 4414 comra
1023 4353 1224 4418 omnia,
1254 4361 1310 4420 et
1354 4370 1575 4422 corona,
1609 4363 1662 4412 et
1701 4355 1939 4427 clypeus.
1988 4355 2089 4412 Ca-

525 4444 622 4516 piti
657 4451 869 4520 aptatus
897 4458 1092 4510 corona
1121 4452 1224 4510 est,
1256 4445 1405 4510 cordi
1438 4444 1697 4512 defensio.
1904 4450 1911 4457 '

1087 4575 1406 4634 PSALMUS
1445 4577 1530 4632 Vl.

2195 3432 2321 3510 egit,
2346 3439 2401 3485 et
2426 3445 2544 3502 quae
2568 3443 2725 3506 paena
2755 3429 2952 3483 futura.
2990 3447 3008 3479 ‹
3035 3427 3275 3484 Lectum.
3298 3446 3316 3480 ι
3350 3426 3783 3492 Conscientiam,

2195 3539 2314 3596 quze
2373 3522 2688 3594 quibusdam
2761 3522 2953 3600 quies,
3025 3520 3341 3591 quibusdam
3414 3531 3777 3575 tormentum.

2196 3613 2458 3679 Stratum,
2491 3613 2926 3678 seusualitatem;
2975 3610 3204 3668 fertilem
3249 3610 3468 3675 faciam,
3502 3627 3628 3681 qua:
3660 3620 3778 3666 erat

2194 3708 2364 3762 arida.
2405 3705 2520 3774 Vel,
2551 3707 2718 3764 lectus
2755 3705 3042 3760 delectatio
3077 3705 3338 3776 corporis,
3376 3705 3429 3759 in
3470 3718 3580 3773 qua
3611 3705 3779 3758 homo

2194 3799 2502 3853 resolvitur.
2533 3796 2768 3863 Stratus,
2791 3797 3035 3854 cumulus
3061 3805 3400 3868 peccatorum
3425 3803 3485 3848 ut
3513 3795 3775 3858 vestium.

2194 3905 2301 3962 quo
2328 3889 2584 3958 resoluto,
2617 3887 2787 3945 imbre
2813 3887 3192 3960 lacrymarum,
3222 3900 3357 3941 nova
3383 3887 3578 3940 messis
3609 3886 3780 3939 virtu-

2196 3991 2306 4035 tum
2338 3987 2568 4035 crescat.

2263 4070 2425 4125 Vens.
2452 4069 2504 4124 8.
2527 4099 2596 4109 —
2624 4086 2643 4120 ‹
2671 4069 2716 4122 Α
2745 4067 2944 4123 furore.
2977 4087 2997 4120 ›
3050 4065 3233 4140 (Auo.)
3262 4065 3345 4120 Ab
3377 4066 3480 4133 ira,
3521 4065 3612 4122 vel
3659 4067 3777 4134 Dei,

2193 4175 2312 4236 quze
2347 4161 2398 4213 in
2421 4160 2647 4236 judicio,
2699 4169 2854 4236 etc.,)
2879 4175 3038 4228 usque
3068 4158 3137 4212 ad
3175 4173 3242 4213 ne
3267 4158 3391 4230 quis
3419 4161 3678 4230 desperet
3712 4161 3780 4215 de

2192 4253 2454 4324 gravitate
2495 4260 2860 4323 peccatorum,
2910 4252 3086 4316 subdit
3131 4268 3146 4308 :
3198 4273 3216 4305 ι
3263 4254 3554 4316 Discedite,
3603 4264 3716 4309 etc.
3751 4273 3772 4307 ι

2192 4342 2394 4416 (Cass)
2417 4342 2722 4414 Correptio,
2750 4351 2809 4406 ut
2836 4355 3117 4416 separetur
3150 4342 3218 4399 ab
3246 4343 3369 4409 illis,
3401 4358 3640 4414 quorum
3669 4343 3780 4399 col-

2193 4432 2331 4506 legio
2378 4434 2640 4503 peccavit,
2672 4442 2726 4488 et
2773 4433 2990 4490 insistat
3035 4436 3302 4491 mandatis
3352 4434 3467 4489 Dei.
3525 4453 3544 4486 ‹
3586 4435 3780 4490 Inimi-

2193 4539 2307 4589 cos.
2343 4542 2361 4576 ι
2415 4525 2600 4599 (Auc.)
2623 4525 2676 4584 id
2704 4537 2810 4594 est,
2837 4528 2988 4592 vitia,
3029 4527 3112 4582 vel
3143 4529 3312 4582 malos
3357 4528 3606 4584 homines
3629 4570 3646 4593 ,
3688 4531 3778 4597 qui

2191 4631 2317 4671 vere
2347 4627 2472 4673 sunt
2495 4617 2700 4675 inimici
2738 4620 2805 4675 ad
2830 4619 2996 4674 Deum
3025 4633 3082 4675 se
3108 4619 3558 4682 eonvertentium,
3591 4634 3627 4671 a
3656 4621 3778 4689 qui-

597 4711 762 4766 Vens.
792 4712 842 4765 1.
866 4741 936 4752 -
961 4729 980 4763 ι
1006 4710 1204 4768 Octava
1238 4732 1255 4763 ι
1309 4722 1391 4768 εει
1438 4713 1702 4768 adventus
1743 4711 1976 4788 Domini,
2035 4713 2086 4770 in
2116 4695 2167 4757 D
2195 4707 2297 4764 bus
2343 4720 2626 4780 separatur
2667 4711 2842 4765 omnis
2889 4711 3083 4775 bonus,
3117 4725 3223 4765 non
3266 4708 3410 4773 loco,
3442 4709 3538 4762 sed
3571 4709 3778 4762 auium.

523 4818 630 4873 qua
675 4813 928 4874 peccator
963 4805 1118 4872 timet
1159 4803 1340 4878 argui,
1379 4810 1434 4868 et
1463 4802 1583 4868 ideo
1618 4801 1861 4874 pceuitet.
1907 4802 2089 4877 (Αυε.)

524 4896 779 4962 Octavam
804 4896 987 4958 dicunt
1009 4895 1170 4972 aliqui
1200 4896 1487 4958 adventum
1509 4895 1742 4964 Domini,
1771 4904 1904 4961 etc.,
1929 4915 2090 4974 usque

528 4991 596 5048 ad
628 4991 770 5049 unde
798 4989 995 5052 timens
1020 4987 1259 5052 Ecclesia
1295 4988 1381 5050 hic
1415 4997 1554 5050 orat.

595 5080 758 5138 Vens.
802 5078 951 5134 2.-
1004 5078 1382 5154 ςβρῐῃὶιιε,υε
1435 5079 1488 5140 in
1542 5077 1740 5142 furore.
1794 5101 1812 5136 ι
1859 5079 2088 5152 (ΒΛειι.)

522 5168 801 5223 Confessio
849 5176 932 5222 est
977 5168 1313 5246 deprecativa
1339 5207 1352 5234 ,
1389 5184 1508 5240 qua}
1545 5170 1686 5240 apud
1729 5169 1895 5232 Deum
1926 5169 2088 5238 valet.

525 5257 706 5324 Primo
739 5267 822 5318 est
850 5259 1154 5336 exordium,
1191 5258 1242 5312 in
1281 5274 1387 5336 quo
1417 5267 1599 5338 captat
1639 5258 2090 5324 benevolentiam,

523 5362 622 5426 per
663 5356 982 5424 potestatem
1014 5349 1236 5426 judicis,
1264 5364 1361 5428 per
1393 5348 1756 5410 infirmitatem
1791 5364 1968 5414 suam,
1999 5364 2094 5419 per

523 5440 963 5495 consuetudinem
994 5441 1249 5510 parcendi
1278 5459 1290 5492 :
1318 5440 1440 5507 quia
1473 5454 1578 5494 non
1609 5438 1720 5492 vult
1782 5455 1810 5492 a
1844 5441 2092 5506 mortuis,

523 5533 617 5588 sed
643 5548 673 5586 a
702 5532 840 5590 vivis
869 5533 1069 5606 rogari.
1101 5551 1119 5583 ι
1151 5536 1377 5604 Arguas.
1415 5550 1432 5582 ι
1476 5530 1656 5604 (Ave)
1679 5530 1842 5604 Argui
1876 5534 2094 5604 gravius

521 5632 603 5680 εει
631 5637 790 5692 quam
821 5623 1088 5685 accusari,
1117 5623 1256 5678 unde
1302 5621 1573 5675 damnatio
1620 5609 1856 5676 timetur.
1882 5624 2090 5694 Corripi

522 5714 728 5776 mitius,
755 5712 809 5767 id
835 5722 936 5775 est,
986 5711 1260 5766 emendari
1311 5710 1393 5765 vel
1439 5713 1663 5766 erudiri.
1697 5714 2008 5782 Arguuntur
2037 5715 2089 5768 in

517 5802 742 5874 judicio,
771 5804 862 5870 qui
905 5803 1018 5856 sine
1044 5801 1407 5866 fundamento.
1453 5803 1842 5869 Einendantur,
1886 5804 1938 5858 id
1983 5813 2084 5868 est,

2198 4804 2331 4870 Quia
2369 4818 2498 4857 vero
2536 4819 2640 4858 non
2680 4813 2761 4858 est
2805 4803 2980 4859 inanis
3015 4814 3196 4858 tantus
3231 4802 3384 4858 labor
3417 4801 3778 4872 penitentize,

2195 4897 2502 4952 exauditnm
2531 4912 2587 4951 se
2621 4896 2954 4970 signiﬁcans,
2982 4897 3191 4951 subdit:
3225 4913 3244 4946 ι
3275 4895 3566 4950 Discedite.
3605 4913 3624 4944 ι

2266 4986 2426 5042 Vens.
2473 4987 2528 5052 9,
2560 4987 2732 5042 l0.-—
2781 5007 2798 5038 ι
2827 4989 3102 5042 Dominus.
3141 5005 3160 5039 ι
3195 4986 3302 5040 Ter
3327 4984 3609 5049 Dominus,
3649 4989 3776 5055 quia

2195 5075 2512 5131 Trinitatem
2543 5077 2758 5133 affuisse
2782 5080 3032 5148 precibus
3073 5079 3309 5133 ostendit
3348 5095 3359 5129 :
3400 5077 3604 5148 lncepit
3639 5095 3671 5131 a
3703 5080 3776 5131 Ia-

2195 5169 2412 5238 crymis,
2445 5171 2726 5225 exauditus
2753 5169 3002 5224 exsultat.
3043 5187 3058 5220 ι
3095 5167 3380 5223 Exaudlvit
3427 5167 3716 5222 Dominus.
3750 5190 3768 5219 ι

2196 5256 2366 5326 (ΟΑε.)
2405 5257 2503 5312 Dat
2556 5259 2857 5332 exemplum
2885 5259 3112 5313 fideliter
3131 5267 3349 5312 orantes
3373 5257 3567 5311 audiri.

2269 5347 2428 5402 Vens.
2476 5348 2561 5402 ll.
2600 5380 2671 5389 —
2716 5367 2734 5399 ι
2792 5349 3122 5414 Erubescant
3167 5359 3222 5403 et
3271 5349 3693 5403 conturbentur.
3749 5369 3765 5399 ι

2196 5437 2396 5510 (Cass)
2427 5438 2588 5504 Quasi
2635 5440 2687 5496 in
2732 5441 3093 5506 conclusione,
3117 5441 3229 5510 jam
3273 5439 3408 5494 liber
3445 5456 3474 5494 a
3503 5442 3769 5510 peccatis,

2194 5528 2487 5593 exsultans,
2536 5546 2633 5600 pro
2681 5531 2930 5590 inimicis.
2965 5539 3022 5584 ut
3049 5539 3458 5595 convertantur,
3499 5540 3642 5594 orat,
3691 5541 3765 5596 ut,

2198 5620 2335 5673 sicut
2366 5622 2498 5689 ipse,
2531 5623 2762 5676 habeant
2811 5623 3041 5676 veniam.
3085 5621 3265 5692 (Auc.)
3301 5640 3320 5672 ι
3354 5621 3719 5678 Erubeseant.
3745 5641 3762 5674 ι

2198 5712 2307 5766 Hoc
2356 5729 2459 5766 non
2508 5715 2591 5769 hic
2639 5713 2760 5785 (ubi
2801 5715 2978 5788 potius
3025 5715 3248 5769 irrident
3303 5728 3396 5768 eos
3443 5712 3535 5784 qui
3581 5713 3768 5768 omnia

2198 5805 2521 5876 relinquunt.
2552 5815 2604 5858 et
2647 5805 2888 5862 infirmos
2934 5807 3254 5861 erubescere
3297 5803 3667 5876 faciunt),sed
3710 5805 3765 5860 in

525 5901 841 5960 purgantur.
866 5894 956 5960 qui
983 5908 1141 5960 supra
1176 5892 1301 5945 illud
1348 5894 1568 5963 lignum,
1602 5897 1800 5956 lennrn,
1832 5897 2085 5965 stipulam
2187 5895 2406 5962 judicio.
