3982 6352
231 463 339 524 855

789 566 1107 635 PSALMUS
1145 568 1255 643 vn.

304 710 468 768 Vm.
520 709 705 765 l.—-t
736 704 797 762 In
836 704 1023 770 linem,
1079 701 1339 774 psalmus.
1391 701 1577 777 (Auo.)
1617 701 1804 769 Chusi,

229 804 324 875 qui
378 797 629 861 transivit
672 797 728 852 in
775 804 988 868 panem
1041 793 1313 860 Absalon,
1362 802 1492 860 etc.,
1534 810 1695 866 usque
1738 794 1809 851 ad

229 909 342 950 non
390 888 539 947 enim
589 895 708 945 erat
750 886 831 943 eis
876 883 1335 952 abscondendum,
1366 898 1467 955 pro
1489 884 1686 955 quibus
1710 897 1806 955 ge-

232 991 378 1039 stum
423 987 530 1037 est.
595 976 779 1051 (Δω.)
827 974 1013 1032 Potest
1059 974 1148 1031 hic
1198 975 1437 1045 psalmus
1480 975 1536 1031 in
1576 987 1808 1045 persona

232 1072 436 1131 Christi
466 1070 723 1141 intelligi;
762 1069 810 1126 si
839 1083 946 1141 qua
976 1067 1255 1124 humiliter
1283 1068 1427 1123 dicta
1457 1076 1601 1132 sunt,
1632 1065 1700 1122 ad
1727 1066 1811 1120 in-

234 1165 545 1221 ﬁrmitatem
616 1171 861 1219 nostram
928 1158 1269 1225 referantur,
1332 1174 1499 1230 quam
1555 1157 1808 1230 gestavit.

234 1260 419 1315 Primo
442 1257 583 1329 petlt
614 1271 682 1313 ex
713 1255 965 1311 omnibus
996 1252 1434 1310 tribulationibus
1461 1252 1700 1310 liberari.

304 1371 470 1428 Vens.
508 1370 565 1425 2.
603 1398 676 1411 -
719 1385 739 1421 ι
788 1367 1013 1423 Domine
1048 1366 1210 1422 Deus.
1257 1385 1276 1418 ι
1326 1365 1528 1439 (Cass)
1576 1364 1681 1421 Iste
1727 1371 1813 1421 est

231 1465 441 1537 primus
484 1462 721 1535 psalmus
764 1474 973 1525 eorum,
1006 1459 1061 1515 in
1091 1461 1286 1530 quibus
1330 1474 1431 1531 per
1460 1469 1611 1516 actus
1644 1458 1809 1515 David

235 1555 418 1610 futura
472 1552 728 1625 mysteria
780 1550 993 1605 Domini
1044 1549 1444 1620 signiﬁcantur.
1494 1549 1808 1622 Mysterium

238 1643 671 1708 incarnationis,
718 1640 990 1697 silentium
1036 1640 1140 1696 fuit
1180 1638 1412 1708 Iudaeis;
1469 1649 1527 1697 ut
1571 1640 1738 1696 David
1778 1655 1811 1695 a

237 1740 370 1801 ﬁlio,
400 1739 476 1793 ita
504 1736 753 1793 Christus
799 1750 830 1789 a
856 1734 1072 1805 populo,
1109 1738 1268 1805 quem
1304 1736 1590 1800 nutrierat,
1621 1748 1811 1807 perse—

240 1831 511 1885 cutionem
557 1826 831 1885 sustinuit.
888 1844 906 1878 ι
942 1824 1155 1881 Libera.
1193 1847 1211 1879 ι
1270 1826 1453 1895 (Αυα.)
1480 1825 1666 1894 Quasi,
1715 1841 1803 1882 su-

1263 456 1527 514 GLOSSA
1564 455 1955 515 ORDINARIA.
1997 487 2068 498 --
2105 456 2231 512 LIB.
2271 454 2522 512 PSALM.

1831 574 1885 634 Α
1909 570 2079 641 gloria
2122 585 2217 633 sua
2247 570 2318 629 sit
2348 568 2522 637 solida
2552 568 2718 637 intus,
2746 568 2839 629 ubi
2860 566 3003 635 Deus
3022 566 3171 633 Videt
3194 585 3207 622 :
3230 576 3316 629 est
3340 569 3486 631 extim

3377 418 3487 515 est

1906 660 2106 733 pulvis,
2153 661 2199 715 si
2239 660 2380 731 apud
2416 659 2661 723 homines
2699 658 2993 745 gloriatur;
3028 672 3157 725 ecce
3195 674 3356 733 quam
3389 676 3484 719 ca-

1908 751 2080 813 venda
2111 750 2382 821 superbia.
3428 788 3441 795 -

1981 843 2145 903 Vsus.
2188 842 2241 908 7,
2273 841 2327 899 8.
2351 872 2418 883 —
2447 860 2467 895 ‹
2499 840 2767 917 Exsurge,
2786 840 3035 905 Domine.
3069 861 3091 896 ι
3124 838 3269 899 Petit
3290 850 3351 903 ut
3374 843 3487 917 glo-

1907 933 1990 989 ria
2038 932 2456 991 resurrectionis
2481 932 2685 999 Christi
2717 932 3016 997 subveniat.
3067 952 3086 986 t
3118 933 3178 989 ln
3207 934 3286 989 ira
3313 942 3425 991 tua.
3460 955 3482 990 ι

1906 1028 2186 1091 Perfectus
2220 1030 2365 1093 enim
2402 1031 2505 1091 iste
2546 1047 2653 1097 non
2681 1039 2935 1113 precatur
2969 1031 3061 1091 hic
3095 1031 3354 1093 adversus
3385 1031 3485 1089 ho-

1908 1123 2107 1203 mines,
2133 1125 2229 1187 sed
2254 1124 2517 1187 adversus
2542 1123 2837 1199 diabolum,
2862 1132 2924 1183 ut
2948 1125 3347 1199 possessionem
3372 1121 3488 1194 ejus

1909 1216 2137 1281 amittat,
2190 1225 2525 1291 peccatores,
2551 1215 2755 1281 scilicet
2780 1225 2837 1275 et
2861 1216 3079 1289 impios,
3103 1217 3194 1289 qui
3220 1225 3347 1277 sunt
3372 1216 3489 1291 ejus

1907 1306 2205 1376 possessio.
2260 1306 2328 1363 Et
2368 1306 2495 1378 quia
2524 1306 2726 1371 ablatio
2755 1307 3022 1375 hominis,
3060 1309 3190 1385 quia
3218 1323 3381 1379 poena
3406 1316 3492 1365 est

1909 1395 2147 1462 diabolo,
2191 1396 2390 1455 dicitur
2435 1398 2515 1457 ira
2544 1396 2643 1463 Dei
2683 1406 2871 1463 contra
2915 1414 3059 1457 eum.
3091 1397 3211 1465 Vel,
3237 1406 3493 1475 precatur

1907 1487 2000 1543 hic
2024 1487 2223 1547 Christi
2251 1489 2720 1554 resurrectionem,
2757 1490 2895 1551 sicut
2918 1490 2975 1551 in
3006 1490 3349 1563 praecedenti,
3376 1487 3492 1558 ejus

1909 1577 2339 1639 incarnationem
2378 1597 2391 1633 ;
2435 1589 2495 1639 ut
2533 1599 2553 1635 ‹
2587 1578 2633 1637 0
2666 1581 2890 1641 Domine
2920 1580 3064 1645 Deus
3096 1597 3275 1648 meus,
3321 1588 3428 1638 etc.
3462 1599 3483 1634 ι

1915 1687 1935 1720 ‹
1960 1668 2019 1725 ln
2048 1668 2262 1733 ﬁnibus.
2295 1687 2313 1729 ι
2350 1668 2598 1737 Mundus,
2634 1671 2721 1731 vel
2753 1670 3019 1739 infernus,
3048 1680 3176 1729 sunt
3214 1672 3352 1731 ﬁnes
3376 1671 3494 1727 dia-

1913 1758 2047 1819 boli.

1989 1868 2009 1901 ι
2044 1850 2112 1913 Et
2134 1864 2381 1927 exsurge,
2412 1850 2658 1911 Domine.
2686 1871 2707 1906 ι
2733 1852 3010 1931 Superbus
3050 1852 3325 1923 diabolus,
3366 1853 3490 1924 quia

235 1917 1095 2019 Peramﬂ'l‘mAlfenouviuwumt
1120 1931 1231 1987 ³²¹¹¹
1273 1926 1517 1987 prome”
1555 1914 1689 1972 “in
1723 1928 1813 1972 ’θ’
1839 1925 1890 1988 Β
1915 1957 2014 2012 per
2038 1914 2376 2013 iniquitatem
2396 1944 2649 2011 vincitur,
2677 1914 2896 2005 subdit:
2930 1914 3073 2015 'Vel,‘
3109 1962 3130 2003 ε
3166 1914 3431 2019 Exsurge,
3465 1965 3486 2000 ο

237 2024 363 2080 stat,
392 2013 495 2069 nisi
522 2012 738 2067 invidus
762 2009 1025 2064 diabolus.

308 2105 470 2160 Vens.
496 2103 634 2159 3.‘—
652 2120 671 2154 ι
694 2101 911 2171 Rapiat,
937 2109 1043 2154 etc.
1068 2118 1089 2152 ι
1121 2116 1140 2150 σ
1162 2096 1429 2166 Redimat,
1445 2104 1548 2154 etc.
1574 2114 1594 2151 ι
1613 2094 1813 2170 (σιω.)

238 2197 465 2269 Propria
494 2196 698 2251 verba:
730 2192 941 2249 Domini
979 2200 1064 2247 est
1102 2190 1357 2255 liberare,
1384 2191 1559 2248 leonis
1603 2205 1810 2263 rapere.

239 2286 408 2352 Ordo,
445 2285 598 2357 prius
642 2290 1032 2356 persequentes
1081 2282 1253 2354 ponit,
1284 2280 1411 2337 inde
1451 2281 1677 2337 leonem.
1712 2281 1816 2336 Ex-

238 2380 419 2449 piatus
465 2378 609 2434 enim
653 2375 724 2432 ab
768 2375 1020 2432 omnibus
1070 2372 1444 2445 spiritualibus
1492 2374 1750 2444 nequitiis
1785 2388 1816 2427 a

241 2468 454 2526 diabolo
481 2468 763 2524 liberatur.

314 2561 473 2617 Vens.
521 2559 577 2625 ι,
622 2558 675 2616 5.
713 2587 784 2600 —-
815 2574 836 2611 ‹
864 2557 1112 2624 Domine,
1145 2554 1190 2612 si
1222 2553 1325 2611 feci
1372 2553 1535 2609 istud.
1576 2572 1594 2606 ι
1628 2552 1819 2626 (Ibid)

236 2652 322 2709 Ad
343 2653 578 2709 litteram
614 2652 680 2707 de
705 2652 892 2716 David,
936 2657 993 2705 et
1013 2648 1270 2705 Absalon.
1307 2664 1325 2698 ι
1365 2645 1423 2701 Si
1455 2645 1555 2700 feci
1586 2643 1755 2709 istud,
1793 2663 1811 2696 ι

238 2742 296 2802 id
325 2753 432 2813 est,
459 2744 505 2799 si
542 2742 645 2799 hoc
677 2742 880 2798 malum
925 2740 1057 2797 mihi
1100 2754 1198 2811 per
1237 2738 1563 2813 praeteritam
1604 2734 1816 2806 culpam

237 2835 485 2906 contigit.
528 2832 626 2890 Vel
668 2834 715 2890 si
763 2833 923 2888 modo
952 2840 1034 2888 est
1062 2830 1321 2900 iniquitas
1357 2829 1411 2883 in
1450 2826 1714 2904 manibus,
1764 2826 1818 2880 id

238 2935 344 2989 est,
372 2922 623 2995 operibus
647 2923 802 2977 meis.
853 2920 969 2984 Vel,
1025 2939 1043 2973 ι
1073 2921 1122 2975 si
1163 2918 1371 2975 reddidi
1400 2916 1817 2972 retribuentibus

238 3016 376 3070 mihi
404 3013 567 3079 mala,
597 3022 723 3078 etc.,
750 3031 769 3065 ι
800 3011 963 3083 (quod
988 3010 1186 3067 dicitur
1212 3010 1441 3079 aequitas
1469 3007 1608 3078 apud
1636 3006 1814 3061 homi-

239 3116 386 3173 nes),
420 3122 440 3155 ι
468 3104 662 3158 merito
693 3121 713 3155 ι
745 3102 868 3173 (etsi
903 3116 1011 3156 non
1040 3101 1287 3156 videatur
1308 3097 1639 3172 hominibus)
1673 3114 1691 3148 ι
1729 3096 1820 3151 de-

240 3195 421 3252 cidam
450 3191 521 3250 ab
548 3192 784 3250 inimicis
807 3195 945 3251 meis
972 3194 1173 3258 inanis,
1204 3212 1223 3246 ι
1274 3207 1307 3248 a
1355 3191 1534 3248 tructu
1564 3205 1819 3247 mansue-

245 3290 471 3345 tudinis.
1663 3299 1672 3308 '

318 3380 501 3449 Mue.)
531 3398 551 3432 ι
585 3377 646 3435 Si
673 3376 775 3436 feci
808 3378 970 3446 istud,
1003 3397 1022 3433 ι
1054 3379 1162 3446 vel,
1185 3379 1489 3437 universale
1515 3389 1818 3452 peccatum,

244 3475 391 3545 quod
423 3474 541 3529 sine
571 3473 791 3529 nomine
820 3473 976 3538 dixit,
1004 3474 1147 3542 quod
1174 3480 1258 3528 est
1292 3473 1562 3544 superbia,
1590 3486 1710 3542 quae
1736 3479 1821 3528 est

247 3565 399 3619 radix
428 3563 667 3620 omnium
696 3563 978 3619 malorum.
1002 3561 1120 3630 Vel,
1145 3563 1289 3634 quod
1313 3564 1582 3634 sequitur,
1613 3582 1633 3616 ί
1665 3564 1711 3619 si
1739 3571 1826 3620 est

245 3654 529 3725 iniquitas,
567 3671 587 3707 ι
642 3654 787 3724 quod
827 3653 894 3709 de
941 3654 1088 3709 omni
1128 3661 1349 3724 peccato
1394 3654 1679 3725 accipitur.
1713 3674 1731 3706 ι
1764 3652 1823 3709 Si

245 3743 479 3800 reddidi.
501 3762 521 3796 ι
549 3742 740 3813 (μω.)
766 3740 825 3801 Id
851 3751 957 3809 est,
976 3744 1023 3800 si
1054 3751 1107 3799 te
1132 3759 1238 3801 non
1264 3758 1383 3800 sum
1406 3745 1648 3801 imitatus
1665 3745 1717 3800 in
1738 3743 1826 3815 ju-

245 3841 338 3889 sto
375 3833 614 3899 silentio,
643 3832 697 3889 id
724 3842 826 3900 est,
852 3833 1135 3904 patientia,
1173 3848 1295 3905 quas
1323 3848 1422 3905 pro
1453 3850 1542 3891 me
1569 3844 1826 3905 operatus

244 3938 331 3980 es.
367 3941 387 3976 ι
426 3922 680 3987 Deoia-tn
700 3924 896 3980 merito
924 3926 993 3979 ab
1025 3923 1281 3981 inimicis.
1310 3943 1332 3978 ι
1370 3924 1568 3998 (ἔδω.)
1590 3924 1709 3980 Non
1738 3924 1828 3994 in.

248 4013 545 4084 rejurando
576 4014 683 4070 hoe
863 4015 1214 4086 imprccatur,
1244 4017 1341 4072 sed
1364 4017 1495 4073 dicit
1522 4018 1669 4088 quod
1701 4032 1828 4073 con-

250 4105 410 4177 tingit
445 4119 505 4161 se
542 4105 941 4169 vinioantibtts
978 4126 990 4161 :
1042 4109 1331 4178 prophetat
1365 4123 1515 4181 ergo,
1545 4124 1652 4166 non
1682 4108 1832 4179 jurat

248 4210 352 4268 per
375 4196 836 4264 exsecrationem;
879 4198 1023 4267 quod
1065 4206 1151 4255 est
1188 4199 1565 4269 gravissimum
1606 4198 1831 4272 jurisju—

250 4287 409 4343 randi
433 4300 625 4359 genus.
658 4287 838 4344 inanis
876 4288 1049 4346 factus
1070 4305 1209 4346 vana
1248 4299 1306 4346 et
1359 4293 1588 4363 superba
1622 4292 1830 4361 latitia,

250 4379 399 4450 quod
424 4380 580 4449 quasi
607 4379 752 4441 vinei
780 4396 889 4437 non
914 4382 1131 4451 potuit:
1158 4380 1438 4449 Salomon,
1491 4401 1511 4435 ι
1539 4383 1726 4441 Melior
1747 4392 1833 4441 est

235 4470 347 4543 _qui
368 4471 537 4531 vincit
563 4472 724 4539 iram,
749 4486 914 4546 quam
956 4473 1051 4546 qui
1087 4474 1232 4546 cepit
1268 4475 1544 4533 civitatem
1566 4494 1588 4529 ι
1644 4474 1829 4548 (Prae.

258 4563 401 4631 xvi).

332 4677 494 4733 “es.
527 4675 673 4733 0.-
696 4695 716 4731 ‹
744 4677 1055 4744 Coneulect,
1085 4685 1191 4735 etc.
1225 4697 1245 4733 ι
1277 4676 1464 4751 (llud)
1486 4678 1679 4734 Anima
1707 4694 1835 4750 pec-
1858 4639 1915 4700 Β

253 4770 458 4825 catoris
487 4767 575 4841 (de
599 4785 728 4841 quo,
754 4790 773 4823 ς
800 4769 966 4826 Terra
997 4786 1082 4837 es,
1126 4778 1183 4826 et
1211 4770 1266 4826 in
1313 4778 1515 4826 terram
1551 4773 1839 4829 reverteris

257 4859 415 4935 [Gem
441 4861 581 4935 m]),
603 4882 622 4917 ι
649 4863 801 4919 cibus
828 4864 1096 4936 serpentis
1125 4871 1208 4919 est
1241 4859 1351 4934 (cui
1378 4862 1432 4918 in
1463 4862 1838 4919 maledictione

258 4953 465 5009 dictum
484 4960 588 5017 est,
621 4972 641 5007 ο
673 4954 898 5011 Terram
928 4957 1299 5021 manducabis,
1332 4953 1378 5026 ι)
1398 4955 1454 5010 id
1483 4965 1588 5017 est,
1618 4956 1837 5021 diaboli,

265 5041 396 5110 quia
446 5049 614 5109 terra,
659 5044 842 5109 idest,
877 5054 1093 5101 terrena
1135 5052 1240 5101 est.
1296 5044 1364 5101 Et
1408 5044 1533 5101 ideo
1580 5045 1669 5100 hic
1721 5046 1835 5101 ait:

265 5151 289 5185 ι
325 5132 615 5191 Conculcet
646 5137 701 5191 in
734 5146 877 5193 terra
908 5138 1075 5192 vitam
1112 5152 1305 5203 meam,
1334 5137 1389 5193 id
1423 5145 1527 5204 est,
1559 5138 1613 5193 in
1642 5147 1839 5193 terram

266 5221 546 5280 redactam
608 5227 709 5283 sibi
768 5228 1093 5299 incorporet,
1148 5236 1205 5283 et
1229 5228 1303 5284 ibi
1357 5228 1430 5284 sit
1478 5228 1839 5299 despicabilis.

270 5333 295 5366 ι
326 5312 565 5371 Gloriam
598 5332 791 5374 meam.
829 5338 849 5371 ι
884 5318 1072 5392 (Ιὺὶά.)
1106 5318 1236 5388 Quae
1259 5318 1420 5376 debet
1455 5336 1576 5376 esse
1617 5321 1673 5375 in
1707 5335 1841 5375 con-

267 5405 523 5471 scientia,
565 5407 656 5463 ubi
683 5408 826 5465 Deus
863 5409 1037 5475 videt;
1088 5417 1145 5465 et
1175 5409 1344 5464 solida
1391 5410 1446 5464 in
1473 5409 1718 5476 Domino,
1752 5419 1840 5465 ut:

274 5512 295 5547 ι
328 5494 431 5562 Qui
476 5496 755 5568 gloriatur,
799 5498 855 5553 in
903 5499 1130 5555 Domino
1176 5498 1440 5570 glorietur
1468 5495 1519 5568 (1
1542 5496 1665 5553 Cor.
1691 5514 1709 5553 ι
1737 5498 1779 5571 ).
1817 5518 1836 5552 ι

1913 2035 1967 2090 id
2008 2042 2113 2109 est,
2144 2035 2196 2089 in
2232 2044 2344 2099 toto
2372 2036 2503 2099 orbe
2533 2044 2694 2105 notus
2721 2037 2961 2104 allicere.
2985 2038 3335 2113 resurgendo.
3382 2056 3402 2090 ι
3433 2037 3493 2097 ιιι

1911 2136 2199 2199 praecepto,
2231 2145 2251 2179 ›
2308 2136 2368 2182 ut
2413 2136 2737 2198 praeceptum
2784 2128 3108 2184 humilitatis
3171 2127 3341 2189 facias
3386 2128 3491 2185 im-

1912 2220 2103 2291 Plere;
2145 2226 2202 2283 et
2230 2219 2335 2285 hoc
2380 2220 2507 2285 inde
2554 2221 2821 2291 sequitur,
2844 2221 2968 2290 quia
2998 2220 3280 2299 Synagoga
3314 2219 3382 2281 de
3409 2220 3493 2277 di-

1912 2309 2090 2369 versis
2113 2310 2349 2383 populis,
2375 2310 2461 2367 vel
2498 2309 2806 2380 specialiter
2827 2308 3049 2381 .ludaeis,
3087 2330 3106 2371 ι
3137 2310 3498 2373 circumdabit

1915 2412 1994 2467 te,
2027 2420 2047 2454 ι
2097 2401 2353 2477 amando,
2386 2402 2469 2458 vel
2510 2402 2921 2479 persequenda:
2972 2421 2991 2455 t
3018 2401 3246 2482 Propter
3274 2404 3438 2470 hanc,
3471 2422 3490 2456 ι

1916 2491 1971 2545 id
1997 2499 2101 2561 est,
2134 2502 2429 2559 amantem,
2458 2509 2479 2547 ε
2516 2493 2823 2569 regredere,
2845 2512 2863 2549 ι
2904 2494 2956 2553 id
2983 2502 3086 2563 est,
3115 2492 3203 2553 fac
3241 2493 3385 2553 scire
3403 2508 3497 2550 eos

1916 2580 2366 2651 omnipotentiam
2392 2591 2565 2649 tuam,
2589 2583 2683 2659 qui
2707 2583 3033 2641 descendisti
3057 2592 3118 2643 ut
3144 2592 3196 2641 te
3218 2584 3495 2653 viderem;

1914 2671 2000 2727 vel
2047 2690 2066 2725 ι
2096 2681 2319 2747 propter
2339 2674 2505 2741 hanc,
2539 2692 2559 2729 ι
2608 2673 2665 2733 id
2690 2682 2799 2745 est,
2825 2683 3261 2753 persequentem.
3301 2676 3358 2732 in
3391 2691 3497 2747 qua

1915 2764 2094 2837 locum
2122 2781 2229 2822 non
2272 2767 2501 2837 invenis,
2536 2784 2555 2823 ι
2584 2767 2869 2849 regredere
2910 2768 2963 2829 in
2995 2767 3188 2833 altum,
3226 2786 3247 2820 ι
3309 2766 3365 2831 id
3390 2775 3497 2833 est.

1916 2856 2237 2914 subtrahere
2277 2858 2362 2914 his
2391 2860 2482 2930 qui
2527 2868 2579 2914 te
2618 2869 3037 2930 persequuntur.
3072 2879 3093 2913 ‹
3131 2857 3437 2943 Synagoga.
3472 2878 3492 2923 ρ

1917 2946 2104 3023 (Ιὺἰά.)
2134 2946 2490 3023 Congregatio
2532 2950 2734 3025 populi,
2763 2959 2892 3017 etc.,
2944 2968 3107 3025 usque
3134 2952 3205 3006 ad
3233 2936 3492 3013 Dominus

1911 3027 2141 3103 iudicat,
2173 3039 2238 3092 de
2261 3036 2467 3109 judicio
2507 3040 2757 3112 regressi,
2791 3042 2843 3097 id
2869 3050 2974 3106 est,
3002 3040 3223 3109 Christi.
3278 3061 3298 3095 ‹
3336 3042 3497 3099 lnno-

1920 3125 2174 3183 centiam.
2206 3144 2221 3177 ι
2259 3124 2446 3199 (Ιὸξά.)
2484 3126 2618 3197 Quia
2658 3144 2764 3183 non
2826 3129 3035 3185 reddidi
3075 3130 3502 3187 retribuentibus

1920 3218 2074 3273 mihi.
2121 3236 2142 3270 t
2173 3218 2345 3293 Super
2372 3231 2479 3275 me.
2519 3236 2539 3273 ι
2595 3215 2788 3295 (Ιὸίά.)
2830 3215 3047 3272 Justitia
3096 3227 3152 3273 et
3194 3219 3501 3279 innocentia

1845 3285 1891 3348 (ἶ
1922 3320 2051 3364 sunt
2078 3285 2371 3380 supcr‘me,
2401 3310 2525 3380 quia
2551 3285 2659 3365 non
2687 3326 2716 3364 a
2744 3326 2848 3373 me,
2878 3307 2971 3366 sed
2997 3323 3026 3365 a
3055 3307 3184 3366 Deo.

1992 3400 2159 3467 Vens.
2205 3400 2293 3457 lo.
2334 3432 2407 3443 —
2452 3421 2472 3454 α
2522 3402 2786 3463 Scrutaris
2830 3403 3015 3459 corda.
3049 3421 3069 3455 ι
3129 3402 3316 3476 (Ibid)
3362 3400 3501 3475 Quid

1922 3494 2150 3567 quisque
2180 3493 2398 3571 cogitet.
2436 3513 2454 3546 ι
2488 3493 2684 3549 Renes.
2716 3513 2734 3546 ι
2774 3493 2914 3565 Quid
2943 3509 3209 3569 quemque
3238 3494 3499 3561 delectet;

1923 3587 2049 3658 quia
2096 3584 2220 3641 linis
2264 3601 2409 3642 curae
2470 3594 2527 3640 et
2570 3585 2915 3659 cogitationis
2960 3595 3043 3642 est
3091 3585 3394 3653 delectatio,
3437 3588 3505 3643 ad

1925 3665 2087 3750 quam
2118 3679 2313 3733 nititur
2335 3678 2637 3749 pervenire.
2671 3676 2847 3749 Opera
2875 3686 3060 3734 nostra
3102 3679 3155 3733 in
3184 3677 3344 3734 dictis
3370 3687 3425 3735 et
3452 3679 3505 3734 in

1925 3769 2084 3839 factis
2107 3778 2335 3840 possunt
2359 3769 2544 3823 videre
2569 3767 2852 3825 homines:
2886 3752 2980 3827 sed
3004 3783 3111 3839 quo
3137 3768 3318 3827 animo
3347 3767 3499 3835 ﬁant,

1926 3868 1980 3916 et
2010 3874 2117 3930 quo
2143 3860 2431 3941 pervenire
2456 3859 2696 3929 cupiant,
2724 3857 2869 3914 solus
2893 3858 3041 3914 videt
3064 3859 3233 3929 Deus;
3270 3859 3509 3945 quicum

1927 3952 2075 4009 videt
2103 3969 2200 4010 cor
2228 3968 2351 4011 esse
2393 3953 2447 4009 in
2482 3952 2649 4018 caelo,
2688 3960 2743 4006 et
2789 3967 2896 4007 non
2936 3952 3192 4009 delectari
3231 3953 3286 4008 in
3321 3967 3506 4021 carne,

1929 4045 2023 4101 sed
2050 4044 2105 4111 in
2129 4044 2378 4109 Domino,
2410 4043 2465 4099 id
2500 4050 2604 4108 est,
2640 4058 2761 4098 cum
2790 4042 2945 4097 bonae
2970 4053 3094 4098 sunt
3130 4043 3507 4115 cogitationes,

1930 4143 1985 4191 et
2014 4148 2204 4189 earum
2234 4135 2369 4190 ﬁnes
2419 4134 2847 4208 dirigitjustum,
2877 4141 2934 4195 et
2960 4149 3070 4203 non
3103 4134 3279 4189 solum
3304 4133 3506 4205 dirigit,

1930 4224 2026 4282 sed
2054 4225 2274 4297 adjuvat
2290 4226 2517 4298 justum.

2002 4315 2167 4371 Vsus.
2200 4315 2287 4370 ll.
2312 4344 2382 4355 —-
2425 4334 2444 4366 ι
2473 4310 2686 4369 Iustum
2726 4311 3074 4381 adiutorium.
3106 4330 3126 4364 ι
3175 4309 3365 4385 (Ιὺὶά.)
3394 4310 3512 4366 Duo

1935 4416 2061 4462 sunt
2106 4405 2280 4462 oﬂlcia
2339 4406 2638 4471 medicinae,
2684 4403 2891 4460 scilicet
2935 4403 3182 4458 morbum
3224 4418 3419 4460 sanare
3459 4413 3516 4461 et

1935 4500 2222 4553 sanitatem
2253 4497 2545 4553 custodire.
2572 4494 2877 4551 Secundum
2902 4493 3139 4564 primum
3165 4493 3301 4549 dixit
3328 4495 3383 4549 in
3407 4494 3514 4552 alio

1935 4590 2183 4662 psalmo:
2220 4607 2240 4641 ο
2273 4589 2520 4644 inﬁrmus
2549 4603 2690 4653 sum,
2720 4601 2850 4641 sana
2880 4601 2987 4652 me,
3018 4586 3263 4643 Domine.
3300 4606 3321 4640 ι
3350 4584 3513 4643 Juxta

1943 4685 2165 4741 alteram
2211 4684 2338 4739 dicit
2385 4682 2475 4738 hic
2520 4680 2814 4753 perfectus,
2873 4696 2893 4732 ι
2938 4679 3143 4749 justum
3187 4682 3511 4753 adiutorium

1940 4790 2118 4832 meum
2158 4792 2189 4831 a
2215 4774 2465 4830 Domino.
2497 4792 2517 4826 ι
2582 4773 2648 4827 Et
2705 4771 2796 4826 illa
2822 4772 2965 4827 enim
3016 4783 3073 4828 et
3106 4773 3207 4829 ista
3249 4774 3512 4830 medicina

1940 4868 2117 4925 salvos
2160 4866 2291 4923 facit
2331 4885 2344 4919 :
2388 4866 2483 4922 sed
2528 4864 2619 4920 illa
2668 4879 2736 4920 ex
2783 4864 3103 4935 aegritudine
3150 4864 3404 4921 transfert
3444 4864 3511 4919 ad

1939 4961 2186 5025 salutem,
2215 4960 2329 5014 haec
2366 4957 2419 5012 in
2450 4958 2563 5028 ipsa
2600 4956 2776 5011 salute
2804 4966 3107 5013 conservat.
3145 4955 3239 5011 illa
3266 4955 3334 5011 ad
3369 4967 3516 5010 mor-

1938 5054 2065 5109 bum
2096 5050 2450 5113 evadendum,
2481 5048 2806 5114 remedium;
2847 5048 2960 5103 haec
2985 5055 3164 5101 autem
3193 5060 3262 5100 ne
3283 5044 3351 5100 ad
3373 5058 3515 5101 mor-

1939 5144 2067 5198 bum
2113 5141 2339 5205 recidat,
2390 5137 2686 5193 remedium
2729 5146 2970 5209 praestat.
3024 5135 3116 5189 llla
3150 5149 3406 5190 sanantur
3431 5135 3517 5193 in-

1942 5232 2103 5295 ﬁrmi,
2133 5232 2235 5285 hac
2264 5228 2595 5284 custodimur
2617 5229 2757 5284 sani.

1946 5368 1955 5380 .
2012 5318 2387 5402 sts.12.—
2430 5338 2449 5372 ι
2477 5318 2619 5373 Deus
2663 5316 2849 5388 iudex.
2887 5337 2908 5371 ι
2966 5314 3167 5389 (ωδε.)
3215 5314 3316 5372 Hic
3367 5323 3515 5371 metu

1942 5409 2107 5465 futuri
2148 5408 2336 5480 iudicii
2392 5416 2594 5473 terret,
2640 5416 2697 5463 et
2744 5422 2893 5477 spem
2942 5406 3176 5461 reversis
3225 5405 3512 5476 promittit.

1956 5517 1975 5551 ς
2004 5498 2251 5568 Nunquid
2280 5498 2551 5554 irascitur.
2576 5517 2595 5549 ι
2625 5495 2807 5569 (Αυο.)
2829 5494 2946 5550 Alia
2973 5494 3151 5551 littera
3177 5511 3192 5550 ε
3219 5515 3240 5553 t
3268 5494 3518 5567 Nunquid

274 5604 296 5639 ι
330 5585 569 5643 Deducat
602 5588 655 5642 in
682 5588 978 5658 pulverem,
1012 5608 1033 5642 ι
1089 5589 1145 5644 id
1176 5597 1293 5654 est,
1358 5588 1414 5643 in
1455 5589 1761 5660 superbiam
1791 5598 1849 5645 et
1951 5592 2168 5648 adducit
2196 5590 2332 5645 iram
2361 5604 2459 5661 per
2491 5587 2733 5660 singulos
2756 5586 2894 5641 dies.
2928 5603 2949 5639 ι
3000 5584 3058 5641 In
3099 5584 3291 5642 Graeco
3316 5584 3520 5656 signiﬁ-

262 5675 605 5747 jactantiam,
633 5688 694 5735 ut
725 5680 936 5736 scilicet
959 5681 1118 5736 velim
1161 5680 1381 5752 gloriari
1410 5681 1549 5751 apud
1578 5680 1845 5736 homines.

1953 5682 2183 5747 cautius,
2216 5698 2235 5732 ι
2272 5681 2493 5736 adducit
2528 5681 2706 5735 iram:
2736 5696 2756 5729 ι
2787 5677 2916 5748 quia
2952 5691 3061 5734 non
3096 5678 3153 5733 in
3187 5678 3306 5749 ipso
3331 5678 3521 5734 estin

280 5786 303 5821 ι
335 5768 397 5824 in
438 5770 714 5840 pulverem
756 5770 1006 5827 deducat.
1044 5766 1226 5826 Pulvis
1270 5785 1429 5840 quem
1466 5768 1683 5841 proiicit
1720 5785 1850 5825 ven-
1955 5787 2061 5843 qua
2097 5771 2273 5841 punit,
2308 5771 2403 5827 sed
2440 5773 2494 5826 in
2536 5767 2741 5842 angelis
2781 5768 2898 5836 irae,
2919 5782 3023 5841 per
3044 5782 3181 5839 quos
3201 5770 3357 5840 punit
3388 5787 3401 5824 :
3429 5771 3519 5841 qui

278 5872 385 5918 tus.
422 5883 442 5916 ι
492 5863 683 5939 (ην.)
732 5863 1095 5939 Superborum
1141 5861 1421 5932 iactantia.
1454 5860 1579 5917 Vult
1619 5876 1753 5935 ergo
1790 5868 1852 5917 ut
1958 5876 2064 5917 non
2095 5869 2315 5931 propter
2332 5860 2600 5930 justitiam
2621 5872 2728 5931 qua
2751 5874 2859 5916 non
2888 5860 3154 5933 gaudent,
3184 5859 3279 5916 sed
3305 5870 3525 5933 propter
