3982 6352
513 427 618 486 855

974 421 1367 481 WALAFRIDI
1403 420 1648 478 STRABI
1683 421 1887 480 FULD.
1929 420 2097 478 NON.
2138 420 2289 478 OPP.
2331 423 2512 478 PARS
2547 423 2590 478 Ι.
2630 451 2698 463 -
2736 419 3194 479 THEOLOGICA.

3657 423 3775 480 856

513 541 794 608 malitiam,
821 555 982 614 pana
1020 541 1253 595 humana
1289 539 1624 595 delectantur
1649 555 1664 594 :
1686 554 1822 610 quos
1846 553 1943 610 per
1967 539 2082 594 sin-
2110 540 2161 601 Α
2184 539 2276 610 qui
2305 539 2587 594 Dominum
2616 539 2926 595 laudabant.
2946 541 3000 594 in
3027 555 3163 610 quos
3183 541 3284 597 hoc
3305 540 3472 596 utitur
3496 539 3772 598 Dominus

514 634 664 706 gulos
690 633 805 688 dies
829 639 1256 700 non-congregat
1299 630 1366 683 ad
1386 628 1701 694 vindictam,
1729 628 1826 684 sed
1865 643 1962 697 per
1982 643 2079 697 pa-

514 726 760 782 tientiam
791 725 856 779 ad
881 722 1251 794 paenitentiam
1283 721 1492 776 invitat.

581 803 747 874 viis.
800 813 1299 872 I5.—tGladium
1347 830 1523 869 suum.
1558 832 1576 866 ι
1628 814 1954 885 (Auc.)Alia
1986 813 2079 866 lit-

511 922 628 967 tera
661 925 676 964 :
712 907 996 964 Frameam
1043 921 1191 961 suam
1238 906 1647 976 splendificavit.
1677 906 1878 978 (Cass)
1908 927 1926 958 ‹
1955 909 2080 960 (.la-

511 1003 658 1056 dium
686 1015 862 1065 suum,
894 1017 913 1051 ι
965 996 1304 1053 manifestam
1329 997 1621 1053 vindictam
1651 998 1950 1063 exercebit,
1982 1013 2082 1052 nec

510 1095 687 1164 impar
713 1093 915 1147 dictum
945 1098 1028 1145 est
1055 1090 1176 1155 hoc,
1206 1091 1332 1160 quia
1361 1105 1546 1145 arcum
1583 1106 1739 1145 suum
1771 1091 2013 1155 tetendit,
2054 1108 2074 1142 ι

509 1185 768 1248 minatur,
799 1197 868 1236 ne
891 1189 1108 1252 putetur
1151 1180 1377 1235 remissa
1414 1180 1701 1249 patientia;
1739 1198 1758 1230 ι
1792 1179 2023 1250 paravit,
2053 1198 2072 1232 ι

509 1283 568 1329 ut
591 1290 713 1329 mox
742 1274 1005 1327 missurus
1031 1271 1279 1342 sagittam
1306 1279 1543 1341 putetur.
1575 1289 1594 1321 ι
1620 1270 1818 1324 Arcum
1849 1286 2025 1325 suum.
2055 1289 2072 1321 ι

509 1365 696 1438 (Ibid)
723 1364 764 1418 Α
795 1363 976 1420 simili.
1018 1362 1171 1417 Sicut
1205 1362 1348 1416 enim
1384 1362 1473 1430 qui
1507 1361 1732 1416 tetendit
1762 1376 1945 1415 areum
1977 1360 2079 1415 mi-

507 1465 687 1522 natur,
739 1459 814 1510 ita
855 1471 952 1526 per
985 1471 1195 1509 sacram
1241 1453 1580 1524 Scripturam
1631 1454 1864 1506 minatur
1900 1452 2075 1515 malis,

504 1564 572 1602 ne
618 1549 838 1602 remissa
890 1556 1106 1616 putetur
1146 1543 1240 1598 Dei
1296 1547 1584 1612 patientia;
1638 1556 1692 1597 et
1741 1563 1758 1594 ι
1790 1544 2020 1613 paravit,
2051 1563 2071 1596 ι

503 1642 594 1709 qui
635 1657 754 1693 mox
805 1641 1069 1694 missurus
1101 1639 1348 1707 sagittam
1380 1646 1629 1706 putetur:
1668 1635 1807 1689 sicut
1834 1635 1955 1704 quis
1983 1650 2074 1688 ar-

501 1753 621 1790 eum
670 1744 842 1802 partit,
886 1743 944 1786 nt
976 1733 1221 1803 sagittam
1271 1731 1466 1783 mittat.
1503 1747 1522 1780 ι
1555 1728 1757 1783 Arcum
1793 1743 1948 1782 suum
1989 1737 2073 1782 te-

503 1829 691 1886 ιιιιιιΙΞῑ,
769 1847 785 1875 ι
833 1824 1014 1895 (Anc)
1065 1821 1412 1892 temperando
1463 1820 1626 1874 Vetus
1672 1818 2073 1874 Testamentum

2186 631 2512 685 testimonio.
2544 630 2621 684 Ex
2651 631 2737 685 his
2763 629 2986 702 perfecit
3009 629 3244 696 laudem,
3277 633 3404 701 quia
3428 631 3474 687 si
3500 632 3604 688 soli
3635 649 3768 704 per-

2183 722 2308 777 fecti
2339 732 2520 776 essent
2558 722 2610 776 in
2638 721 2907 785 Ecclesia,
2956 738 3062 778 non
3109 723 3480 780 consuleretur
3519 725 3770 782 humano

2183 815 2364 884 generi
2393 830 2408 877 ;
2449 814 2540 866 sic.
2569 824 2588 865 t
2620 828 2783 879 nunc,
2813 829 2933 868 cum
2959 823 3014 868 et
3035 815 3242 870 minimi
3273 816 3512 870 nondum
3531 832 3772 887 capaces

2182 906 2506 975 cognitionis
2531 920 2710 958 rerum
2740 905 3099 974 spiritualium
3137 906 3452 962 nutriuntur
3478 906 3586 963 fide
3625 919 3768 963 tem-

2179 993 2380 1062 poralis
2406 994 2665 1050 historia.
2711 1011 2729 1044 ι
2766 992 2997 1059 Inimici,
3032 1013 3051 1046 ι
3086 1004 3212 1050 sunt
3249 1012 3471 1062 omnes,
3517 997 3611 1067 qui
3657 999 3773 1052 dis-

2179 1086 2484 1155 pensationi
2527 1101 2622 1155 per
2661 1085 2990 1142 Crucifixum
3021 1087 3206 1152 facta,
3239 1090 3514 1145 contraria
3548 1091 3764 1146 dicunt.

2187 1194 2207 1228 ι
2242 1175 2564 1232 Defensores
2611 1196 2630 1230 ι
2663 1177 2916 1232 videntur
2963 1178 3201 1234 haretici
3247 1178 3402 1246 fidei,
3453 1179 3770 1250 philosophi

2181 1270 2476 1338 sapientia,
2503 1285 2626 1325 cum
2650 1279 2831 1324 tamen
2857 1278 2912 1324 et
2939 1269 3014 1324 illi
3041 1269 3232 1335 fidem,
3257 1280 3313 1327 et
3341 1271 3396 1326 hi
3436 1272 3765 1342 sapientiam

2177 1375 2363 1415 veram
2388 1361 2718 1430 impugnent.
2749 1377 2768 1410 ι
2789 1358 3150 1425 Lactentium,
3171 1379 3191 1412 ι
3217 1359 3418 1432 (Cass.)
3447 1376 3559 1416 non
3582 1371 3766 1424 atate,

2179 1451 2271 1508 sed
2302 1462 2362 1506 ut
2378 1451 2593 1517 Petrus,
2621 1471 2640 1504 ‹
2673 1452 2831 1522 quasi
2853 1451 3014 1506 modo
3040 1450 3207 1521 geniti
3242 1450 3292 1523 (ι
3324 1451 3470 1506 Petr.
3498 1450 3588 1523 ιι),
3617 1472 3640 1504 ο
3675 1453 3770 1522 qui

2177 1544 2414 1599 nondum
2442 1558 2646 1609 escam,
2676 1543 2770 1598 sed
2796 1543 2878 1598 lac
2905 1557 3118 1598 sumere
3147 1552 3372 1613 possunt
3395 1561 3411 1609 ;
3431 1550 3486 1598 et
3518 1551 3623 1607 est,
3660 1558 3768 1597 non

2179 1635 2352 1689 solum
2383 1649 2414 1687 a
2437 1633 2713 1703 perfectis,
2737 1633 2830 1688 sed
2853 1642 2910 1689 et
2934 1634 3000 1688 ab
3024 1633 3402 1704 insipientibus
3420 1634 3765 1704 pradicaris.

2177 1725 2296 1791 Vel,
2327 1726 2558 1781 infantes
2585 1735 2641 1781 et
2662 1725 2927 1781 lactentes
2951 1725 3085 1781 dicit
3105 1725 3392 1798 apostolos,
3429 1728 3526 1798 qui
3546 1728 3769 1782 fuerunt

2177 1816 2427 1871 homines
2453 1816 2723 1888 simplices
2752 1826 2809 1872 et
2843 1817 3043 1872 indocti
3060 1825 3082 1881 ;'
3103 1817 3282 1872 unde:
3315 1836 3333 1869 ι
3366 1815 3546 1872 Stulta
3582 1819 3768 1872 mundi

501 1932 598 1984 per
624 1880 1260 1967 Novum‘Testamentum
1304 1932 1316 1964 :
1363 1929 1382 1961 ‹
1415 1910 1653 1974 Paravit,
1690 1929 1707 1961 ι
1757 1924 1855 1979 per
1891 1909 2076 1981 expla-
2102 1880 2150 1941 Β
2185 1924 2204 1957 t
2239 1907 2398 1978 elegit
2423 1880 2649 1963 Deus'ut
2673 1907 2966 1963 confundat
2989 1880 3151 1963 fortia
3183 1907 3232 1979 (I
3274 1907 3397 1963 Cor.
3433 1910 3496 1980 t).
3530 1929 3550 1961 ι
3583 1909 3769 1965 Perfe-

499 2005 794 2060 nationem.
833 2001 1020 2075 (Ibid)
1051 2002 1166 2067 Vel,
1207 2021 1225 2053 ‹
1259 2003 1486 2072 paravit.
1524 2021 1542 2052 ι
1593 1999 1754 2054 Parat
1795 2009 1850 2055 et
1889 2001 2074 2072 dispo-

495 2097 577 2150 nit
627 2095 794 2160 Deus,
831 2104 961 2159 etc.,
1011 2109 1172 2163 usque
1223 2092 1292 2146 ad
1347 2092 1442 2147 sed
1499 2090 1812 2146 ardentibus
1871 2089 2071 2157 studio,

496 2186 724 2256 sagitta.

563 2277 726 2333 Vsns.
752 2275 838 2331 15.
858 2305 930 2317 -
952 2294 972 2327 ι
999 2275 1164 2331 Ecce.
1192 2293 1211 2328 ι
1238 2274 1424 2343 Quasi,
1453 2275 1568 2329 hac
1589 2273 1804 2344 paravit
1833 2273 1975 2328 Deus
2015 2272 2072 2327 in

495 2368 809 2438 Scripturis.
849 2367 1035 2439 (Ιὺξά.)
1060 2365 1212 2422 Unde
1235 2365 1448 2421 videtur
1494 2365 1700 2420 homini
1746 2377 1866 2420 esse
1906 2378 2071 2419 causa

492 2457 875 2514 damnationis.
907 2456 1013 2512 Sed
1047 2477 1064 2509 ι
1095 2470 1225 2512 ecce
1256 2475 1275 2508 ι
1306 2456 1450 2525 quod
1475 2471 1584 2508 non
1611 2470 1679 2510 ex
1709 2454 1841 2521 Deo,
1879 2453 1974 2509 sed
2003 2471 2070 2510 ex

491 2551 709 2606 homine
762 2559 874 2614 est,
927 2548 1053 2618 quia
1097 2565 1118 2599 ‹
1155 2547 1332 2603 lacum
1378 2547 1620 2616 aperuit,
1670 2556 1774 2602 etc.
1813 2544 2071 2616 Concepit

490 2642 754 2707 dolorem,
791 2661 808 2692 ι
841 2639 1030 2711 (Ibid.)
1062 2640 1114 2694 id
1140 2648 1241 2705 est,
1287 2640 1526 2709 appetitu
1571 2639 1946 2708 temporalium
1978 2654 2066 2694 re-

490 2754 633 2793 rum.
673 2755 692 2788 ‹
722 2737 956 2808 Peperit,
991 2755 1008 2787 ι
1055 2734 1255 2800 effecit,
1289 2735 1468 2790 emisit
1502 2753 1514 2788 :
1551 2742 1606 2789 et
1640 2734 1695 2788 in
1724 2735 1922 2790 emissa
1967 2734 2068 2789 ini-

490 2829 698 2900 quitate
743 2837 828 2884 est
871 2828 1038 2893 lacus,
1081 2827 1136 2883 id
1179 2835 1287 2894 est,
1316 2827 1672 2898 praecipitium
1718 2826 1857 2882 aliis.
1915 2825 2070 2884 Unde

491 2922 672 2976 subdit
713 2936 728 2974 :
897 2975 904 2982 ,

563 3015 724 3070 Vens.
759 3013 843 3068 I6.
869 3045 936 3054 —
987 3033 1006 3064 ‹
1032 3012 1230 3068 Lacum
1263 3013 1494 3083 aperuit.
1527 3031 1546 3066 ι
1589 3011 1657 3068 Εῑ
1692 3012 1771 3068 sic
1803 3019 1887 3068 est
1912 3028 2066 3068 com-

489 3104 746 3175 parabilis
783 3103 1042 3176 aperienti
1083 3103 1257 3158 lacum
1284 3121 1296 3157 :
1323 3105 1496 3175 aperit
1521 3104 1667 3158 enim
1717 3105 2068 3175 concipiendo

2178 1998 2314 2054 ctior
2335 2007 2418 2054 est
2435 1998 2572 2055 laus.
2599 1999 2714 2065 Vel,
2743 2014 2808 2054 ex
2837 2014 2932 2055 ore
2959 1999 3243 2056 infantium
3264 2011 3319 2056 et
3344 2000 3692 2065 laetentium,
3719 2003 3766 2055 id

2175 2100 2288 2156 est,
2316 2105 2383 2144 ex
2411 2091 2591 2146 verbis
2616 2107 2907 2161 puerorum
2951 2091 3297 2148 Hebraeorum
3327 2093 3610 2164 perfecisti
3653 2095 3766 2150 lau-

2175 2183 2320 2246 dem,
2354 2198 2475 2254 qua
2501 2183 2785 2239 videbatur
2808 2185 3086 2256 pueriliter
3115 2188 3196 2256 agi
3236 2197 3458 2257 propter
3487 2188 3762 2248 inimicos,

2172 2289 2243 2328 ne
2286 2273 2532 2328 videatur
2578 2275 2813 2330 humana
2857 2277 3142 2346 sapientia,
3192 2279 3286 2334 sed
3319 2280 3585 2334 divinitus
3615 2281 3762 2334 data.

2179 2382 2196 2414 ι
2235 2364 2485 2420 Inimicos
2514 2373 2652 2422 tuos.
2694 2387 2713 2420 ι
2753 2367 3017 2438 Paganos.
3054 2387 3072 2422 ι
3107 2368 3406 2426 Inimicum.
3441 2390 3460 2423 ι
3488 2371 3761 2436 Judaeum,

2173 2457 2266 2527 qui
2290 2457 2542 2513 inimicus
2568 2466 2654 2514 est
2681 2458 2798 2525 Dei,
2845 2461 2970 2514 dum
3013 2460 3225 2516 Patrem
3269 2462 3440 2518 solum
3479 2464 3761 2519 defendit:

2171 2548 2301 2618 quia
2331 2566 2350 2599 ι
2385 2549 2478 2619 qui
2517 2563 2624 2603 non
2671 2549 2993 2606 honorificat
3021 2550 3245 2620 Filium,
3282 2568 3388 2610 non
3433 2553 3764 2611 honorificat

2177 2657 2196 2690 ‹
2230 2638 2478 2704 Patrem,
2513 2658 2532 2692 ›
2565 2639 2652 2695 vel
2688 2641 2939 2698 inimicus
2969 2653 3111 2699 voto.

2241 2729 2405 2786 Vens.
2429 2731 2568 2785 ’4.—
2586 2751 2605 2786 ι
2629 2731 2894 2800 Quoniam
2916 2735 3126 2792 videbo.
3151 2755 3171 2790 ι
3187 2734 3522 2804 PraJudao,
3541 2740 3759 2810 spiritu.

2175 2840 2194 2874 ‹
2221 2819 2396 2877 Cales
2424 2831 2562 2890 tuos,
2583 2843 2604 2876 ι
2625 2823 2914 2894 apostolos,
2937 2825 3132 2883 videbo
3153 2829 3570 2898 prasentialiter
3597 2831 3651 2885 in
3670 2847 3764 2902 po-

2169 2915 2329 2970 steris
2343 2931 2359 2980 ;
2375 2916 2478 2970 hoc
2495 2915 2631 2970 bene
2645 2917 2894 2970 convenit
2910 2917 3216 2987 primitivis.
3237 2937 3255 2970 ι
3273 2918 3448 2990 Opera
3464 2921 3760 2992 digitorum

2171 3014 2405 3062 tuorum.
2430 3027 2448 3059 ι
2476 3007 2612 3075 Quia
2646 3008 3026 3077 coopemtione
3055 3007 3338 3066 Trinitatis
3366 3010 3617 3082 perfecti,
3643 3030 3762 3084 qua

2167 3101 2503 3175 significatur
2532 3103 2585 3156 in
2613 3102 2787 3170 tribus
2816 3102 2996 3173 digitis
3025 3102 3134 3168 hic,
3161 3111 3220 3158 ut
3241 3103 3314 3159 ibi
3341 3121 3354 3157 :
3384 3123 3402 3156 t
3431 3103 3534 3172 Qui
3560 3120 3760 3176 appen-

489 3198 734 3254 frau'dem
770 3197 1003 3299 :_eﬂ‘odit
1044 3198 1413 3299 parturiendq,
1447 3197 1695 3299 instando
1733 3198 1882 3266 operi
1922 3196 2066 3252 frau-
2093 3235 2138 3299 Ο
2171 3196 2252 3299 dit
2273 3196 2442 3251 tribus
2470 3195 2872 3299 digitis-molem
2895 3205 3071 3299 terra.
3144 3196 3279 3269 (Ita.
3436 3199 3623 3270 Etper
3642 3216 3759 3264 eos,

491 3289 613 3355 dis;
677 3287 864 3344 incidit
913 3289 1174 3360 pariendo
1230 3288 1475 3342 fraudem
1502 3327 1517 3354 ,
1575 3287 1820 3355 scilicet,
1874 3303 2066 3359 perpe-
2097 3287 2138 3299 "
2179 3307 2198 3340 ι
2231 3287 2439 3342 Lunam
2469 3297 2522 3342 et
2550 3287 2736 3343 stellas
2761 3303 2879 3357 qua
2901 3298 2957 3344 tu
2984 3288 3236 3344 fundasti.
3267 3309 3286 3343 ι
3320 3289 3438 3345 Non
3463 3291 3563 3346 illi.

491 3380 700 3435 trando.

560 3473 723 3528 Vnns.
763 3473 848 3526 I7.
872 3502 945 3513 —
987 3491 1005 3524 ι
1035 3471 1390 3527 Convertetur
1445 3470 1614 3538 dolor,
1658 3481 1762 3527 etc.
1802 3492 1820 3526 ι
1869 3473 2062 3544 Caput,

490 3566 695 3632 anima,
724 3575 931 3626 vertex,
972 3565 1150 3619 ratio:
1201 3565 1284 3619 cui
1333 3564 1680 3620 dominantur
1717 3575 1972 3634 peccata,
2010 3574 2066 3621 et

489 3667 780 3729 supersunt
814 3672 829 3711 :
869 3665 924 3711 et
949 3657 1440 3727 superdescendent
1488 3673 1611 3713 cum
1653 3658 1707 3711 in
1752 3670 1943 3728 poenas
1969 3655 2063 3712 de-

488 3752 724 3805 trudent.

558 3843 721 3896 Vnus.
759 3839 836 3895 t8.
859 3871 929 3880 —
958 3861 975 3892 ε
1008 3839 1314 3896 Conﬁtebor
1354 3839 1598 3895 Domino.
1639 3858 1656 3890 ι
1691 3837 1888 3910 (Cass)
1920 3839 2064 3895 Con-

488 3933 677 3993 clusio,
709 3932 861 4002 quasi
889 3931 1069 3985 omnia
1101 3931 1153 3985 in
1188 3945 1454 3985 summam
1492 3928 1772 3999 colligens,
1811 3927 2064 3984 alacriter

489 4039 548 4078 se
570 4023 698 4077 dicit
725 4022 990 4078 confiteri.

1030 4175 1347 4234 PSALMUS
1383 4176 1515 4232 VIII.

557 4316 716 4371 Vens.
757 4316 804 4370 Ι.
854 4344 924 4355 -—
975 4332 992 4365 ι
1029 4313 1083 4368 ln
1113 4314 1305 4379 finem,
1343 4327 1444 4382 pro
1473 4311 1863 4378 torcularibus,
1893 4320 1997 4369 etc.
2034 4335 2054 4368 ι

484 4410 588 4465 Pro
619 4409 997 4472 torcularibus,
1043 4407 1092 4460 id
1141 4413 1243 4470 est,
1280 4404 1566 4470 Ecclesiis,
1611 4413 1717 4459 etc.
1741 4445 1756 4470 ,
1803 4420 1966 4476 usque
1991 4406 2060 4459 ad

485 4503 678 4557 anima
704 4503 756 4556 in
789 4501 1024 4571 requiem
1056 4508 1329 4553 emanant.

559 4593 716 4648 Vens.
740 4592 794 4646 2.
824 4621 893 4631 —-
921 4609 939 4642 ‹
971 4591 1219 4654 Domine,
1250 4589 1508 4680 Dominus
1523 4596 1737 4680 noster,
1769 4604 1930 4659 quam
1961 4591 2060 4645 ad-
2085 4619 2138 4680 Β

482 4684 726 4741 mirabile
776 4683 1001 4738 nomen!
1034 4691 1139 4735 etc.
1185 4701 1202 4734 ι
1239 4679 1460 4751 (Cass)
1503 4679 1684 4736 Primo
1722 4680 1907 4736 laudes
1940 4681 2054 4747 Dei,

485 4777 738 4846 majestas
764 4774 900 4844 ejus,
932 4782 987 4828 et
1007 4773 1248 4843 operatio
1274 4771 1485 4827 excelsa
1512 4771 1908 4828 describuntur.
1941 4789 1960 4822 ι
1997 4771 2056 4827 In

483 4871 752 4925 universa.
784 4884 804 4917 ι
855 4862 1041 4934 (Ιὸίά.)
1071 4863 1185 4918 Νοη
1226 4879 1356 4933 ergo
1378 4860 1544 4918 Judaei
1569 4861 1651 4915 vel
1686 4861 1916 4932 quilibet
1961 4861 2054 4916 alii

481 4963 580 5019 sibi
611 4959 880 5014 vindicent
907 4956 1046 5026 quod
1077 4955 1317 5010 onmium
1344 4962 1460 5018 est,
1507 4953 1650 5022 quod
1681 4960 1766 5007 est
1802 4952 2049 5008 intentio.

485 5075 503 5108 ι
536 5053 710 5123 Super
737 5049 921 5106 cales.
956 5069 974 5100 ι
1005 5046 1182 5118 (Αυε.)
1213 5046 1294 5100 Ad
1325 5045 1580 5104 litteram,
1605 5042 1688 5098 vel
1715 5042 2052 5114 Scripturas:

475 5148 603 5218 quia
651 5143 858 5200 excedit
907 5139 1117 5210 eloquia
1166 5137 1405 5192 omnium
1451 5133 1898 5206 Scripturarum;
1949 5137 2052 5203 vel,

485 5259 506 5294 ι
541 5253 698 5308 super
737 5235 924 5290 caelos.
959 5251 978 5285 ι
1019 5230 1394 5286 Continuando
1422 5243 1543 5284 cum
1585 5230 1966 5300 sequentibus,
1998 5230 2052 5285 id

480 5341 583 5397 est,
620 5331 671 5385 in
703 5327 1028 5396 Scripturas,
1067 5335 1201 5392 quas
1225 5319 1451 5374 inclinat
1481 5321 1795 5387 infantibus,
1832 5332 2050 5393 propter

479 5426 728 5484 inimicos
756 5419 971 5476 crucis:
1003 5417 1092 5486 qui
1125 5415 1494 5480 destruuntur,
1527 5430 1650 5468 cum
1687 5416 2048 5483 videntur,'id

477 5527 582 5582 est,
597 5513 966 5586 intelliguntur
984 5508 1278 5579 Scriptura
1306 5520 1476 5576 usque
1503 5506 1571 5560 ad
1593 5504 1824 5562 infantes
1845 5507 2047 5564 ducta:

476 5615 532 5662 et
559 5621 680 5660 cum
713 5618 810 5674 per
833 5615 927 5655 eas
949 5614 1119 5669 usque
1142 5598 1212 5653 ad
1240 5597 1406 5652 robur
1443 5596 1777 5663 nutriuntur,
1801 5606 1859 5652 et
1885 5599 2050 5654 subli-

478 5699 719 5754 mitatem
748 5691 1112 5760 intelligentia
1137 5693 1440 5760 eriguntur.

547 5788 710 5840 Vens.
742 5786 795 5840 3.
817 5813 889 5824 —
916 5802 936 5834 ε
969 5782 1045 5836 Ex
1067 5798 1162 5836 ore
1189 5781 1494 5835 infantium.
1534 5799 1553 5831 ›
1585 5777 2050 5851 (lbid.)lnsipien-

480 5876 637 5937 tium,
659 5873 852 5938 quibus
870 5871 1157 5942 Apostolus
1178 5872 1260 5928 lac
1285 5871 1466 5938 dabat,
1489 5885 1624 5942 quos
1643 5871 1929 5942 signabant
1951 5873 2048 5937 illi,

2242 3379 2407 3434 Vsus.
2438 3377 2492 3433 5.
2515 3409 2585 3418 ——
2612 3398 2630 3430 ι
2660 3378 2798 3446 Quid
2844 3387 2927 3434 est
2963 3381 3154 3449 homo.
3194 3400 3214 3434 ι
3258 3380 3444 3452 (Ιὺὶά.)
3483 3381 3759 3448 Secnndo,

2168 3478 2422 3525 naturam
2457 3470 2694 3525 hominis
2723 3471 2854 3526 olim
2902 3473 3148 3528 vitiatam
3178 3475 3310 3530 dicit
3338 3476 3393 3529 in
3421 3476 3648 3533 Christo
3671 3493 3760 3533 su-

2167 3577 2266 3633 per
2302 3561 2482 3616 omnia
2519 3563 2833 3618 exaltatam.
2868 3563 3026 3620 Prius
3054 3565 3197 3620 enim
3233 3566 3546 3621 ostenderat
3577 3570 3758 3622 omni-

2166 3659 2464 3728 potentiam
2494 3658 2738 3714 Deitatis.
2781 3658 2884 3714 Per
2910 3660 3183 3716 hominem
3205 3701 3221 3727 ,
3267 3671 3627 3732 peccatores;
3664 3679 3754 3735 per

2165 3753 2336 3809 filium
2381 3755 2647 3821 hominis,
2695 3755 3020 3826 spirituales.
3051 3756 3250 3829 (Ibid.)
3287 3757 3491 3824 Homo,
3526 3761 3751 3830 quilibet

2166 3847 2316 3913 vilis,
2346 3846 2498 3916 cujus
2533 3864 2741 3905 memor
2773 3851 2913 3905 Deus
2940 3849 3264 3918 miserendo,
3296 3851 3466 3910 Filius
3493 3854 3752 3916 hominis,

2165 3940 2410 3997 Christus
2440 3943 2602 3998 homo
2633 3957 2649 3997 :
2680 3943 2932 4012 quoniam
2958 3958 3056 4014 per
3095 3960 3218 3999 eum
3265 3954 3320 4000 tu
3350 3946 3542 4002 visitas
3596 3963 3752 4011 eum,

2165 4051 2289 4091 cum
2319 4033 2555 4091 Verbum
2583 4051 2711 4092 caro
2734 4035 2939 4092 factum
2966 4046 3068 4105 est,
3098 4039 3152 4093 in
3187 4053 3293 4109 quo
3323 4041 3570 4096 medicus
3609 4044 3752 4096 venit

2164 4128 2232 4182 ad
2259 4127 2522 4182 inﬁrmos.
2569 4147 2586 4179 ι
2621 4127 2727 4182 Aut
2753 4128 2913 4184 ﬁlius.
2948 4147 2969 4182 ι
3004 4129 3204 4201 (Auc.)
3241 4130 3540 4201 Disjunctio
3575 4134 3750 4188 innuit

2164 4219 2368 4276 distare
2414 4221 2557 4276 inter
2602 4220 2878 4276 hominem
2934 4231 2992 4278 et
3039 4223 3210 4277 filium
3255 4224 3512 4280 hominis.
3561 4227 3752 4281 Omnis

2165 4314 2306 4368 ﬁlius
2335 4315 2567 4371 hominis
2592 4315 2772 4380 homo,
2804 4316 2899 4371 sed
2928 4329 3036 4372 non
3075 4331 3108 4372 e
3141 4331 3402 4373 converso
3444 4327 3508 4373 ut
3553 4319 3748 4374 Adam.

2164 4405 2338 4460 Homo
2382 4420 2514 4477 ergo
2557 4407 2764 4470 omnis,
2815 4407 2907 4477 qui
2958 4415 3138 4478 portat
3165 4408 3454 4480 imaginem
3501 4411 3746 4465 terreni:

2163 4503 2332 4559 Filius
2365 4503 2622 4570 hominis,
2649 4505 2739 4573 qui
2767 4504 3033 4570 calcatis,
3061 4514 3119 4561 et
3140 4508 3336 4562 merito
3359 4520 3534 4561 novus
3563 4506 3748 4570 homo,

2166 4594 2307 4650 filius
2336 4595 2607 4650 hominis:
2650 4595 2774 4664 quia
2806 4609 2978 4650 novus
3009 4611 3078 4652 ex
3107 4596 3279 4651 veteri
3309 4596 3546 4668 quadam
3571 4608 3749 4652 muta-

2167 4687 2310 4741 tione
2337 4684 2418 4740 fit.
2443 4683 2625 4757 (Auc.)
2655 4685 2766 4741 Cur
2787 4687 2992 4744 relictis
3011 4688 3292 4744 altioribus
3309 4689 3428 4745 hac
3447 4691 3559 4744 ima
3583 4691 3748 4746 dicit?

2163 4774 2269 4831 Sed
2299 4791 2449 4842 oves,
2476 4784 2607 4842 etc.,
2639 4793 2800 4848 usque
2827 4777 2896 4830 ad
2924 4778 3018 4848 qui
3041 4778 3247 4834 semine
3271 4779 3424 4834 verbi
3451 4778 3552 4836 Dei
3571 4781 3748 4836 homi-

2160 4881 2289 4921 num
2317 4867 2480 4922 corda
2515 4865 2843 4924 fructificare
2875 4868 3097 4924 faciunt.

2232 4955 2397 5011 Vsns.
2424 4959 2477 5013 8.
2500 4989 2571 4998 —
2597 4957 2861 5029 «Insuper
2881 4967 2936 5015 et
2960 4975 3178 5031 pecora.
3203 4980 3223 5014 ι
3249 4960 3417 5018 Malos
3436 4977 3569 5035 ergo
3592 4963 3746 5021 Chri-

2157 5058 2240 5105 sto
2268 5048 2542 5119 subjectos
2578 5066 2696 5106 esse
2744 5060 2930 5118 notat,
2980 5054 3123 5124 quod
3165 5055 3342 5110 minus
3383 5056 3644 5113 videtur:
3692 5061 3743 5115 hi

2155 5141 2298 5196 enim
2330 5141 2576 5196 carnales
2603 5142 2656 5196 in
2681 5142 2964 5198 latitudine
2989 5145 3190 5215 campi,
3227 5145 3280 5200 id
3320 5155 3424 5212 est,
3453 5147 3510 5201 in
3551 5150 3744 5219 ampli-

2157 5233 2340 5288 tudine
2362 5231 2716 5302 voluptatum,
2749 5248 2855 5288 non
2887 5234 2940 5290 in
2965 5235 3238 5290 montibus
3267 5236 3552 5303 virtutum,
3579 5239 3738 5293 habi-

2155 5331 2352 5378 tantes.
2381 5341 2399 5373 ι
2435 5322 2634 5378 Pecora
2656 5325 2849 5394 campi.
2878 5344 2897 5376 ι
2923 5325 3108 5396 (Ιόἰά.)
3137 5325 3236 5393 Qui
3264 5326 3318 5382 in
3345 5343 3512 5383 carne
3527 5329 3736 5394 vivunt,

2156 5412 2252 5473 ubi
2281 5411 2414 5465 nihil
2441 5412 2666 5467 arduum
2701 5415 3031 5470 ascendunt:
3065 5415 3158 5471 sed
3182 5415 3286 5471 lata
3322 5418 3426 5481 via,
3454 5420 3544 5474 cui
3571 5419 3738 5474 inha-

2157 5512 2297 5569 rent,
2335 5512 2418 5560 est
2445 5520 2566 5574 qua
2595 5505 2745 5561 ducit
2785 5506 2853 5560 ad
2897 5506 3214 5562 interitum:
3255 5508 3397 5564 unde
3423 5518 3479 5565 et
3503 5510 3642 5565 Abel
3682 5512 3733 5566 in

2157 5611 2347 5666 campo
2369 5596 2650 5652 occiditur.

2222 5689 2382 5742 Vens.
2421 5688 2473 5742 9.
2521 5718 2591 5727 —
2637 5707 2655 5740 ι
2693 5686 2982 5755 Volucres,
3019 5708 3038 5742 ι
3086 5687 3341 5760 superbi:
3383 5688 3451 5744 de
3497 5689 3728 5760 quibus,

2155 5799 2174 5833 ί
2210 5779 2510 5834 Posuerunt
2541 5778 2592 5832 in
2615 5778 2809 5832 calum
2837 5794 2899 5834 os
2924 5795 3078 5833 suum
3103 5778 3273 5850 ('Psal.
3303 5778 3494 5850 um).
3535 5799 3554 5832 ι
3585 5781 3731 5848 Quo-

2150 5887 2269 5928 rttm
2299 5881 2462 5938 caput
2483 5871 2649 5926 dicit:
2693 5889 2712 5921 ι
2745 5871 3048 5927 Ascendam
3079 5871 3133 5926 in
3163 5870 3359 5928 caelum
3393 5880 3449 5928 et
3475 5872 3729 5932 ωιιαι»

3919 4230 3926 4422 ι

3909 4619 3917 4898 τ

3895 5473 3899 5563 ⁴

3893 5683 3895 5753 l

3891 5767 3893 5849 ι
