3982 6352
260 461 375 522 857

1255 457 1523 518 ειοεεΑ
1559 456 1953 515 ORDINARIA.
1993 488 2065 500 —
2101 459 2229 515 LIB.
2271 457 2519 516 ΡεΑιιι.

3407 455 3512 512 858

262 575 463 634 solium
505 587 686 629 meum
707 615 723 641 ,
753 582 810 630 et
841 589 938 632 ero
965 573 1158 631 similis
1197 573 1475 630 Altissimo
1509 571 1655 644 (Ira.
1690 571 1835 643 xiv).
1864 573 1918 634 Α
1941 571 2144 638 scitur,
2185 588 2309 627 cum
2351 547 2440 628 ille
2477 571 2630 642 cujus
2653 580 2738 627 est
2759 584 2983 636 nomen,
3020 569 3276 626 noscitur.
3304 565 3514 624 Nomen

270 686 292 721 ι
341 668 524 723 Pisces
560 667 726 721 maris
773 667 862 738 qui
908 666 1285 736 perambulant
1326 666 1545 722 semitas
1583 664 1780 728 maris,
1815 682 1837 717 ι

264 759 491 816 curiosi.
522 757 647 814 Haec
677 757 802 823 tria,
831 757 1078 828 voluptas
1108 757 1315 824 carnis,
1347 757 1626 827 superbia,
1665 755 1845 810 curio-

264 851 420 917 sitas,
451 849 732 905 includunt
751 848 930 903 omnia
950 848 1102 914 vitia,
1125 863 1245 919 qua:
1265 857 1391 904 sunt
1410 846 1842 916 concupiscentia

263 939 480 1005 carnis,
526 937 751 992 ambitio
791 935 999 1001 saeculi,
1040 937 1096 992 id
1135 946 1219 993 est
1256 937 1542 1008 superbia,
1592 932 1844 1003 concupi-

265 1029 474 1084 scentia
495 1027 795 1093 oculorum,
813 1040 915 1098 per
931 1026 1118 1082 oculos
1140 1027 1427 1083 curiositas
1456 1025 1687 1082 maxime
1706 1037 1845 1095 prae.

265 1120 432 1176 valet.

819 1185 1140 1245 PSALMUS
1175 1187 1244 1244 ιχ
1258 1227 1272 1242 .

337 1297 503 1355 Vnns.
533 1298 586 1353 l.
607 1328 680 1340 —
703 1315 723 1351 ι
753 1297 812 1353 In
835 1297 996 1354 linem
1019 1313 1116 1369 pro
1135 1296 1357 1354 occultis
1379 1295 1526 1354 ﬁliis.
1562 1317 1581 1352 ι
1614 1297 1726 1356 Nec
1749 1301 1842 1356 ad—

264 1389 413 1446 ditur
455 1387 637 1458 cujus,
681 1403 776 1458 per
822 1387 1196 1444 excellentiam
1240 1396 1323 1442 est
1365 1388 1674 1459 unigenitus
1722 1390 1836 1446 Dei.

271 1498 290 1532 ι
325 1478 582 1534 Occultis.
621 1497 641 1530 ι
682 1476 818 1545 Quia
858 1477 962 1532 alia
1009 1476 1127 1545 ejus
1169 1485 1296 1532 sunt
1336 1478 1652 1545 manifesta,
1694 1489 1838 1548 etc.,

265 1589 426 1643 usque
449 1573 517 1626 ad
544 1579 600 1628 et
619 1572 684 1627 de
711 1583 890 1640 paena,
931 1584 1036 1641 qua
1054 1568 1263 1639 judicat
1288 1573 1586 1643 purgando,
1617 1587 1841 1628 conver-

267 1663 451 1729 tendo,
483 1663 823 1719 exaecando.

336 1757 501 1811 Vsns.
537 1755 591 1810 2.
625 1785 696 1797 —
731 1773 751 1808 ι
788 1753 1097 1812 Confitebor
1141 1755 1272 1822 tibi,
1319 1755 1575 1823 Domine,
1625 1758 1682 1813 in
1727 1765 1840 1814 toto

271 1865 291 1900 ι
327 1847 490 1903 corde
513 1861 655 1913 meo,
686 1856 792 1903 etc.
825 1866 845 1900 ι
874 1846 1144 1918 Propheta
1170 1847 1324 1904 laetus
1350 1849 1550 1919 psallit,
1582 1851 1709 1920 quia
1729 1853 1840 1906 cul-

1943 671 2026 717 est
2054 661 2127 716 illi
2158 661 2432 727 Dominus,
2462 663 2604 733 quod
2641 662 2820 726 novit,
2852 661 2944 730 qui
2978 660 3210 716 libenter
3235 660 3284 715 ei
3312 660 3510 726 servit,

1942 754 2048 819 vel,
2077 754 2170 823 qni
2201 762 2302 819 est,
2329 763 2384 808 et
2409 754 2528 810 ideo
2552 768 2710 810 nemo
2729 763 2906 823 speret
2930 753 2984 808 in
3006 752 3353 818 transitoriis,
3379 751 3512 806 nihil

1942 843 2264 899 habentibus
2299 854 2522 914 praeter,
2555 842 2686 910 fuit,
2725 852 2781 899 et
2822 844 2943 898 erit.
2995 841 3128 897 Nam
3155 842 3294 912 quod
3324 841 3377 895 in
3406 840 3514 896 illis

1943 932 2181 989 futurum
2209 942 2310 997 est,
2339 949 2460 988 cum
2489 935 2717 1000 venerit,
2745 934 2806 988 lit
2833 935 3014 988 statim
3039 932 3390 1004 praeteritum,
3420 949 3510 986 ex-

1942 1031 2217 1093 spectatur
2244 1037 2366 1077 cum
2388 1022 2704 1092 cupiditate,
2733 1023 2998 1077 amittitur
3027 1038 3149 1078 cum
3175 1021 3381 1087 dolore,
3407 1037 3514 1077 non

1941 1123 2157 1171 tenetur
2185 1129 2306 1170 cum
2331 1113 2671 1168 certitudine.
2702 1132 2720 1164 ε
2753 1114 3016 1180 Quoniam
3041 1129 3147 1169 non
3172 1113 3454 1184 reliquisti.
3486 1133 3506 1165 ι

1939 1203 2152 1261 Fideles
2180 1213 2438 1277 provocat
2464 1205 2530 1258 ad
2559 1203 2769 1261 laudem
2791 1205 3078 1276 Propheta,
3106 1204 3399 1275 respiciens
3424 1205 3514 1259 be-

1941 1298 2132 1354 neﬁcia
2163 1297 2443 1368 praesentis
2474 1298 2732 1368 temporis
2764 1306 2818 1352 et
2843 1297 3030 1352 futuri.

2010 1391 2174 1447 Vnns.
2200 1390 2285 1445 12.
2301 1420 2373 1430 -
2389 1408 2407 1440 ‹
2434 1387 2584 1446 Sion.
2617 1409 2636 1442 ι
2663 1387 2850 1460 (Ιῡὶά.)
2875 1389 3198 1460 Speculatio,
3214 1406 3332 1460 qua:
3354 1389 3512 1445 modo

1938 1483 2135 1554 agitur,
2167 1489 2226 1536 ut
2246 1481 2620 1552 perveniamus
2655 1481 2721 1535 ad
2749 1481 2899 1550 pacis
2923 1480 3209 1547 visionem,
3235 1481 3288 1536 id
3314 1491 3419 1546 est,
3446 1482 3512 1537 de

1941 1573 2071 1630 Sion
2101 1573 2155 1628 in
2181 1571 2516 1629 Jerusalem:
2558 1575 2812 1644 quaelibet
2845 1584 3024 1630 autem
3052 1575 3290 1630 studiosa
3321 1590 3512 1645 specu-

1938 1665 2066 1720 latio
2111 1663 2172 1719 fit
2217 1665 2270 1718 in
2305 1679 2579 1730 errorem,
2622 1666 2728 1721 nisi
2770 1665 3030 1722 Dominus
3073 1666 3128 1722 in
3174 1683 3236 1723 ea
3287 1666 3509 1722 habitet.

1944 1774 1963 1808 σ
2001 1755 2210 1811 Studia.
2247 1775 2266 1809 ›
2300 1755 2505 1829 (litem)
2535 1754 2594 1811 ω
2619 1765 2722 1822 εει,
2762 1757 3015 1813 mandata
3041 1759 3159 1829 ejus
3181 1759 3376 1828 quibus
3399 1767 3513 1812 stu-

1939 1849 2172 1904 dendum
2201 1857 2303 1904 est.

266 1942 386 1990 tura
417 1937 610 1993 diaboli
636 1938 866 1994 adventu
903 1937 1104 1994 Christi
1133 1939 1460 1994 destruitur:
1500 1948 1556 1995 et
1587 1939 1832 1998 Christus
1860 1927 1906 1990 Β
2003 1937 2168 1994 νεεδ.
2199 1940 2282 1994 l3.
2308 1969 2381 1979 —-
2407 1958 2427 1991 ί
2460 1937 2722 2007 Quoniam
2763 1939 3066 2010 requirens.
3111 1957 3133 1991 ι
3175 1936 3363 2010 (ιὸἱά.)
3409 1936 3514 1993 Sed

267 2037 478 2099 regnat,
504 2028 735 2100 judicat,
761 2028 998 2099 adjuvat.

335 2116 500 2174 Vens.
524 2119 580 2174 4.
612 2149 684 2160 —-
721 2138 741 2172 ι
774 2118 834 2174 ln
883 2120 1248 2176 convertenda
1293 2121 1570 2178 inimicum
1622 2137 1835 2190 meum,

266 2219 394 2277 etc.,
429 2230 449 2265 ι
487 2229 507 2263 ‹
543 2210 812 2283 peribunt,
839 2221 947 2269 etc.
976 2234 996 2266 ι
1032 2214 1231 2287 (Δυε.)
1259 2213 1393 2282 Quia
1419 2216 1544 2271 dum
1570 2217 1836 2273 diabolum

268 2305 579 2360 convertisti
609 2311 782 2371 retro,
809 2306 1053 2361 membra
1081 2306 1442 2372 inﬁrmantur,
1468 2316 1526 2362 ut
1546 2309 1620 2363 nil
1643 2322 1839 2365 nocere

267 2395 501 2466 possint,
547 2404 602 2451 et
641 2411 750 2452 non
773 2406 964 2462 erunt,
1004 2396 1117 2463 vel,
1147 2397 1497 2454 destruentur
1531 2414 1597 2454 ex
1636 2407 1747 2455 toto
1770 2399 1839 2454 ab

268 2488 668 2558 impugnatioue
684 2499 796 2555 tua,
822 2505 945 2544 cum
965 2490 1130 2556 dices,
1153 2509 1170 2540 ι
1190 2490 1286 2556 Ιιε,
1314 2491 1584 2546 maledicti
1623 2491 1835 2562 (Matth.

269 2583 433 2646 xxv),
469 2600 489 2633 ι
514 2581 628 2648 vel,
679 2581 933 2651 peribunt
971 2597 1093 2638 cum
1142 2580 1317 2638 aufert
1345 2583 1485 2637 Deus
1525 2583 1593 2638 ab
1621 2583 1701 2639 eis
1737 2583 1837 2640 ini~

270 2672 551 2740 quitatem.

342 2756 501 2816 Vens.
538 2759 591 2818 5.
626 2789 695 2804 -
729 2779 750 2816 ‹
775 2759 974 2822 Fecisti
1003 2761 1263 2836 judicium
1297 2776 1476 2822 meum
1517 2772 1573 2824 et
1619 2778 1840 2823 causam

275 2871 294 2906 ι
326 2868 520 2908 meam.
551 2874 570 2906 ι
591 2855 641 2927 (1
647 2857 778 2928 bid.)
803 2856 937 2924 Quia
959 2857 1088 2911 mihi
1111 2858 1413 2913 servierunt
1439 2860 1505 2915 ad
1529 2860 1835 2927 utilitatem,

269 2945 395 3014 quia
426 2963 445 2996 ι
483 2947 692 3001 sedisti.
724 2966 744 3000 ι
787 2964 807 2998 ι
841 2945 1079 3002 Judicas.
1111 2967 1129 3000 ι
1155 2948 1362 3020 (Hiram)
1388 2950 1568 3012 Pater,
1599 2961 1658 3006 ut
1685 2952 1842 3008 Chri-

269 3046 387 3092 stus
430 3038 694 3092 moriatur
735 3052 835 3108 pro
883 3052 1078 3108 genere
1121 3040 1416 3096 hominum.
1462 3042 1664 3116 (Aue.)
1713 3043 1838 3110 Vel,

266 3126 519 3184 Christus
558 3129 612 3184 in
641 3127 746 3185 ﬂne
765 3129 1061 3202 judicabit,
1096 3131 1184 3186 cui
1213 3131 1374 3188 Pater
1401 3148 1560 3189 omne
1579 3133 1840 3202 judicium

270 3218 437 3276 dedit.

1938 2033 2092 2102 quasi
2130 2033 2334 2094 dicant,
2365 2033 2459 2102 qui
2485 2033 2634 2089 missi
2662 2041 2786 2088 sunt
2805 2033 3198 2103 evangelizare,
3226 2047 3384 2088 nemo
3403 2047 3517 2087 cre-

1937 2124 2016 2178 dit
2046 2124 2222 2190 nobis,
2253 2133 2308 2179 et
2333 2124 2651 2190 occidimur,
2690 2125 3000 2194 respondit:
3031 2139 3137 2178 non
3174 2124 3290 2179 sine
3315 2123 3512 2190 fructu,

1937 2215 2063 2285 quia
2099 2233 2116 2266 ‹
2152 2216 2436 2286 requirens
2462 2215 2666 2271 ultione
2687 2216 3002 2286 sanguinem
3027 2230 3235 2280 eorum,
3260 2234 3278 2266 ι
3301 2214 3354 2268 in
3373 2213 3518 2282 judi-

1939 2307 2042 2372 cio,
2071 2306 2164 2362 ubi
2203 2307 2372 2379 gloria
2405 2307 2615 2369 occiso.
2657 2322 2814 2378 poena
2843 2306 3068 2362 occisori
3099 2306 3242 2361 erit:
3281 2323 3301 2358 ‹
3336 2319 3518 2360 recor-

1945 2415 1964 2450 ‹
1994 2397 2148 2452 datus
2172 2405 2274 2464 est,
2314 2406 2416 2452 etc.
2469 2416 2489 2450 ι
2527 2395 2715 2469 (Ιὸὶά.)
2745 2411 2852 2452 non
2889 2403 3010 2466 post
3034 2394 3388 2459 oblivionem,
3420 2393 3516 2448 sed

1937 2497 2062 2558 post
2095 2489 2309 2560 longum
2357 2497 2602 2558 tempus,
2641 2488 2935 2544 secundum
2977 2485 3225 2542 allectum
3270 2485 3517 2540 inﬁrmo-

1939 2598 2090 2648 rum,
2133 2582 2224 2653 qui
2264 2580 2490 2636 oblitum
2528 2587 2740 2651 putant,
2785 2580 2910 2650 quia
2938 2593 3044 2634 non
3085 2585 3195 2632 tam
3223 2579 3335 2633 cito
3364 2576 3424 2630 lit
3459 2582 3519 2629 ut

1939 2674 2163 2730 volunt:
2194 2674 2390 2744 quibus
2417 2673 2581 2728 etiam
2611 2673 2766 2737 adde,
2813 2671 2921 2726 imo
2949 2684 3057 2726 non
3104 2677 3187 2725 est
3226 2668 3424 2724 oblitus
3457 2675 3517 2722 ut

1939 2767 2178 2842 putatis:
2219 2774 2273 2824 et
2303 2766 2348 2824 si
2382 2765 2491 2824 dixi
2529 2782 2549 2820 ι
2582 2764 2930 2832 recordatus,
2963 2780 2978 2816 ι
3013 2761 3115 2819 hoc
3156 2768 3344 2819 contra
3385 2774 3517 2833 qne-

1941 2875 2144 2930 rentes,
2173 2863 2264 2935 qui
2291 2878 2389 2934 pro
2419 2862 2674 2918 dilatione
2701 2868 2892 2932 putant
2919 2857 3164 2914 oblitum.

2015 2957 2170 3011 Vens.
2203 2955 2288 3009 14.
2313 2984 2384 2994 -
2408 2972 2426 3005 ι
2461 2953 2733 3008 Miserere.
2773 2972 2790 3002 ι
2825 2948 3027 3020 (Cass)
3072 2948 3129 3003 ln
3160 2963 3255 3003 sua
3283 2961 3516 3017 persona

1941 3049 2072 3104 dicit
2102 3047 2242 3116 quod
2266 3045 2632 3114 unusquisque
2663 3042 2816 3112 petit.
2849 3059 2866 3092 ι
2890 3040 3044 3095 Vide.
3081 3059 3100 3092 ι
3132 3037 3319 3108 (Ιὺίἀ.)
3351 3038 3516 3106 Aspe-

1941 3145 2060 3193 ctus
2089 3136 2206 3200 Dei,
2240 3134 2498 3188 auxilium
2528 3139 2639 3195 est,
2672 3130 2761 3200 qui
2787 3143 2906 3183 cum
2943 3128 3003 3181 lit
3023 3167 3038 3193 ,
3068 3136 3124 3182 et
3151 3125 3242 3179 lux
3269 3125 3517 3181 tenebras

1947 3228 2096 3300 fugat
2124 3246 2136 3280 :
2177 3225 2245 3281 de
2275 3224 2522 3294 superbia
2560 3221 2762 3276 inimici
2805 3220 3103 3274 aestimatur
3127 3216 3401 3272 humilitas
3427 3232 3518 3286 pa-

340 3310 505 3366 Vnns.
537 3309 589 3365 6.
611 3342 684 3352 —
703 3329 724 3365 ι
758 3311 819 3368 1n
845 3312 1100 3370 saeculum
1123 3323 1178 3370 et
1203 3315 1258 3370 in
1290 3316 1562 3372 smeulum.
1601 3337 1619 3370 ι
1654 3317 1843 3390 (Ibid)
1872 3292 1918 3356 (ἶ
1951 3292 2150 3382 dentis,
2180 3315 2308 3386 quia
2339 3292 2548 3368 tantum
2574 3310 2631 3367 bi
2655 3308 3025 3374 humiliantur,
3049 3317 3308 3378 quantum
3337 3307 3410 3362 illi
3431 3322 3517 3362 ex-

274 3402 541 3459 Saeculum
576 3412 660 3459 est
695 3405 796 3462 hoc
829 3421 1068 3476 praesens
1104 3407 1246 3477 quod
1283 3409 1548 3465 volvitur:
1590 3411 1840 3466 saculum

272 3494 451 3548 seculi
491 3505 783 3561 :eternum,
813 3495 966 3566 cujus
993 3496 1122 3553 illud
1161 3498 1337 3569 imago
1367 3508 1470 3556 est.
1503 3499 1630 3566 Vel,
1661 3502 1842 3557 deter-

272 3586 495 3642 minatio
517 3597 622 3653 est,
650 3603 716 3644 ne
745 3589 848 3645 hoc
871 3605 1110 3660 praesens
1139 3593 1428 3662 acciperes.

341 3676 505 3733 Vnus.
539 3679 590 3733 7.
627 3709 699 3720 —-
733 3697 754 3732 ι
803 3678 1064 3736 Ὲηωεςε.
1107 3682 1308 3756 (Cass)
1352 3685 1532 3741 Virtus
1565 3686 1762 3743 diaboli
1786 3687 1842 3745 in

271 3767 378 3825 ﬁne
422 3770 602 3826 saeculi
641 3772 966 3829 destruetur.
1021 3793 1041 3827 ‹
1087 3774 1363 3832 Civitates.
1412 3798 1430 3830 ι
1479 3778 1664 3850 Populi
1701 3782 1838 3852 ejus.

275 3875 296 3912 ι
333 3860 467 3916 Cum
501 3861 700 3930 sonitu,
737 3881 757 3916 ι
787 3863 842 3918 id
864 3873 969 3931 est,
1001 3865 1236 3922 clamore
1263 3869 1521 3936 maximo,
1546 3880 1604 3926 ιιι
1630 3872 1692 3927 ﬁt
1718 3887 1842 3929 cum

270 3967 357 4008 res
381 3968 652 4025 prospera:
675 3957 827 4028 gravi
859 3977 879 4009 ι
914 3957 1021 4014 line
1045 3978 1062 4010 ι
1101 3960 1442 4017 clauduntur.
1478 3961 1584 4018 Sed
1605 3979 1636 4020 e
1654 3974 1842 4020 contra

269 4043 528 4100 Dominus
564 4057 858 4116 permanet.
893 4067 913 4101 ι
960 4048 1173 4116 Finem,
1218 4051 1424 4124 (Auc.)
1454 4073 1473 4106 ι
1514 4062 1596 4108 εει
1636 4055 1843 4125 gladius

269 4150 428 4206 quem
459 4137 694 4193 vibrabit
723 4139 778 4194 in
807 4141 1042 4196 secundo
1069 4142 1300 4198 adventu
1335 4153 1519 4215 aperte
1559 4143 1838 4215 judicans,

268 4235 323 4280 et
350 4227 442 4295 qui
469 4227 627 4282 modo
653 4229 890 4295 occulte,
921 4246 1092 4300 usque
1128 4233 1194 4287 ad
1237 4248 1396 4303 quem
1434 4234 1636 4304 aliquid
1662 4236 1842 4291 valent

267 4315 441 4372 hostis
459 4315 808 4384 framea:,sed
832 4329 958 4376 tunc
979 4323 1193 4392 penitus
1215 4323 1483 4380 deﬁcient.
1513 4345 1531 4378 ι
1564 4326 1783 4381 Eorum.
1813 4345 1833 4379 ι

270 4410 469 4485 (Cass)
509 4412 824 4480 Pluraliter,
871 4432 992 4472 cum
1037 4433 1200 4488 supra
1246 4418 1448 4475 inimici
1494 4420 1842 4492 singulariter

270 4502 428 4568 dixit,
459 4506 581 4575 quia
607 4520 730 4561 cum
750 4506 932 4578 plures
960 4516 1086 4564 sunt
1115 4509 1404 4578 daemones,
1424 4514 1553 4582 quia
1578 4519 1757 4568 tamen
1784 4512 1839 4567 in

269 4596 475 4650 malitia
522 4596 726 4653 similes
760 4606 916 4665 sunt,
943 4600 1098 4669 quasi
1126 4617 1310 4656 unum.
1353 4621 1372 4652 ι
1415 4601 1550 4658 Cum
1579 4603 1779 4658 sonitu.
1814 4623 1834 4657 ›

270 4684 450 4757 (Anc)
478 4686 534 4742 ω
559 4696 664 4754 εει,
687 4696 744 4744 ει
769 4690 1029 4760 strepitus
1049 4700 1104 4746 et
1135 4694 1396 4748 tumultus
1428 4693 1721 4764 impietatis
1747 4709 1842 4764 pc.

273 4780 392 4834 riit:
419 4782 528 4848 vel,
554 4799 675 4838 cum
716 4785 966 4856 impietas
991 4789 1279 4855 evertitur,
1311 4791 1566 4860 strepitus
1595 4792 1686 4858 ﬁt,
1713 4791 1841 4864 quia

269 4885 374 4925 non
396 4874 542 4928 venit
561 4875 628 4930 ad
653 4891 915 4932 summam
938 4893 1146 4947 pacem,
1163 4880 1266 4936 nisi
1287 4882 1378 4950 qui
1399 4897 1594 4953 magno
1615 4886 1841 4955 strepitu

269 4977 392 5017 cum
417 4965 566 5021 vitiis
579 4971 852 5038 pugnavit.
883 4988 901 5022 ι
921 4969 1195 5026 Thronum
1224 4989 1399 5028 suum.
1432 4994 1451 5026 ι
1481 4974 1678 5046 (Cass)
1697 4973 1842 5031 Judi-

271 5056 497 5112 ciariam
530 5069 871 5128 potestatem,
895 5063 988 5132 qui
1014 5063 1069 5117 in
1099 5063 1400 5120 humilitate
1431 5063 1706 5133 judicatus
1733 5075 1838 5135 est,

267 5147 326 5203 in
351 5148 631 5217 majestate
655 5151 938 5223 judicabit.

346 5240 505 5298 Vnus.
540 5243 626 5298 lo.
649 5275 720 5285 —
747 5264 766 5297 ‹
800 5247 865 5300 Ει
887 5246 1080 5304 factus.
1117 5267 1135 5301 ο
1171 5248 1439 5317 Quantum
1469 5260 1574 5317 est,
1599 5265 1721 5306 eum
1748 5253 1840 5323 qui

266 5330 430 5401 iudex
455 5346 570 5403 est,
612 5353 732 5394 esse
771 5337 1034 5409 refugium
1075 5344 1328 5412 pauperi,
1359 5345 1449 5415 qui
1481 5346 1611 5400 nihil
1657 5348 1844 5403 mundi

268 5431 438 5500 cupit.
475 5449 494 5482 ι
523 5430 579 5486 ln
615 5433 1124 5503 opportunitatibus.
1159 5453 1177 5486 ι
1212 5435 1395 5507 (Auc.)
1429 5437 1546 5492 Non
1583 5447 1842 5509 opportu-

268 5523 393 5578 nius
421 5525 583 5581 homo
608 5542 639 5582 a
669 5529 863 5583 saeculo
887 5532 1165 5593 avertitur,
1197 5530 1301 5584 nisi
1327 5531 1410 5586 his
1446 5531 1838 5603 voluptatibus,

269 5619 484 5676 labores
507 5631 562 5677 et
589 5622 802 5678 dolores
829 5625 1176 5680 misceantur.

338 5717 502 5772 Vens.
541 5718 627 5772 ll.
652 5746 725 5758 —-
760 5735 778 5768 ι
817 5717 1067 5785 Sperent.
1102 5737 1121 5770 ι
1171 5716 1376 5786 (Αυε.)
1425 5715 1558 5772 Cum
1589 5715 1839 5772 desinunt

266 5825 487 5880 sperare
512 5811 564 5864 in
597 5810 760 5866 rebus
783 5809 984 5864 saeculi.
1023 5810 1256 5864 Aversos
1281 5826 1309 5862 a
1343 5809 1556 5873 smculo,
1591 5823 1834 5877 quaaren'

268 5918 350 5963 tes
372 5904 459 5961 ubi
482 5903 649 5976 ligant
669 5917 841 5974 spem,
862 5902 1059 5974 excipit
1094 5903 1329 5973 cognitio
1351 5901 1602 5958 nominis.
1633 5900 1838 5958 Nomen

1946 3411 2228 3468 tolluntur.

2015 3503 2179 3559 Vnns.
2208 3502 2295 3558 l5.
2327 3531 2398 3542 —
2431 3519 2450 3552 ‹
2499 3499 2602 3568 Qui
2641 3498 2846 3556 exaltas
2875 3512 2963 3554 me
2993 3499 3058 3554 de
3084 3497 3254 3568 portis
3294 3495 3516 3562 mortis,

1945 3604 2051 3652 etc.
2081 3615 2100 3648 ι
2133 3593 2315 3665 (Αυε.)
2337 3593 2394 3648 Id
2418 3601 2502 3648 est
2520 3593 2590 3648 ab
2615 3591 2864 3646 omnibus
2887 3588 3288 3660 cupiditatibus,
3321 3587 3516 3657 quibus

1944 3690 2055 3745 itur
2081 3689 2150 3744 ad
2173 3697 2440 3742 mortem:
2473 3701 2620 3741 mors
2657 3683 2771 3753 jam
2811 3692 2895 3738 est
2923 3682 3036 3752 ipsa
3079 3681 3265 3736 lretitia
3303 3680 3354 3733 in
3393 3694 3517 3748 per-

1945 3779 2171 3836 fruendo
2191 3779 2386 3850 cupitis
2412 3794 2428 3843 ;
2464 3777 2606 3831 unde
2633 3774 2951 3846 Apostolus:
2983 3792 3000 3824 ι
3033 3772 3227 3837 Vidua,
3249 3787 3367 3842 qua:
3389 3771 3519 3824 vivit

1949 3893 1970 3927 ι
1998 3875 2052 3930 in
2096 3873 2334 3936 deliciis,
2362 3879 2572 3928 mortua
2601 3880 2682 3925 est
2709 3868 2758 3941 (Ι
2791 3868 2924 3923 Tim.
2952 3870 3028 3940 v).
3067 3887 3086 3920 ›
3125 3885 3144 3919 ι
3181 3866 3356 3922 Portis
3396 3865 3518 3919 lilia:

1950 3985 1971 4020 «
2003 3966 2152 4022 Sion.
2193 3986 2212 4018 ι
2246 3964 2383 4020 Sunt
2412 3963 2591 4018 omnia
2613 3962 2816 4032 optima
2853 3960 3063 4024 studia,
3095 3967 3223 4022 etc.,
3248 3975 3408 4030 usque
3450 3957 3518 4010 ad

1943 4073 2063 4128 qua:
2088 4069 2187 4112 nec
2205 4055 2392 4111 oculus
2412 4053 2564 4118 vidit,
2592 4067 2692 4108 nec
2715 4051 2862 4107 auris
2881 4050 3104 4106 audivit.
3124 4048 3323 4121 (ΟΑεε.)
3343 4047 3515 4102 Porta:

1942 4155 2132 4203 contra
2160 4154 2366 4218 portas,
2399 4144 2524 4215 quia
2560 4145 2643 4200 ha:
2685 4142 2904 4208 mortis,
2946 4141 3050 4196 illa:
3078 4141 3218 4194 vitaz.
3256 4157 3275 4191 ι
3309 4137 3458 4193 Sion.
3495 4156 3512 4189 ι

1945 4240 2132 4314 (Ibid)
2173 4239 2372 4297 Omnes
2407 4237 2674 4293 Ecclesias
2708 4234 2896 4290 mundi
2932 4231 3240 4304 generavit,
3287 4231 3414 4300 quia
3446 4229 3518 4284 ibi

1943 4351 2100 4398 natus
2124 4349 2209 4397 est
2229 4339 2479 4396 Christus
2505 4336 2649 4393 unde
2679 4335 2812 4390 ﬁdes
2838 4331 3077 4401 incmpit.

2013 4433 2177 4488 Vens.
2209 4430 2290 4486 l6.
2320 4458 2391 4471 --
2423 4447 2442 4481 ι
2479 4425 2791 4482 Exsultabo.
2823 4441 2843 4476 ι
2879 4420 3061 4492 (Δυε.)
3096 4417 3384 4488 [lucusque
3411 4417 3518 4472 cla-

1943 4542 2082 4593 mor,
2115 4525 2239 4580 inde
2282 4522 2414 4579 dicit
2447 4519 2684 4576 Ecclesia
2711 4531 2830 4588 quae
2865 4512 3136 4584 allligitur,
3163 4510 3442 4568 exsultabo
3465 4511 3518 4566 in

1867 4642 1918 4704 υ
1939 4620 2089 4677 Jesu.
2115 4617 2316 4692 (Cass)
2339 4617 2445 4687 Spe
2467 4615 2609 4672 enim
2631 4611 2776 4704 salva
2803 4621 2913 4704 est.
2931 4628 2950 4662 ι
3048 4607 3261 4704 laqueo.
3282 4623 3300 4658 ι
3325 4603 3378 4678 (1
3383 4603 3518 4704 eid.)

1941 4714 2189 4783 Laqueus
2241 4709 2513 4772 occultus,
2563 4703 2750 4760 dolosa
2798 4699 3091 4772 cogitatio:
3137 4697 3272 4765 Pes,
3323 4697 3516 4752 anima:

1941 4819 2114 4869 amor,
2143 4802 2253 4874 qui,
2283 4802 2329 4856 si
2353 4813 2553 4870 pravus
2572 4805 2687 4863 est,
2709 4796 2906 4851 dicitur
2925 4793 3190 4864 cupiditas
3205 4833 3218 4856 ,
3243 4790 3290 4847 si
3311 4799 3514 4856 rectus,

1941 4895 2202 4952 charitas.
2235 4892 2313 4948 Eo
2338 4891 2484 4948 enim
2509 4896 2756 4945 movetur
2793 4887 2969 4942 anima
3011 4885 3165 4956 quasi
3200 4883 3268 4938 ad
3303 4882 3516 4947 locum,

1944 5000 2052 5056 quo
2073 4997 2132 5039 se
2156 4981 2470 5054 pervenisse
2495 4994 2592 5050 per
2615 4991 2853 5032 amorem
2878 4975 3108 5031 laetamr.
3140 4993 3158 5028 ι
3183 4973 3244 5028 ln
3271 4970 3464 5040 laqueo
3490 4987 3510 5022 ι

1941 5090 2092 5146 ergo,
2121 5075 2173 5128 id
2208 5082 2310 5137 est,
2335 5070 2676 5126 fraudulento
2699 5066 2926 5124 consilio
2951 5085 2966 5121 :
2997 5081 3118 5138 pes,
3147 5065 3201 5119 id
3225 5070 3342 5128 est,
3364 5075 3518 5116 amor

1943 5167 2034 5237 qui
2065 5181 2160 5236 per
2184 5163 2428 5219 fraudem
2455 5160 2698 5234 pervenit
2736 5159 2804 5214 ad
2829 5172 3026 5213 vanam
3055 5154 3293 5210 laetitiam
3311 5193 3328 5218 ,
3370 5166 3518 5208 com~

1942 5258 2242 5329 prehensus
2277 5262 2383 5319 est,
2427 5254 2552 5324 quia
2593 5251 2682 5307 illa
2729 5249 3016 5306 delectatio
3060 5247 3243 5318 alligat
3291 5259 3408 5306 eos.
3457 5251 3516 5299 ut

1946 5349 2072 5404 inde
2100 5347 2419 5417 abrumpere
2455 5358 2710 5406 amorem,
2763 5347 2818 5396 et
2854 5339 2922 5394 ad
2969 5337 3118 5392 utilia
3143 5344 3357 5391 vertere
3407 5349 3513 5390 non

1945 5439 2198 5494 audeant.
2231 5435 2288 5491 Si
2317 5434 2460 5491 enim
2491 5443 2774 5497 conentur,
2814 5428 2966 5485 dolor
2987 5437 3071 5483 est
3100 5427 3369 5489 deserere,
3395 5439 3514 5494 qua:

1943 5529 2235 5592 delectant,
2264 5535 2320 5581 et
2352 5525 2441 5581 ille
2463 5524 2618 5580 dolor
2647 5538 2753 5577 non
2773 5520 2900 5576 sinit
2923 5517 3229 5572 abscedere.

2014 5619 2176 5675 Vens.
2214 5617 2385 5671 l7.——
2405 5615 2772 5688 Cognoscetur.
2803 5608 3000 5680 (Cass)
3025 5607 3118 5664 Vel
3141 5609 3206 5664 de
3233 5604 3515 5674 futuroju-

1944 5711 2104 5775 dicio,
2133 5718 2262 5772 etc.,
2299 5723 2462 5780 usque
2493 5706 2560 5759 ad
2588 5712 2649 5758 ut
2677 5702 2894 5772 quidam
2926 5699 3062 5754 falso
3091 5706 3298 5769 putant.

2014 5803 2177 5858 Vens.
2220 5802 2307 5856 18.
2333 5796 2805 5850 —Convertnntur
2849 5800 3159 5863 peccatores.
3191 5788 3369 5859 (Αυο.)
3417 5787 3516 5842 Hic

1941 5905 2027 5952 est
2049 5895 2318 5952 canticum
2348 5886 2735 5958 diapsalmatis,
2768 5883 2922 5955 quasi
2971 5880 3178 5938 occulta
3203 5875 3384 5937 laetitia
3423 5895 3511 5936 se-
