3982 6352
224 472 331 530 ³61

1222 475 1489 534 GLOSSA
1524 474 1923 534 OBDINARIA.
1965 508 2035 520 —-
2071 479 2197 536 LIB.
2238 478 2485 536 PSALM.

3373 481 3481 539 862

229 583 554 642 manifestus
578 585 701 650 erit,
724 592 854 651 etc.,
887 603 1046 659 usque
1086 588 1155 641 ad
1184 596 1371 643 auctor
1398 587 1659 644 malorum
1685 600 1806 644 cum
1838 588 1881 651 Α
1911 587 1999 645 hic
2024 592 2159 660 petit
2183 591 2443 663 propheta
2477 589 2811 673 iniquitatem
2847 589 3033 649 mundi
3061 592 3298 669 destrui,
3328 604 3387 652 ut
3412 594 3483 655 ad

229 698 332 740 sua
357 679 514 758 plebe
538 678 901 751 damnabitur.

804 817 1129 879 ΡεΑωωε
1166 819 1234 877 X.

323 953 489 1013 Vens.
532 957 585 1021 1.
606 988 678 998 -
698 957 764 1014 1η
786 958 964 1039 ﬁnem.
995 958 1179 1033 (Auc.)
1205 959 1351 1021 Psai.
1380 959 1549 1021 David
1578 958 1807 1041 prophe-

231 1056 304 1109 ιω
331 1047 574 1104 docentis
602 1049 857 1107 resistere
884 1051 1172 1107 haereticis.

304 1139 469 1195 Vens.
492 1140 622 1195 2.—
644 1124 713 1199 Ϊιι
740 1140 960 1197 Domino
986 1142 1212 1212 conﬁdo.
1237 1140 1417 1219 (Auo.)
1442 1141 1518 1196 De
1536 1140 1810 1199 haereticis

230 1228 327 1301 qui
376 1230 671 1291 catholicos
718 1231 773 1291 in
824 1246 979 1288 suam
1028 1231 1215 1287 volunt
1268 1239 1585 1293 convertere
1628 1232 1810 1309 pravi-

234 1328 425 1377 tatem.

304 1415 493 1488 (Ibid.)
528 1414 597 1472 In
626 1415 848 1472 Domino
877 1416 1105 1487 conﬁdo.
1139 1415 1328 1484 Quoad
1362 1414 1598 1483 litteram
1628 1421 1811 1497 potest

232 1506 336 1579 legi
363 1509 430 1563 de
455 1508 724 1579 passione,
755 1516 810 1564 et
838 1507 990 1574 dicit,
1024 1507 1272 1564 Christus
1311 1507 1604 1564 secundum
1631 1504 1809 1563 homi-

232 1612 378 1663 nem,
422 1606 481 1653 ut
524 1599 661 1654 solet
703 1606 894 1655 contra
945 1606 1187 1656 terrores
1224 1598 1554 1666 Judaeorum,
1604 1597 1671 1654 In
1696 1598 1809 1654 Do-

232 1687 375 1741 mino
409 1687 637 1758 conﬁdo.

303 1774 371 1832 In
418 1776 638 1832 Domino
666 1777 894 1849 conﬁdo.
922 1777 1058 1834 Cum
1092 1784 1381 1849 peccantes
1416 1777 1602 1834 volunt
1641 1776 1808 1848 sagit-

236 1874 352 1922 tare
380 1878 579 1925 rectos.

1909 674 2193 747 veritatem
2219 682 2594 755 promissionis
2618 681 2813 739 futura:
2840 685 3140 763 perveniat.

1981 772 2162 848 (Auc.)
2192 771 2393 833 Octava
2412 790 2512 861 pro
2532 774 2620 831 die
2630 773 2841 848 iudicii,
2862 774 3004 831 sicut
3022 776 3081 831 in
3101 787 3256 836 sexto
3273 780 3484 851 psalmo

1909 863 2111 921 dictum
2148 874 2250 920 eat.

1980 956 2144 1012 Vens.
2172 958 2229 1013 2.
2260 988 2331 999 —
2353 956 2568 1014 Salvum
2602 974 2685 1013 me
2706 957 2811 1030 fac.
2840 958 3082 1017 Revocat
3106 970 3286 1018 autem
3319 978 3350 1019 a
3375 962 3481 1021 fal-

1910 1046 2158 1111 sitatibus
2178 1047 2358 1105 saeculi
2384 1051 2450 1103 ad
2478 1048 2692 1119 eloquia
2731 1047 2856 1118 Dei,
2879 1050 2969 1106 ubi
3002 1052 3177 1121 salus,
3205 1069 3237 1115 a
3265 1068 3486 1129 perver-

1909 1136 2071 1194 sitate
2097 1138 2276 1195 saeculi
2306 1139 2441 1211 petit
2470 1140 2688 1197 salvari.
2924 1192 2930 1205 ,

1981 1229 2243 1323 Quoniam
2308 1232 2516 1304 defecit.
2582 1232 2815 1308 (Cass)
2861 1234 3096 1308 Exponit
3138 1252 3258 1323 quae
3305 1238 3487 1309 timuit

1909 1321 2077 1377 multa
2108 1341 2121 1377 :
2161 1337 2495 1396 congregans
2534 1325 2590 1380 in
2620 1340 2786 1381 unum
2805 1366 2821 1392 ,
2852 1333 2913 1381 ut
2936 1326 3007 1382 sit
3035 1321 3208 1399 majdr
3238 1329 3340 1384 vis.

1980 1412 2225 1471 Sanctus.
2253 1415 2440 1491 (Ibid)
2472 1416 2646 1486 Deus,
2676 1418 2766 1493 qui
2795 1419 2995 1490 ubique
3015 1435 3286 1499 praesens,
3314 1436 3486 1490 quan-

1911 1514 2024 1560 tum
2053 1506 2120 1561 ad
2152 1506 2398 1563 homines
2423 1508 2646 1576 defecit,
2671 1511 2763 1582 qui
2786 1511 2842 1566 in
2868 1526 2990 1567 eum
3029 1530 3133 1573 non
3160 1514 3406 1573 credunt.

1980 1600 2145 1656 Vens.
2191 1600 2246 1656 5.
2277 1599 2691 1659 ——Proa:imum.
2744 1604 2927 1678 (Auc.)
2972 1604 3255 1667 Proximus
3309 1607 3489 1666 omnis

1828 1698 1845 1713 '
1908 1689 2092 1756 homo,
2109 1706 2230 1746 cum
2253 1692 2402 1747 nullo
2422 1694 2560 1750 male
2582 1694 2847 1765 agendum
2871 1705 2982 1751 est:
3001 1698 3277 1767 proximus
3299 1698 3489 1769 primat

1911 1781 2213 1839 nativitatis
2268 1784 2578 1840 conditione
2623 1793 2706 1840 est
2740 1787 2920 1842 omnis
2958 1786 3156 1854 homo;
3183 1791 3363 1845 carnis
3392 1805 3486 1844 co-

1912 1872 2198 1942 gnatione,
2231 1872 2392 1928 amici
2422 1882 2476 1929 et
2504 1874 2753 1953 cognati;
2784 1860 3170 1934 misericordiae
3203 1892 3487 1948 compara-

305 1957 567 2025 Quoniam
590 1976 724 2016 ecce.
749 1958 938 2034 (Ibid.)
966 1959 1032 2016 lli
1060 1968 1186 2017 sunt
1209 1968 1447 2016 terrores
1475 1959 1807 2015 comminan-
1833 1967 1886 2032 Β
1912 1964 2058 2021 tione
2078 2005 2094 2030 ,
2121 1964 2398 2021 beneficus
2426 1966 2671 2037 quilibet.

230 2057 368 2115 tium
410 2054 568 2117 nobis
614 2053 681 2110 de
710 2055 1108 2137 peccatoribus,
1152 2062 1213 2109 ut
1248 2054 1313 2109 ad
1357 2069 1416 2111 se
1447 2053 1603 2139 quasi
1631 2051 1809 2122 justos

233 2158 591 2205 transeamus.
648 2146 845 2202 Dicunt
884 2146 1027 2203 enim
1066 2163 1080 2200 :
1114 2142 1424 2209 Peccatores
1471 2144 1802 2200 intenderunt

231 2253 436 2303 arcum,
470 2234 803 2321 Scripturas,
829 2236 971 2291 unde
992 2241 1289 2291 venenatas
1316 2235 1538 2308 sagittas
1563 2234 1805 2299 mittant,

231 2344 368 2402 quas
398 2329 453 2384 in
480 2329 659 2385 cordis
687 2328 900 2386 occulto
921 2337 1135 2401 parant.

300 2421 465 2478 Vens.
497 2420 553 2476 3.
577 2452 652 2463 -
677 2418 746 2476 In
789 2421 1024 2476 obscuro.
1064 2418 1268 2493 (Cass)
1294 2417 1353 2473 In
1385 2416 1613 2489 simplici
1642 2432 1805 2473 sensu

230 2512 507 2586 degentes,
533 2512 620 2567 vel
666 2512 721 2568 in
752 2514 865 2568 suis
894 2511 1159 2583 ambiguis
1193 2507 1491 2570 sententiis,
1526 2522 1631 2564 non
1658 2506 1804 2579 quod

231 2601 509 2675 Scriptura
534 2603 602 2658 ad
626 2602 731 2661 hoc
754 2601 953 2669 valeat,
981 2602 1076 2657 sed
1097 2600 1223 2671 quia
1250 2618 1263 2653 :

300 2695 463 2752 Vens.
494 2694 548 2750 4.
571 2725 643 2736 -
665 2694 926 2762 Quoniam
962 2710 1079 2766 qua:
1111 2692 1395 2764 perfecisti.
1419 2689 1697 2748 Convenit
1736 2689 1805 2746 ab

232 2785 317 2841 his
351 2800 656 2851 sermonem
687 2787 753 2841 ad
778 2786 947 2841 Deum
979 2784 1130 2859 quasi
1163 2802 1175 2839 :
1200 2783 1309 2840 Cur
1333 2783 1520 2839 dicunt
1551 2783 1804 2839 transmi-

229 2878 360 2950 gra?
403 2876 513 2934 Cur
558 2879 627 2943 de
664 2879 1038 2953 peccatoribus
1080 2886 1334 2943 terretur,
1389 2878 1481 2951 qui
1523 2873 1807 2932 intendunt

230 2972 489 3043 saginare
518 2969 739 3031 rectos?
766 2971 888 3041 quia
915 2985 1033 3042 qua:
1059 2968 1317 3041 perfecisti
1344 2968 1710 3022 destruxerunt
1749 2968 1804 3022 in

228 3064 341 3118 suis
372 3062 753 3133 conventibus,
778 3062 882 3129 ιιιὺί
912 3060 1182 3132 parvulos,
1219 3059 1311 3130 qui
1348 3066 1504 3114 erant
1530 3058 1669 3114 lacte
1712 3074 1806 3113 nu-

229 3150 452 3218 triendi,
477 3165 542 3207 ex
570 3164 801 3222 quorum
838 3165 936 3207 ore
972 3149 1091 3206 laus
1131 3146 1428 3221 perficitur,
1452 3148 1669 3204 venenis
1709 3163 1807 3204 ne-

228 3253 373 3300 cant.

1979 2055 2180 2125 Corde,
2206 2064 2311 2114 etc.
2337 2057 2703 2127 Germinatio,
2749 2058 2945 2132 duplex
2969 2075 3065 2116 cor
3097 2058 3401 2135 significat,
3432 2058 3487 2121 in

1906 2162 2015 2219 quo
2061 2148 2279 2204 dolosus
2328 2149 2675 2218 describitur,
2719 2152 2908 2205 unde:
2952 2149 3045 2211 Vir
3087 2150 3280 2223 duplex
3311 2154 3488 2209 animo

1905 2238 2204 2293 inconstans
2230 2238 2379 2294 estin
2400 2239 2639 2294 omnibus
2666 2240 2760 2295 viis
2783 2240 2914 2303 suis.
2936 2239 3071 2296 Boni
3098 2241 3297 2301 habent
3320 2258 3487 2298 unum

1906 2345 2001 2386 cor
2036 2338 2091 2386 et
2127 2347 2290 2386 unam
2325 2320 2590 2393 animam.

1977 2418 2140 2477 Vens.
2164 2420 2221 2476 4.
2250 2453 2319 2464 -
2340 2421 2620 2493 Disperdat
2644 2422 2898 2483 Dominus
2920 2424 3160 2480 universa
3186 2424 3350 2493 labia,
3373 2434 3479 2483 etc.

1907 2510 2108 2584 (Cass)
2136 2512 2194 2568 ld
2218 2521 2331 2580 est,
2359 2513 2560 2584 passim
2599 2515 2950 2603 pereant,qui
2981 2516 3035 2570 in
3074 2531 3180 2571 una
3205 2517 3470 2591 pravitate

1911 2604 2262 2659 conveniunt.

1979 2692 2238 2765 Linguam
2258 2694 2673 2769 magniloquam.
2690 2695 2878 2771 (Ibid.)
2890 2696 2948 2753 ld
2969 2707 3076 2764 est,
3093 2701 3379 2777 superbam
3397 2718 3410 2755 :
3430 2700 3485 2757 hi

1905 2795 2028 2845 sunt
2056 2787 2380 2865 hypocritae,
2426 2788 2690 2846 habentes
2738 2792 2973 2865 speciem
3020 2792 3076 2849 in
3122 2808 3369 2849 sermone
3420 2795 3488 2855 ad
3561 2860 3571 2871 _

1905 2880 2253 2955 decipiendos
2281 2882 2558 2950 homines,
2590 2890 2645 2941 et
2671 2881 2782 2943 Deo
2825 2898 2931 2939 non
2975 2883 3197 2939 subditi.
3236 2883 3485 2959 (lienis)

1906 2972 2033 3039 Vel,
2067 2973 2395 3049 philosophi.

1974 3065 2138 3120 Vens.
2163 3065 2397 3143 5.—Qui
2416 3066 2661 3123 dixerunt
2680 3082 2701 3120 :
2742 3067 2974 3141 linguam
2997 3081 3249 3137 nostram.
3284 3070 3484 3149 (Cass)

1904 3153 2122 3211 lactant
2148 3171 2208 3212 se
2237 3157 2303 3212 de
2346 3165 2617 3228 potestate
2646 3159 2948 3245 labiorum,
2982 3164 3139 3234 quasi
3164 3181 3271 3221 non
3305 3182 3334 3220 a
3375 3166 3484 3223 Deo

1907 3247 2234 3317 acceperint.

297 3334 486 3391 Justus
506 3343 702 3400 autem,
730 3332 859 3406 quid
884 3333 1004 3405 fecit
1022 3332 1247 3429 ((Aoe.)
1272 3332 1578 3390 Secundum
1602 3339 1809 3387 utram-
1834 3333 1882 3400 C
1918 3428 1927 3429 7
1985 3336 2147 3403 Vens.
2178 3338 2232 3394 6.
2261 3369 2335 3379 -
2355 3336 2582 3411 Inopum
2604 3350 2654 3396 et
2679 3342 2925 3414 gemitum
2965 3360 3273 3429 pauperum.
3300 3345 3483 3417 (Auc.,

228 3440 333 3500 que
364 3435 601 3499 partem,
623 3434 755 3493 etc.,
785 3440 948 3497 usque
992 3425 1062 3481 ad
1087 3427 1281 3483 animae
1310 3440 1421 3483 suae
1463 3433 1653 3491 nocet,
1697 3439 1806 3480 non

228 3522 397 3594 justo,
426 3519 517 3591 qui
548 3518 660 3587 Deo
690 3519 883 3574 credit.

300 3613 465 3671 Vens.
494 3612 546 3667 ο.
571 3642 643 3653 -—
667 3612 920 3667 Dominus
940 3611 1247 3683 interrogat,
1270 3618 1375 3667 etc.
1405 3609 1590 3665 Justus
1612 3620 1803 3666 autem.

234 3703 465 3759 Minatur
486 3702 772 3779 judicium,
812 3702 965 3772 cujus
1001 3702 1194 3758 timore
1222 3701 1472 3757 deserant
1518 3700 1799 3757 falsitates.

304 3794 619 3871 Interrogqt.
645 3792 835 3870 (Ibid.)
860 3794 920 3851 ld
946 3804 1030 3850 est
1054 3795 1264 3865 probat,
1291 3794 1417 3864 quia
1460 3794 1588 3850 boni
1620 3794 1685 3849 de
1712 3794 1808 3849 oh-

232 3889 406 3949 scuris
435 3903 540 3944 non
578 3887 894 3963 fatigantur,
916 3888 1012 3945 sed
1036 3898 1359 3951 exercentur
1383 3886 1448 3945 de
1467 3887 1805 3962 cegnitione:

234 3997 337 4039 non
359 3980 633 4047 inﬂantur,
663 3981 756 4037 sed
782 3980 1194 4039 confirmantur.

305 4073 437 4143 Qua:
473 4072 753 4145 perfecisti.
780 4071 836 4127 Id
862 4079 966 4139 est,
1009 4071 1249 4143 perfecte
1298 4070 1534 4139 edidisti,
1572 4069 1658 4127 vel
1706 4070 1811 4127 im-

234 4165 427 4237 plendo
455 4166 727 4234 prtedicta.
751 4164 1165 4230 Destruxerunt,
1194 4164 1333 4220 male
1358 4165 1695 4235 exponendo.

305 4255 494 4327 (Ibid.)
528 4253 597 4310 In
635 4256 872 4312 obscuro.
910 4255 1006 4311 Vel
1055 4257 1276 4311 obscura
1317 4257 1464 4311 luna.
1504 4256 1632 4311 Dute
1681 4264 1810 4313 sunt

235 4350 515 4431 Opiniones
551 4348 712 4415 lunae,
748 4358 875 4425 etc.,
902 4365 1065 4423 usque
1091 4349 1162 4405 ad
1189 4350 1277 4422 qui
1295 4359 1433 4407 .tunc
1472 4349 1600 4407 dicit
1624 4358 1810 4406 sancta

237 4449 596 4507 sacramenta,
627 4455 751 4496 cum
780 4456 877 4513 per
902 4451 1119 4497 sanctos
1146 4442 1360 4497 dentur.

308 4531 469 4588 Vens.
498 4531 551 4587 τ.
579 4531 803 4589 --Pluet
832 4550 1005 4606 super.
1045 4534 1182 4602 Quid
1208 4535 1361 4592 malis
1398 4535 1592 4591 reddat
1625 4544 1810 4592 osten-

1906 3428 2088 3503 Cass.)
2132 3430 2347 3505 Ιηορεε,
2380 3433 2628 3507 gentiles,
2660 3434 2753 3506 qui
2780 3450 2882 3490 nec
2909 3428 3101 3511 legem,
3130 3451 3230 3492 nec
3256 3436 3487 3509 prophe-

1907 3537 1992 3584 tas
2019 3528 2354 3595 habuerunt;
2382 3545 2636 3599 pauperes
2653 3569 2669 3595 ,
2692 3512 2886 3584 :ludasi.
2912 3528 3092 3585 Nunc.
3116 3528 3266 3599 Quod
3296 3546 3403 3585 non
3429 3530 3486 3587 in

1945 3618 2071 3675 riori
2099 3618 2315 3693 pupulo.
2344 3617 2662 3690 Exsurgam.
2687 3618 2973 3690 Apparebo
2994 3619 3048 3675 in
3074 3617 3230 3675 Filio.
3254 3616 3481 3679 Ponant.

1905 3633 2071 3765 Error:
2099 3633 2315 3693 puputo.
2344 3633 2662 3690 exsurgant.
2687 3633 2973 3690 apparebo
2994 3636 3048 3675 in
3074 3633 3230 3675 r‘ino.
3254 3633 3481 3679 Bonam.

1951 3709 2343 3769 ctisolationem
2364 3725 2680 3791 pauperum.
2707 3708 3074 3767 Fiducialiter.
3097 3711 3373 3781 Potenter,
3399 3712 3488 3770 cui

1908 3803 1984 3860 nil
2008 3803 2231 3863 resistit.

1978 3895 2141 3951 Vens.
2170 3893 2224 3948 7.
2245 3923 2315 3935 —
2336 3891 2562 3965 Eloquia
2605 3891 2838 3953 Domini,
2883 3891 3073 3967 (Ibid.)
3102 3891 3301 3951 Contra
3346 3893 3488 3949 mala

1907 3986 2089 4044 seculi
2126 3985 2376 4043 Christus
2399 4002 2429 4042 a
2472 3984 2633 4042 Patre
2673 3987 2899 4053 missus,
2947 3972 3099 4055 cujus
3124 3983 3334 4055 eloquia
3362 3998 3487 4039 vera

1908 4088 2064 4143 sunt,
2092 4077 2380 4148 impiorum
2406 4076 2559 4134 falsa.
2586 4077 2765 4134 Casta.
2789 4077 2987 4134 Contra
3012 4077 3115 4132 hoc
3135 4076 3275 4149 quod
3301 4090 3486 4145 supra,

1909 4176 2042 4233 vana
2077 4171 2238 4227 locuti
2265 4180 2409 4227 sunt.
2431 4201 2503 4213 -
2529 4171 2931 4227 Examinatum.
2968 4169 3192 4233 Contra,
3223 4168 3363 4220 labia
3395 4167 3491 4220 do-

1909 4264 2020 4320 losa
2054 4264 2109 4319 in
2135 4265 2289 4319 corde
2308 4274 2356 4320 et
2379 4264 2535 4319 corde
2565 4263 2727 4317 locuti
2756 4272 2898 4317 sunt.

1982 4356 2312 4429 Scpluplum.
2360 4355 2543 4430 (Aur...)
2594 4351 2877 4420 Perfecto,
2928 4360 3035 4407 etc.
3116 4363 3281 4421 usque
3325 4346 3393 4402 ml
3436 4354 3492 4401 et

1910 4450 2052 4520 quod
2075 4447 2373 4520 perfectum
2414 4455 2498 4502 est
2528 4446 2889 4501 demonstrat.

1934 4530 1943 4537 ’
1983 4537 2145 4594 Vens.
2174 4538 2315 4594 8.—
2332 4537 2432 4607 Tu,
2457 4536 2696 4591 Domine.
2724 4531 2927 4607 (ϐλεε.)
2954 4529 3252 4588 Utilitatem
3278 4527 3491 4585 divino-

236 4624 423 4681 dit.——
448 4624 627 4697 (Αυθ.)
650 4625 792 4682 Pluit
817 4628 884 4687 de
908 4627 1159 4693 nubibus,
1183 4627 1234 4682 id
1261 4637 1344 4687 est
1370 4628 1813 4703 pseudoprophe-
1838 4610 1889 4703 ξ
1914 4644 2035 4685 rum
2102 4629 2467 4700 eloquiorum,
2526 4626 2593 4681 ad
2661 4624 2948 4681 Dominum
3024 4636 3084 4678 se
3138 4626 3489 4684 convertens,

238 4718 324 4773 tis.
359 4715 455 4773 Vel
499 4719 564 4776 de
591 4696 746 4775 bonis
782 4719 923 4775 unde
972 4728 1227 4775 emanant
1252 4696 1453 4793 laquei,
1504 4696 1625 4776 cum
1670 4696 1810 4777 male
1838 4696 1889 4757 Ῑ)
1915 4722 2171 4777 ostendit.

238 4807 712 4880 intelligitur:sed
756 4825 861 4867 non
907 4811 1012 4865 nisi
1048 4810 1132 4865 his
1169 4812 1260 4885 qui
1308 4821 1625 4885 peccatores
1662 4823 1808 4869 sunt.

238 4894 405 4967 Ignis.
436 4897 618 4955 Primo
643 4900 763 4973 igne
801 4899 1155 4971 cupiditatum
1187 4910 1465 4957 vastantur
1493 4921 1507 4957 :
1540 4903 1664 4959 inde
1697 4920 1813 4959 ma-

238 4988 412 5044 lorum
458 5005 681 5061 operum
731 4991 902 5048 fetore
953 4990 1283 5061 abjiciuntur
1332 5008 1364 5049 a
1413 4995 1638 5063 sanctis,
1690 4997 1815 5053 inde

241 5095 558 5156 merguntur
584 5086 799 5147 aeternis
822 5086 1021 5156 poenis.
1470 5100 1473 5103 ‘

315 5174 476 5239 Vens.
500 5176 554 5234 8.
576 5206 645 5216 ——-
667 5164 934 5232 Justitias.
965 5176 1154 5250 (Ibid;)
1193 5174 1500 5244 Pluraliter,
1548 5185 1607 5232 ut
1643 5177 1818 5248 iustos

200 5256 213 5264 ’
243 5268 495 5339 accipias,
521 5268 576 5323 in
602 5268 796 5340 quibus
823 5269 1003 5324 multae
1024 5268 1267 5338 iustitiae,
1301 5284 1423 5324 cum
1453 5285 1556 5324 una
1595 5271 1668 5335 sit
1700 5270 1815 5326 Dei.

314 5354 639 5431 .Equltatem
662 5361 810 5416 vidit.
834 5358 1085 5432 Equitas
1112 5362 1227 5416 visa
1249 5369 1330 5416 est
1356 5361 1410 5416 in
1441 5359 1601 5427 facie,
1625 5361 1677 5417 id
1714 5371 1816 5430 est,

246 5450 436 5506 notitia
465 5452 617 5524 ejus:
640 5452 805 5510 facies
831 5455 974 5509 enim
1008 5463 1092 5513 eSt
1121 5454 1311 5509 notitia
1334 5454 1469 5525 ejus,
1514 5454 1566 5511 id
1593 5462 1697 5520 est,
1725 5468 1821 5526 po-

249 5542 416 5597 tentia
447 5530 551 5614 qua
583 5545 757 5615 dignis
797 5546 1113 5615 innotescet.
1140 5544 1234 5601 Vel
1269 5547 1413 5613 vidit,
1443 5547 1566 5617 quia
1608 5564 1714 5603 non
1762 5563 1822 5605 se

248 5630 343 5688 dat
370 5636 694 5705 noscendum
740 5637 917 5704 malis,
946 5639 1038 5693 sed
1084 5638 1263 5705 bouis,
1294 5640 1437 5710 quod
1463 5649 1546 5696 est
1572 5642 1818 5723 aequitas.

806 5765 1129 5835 PSMMUS
1166 5768 1255 5835 Xl-

327 5899 492 5961 Vns.
517 5903 570 5963 i.
592 5932 660 5951 σ-
677 5900 787 5958 Pro
825 5913 1026 5959 octava.
1068 5902 1268 5976 (Cass)
1294 5900 1405 5960 Pro
1433 5916 1612 5965 octava
1633 5949 1650 5979 ,
1698 5912 1826 5984 quia

1987 4813 2148 4870 Vens.
2177 4815 2230 4871 9.
2263 4812 2331 4868 In
2356 4813 2598 4868 circuitu.
2644 4809 2934 4868 Conclusio
2959 4808 3027 4866 de
3061 4816 3291 4879 utraque
3317 4814 3488 4878 parte.

1916 4906 2099 4980 (Αυα.)
2128 4905 2196 4961 In
2236 4907 2458 4961 circuitu
2477 4946 2492 4971 ,
2533 4904 2588 4960 id
2617 4913 2733 4970 est,
2758 4902 3052 4974 cupiditate
3080 4898 3491 4972 temporalium,

1916 5008 2035 5070 quae
2064 5007 2266 5068 septem
2294 4996 2483 5063 diebus
2509 4994 2818 5060 volvuntur,
2844 5001 2899 5049 et
2940 5007 3046 5048 non
3075 4989 3301 5065 veniunt
3327 4986 3382 5041 in
3402 5000 3495 5040 oc-
3580 4998 3603 5015 κ

1917 5100 2098 5145 tavum
2122 5131 2137 5155 ,
2161 5090 2215 5145 id
2242 5096 2325 5145 est
2345 5128 2360 5154 ,
2390 5097 2655 5144 aeternum
2684 5102 2699 5141 :
2724 5087 2869 5141 unde
2904 5080 3181 5139 ventilator
3206 5086 3283 5134 cst
3309 5077 3498 5145 impio-

1923 5198 2041 5236 rum
2088 5198 2180 5235 rea;
2220 5182 2459 5252 sapiens,
2500 5188 2549 5233 et
2592 5177 2825 5234 immittit
2870 5175 2976 5230 illis
3022 5182 3191 5228 rotam
3236 5168 3496 5223 malorum

1927 5271 2106 5346 (Prov.
2133 5272 2194 5345 n)
2212 5316 2227 5341 ,
2258 5273 2313 5328 id
2339 5282 2454 5338 est,
2487 5272 2749 5328 ambitum
2772 5267 3104 5324 volubilium.

1998 5365 2362 5437 Multiplicasti
2398 5363 2539 5439 ﬁlios
2569 5363 2857 5418 hominum.
2892 5358 3081 5432 (Ibid.)
3110 5356 3206 5412 Est
3232 5363 3290 5411 et
3314 5352 3497 5409 multl-s

1926 5462 2142 5533 plicatio
2179 5462 2233 5516 in
2265 5458 2650 5531 temporalibus
2673 5471 2793 5528 quae
2816 5454 3013 5510 avertit
3038 5451 3107 5507 ab
3130 5450 3338 5506 unitate
3358 5446 3447 5502 Dei
3481 5459 3497 5499 :

1928 5553 2023 5610 sed
2077 5553 2208 5625 justi
2275 5551 2702 5623 multiplicantur
2765 5545 3058 5602 secundum
3127 5538 3498 5603 altitudinem,

1868 5710 1876 5719 ,
1929 5645 2143 5717 quando
2167 5651 2298 5701 euut
2322 5644 2390 5701 de
2412 5644 2611 5700 virtute
2638 5641 2695 5695 in
2720 5637 2997 5693 virtutem.

2482 5768 2803 5843 PWUﬁt
2840 5767 2954 5845 xit

2004 5908 2166 5971 Vens.
2196 5908 2404 5968 i.—-In
2432 5908 2612 5982 ﬁnem.
2641 5903 2843 5987 (Cum)
2875 5903 3120 5962 Psalmus
3140 5903 3211 5961 de
3233 5901 3507 5963 chariton
