3982 6352
493 425 600 482 865
995 425 1388 496 WALAFRIDI
1426 421 1675 482 STRABI
1707 421 1911 478 ΠΜ).
1953 417 2126 476 ΜΟΝ.
2164 416 2314 472 OPP.
2357 415 2538 474 PARS
2569 415 2612 470 Ι.
2655 445 2720 456 —-
2762 411 3220 471 THEOLOGICA.
3663 413 3769 468 8&4

493 534 726 603 Christi,
757 543 885 603 etc.,
927 553 1092 608 usque
1115 536 1184 590 ad
1211 535 1507 591 secundum
1556 532 1686 590 illud
1721 550 1734 588 :
1765 529 1930 603 Cupio
1961 532 2071 586 dis-
2095 533 2147 594 Α
2171 529 2378 586 cautela
2424 537 2535 593 est,
2570 536 2871 597 opportune
2897 527 3119 592 timere;
3171 528 3246 582 ita
3291 527 3538 598 ignavia,
3575 527 3773 596 inepte

494 625 624 682 solvi
653 636 702 680 et
734 642 844 680 esse
872 643 989 681 cum
1013 625 1240 681 Christo.
1271 623 1438 697 (Phil.
1466 627 1533 697 ι.)

566 721 730 777 Vsus.
769 720 824 775 2.
848 751 919 760 —
939 719 1210 786 Quandiu.
1243 718 1416 791 (ὡς.)
1472 719 1694 792 Magnus
1723 719 1884 774 ardor
1909 716 2074 774 susti-

493 812 704 878 nentis,
733 819 866 878 etc.,
893 829 1055 884 usque
1095 811 1163 864 ad
1186 811 1312 880 quia
1351 826 1476 880 spes
1503 811 1851 882 protrahitur.

563 902 817 958 Consilia.
845 902 1030 971 (Auc.)
1059 901 1299 957 Consilio
1326 918 1433 957 non
1467 910 1552 959 est
1574 917 1734 973 opus,
1759 910 1892 966 etc.,
1915 915 2077 971 usque

497 997 569 1051 ad
595 995 782 1051 dolens
811 1010 1147 1065 precansque
1175 1004 1396 1049 acterna.

563 1082 727 1140 Vnus.
753 1085 892 1139 5.—
916 1083 1190 1154 Usquequo
1216 1084 1554 1150 excitabitur,
1579 1092 1684 1139 etc.
1711 1083 1913 1155 (Cass.)
1935 1082 2080 1138 Dicit

494 1181 644 1251 quia,
664 1188 792 1236 ante
812 1180 1100 1235 adventum
1116 1179 1337 1244 Christi,
1355 1179 1598 1235 diabolus
1611 1179 1850 1250 captivos
1866 1177 2081 1232 tenebat

496 1271 762 1327 homines.
795 1270 890 1324 Vel
927 1286 1083 1339 super
1107 1286 1189 1324 me
1208 1309 1224 1334 ,
1253 1268 1306 1324 id
1333 1278 1437 1335 est,
1467 1284 1643 1323 meam
1681 1268 2076 1333 crudelitatem,

495 1365 622 1436 quia
639 1375 756 1420 toto
770 1365 901 1419 orbe
926 1363 1142 1429 colitur,
1166 1373 1223 1419 et
1237 1363 1362 1434 quia
1385 1365 1463 1419 sic
1483 1365 1632 1420 orbis
1658 1364 1860 1427 interit,
1881 1363 2077 1432 plorat.

570 1453 734 1510 Vnus.
765 1455 821 1508 4.
843 1485 914 1494 -
935 1452 1171 1523 Respice.
1220 1453 1411 1528 (Ibid.)
1437 1455 1568 1511 Post
1612 1455 2079 1526 conquestionem,

497 1548 708 1613 oratio,
740 1556 798 1602 ut
830 1547 1188 1613 illuminetur,
1227 1563 1295 1602 ne
1335 1549 1490 1604 cedat
1523 1549 1799 1604 fraudibus
1840 1546 2082 1614 inimici,

497 1639 588 1708 qui
643 1639 695 1692 in
743 1639 1114 1694 misericordia
1160 1640 1404 1696 conﬁdit.
1448 1639 1685 1711 Respice.
1719 1637 1901 1710 (Auc.)
1931 1638 2083 1695 Mitte

494 1746 656 1800 quem
708 1732 973 1786 missurus
1009 1748 1084 1787 es.
1133 1731 1366 1786 Exaudi.
1417 1732 1615 1804 (Cass)
1654 1731 1759 1788 Pro
1806 1732 2079 1797 omnibus,

492 1836 594 1890 pro
628 1821 822 1892 quibus
855 1822 1179 1892 generaliter
1205 1824 1358 1892 petit.
1400 1822 1674 1876 Illumina.
1725 1821 1783 1877 Si
1808 1837 1914 1876 non
1961 1837 2082 1877 cor-

2180 622 2481 692 trepidare,
2507 628 2569 674 ut
2596 636 2696 690 pro
2721 627 2878 688 gente
2905 628 2959 674 et
2993 619 3144 685 loco,
3172 619 3365 673 timore
3395 617 3494 671 Dei
3521 617 3771 686 abjeeto.

2250 712 2412 768 Vnus.
2469 713 2919 768 6.——Consilium
2966 715 3156 784 inopis.
3197 713 3398 782 (Cass)
3427 713 3682 768 lnvectio
3719 715 3776 768 in

2175 806 2420 870 Iudaeos,
2445 817 2573 872 etc.,
2622 822 2786 876 usque
2851 805 2951 871 ad,
2997 805 3051 860 id
3081 815 3196 870 est,
3243 808 3310 861 de
3335 804 3542 860 ludatis
3573 821 3780 874 procc-

2179 897 2310 952 dens
2332 938 2347 962 ,
2375 905 2482 952 etc.

2251 985 2412 1042 Vens.
2453 989 2504 1041 7.
2528 1017 2599 1028 —-
2623 985 2753 1052 Quis
2790 986 2932 1039 dabit
2975 1002 3038 1040 ea:
3071 983 3239 1050 Sion,
3283 993 3387 1040 etc.
3427 985 3640 1056 (Cass.)
3675 985 3780 1040 Po-

2179 1089 2382 1136 stremo
2427 1078 2733 1134 Judaaorutn
2787 1077 3070 1130 conversio
3123 1076 3456 1146 przedicitur,
3506 1092 3636 1144 qua
3687 1076 3780 1130 ﬁet

2179 1187 2301 1228 cum
2332 1171 2610 1242 plenitudo
2654 1169 2894 1242 gentium
2954 1169 3256 1224 intraverit.
3310 1169 3439 1224 Cum
3497 1170 3776 1223 auerterit.

2181 1264 2285 1320 Pro
2311 1263 2508 1318 ludatis
2535 1263 2698 1318 etiam
2721 1261 2826 1316 hoc
2853 1260 3220 1316 testimonium
3246 1260 3396 1315 Isaia:
3435 1260 3598 1330 ponit
3631 1259 3780 1327 Apo-

2182 1356 2351 1411 stolus
2385 1373 2398 1407 :
2455 1351 2627 1408 Veniet
2652 1369 2720 1408 ex
2762 1351 2892 1408 Sion
2928 1353 3017 1422 qui
3061 1353 3243 1407 avertit
3269 1353 3632 1420 captivitatem
3654 1393 3670 1416 ,
3705 1353 3780 1406 rel

2181 1447 2497 1520 impietatem
2527 1462 2560 1500 a
2585 1445 2772 1501 Iacob.

2717 1581 2941 1638 PSALM
2952 1581 3037 1638 US
3091 1581 3230 1636 XIV.

2254 1722 2417 1777 Vnus.
2436 1720 2802 1788 L—Domine,
2818 1721 2932 1793 quis
2950 1722 2974 1776 ?
2989 1720 3159 1794 (Cas.)
3174 1721 3420 1777 Psalmus
3433 1722 3541 1777 iste
3559 1725 3781 1792 proprie

2186 1829 2395 1869 morum
2409 1823 2493 1867 est
2506 1813 2891 1878 institutorius,
2906 1813 3343 1884 praesumptionis
3359 1811 3641 1882 repressio
3658 1829 3672 1863 :
3694 1815 3777 1865 ubi

493 1891 655 1980 pore,
683 1891 963 1966 videamus
995 1911 1077 1966 vel
1119 1891 1317 1966 mente.
1364 1910 1727 1965 Obdormiam.
1761 1911 1985 1978 Quando
2013 1911 2075 1965 ﬁ-
2105 1897 2152 1958 B
2179 1907 2354 1977 agitur
2378 1906 2444 1961 de
2469 1906 2674 1961 unitate
2700 1905 2983 1975 praesentis
3010 1891 3333 1961 Ecclesiafet
3351 1907 3540 1959 futura
3566 1905 3778 1974 quiete.

495 2000 581 2054 dei
609 1999 812 2054 lumine
840 2001 1048 2071 sepulto
1067 2043 1082 2068 ,
1110 2003 1318 2058 carnali
1340 2002 1700 2058 delectatione
1725 2002 2072 2059 clauduntur.

493 2088 565 2144 In
600 2101 784 2144 morte.
817 2091 873 2145 Id
920 2099 1035 2158 est,
1078 2091 1132 2146 in
1174 2103 1399 2164 peccato
1433 2094 1576 2164 quod
1621 2093 1680 2148 ﬁt
1725 2095 1777 2148 in
1815 2093 2078 2164 Spiritum

497 2188 740 2236 sanctum
767 2181 834 2236 de
867 2196 975 2251 quo
995 2180 1231 2239 Joannes
1258 2199 1273 2238 :
1307 2185 1402 2238 Est
1431 2195 1700 2255 peccatum
1731 2185 1800 2240 ad
1839 2195 2074 2252 mortem,

494 2287 598 2326 non
625 2288 718 2342 pro
745 2288 805 2326 eo
834 2272 951 2327 dico
981 2283 1038 2327 ut
1065 2275 1181 2344 quis
1211 2285 1339 2335 oret.

564 2361 728 2418 Vens.
752 2363 804 2417 6.
827 2395 898 2404 —
916 2363 1294 2422 Exsultabunt.
1315 2366 1498 2438 (Auc.)
1523 2365 1643 2423 Non
1666 2366 1839 2423 solum
1858 2376 2080 2440 propter

492 2471 580 2511 me
629 2456 969 2525 illuminare,
1016 2459 1111 2515 sed
1156 2475 1225 2516 ne
1271 2460 1522 2517 inimicus
1567 2463 1818 2532 gaudeat.
1866 2460 2081 2534 Speraui

494 2545 693 2618 (Cass.)
719 2547 785 2602 Et
821 2549 868 2603 si
897 2548 1142 2624 festinat,
1175 2558 1351 2605 tamen
1383 2551 1595 2621 patiens
1622 2558 1744 2606 est:
1781 2552 1907 2621 quia
1945 2559 2001 2607 et
2033 2552 2076 2607 si

491 2637 760 2706 dill'ertur,
815 2639 1006 2697 ﬁrmus
1045 2653 1128 2697 est
1160 2642 1212 2696 in
1242 2657 1367 2712 spe,
1405 2652 1460 2698 et
1499 2642 1729 2698 interius
1749 2642 1861 2711 jam
1891 2643 2081 2698 videns

494 2727 766 2792 exsultat,
797 2744 959 2797 quem
990 2745 1156 2786 carne
1183 2731 1368 2786 videre
1397 2732 1669 2787 desiderat
1697 2750 1710 2786 :
1737 2731 1880 2786 unde
1901 2740 1957 2788 et
1977 2731 2080 2787 sibi

497 2816 636 2871 bona
669 2818 798 2871 data
832 2819 963 2873 dicit
1003 2821 1096 2890 qui
1125 2821 1276 2890 prius
1309 2822 1658 2892 querebatur.
1693 2820 1916 2876 Tribuit.
1960 2821 2077 2878 Non

499 2910 703 2965 tribuet
731 2925 745 2964 :
781 2926 972 2980 magna
1001 2913 1174 2968 virtus
1197 2913 1314 2968 ﬁdei
1333 2915 1448 2985 jam
1474 2915 1635 2969 habet
1660 2914 1804 2985 quod
1839 2915 2080 2970 futurum

492 3008 594 3056 est.
621 3001 920 3058 Eat-saltabit
947 3021 1056 3060 cor.
1083 3005 1141 3060 Si
1168 3015 1375 3061 tantum
1402 3006 1694 3074 desiderat,
1727 3007 1772 3062 si
1804 3007 1882 3063 sic
1906 3007 2080 3062 famu-

505 3091 648 3147 latur
672 3103 938 3162 venturo,
966 3097 1095 3166 quid
1127 3095 1427 3152 faciendum
1455 3099 1742 3168 suscepto?

1037 3187 1358 3244 PSALMUS
1400 3189 1533 3245 XIII.

2181 1997 2364 2053 Primo
2389 1997 2692 2068 interrogat
2729 1997 3028 2068 propheta,
3054 1997 3205 2067 quasi
3233 1997 3492 2053 sacerdos
3530 2007 3666 2050 ante
3698 1995 3779 2049 fa-

2180 2088 2317 2144 ciem
2351 2087 2563 2142 Domini
2599 2096 2775 2153 stans,
2807 2097 2864 2143 et
2893 2102 3147 2157 respousa
3197 2088 3359 2158 petit;
3397 2087 3594 2143 volens
3627 2088 3781 2142 scire

2180 2197 2316 2252 quos
2344 2181 2485 2236 Deus
2507 2196 2604 2236 sua
2634 2181 2825 2252 dignos
2847 2179 3054 2250 judicet
3078 2180 3340 2236 Ecclesia.

2253 2273 2419 2331 Vsus.
2468 2275 2524 2332 2.
2557 2305 2630 2315 -
2652 2274 2777 2342 Qui.
2813 2273 3003 2346 (Ibid.)
3042 2272 3342 2343 Responsio
3375 2271 3632 2333 Domini,
3675 2281 3777 2326 etc.

2182 2385 2348 2440 usque
2391 2368 2460 2422 ad
2506 2376 2566 2423 ut
2604 2366 2855 2422 Christus
2884 2380 3055 2439 agnus
3082 2365 3198 2422 sine
3227 2362 3466 2420 lractura
3495 2363 3779 2419 membro-

2181 2475 2322 2523 rum,
2340 2460 2433 2530 qui
2449 2459 2665 2528 proprie
2686 2458 2944 2529 templum
2969 2459 3244 2530 ingressus
3269 2465 3371 2521 est,
3389 2471 3498 2512 non
3515 2467 3584 2512 ut
3600 2458 3781 2526 expia-

2182 2560 2334 2606 retur
2364 2552 2506 2606 sicut
2532 2551 2744 2614 eaeteri,
2778 2548 2874 2606 sed
2899 2549 3016 2606 sine
3042 2547 3272 2604 macula.
3314 2547 3592 2618 Operatur
3610 2548 3778 2617 justi-

2173 2635 2329 2696 tiam.
2361 2640 2430 2696 Ut
2455 2641 2584 2696 dum
2599 2641 2896 2695 vendentes
2922 2647 2978 2694 et
3000 2647 3243 2694 ementes
3262 2637 3422 2707 ejecit
3445 2638 3515 2693 de
3551 2639 3776 2709 templo.

2253 2730 2420 2786 Vsus.
2467 2732 2520 2786 5.
2542 2761 2614 2772 -
2634 2730 2738 2797 Qui
2780 2731 3030 2802 loquitur.
3061 2729 3158 2786 Hic
3184 2730 3500 2802 exsequitur
3537 2731 3776 2802 plenius.

2182 2823 2397 2879 Veritas
2426 2831 2509 2878 est
2534 2837 2660 2879 cum
2691 2838 2778 2877 res
2808 2823 2884 2878 ita
2913 2831 3015 2886 est,
3050 2831 3110 2877 ut
3133 2822 3334 2877 dicitur
3366 2839 3379 2874 :
3405 2820 3522 2876 Hoc
3561 2823 3779 2892 proprie

2184 2915 2433 2972 Christus
2481 2915 2632 2970 fecit.
2665 2913 2733 2969 In
2780 2914 2965 2979 corde,
2999 2914 3089 2984 qui
3121 2913 3409 2983 aliquando
3440 2914 3616 2966 tacuit
3645 2913 3779 2967 indi-

2185 3007 2304 3077 gnis
2335 3004 2705 3060 fraudulenter
2731 3004 3116 3074 quaerentibus.
3152 3001 3274 3058 Non
3299 3005 3401 3074 egit
3429 3002 3636 3056 dolum.
3673 3004 3780 3057 Do-

2185 3100 2270 3154 lus
2283 3099 2430 3154 estin
2447 3098 2652 3170 lingua,
2667 3113 2789 3152 cum
2807 3097 2949 3152 aliud
2966 3097 3184 3162 dicitur,
3199 3094 3342 3150 aliud
3361 3105 3447 3150 est
3465 3096 3517 3150 in
3533 3106 3778 3164 pectore.

2188 3192 2286 3246 Vel
2310 3232 2324 3258 ,
2358 3209 2462 3246 non
2493 3191 2593 3262 egit
2627 3191 2807 3245 dolum
2828 3232 2842 3254 ,
2869 3191 2995 3260 quia
3023 3191 3203 3245 omnia
3229 3205 3348 3259 qua:
3377 3187 3591 3242 audivit
3618 3203 3650 3241 a
3675 3187 3778 3241 Pa-

569 3277 730 3334 Vsns.
763 3278 814 3332 1.
838 3278 1074 3333 -—-Dia;it
1114 3281 1381 3351 insipiens.
1418 3279 1620 3354 (Cass.)
1645 3280 1946 3354 lncrepatio
1988 3281 2082 3337 Ju-
2109 3256 2156 3322 Ο
2189 3256 2449 3350 ινθρεῑηε
2500 3256 2680 3354 aliqua
2729 3256 3032 3352 adiectione
3074 3283 3158 3339 vel
3214 3256 3618 3353 suppressione,
3655 3293 3784 3338 nota

493 3372 764 3437 datorum,
799 3373 1071 3443 descripta
1105 3388 1294 3427 eorum
1339 3372 1564 3428 malitia.
1600 3372 1814 3429 Primus
1841 3375 2084 3444 psalmus

491 3465 557 3519 dc
584 3464 955 3534 increpatione
976 3462 1305 3532 Judaeorum,
1341 3475 1473 3531 etc.,
1509 3482 1670 3538 usque
1705 3465 1775 3520 ad
1801 3466 1890 3521 hic
1917 3467 2082 3525 homo

492 3571 600 3610 non
629 3565 713 3610 est
739 3553 903 3611 Deus.

562 3648 727 3704 Vens.
780 3647 1208 3703 2.—Daminus
1253 3649 1318 3704 de
1363 3648 1507 3704 caelo.
1561 3648 1751 3721 (Ibid.)
1802 3648 1910 3704 Sed
1957 3649 2084 3706 inde

488 3741 886 3797 iuexcusabiles
909 3783 923 3808 ,
967 3743 1094 3812 quia
1141 3742 1404 3798 Dominus
1444 3743 1751 3814 prospexit,
1781 3743 1833 3798 id
1871 3751 1986 3807 est,
2016 3743 2084 3799 de

488 3835 724 3890 humana
762 3844 955 3890 natura
980 3836 1226 3892 eminuit.
1263 3835 1442 3908 (Auo.)
1477 3835 1553 3890 De
1582 3835 1744 3902 οωιο,
1778 3836 1830 3892 id
1854 3844 1957 3900 est,
1986 3851 2084 3908 per

491 3936 711 3982 sanctas
737 3927 947 3982 animas
974 3927 1238 3997 prospicit
1271 3944 1282 3980 :
1317 3942 1442 3980 nam
1465 3941 1564 3996 per
1593 3941 1651 3982 se
1674 3926 1750 3981 nil
1775 3941 1898 3981 eum
1929 3925 2079 3980 latet.

499 4019 629 4084 Vel,
659 4019 726 4073 de
747 4019 917 4085 cmlo,
947 4035 1046 4088 per
1071 4021 1282 4075 animas
1310 4029 1531 4076 sanctas
1551 4060 1565 4084 ,
1594 4036 1713 4090 quae
1735 4028 1862 4074 sunt
1887 4019 2084 4074 ctelum

492 4122 548 4170 et
589 4112 745 4168 sedes
787 4111 902 4166 Dei.
931 4109 1056 4175 Vel,
1093 4111 1353 4167 Dominus
1383 4113 1542 4166 Pater
1571 4112 1638 4166 de
1676 4111 1813 4166 coelo
1833 4152 1848 4177 ,
1881 4112 1933 4166 id
1962 4120 2077 4177 est,

490 4214 703 4263 secreto
729 4204 928 4260 divina:
961 4205 1180 4260 mentis.
1210 4204 1383 4277 (Cas.)
1413 4205 1507 4261 Vel
1537 4207 1602 4261 de
1645 4205 1956 4275 aequalitate
1983 4203 2080 4258 Dei

489 4297 688 4355 Patris.
715 4297 779 4354 Si
800 4306 876 4353 est
901 4297 1218 4368 intelligens.
1248 4298 1343 4354 Vel
1373 4297 1539 4362 vidit,
1571 4297 1616 4354 si
1643 4306 1726 4352 est
1754 4297 2077 4367 intelligens,

489 4403 544 4449 et
569 4394 777 4448 invenit
801 4393 945 4463 quod
980 4392 1175 4462 aliquis
1211 4406 1317 4447 non
1350 4391 1600 4463 intelligit
1629 4410 1640 4445 :
1682 4391 1808 4462 quia
1850 4405 1956 4446 non
1998 4407 2082 4447 re-

489 4489 677 4559 quirit,
705 4489 797 4544 sed
825 4489 1079 4554 declinat,
1111 4504 1234 4544 nam
1263 4508 1276 4544 :
1302 4487 1494 4544 Omnes
1527 4487 1939 4552 declinaverunt,
1963 4498 2072 4543 etc.

2187 3378 2316 3432 fecit
2338 3375 2604 3447 proximis
2625 3416 2640 3439 ,
2675 3375 2727 3430 id
2755 3385 2874 3441 est,
2906 3375 3213 3446 discipulis;
3245 3375 3477 3441 ludatis,
3509 3378 3786 3445 proximis

2187 3468 2479 3524 secundum
2528 3481 2768 3522 carnem.
2817 3465 2928 3522 Nec
2973 3467 3092 3537 fecit
3125 3468 3364 3538 proximo
3411 3465 3639 3520 malum.
3672 3465 3783 3522 Sed

2185 3577 2284 3634 pro
2324 3560 2404 3616 eis
2462 3560 2669 3625 oravit;
2720 3575 2828 3615 non
2859 3569 3140 3632 acceptum
3186 3560 3372 3615 habuit
3419 3561 3782 3629 opprobrium

2185 3653 2444 3708 adversus
2485 3651 2764 3722 proximos
2808 3667 2968 3718 suos,
2999 3651 3139 3706 sicut
3181 3661 3265 3705 est
3291 3662 3482 3720 patens
3530 3666 3637 3720 per
3681 3653 3782 3706 hoc

2185 3743 2324 3814 quod
2357 3741 2550 3797 Judam
2581 3758 2686 3797 non
2715 3742 2954 3796 mordaci
2983 3742 3347 3812 increpatione
3375 3741 3680 3796 lacerabat.

2255 3833 2420 3890 Vsus.
2448 3834 2502 3888 4.
2529 3864 2600 3875 -
2621 3833 2702 3887 Ad
2743 3834 2963 3888 nihilum
2983 3874 2996 3898 ,
3037 3841 3140 3888 etc.
3171 3833 3355 3904 (Auo.)
3386 3832 3511 3888 Haec
3537 3842 3628 3888 est
3655 3850 3782 3905 per-

2186 3925 2345 3982 fectio
2362 3967 2378 3992 ,
2409 3932 2469 3978 ut
2497 3924 2630 3979 nihil
2660 3923 2715 3978 in
2749 3923 2968 3978 homine
2993 3923 3170 3978 valeat
3194 3923 3461 3992 malignus
3483 3964 3498 3988 ,
3521 3932 3662 3977 etut
3687 3926 3776 3979 hic

2185 4018 2257 4074 sit
2284 4018 2338 4072 in
2371 4025 2661 4087 conspectu
2680 4055 2694 4081 ,
2724 4015 2777 4069 id
2804 4021 2887 4070 est
2906 4053 2920 4078 ,
2953 4023 3099 4070 certe
3142 4015 3312 4079 sciat,
3338 4015 3640 4085 malignum
3671 4031 3778 4070 non

2183 4129 2335 4180 esse,
2363 4113 2465 4167 nisi
2496 4112 2586 4181 qui
2612 4129 2640 4165 a
2668 4109 2926 4166 Creatore
2957 4111 3023 4164 ad
3052 4120 3238 4165 creata
3268 4112 3630 4166 convertitur.
3669 4110 3783 4165 la-

2184 4206 2358 4277 lignus
2383 4246 2400 4271 ,
2434 4205 2486 4259 id
2525 4213 2638 4268 est.
2681 4202 2952 4268 diabolus,
2994 4204 3320 4274 despicitur;
3349 4213 3409 4258 ut
3443 4219 3567 4258 cum
3591 4205 3776 4259 dixit:

2194 4295 2338 4352 Vade
2364 4306 2534 4362 retro,
2571 4297 2800 4352 Satanas
2821 4337 2835 4359 .
2861 4303 2967 4350 etc.
2997 4295 3038 4349 E
3073 4305 3280 4359 contra,
3310 4298 3549 4350 timentes
3587 4296 3778 4350 Domi-

2184 4406 2306 4444 num
2327 4387 2608 4460 gloriﬁcat.
2637 4386 2849 4442 Juravit
2869 4427 2883 4452 ,
2921 4387 3136 4458 quando
3165 4386 3423 4457 apostolis
3461 4387 3779 4441 certissima

2188 4484 2424 4539 veritate
2451 4483 2703 4554 promisit
2748 4502 2760 4537 :
2799 4482 2924 4538 lam
2965 4500 3069 4538 non
3099 4484 3273 4538 dicam
3316 4499 3405 4539 vos
3441 4499 3653 4550 seruos,
3689 4485 3780 4540 sed

563 4579 723 4634 Vens.
769 4578 1272 4651 5.—Sepulcrum.
1326 4579 1515 4651 (lbid.)
1561 4579 1640 4635 Ita
1685 4579 1905 4635 inutiles
1952 4578 2076 4634 aliis
2103 4575 2396 4687 l)am‘i’cos.

491 4669 656 4734 facti,
686 4671 814 4740 quia
846 4677 1031 4742 guttur
1057 4685 1244 4725 eorum
1266 4678 1349 4725 est
1377 4670 1716 4740 sepulcrum,
1742 4678 1848 4724 etc.
1882 4668 2076 4738 Sepul-
2103 4661 2156 4687 ”
2252 4663 2419 4720 Vens.
2461 4663 2514 4718 5.
2546 4694 2617 4705 —
2641 4661 2744 4730 Qui
2781 4663 2934 4733 jurat
2973 4663 3243 4734 proximo,
3273 4674 3378 4720 etc.
3411 4662 3604 4736 (Ibid.)
3647 4665 3779 4722 Haec

491 4778 656 4816 crum.
706 4760 972 4816 Dicuntur
997 4761 1052 4816 hi
1085 4769 1196 4816 tres
1236 4776 1457 4826 versus,
1497 4761 1588 4831 qui
1638 4767 1765 4816 sunt
1811 4774 1982 4829 usque
2011 4759 2079 4814 ad

491 4857 778 4912 secundam
807 4855 1157 4920 divisionem,
1187 4855 1256 4910 ibi
1277 4896 1292 4921 ,
1327 4854 1515 4909 Nonne
1559 4863 1902 4924 cognoscent,
1941 4861 2072 4920 etc.,

491 4963 596 5003 non
625 4963 744 5004 esse
770 4946 835 5002 de
873 4946 1096 5002 Hebraeo
1116 4988 1130 5010 ,
1159 4955 1288 5010 etc.,
1315 4963 1477 5017 usque
1504 4946 1573 4998 ad
1599 4959 1693 5000 eos
1720 4959 1826 4999 non
1855 4945 2038 4999 habet.

561 5035 816 5094 Contritio
853 5038 1036 5110 (Auc.)
1073 5037 1150 5092 Ita
1199 5037 1418 5093 inutiles
1448 5037 1549 5093 sibi
1580 5035 1709 5092 facti
1745 5046 1905 5103 sunt,
1943 5045 2074 5104 etc.,

491 5146 653 5202 usque
680 5130 748 5184 ad
779 5139 832 5184 et
862 5129 1152 5184 infelicitas
1184 5129 1236 5182 in
1265 5128 1462 5181 futuro.

563 5221 763 5292 (Cass)
781 5223 875 5276 Via
907 5221 1212 5292 imp-orum,
1229 5230 1358 5284 etc.,
1376 5237 1537 5291 usque
1553 5221 1622 5274 ad
1636 5235 1656 5274 :
1681 5219 1860 5274 Timor
1874 5219 1968 5274 Dei
1982 5236 2082 5274 au-

492 5324 543 5370 te
569 5313 764 5375 oculos,
791 5323 897 5368 ele.

563 5405 724 5463 Vens.
759 5405 813 5460 4.
849 5436 920 5446 —
946 5403 1134 5459 Nonne
1171 5412 1499 5476 cognoscent.
1549 5401 1782 5458 Minatur
1813 5401 2078 5473 judicium

489 5500 690 5572 impiis.
1996 5566 2002 5575 I

561 5592 724 5649 Vsus.
755 5593 807 5648 5.
831 5621 899 5633 —
922 5591 1206 5646 Dominum
1245 5607 1383 5656 non,
1409 5595 1516 5644 etc.
1557 5585 1739 5658 (Aura)
1780 5585 1899 5642 Non
1925 5587 2075 5644 enim

489 5697 618 5740 vere
643 5686 782 5739 hunc
817 5686 1103 5745 invocant,
1132 5681 1226 5751 qui
1261 5681 1371 5735 Deo
1413 5678 1750 5749 diSplicentia
1779 5686 1984 5732 amant.
2009 5707 2079 5718 —

492 5775 692 5848 (Cass.)
719 5777 845 5830 lude
875 5783 1103 5843 augetur
1131 5773 1402 5835 interitus,
1423 5772 1550 5841 quia
1580 5785 1799 5826 necesse
1823 5779 1908 5825 est
1938 5771 2074 5825 mala

489 5880 683 5936 agere,
713 5881 836 5922 cum
883 5864 1102 5935 superbi
1149 5863 1342 5920 nolunt
1389 5865 1558 5920 Deum
1606 5863 1882 5918 invocare.
1925 5861 2081 5919 Sicut

2183 4756 2284 4810 tria
2311 4772 2416 4810 non
2444 4764 2571 4810 sunt
2592 4769 2806 4824 magna,
2829 4762 2964 4820 etc.,
2991 4770 3152 4824 usque
3175 4753 3244 4806 ad
3267 4769 3390 4808 eum
3420 4753 3474 4808 in
3499 4757 3778 4824 superiori

2188 4849 2537 4904 conclusione
2565 4847 2899 4919 praeteritum
2927 4848 3186 4918 posuerit,
3229 4846 3298 4902 ad
3320 4846 3544 4902 nihilum
3577 4849 3780 4902 deduc-

2181 4952 2264 4997 tus
2289 4951 2383 4995 est.
2545 4941 2550 4950 "

2252 5032 2562 5090 Pecuniam.
2598 5034 2695 5090 Vel
2740 5043 2954 5090 terrena
2982 5041 3098 5098 est,
3135 5048 3255 5102 qua:
3291 5033 3508 5104 penitus
3538 5036 3607 5087 ad
3641 5050 3770 5088 usu-

2184 5143 2299 5182 ram
2329 5127 2445 5182 dari
2475 5126 2817 5196 prohibetur,
2848 5141 3010 5195 quam
3040 5123 3302 5180 Dominus
3345 5123 3497 5180 Iudae
3539 5126 3770 5180 tradi-lit

2184 5219 2250 5274 ad
2273 5217 2603 5290 erogandum
2637 5218 2997 5288 pauperibus,
3024 5233 3128 5272 non
3153 5216 3220 5272 ad
3255 5232 3496 5272 usuram.
3531 5215 3625 5271 Vel
3659 5220 3771 5288 spi—

2183 5310 2424 5376 ritualis,
2451 5325 2570 5379 qua:
2593 5311 2658 5363 ad
2688 5325 2905 5364 usuram
2933 5309 3049 5364 dari
3066 5307 3304 5376 iubetur,
3334 5310 3385 5365 id
3409 5318 3519 5374 est,
3563 5312 3768 5380 praedi-

2181 5401 2323 5457 catio
2347 5401 2414 5456 ad
2437 5400 2783 5456 instruendos
2810 5401 3076 5456 homines.
3103 5401 3171 5454 Et
3195 5419 3413 5457 munera
3436 5419 3596 5475 super
3618 5405 3769 5457 inno-

2183 5503 2398 5546 centem.
2427 5490 2639 5559 Accipit
2664 5490 2881 5558 quidem
2913 5489 3162 5546 Christus
3191 5505 3450 5558 munera,
3481 5501 3541 5548 nt
3580 5508 3612 5548 a
3652 5509 3766 5548 ma-

2184 5583 2265 5654 gis
2283 5623 2297 5647 ,
2325 5590 2379 5636 et
2407 5581 2646 5652 quotidie
2672 5580 2790 5652 pias
2819 5579 3150 5644 oblationes;
3183 5582 3278 5636 sed
3306 5597 3410 5637 non
3443 5593 3632 5638 contra
3677 5585 3766 5638 in.

2184 5684 2472 5739 nocentes,
2506 5674 2614 5728 imo
2644 5675 2880 5728 animam
2903 5689 3000 5743 pro
3025 5675 3106 5728 eis
3133 5674 3296 5730 dedit.
3332 5674 3436 5741 Qui
3456 5674 3584 5743 facit
3615 5676 3762 5742 lucc,

2184 5784 2285 5822 non
2309 5765 2616 5820 movebitur.
2644 5765 2782 5821 Ecce
2802 5766 3046 5821 absoluta
3071 5767 3346 5837 responsio
3369 5767 3759 5838 intermganti:

2183 5858 2318 5916 facit
2343 5857 2553 5929 (dicit),
2585 5867 2644 5913 ut
2672 5857 2741 5914 ad
2773 5866 2956 5914 actum
2979 5873 3081 5916 nos
3101 5858 3324 5925 invitet,
3353 5875 3458 5916 non
3489 5858 3662 5915 solum
3687 5857 3762 5911 ad
