3982 6352
237 432 346 490 865

1235 429 1507 488 GLOSSA
1544 425 1942 487 0RD|NARIA.
1981 458 2050 472 --
2085 429 2213 486 LIB.
2255 431 2505 488 PSALM.

3391 439 3496 496 866

238 540 566 600 cantandum
587 541 722 598 haec.
740 541 844 608 Qui
863 542 991 612 facit
1011 544 1143 608 hcce,
1169 560 1270 598 non
1297 546 1598 600 movebitur.
1623 542 1824 615 (Cass.)
1853 543 1904 604 Α
1930 541 2097 597 Deum
2143 558 2356 616 semper
2399 545 2516 602 acie
2568 545 2766 603 mentis
2809 547 3065 618 intuetur,
3111 567 3219 609 non
3261 556 3498 624 peccatis

237 635 546 693 Conclusio.
597 635 857 692 Similiter
903 636 994 707 qui
1039 635 1174 693 facit
1218 638 1364 706 haec,
1415 639 1720 710 requiescet
1762 638 1820 694 in

238 743 364 784 mou
371 736 444 783 te.

789 818 1109 879 PSALMUS
1149 820 1266 877 XV.

309 955 474 1011 Vens.
509 953 560 1008 l.
582 982 652 994 —
681 952 844 1008 Tituli
867 954 1156 1024 inscriptio.
1189 954 1391 1027 (Cass)
1413 954 1509 1010 Hic
1543 955 1728 1010 titulus
1749 955 1816 1010 de

239 1043 557 1115 Evangelia,
582 1058 688 1098 non
711 1042 777 1096 de
797 1043 972 1098 Veteri
996 1043 1364 1108 Testamento,
1393 1045 1640 1099 sumitur.
1663 1043 1817 1112 Quod

235 1135 426 1190 titulus
453 1134 690 1198 notavit,
717 1133 767 1186 id
793 1144 907 1198 est,
938 1134 1163 1190 victoria
1188 1143 1242 1191 et
1274 1151 1532 1206 regnum,
1563 1137 1818 1191 convenit

233 1225 485 1290 Christo,
517 1224 657 1293 quod
690 1223 778 1279 hic
803 1224 1001 1294 agitur.

306 1317 472 1372 Vens.
523 1314 578 1368 2.
607 1345 678 1355 -
706 1313 999 1380 Conserva,
1062 1323 1168 1371 etc.
1217 1315 1464 1372 Psaltnus
1511 1319 1806 1384 secundus,

233 1410 324 1480 qui
373 1408 611 1463 breviter
656 1409 723 1462 de
766 1409 1016 1477 passione
1063 1418 1118 1463 et
1163 1411 1561 1466 resurrectione
1607 1414 1805 1484 tangit;

231 1501 430 1570 primo,
459 1515 623 1554 unam
651 1499 888 1555 hominis
917 1509 1162 1555 naturam
1193 1501 1440 1557 Christus
1486 1504 1804 1568 ostendens,

229 1594 364 1663 petit
391 1608 451 1649 se
481 1593 720 1657 servari,
761 1592 947 1646 dicens
971 1593 1154 1648 omnia
1183 1595 1552 1664 qttae‘pertulit
1587 1595 1653 1650 ad
1690 1596 1806 1666 glo-

229 1687 366 1741 riam
400 1685 728 1740 baereditatis
765 1701 875 1739 sua:
917 1687 1195 1754 perducta.
1230 1687 1410 1758 (Auc.)
1449 1686 1698 1743 Christus
1723 1703 1808 1744 sc-

228 1777 464 1831 cundum
503 1776 775 1830 hominem
809 1775 896 1830 hic
929 1775 1189 1844 loquitur,
1240 1777 1306 1832 de
1351 1793 1459 1847 quo
1491 1777 1677 1833 titulus
1726 1791 1808 1833 re-

226 1868 362 1939 galis
392 1869 442 1922 in
475 1869 727 1938 passione
753 1868 982 1923 eminuit
1011 1887 1024 1922 :
1055 1867 1213 1924 Jesus
1241 1869 1555 1925 Nazarenus
1585 1888 1676 1926 rex
1701 1872 1803 1926 Ju-

226 1958 566 2014 dieorum.—
584 1958 850 2013 Bonorum
881 1976 1132 2026 meorum,
1161 1971 1266 2016 etc.
1300 1960 1502 2033 (Cass)
1528 1963 1584 2018 Si
1609 1963 1808 2020 Christi

225 2051 462 2106 hominis
502 2052 656 2107 bonis
699 2068 802 2106 non
844 2061 966 2123 eget
1007 2053 1180 2120 Deus,
1230 2055 1325 2109 sed
1373 2053 1441 2108 ab
1489 2056 1605 2125 ipso
1645 2057 1809 2112 habet

223 2145 436 2210 omnia,
479 2145 774 2200 tlestruitur
812 2147 1120 2216 arrogantia
1155 2146 1434 2201 hominum
1479 2155 1534 2202 et
1580 2148 1805 2202 haeresis

222 2235 630 2308 Pelagianorum
648 2277 662 2300 ,
691 2237 781 2308 qui
817 2245 1012 2308 putant
1038 2237 1239 2308 aliquid
1267 2239 1425 2295 bonis
1456 2239 1568 2294 suis
1599 2240 1806 2296 viribus

223 2326 362 2382 ﬁeri.

293 2416 456 2472 Visus.
481 2416 536 2471 5.
558 2447 630 2459 --
651 2417 860 2474 Sanctis
881 2421 971 2489 qui
993 2429 1114 2474 sunt
1135 2415 1193 2474 in
1221 2429 1380 2475 terra.
1407 2419 1457 2491 (I
1465 2420 1596 2493 bid.)
1629 2423 1805 2493 Expo-

222 2507 456 2577 suitjam
489 2507 743 2564 Christus
779 2508 1012 2578 qualiter
1032 2511 1240 2575 oravit,
1285 2519 1470 2566 narrat
1513 2528 1656 2567 nunc
1684 2528 1803 2582 qua:

220 2596 359 2652 bona
406 2597 533 2654 fecit
578 2599 651 2654 illi
707 2602 866 2656 Deus.
910 2601 1090 2673 (Auc.)
1119 2601 1359 2671 Sanctis,
1385 2613 1514 2671 etc.,
1545 2622 1706 2676 usque
1733 2605 1818 2659 ad.

220 2694 277 2740 et
298 2689 536 2757 potentia
567 2699 627 2744 ut
657 2706 1020 2762 resurgerem.
1169 2747 1176 2754 ,

294 2779 614 2848 Miriﬁcavit.
644 2781 848 2853 (Cass)
873 2783 1062 2852 Quasi,
1091 2786 1208 2841 haec
1239 2785 1350 2841 dixi
1389 2787 1618 2842 Domino
1651 2807 1662 2842 :
1696 2787 1801 2845 Do—

217 2873 398 2928 minus
426 2882 608 2930 autem
650 2876 988 2942 mirificavit,
1023 2877 1076 2932 id
1101 2887 1218 2943 est,
1245 2877 1374 2934 fecit
1403 2881 1572 2936 miras
1610 2881 1798 2936 volun-

221 2975 391 3032 tates,
439 2968 522 3022 hae
567 2978 692 3023 sunt
735 2971 887 3025 mirae
927 2972 1053 3026 dum
1079 2973 1159 3026 eis
1187 2974 1534 3043 obedientes,
1567 2976 1704 3031 fiunt
1733 2981 1799 3033 de

217 3058 452 3112 terrenis
483 3058 753 3116 caelestes.

290 3172 455 3227 Vens.
510 3172 1080 3245 4.—Multiplicatw.
1137 3177 1324 3252 (lbid.)
1382 3181 1498 3247 Qua
1545 3183 1798 3240 miriﬁca-

209 3263 320 3326 vit,
372 3271 502 3327 etc.,
556 3281 716 3336 usque
771 3266 840 3319 ad
879 3282 998 3336 quae
1039 3267 1091 3322 in
1142 3285 1250 3324 uno
1280 3286 1414 3326 sono
1461 3283 1790 3340 consonant,
1820 3277 1868 3342 C
1900 3263 2050 3344 num,
2084 3263 2415 3364 (Ausa-vel,
2440 3298 2557 3355 vias
2584 3263 2746 3356 du};

211 3355 410 3424 quibus
439 3354 750 3412 voluntates
776 3355 892 3424 ejus
918 3358 1294 3414 ostenduntur.

287 3468 451 3524 Vsus.
480 3468 534 3524 5.
555 3499 628 3510 --
649 3468 787 3525 Pars
834 3471 1174 3528 hcereditatis.
1219 3476 1403 3549 (Auc.)
1453 3478 1668 3550 Eligant
1703 3481 1793 3537 alii

209 3558 356 3624 alia,
382 3567 511 3624 etc.,
553 3577 716 3632 usque
743 3561 812 3615 ad
861 3563 956 3617 sed
995 3565 1086 3633 qui
1121 3565 1290 3620 Deum
1328 3568 1533 3640 eligunt
1559 3581 1789 3641 partem.

210 3650 414 3723 (Cass)
438 3650 558 3717 Vel,
587 3651 843 3708 Dominus
877 3663 962 3710 est
986 3673 1130 3726 pars,
1159 3656 1213 3712 id
1243 3668 1347 3724 est,
1377 3662 1555 3730 portio
1576 3675 1632 3718 et
1659 3680 1795 3734 prae-

208 3744 410 3810 mium,
441 3745 762 3800 hiereditatis
793 3763 949 3812 meae,
981 3746 1034 3802 id
1071 3757 1188 3816 est,
1215 3760 1545 3807 sanctorum.
1575 3753 1643 3808 Et
1668 3773 1792 3825 pars

208 3834 392 3890 colicis
433 3835 563 3898 mei,
633 3837 688 3891 id
733 3847 852 3904 est,
907 3853 1114 3895 merces
1159 3842 1450 3912 passionis.
1499 3844 1795 3904 llwreditas

212 3929 360 3983 enim
393 3929 460 3984 ad
489 3937 708 4000 gentes,
760 3930 900 3986 calix
945 3931 1011 3986 ad
1055 3935 1358 4002 passionem
1401 3939 1669 4007 pertinet,
1700 3943 1793 4010 qui

206 4018 414 4077 bibitus
440 4020 532 4075 dat
561 4023 1034 4078 resurrectionem.
1083 4022 1190 4082 Sed
1219 4042 1381 4082 nemo
1409 4043 1468 4084 se
1501 4040 1655 4100 putet
1683 4032 1794 4088 hae-

208 4113 396 4169 redem
421 4112 523 4170 nisi
555 4114 868 4184 prteclarus.

285 4207 447 4262 Vsus.
496 4207 548 4262 6.
573 4238 644 4248 —
666 4206 877 4275 Funes,
913 4217 1019 4266 etc.
1055 4209 1243 4284 (Ibid.)
1309 4213 1471 4281 Quasi
1520 4214 1697 4282 forte,
1737 4217 1792 4272 in

210 4313 320 4367 qua
350 4307 434 4353 est
462 4297 638 4352 divina
667 4297 888 4366 electio,
919 4310 979 4354 ut
1001 4309 1056 4356 et
1078 4317 1198 4356 Sors
1230 4304 1427 4358 cecidit
1455 4321 1618 4376 super
1659 4306 1795 4362 Mat-

210 4390 413 4456 thiatu,
472 4399 528 4446 et
567 4391 793 4460 quisque
837 4395 982 4462 capit
1026 4395 1094 4448 ad
1143 4410 1454 4452 mensuram
1491 4413 1666 4454 suam.
1723 4399 1791 4454 In

206 4481 502 4553 pueclaris.
537 4481 591 4536 ld
623 4491 732 4548 est,
765 4484 819 4538 in
844 4485 1064 4540 sanctis.

279 4575 443 4630 Vens.
480 4575 531 4628 7.
553 4574 956 4631 —Benedicam
990 4577 1294 4635 Dominum.
1343 4581 1532 4654 (Ibid.)
1576 4581 1791 4639 Gratias

206 4668 321 4737 agit
353 4666 498 4721 Patri
525 4668 590 4722 de
637 4667 946 4734 intellectu,
990 4679 1045 4725 et
1072 4672 1349 4740 passione,
1383 4673 1438 4727 in
1468 4689 1572 4742 qua
1612 4690 1676 4729 eo
1707 4675 1784 4730 fa-

203 4767 370 4813 vente
397 4759 594 4822 vincit,
627 4770 681 4814 et
708 4759 776 4838 de
805 4762 1201 4818 resurrectione
1219 4803 1234 4828 ,
1258 4774 1313 4818 et
1335 4764 1705 4846 confessione,
1731 4779 1787 4824 et

205 4851 326 4907 haec
351 4861 513 4918 sunt,
553 4869 650 4923 per
676 4869 796 4924 qum
826 4855 1116 4910 haereditas
1142 4858 1450 4914 restituitur
1493 4871 1553 4915 ut
1593 4863 1663 4917 sit
1691 4879 1782 4919 rex

1919 635 2236 693 inclinatur.

2446 709 2764 769 PSALMUS
2802 712 2944 770 XVI.

1987 821 2150 877 Vens.
2183 823 2236 878 1.
2260 853 2332 864 -—
2352 823 2538 880 Oratio
2571 827 2760 882 David.
2794 828 2996 902 (Cass)
3039 830 3228 888 Oratio
3253 845 3498 904 personae

1917 911 2129 966 Domini
2161 915 2448 981 convenit,
2487 917 2741 985 adjuncta
2763 918 3031 993 Ecclesia,
3074 937 3194 992 qua:
3224 923 3343 993 ejus
3367 939 3493 979 cor-

1916 1015 2017 1070 pus
2041 1010 2145 1057 est.
2178 1002 2412 1070 Exaudi,
2438 1003 2677 1060 Domine.
2703 991 2892 1079 (Ibid.)
2917 1009 3020 1065 Iste
3041 991 3281 1080 psalmus
3309 1028 3494 1069 veram

1915 1101 2165 1148 naturam
2195 1095 2548 1152 humanitatis
2576 1099 2704 1153 facit
2731 1103 3031 1158 attendere.
3071 1105 3258 1161 Oratio
3287 1105 3491 1163 Christi

1914 1183 2181 1242 institutio
2205 1199 2288 1244 est
2317 1191 2552 1248 ﬁdelium
2582 1211 2597 1248 :
2623 1195 2762 1250 sicut
2789 1195 2966 1253 ﬂendo
2995 1199 3260 1256 Lazarum
3306 1202 3495 1258 chari-

1915 1283 2082 1333 tatem
2106 1280 2338 1351 proximi
2371 1282 2575 1341 habere
2604 1302 2702 1342 nos
2737 1288 2952 1357 docuit;
2993 1303 3370 1362 persecutores
3413 1295 3497 1351 fu-

1913 1369 2009 1440 git,
2054 1381 2115 1426 ut
2143 1373 2554 1434 inconsideratae
2582 1383 2900 1439 temeritatis
2941 1387 3096 1442 nobis
3125 1386 3366 1444 auferret
3402 1403 3498 1444 au-

1911 1459 2142 1515 daciam.
2168 1463 2374 1533 Primo,
2405 1470 2540 1540 petit
2566 1472 2858 1528 secundum
2883 1475 3150 1546 justitiam
3197 1479 3300 1534 sibi
3333 1481 3496 1534 retri-

1907 1549 2022 1606 bui.
2049 1551 2173 1607 Non
2207 1556 2262 1610 in
2289 1558 2442 1614 labiis
2481 1561 2695 1618 dolosis.
2739 1562 2810 1619 Ut
2845 1568 2938 1636 qui
2964 1569 3147 1640 inique
3169 1571 3490 1638 damnatur;

1908 1642 2010 1706 vel,
2067 1654 2128 1700 ut
2175 1649 2267 1716 qui
2306 1651 2440 1707 dicit
2468 1672 2481 1707 :
2509 1655 2756 1721 Domine,
2800 1657 3048 1726 Domine,
3104 1671 3158 1716 et
3210 1679 3318 1718 non
3366 1663 3497 1719 facit

1907 1749 2093 1806 opera.
2138 1741 2157 1810 (
2180 1739 2354 1814 Auc.)
2405 1745 2523 1812 Vel,
2562 1763 2669 1802 non
2715 1749 2769 1803 in
2807 1750 2966 1807 labiis
3009 1754 3209 1810 dolosis
3247 1757 3312 1812 de
3342 1758 3495 1813 vultu

1907 1833 2001 1881 tuo
2013 1827 2278 1898 judicium
2309 1849 2488 1890 meum
2520 1840 2776 1908 prodeat,
2819 1852 2876 1897 ut
2897 1841 3149 1916 judicans
3175 1862 3280 1902 non
3308 1847 3492 1918 profe-

1837 1921 1886 1982 B
1913 1935 2029 1976 ram
2056 1923 2201 1979 aliud
2229 1942 2392 1996 quam
2419 1930 2678 2004 intelligo.

1982 2015 2146 2070 Vens.
2179 2017 2411 2076 2.—De
2431 2023 2574 2078 uultu
2597 2035 2708 2081 tuo.
2740 2026 2939 2099 (Cess.)
2967 2028 3022 2086 ld
3050 2040 3162 2096 est,
3195 2033 3490 2090 secundum

1907 2119 1973 2160 ea
2003 2121 2129 2176 quae
2167 2109 2222 2162 in
2261 2125 2348 2165 me
2373 2116 2674 2183 cognoscis,
2707 2119 2798 2188 qui
2845 2121 3048 2176 nullum
3089 2124 3262 2180 habeo
3297 2140 3489 2194 peccao

1865 2199 1868 2204 '
1907 2202 2042 2250 tum.
2066 2197 2359 2255 Iudicium.
2385 2203 2502 2271 Quo
2525 2207 2606 2261 sui
2629 2206 2904 2276 judicatus
2931 2213 3179 2269 videatur
3213 2218 3483 2286 prodisse.

1903 2283 1984 2339 De
2011 2288 2158 2343 vultu
2197 2300 2318 2358 tuo,
2350 2310 2457 2350 non
2501 2297 2568 2351 de
2594 2299 2945 2369 dispositione
2983 2283 3312 2372 Judzeorum,
3345 2310 3488 2379 quod

1903 2372 2108 2431 factum
2151 2388 2302 2449 patet
2342 2384 2398 2438 in
2433 2391 2848 2447 resurrectione.
2885 2392 3001 2460 Vel,
3043 2395 3327 2466 judicium,
3361 2372 3485 2470 'quo

1904 2465 2163 2524 discernit
2185 2474 2387 2529 omnia.

1974 2557 2138 2617 Vsus.
2169 2564 2309 2619 5.-
2327 2565 2588 2624 Probasti.
2618 2570 2817 2645 (Cass)
2845 2575 2891 2630 A
2926 2576 3276 2636 similitudine
3306 2580 3490 2638 forna-

1901 2649 1999 2716 cis,
2031 2661 2136 2708 etc.
2165 2695 2180 2719 ,
2209 2672 2372 2726 usque
2404 2659 2475 2712 ad
2506 2667 2562 2714 tu
2583 2663 2690 2718 scis
2719 2681 2806 2720 me
2832 2682 3045 2736 purum.

1975 2741 2134 2800 Vens.
2163 2745 2425 2804 4.—Vias
2451 2751 2637 2807 duras.
2658 2753 2848 2830 (Ibid.)
2872 2758 3091 2816 Scilicet
3112 2777 3278 2833 opera
3309 2765 3486 2821 homi-

1902 2847 2032 2888 num
2067 2851 2240 2906 :quas
2279 2840 2491 2897 scilicet
2529 2856 2808 2902 merentur
2837 2863 3002 2920 opera
3040 2852 3342 2910 hominum.
3386 2857 3482 2912 Vel

1899 2938 2034 2993 quas
2067 2925 2266 2982 debent
2292 2928 2493 2986 imitari
2533 2933 2798 3001 homines,
2851 2930 3048 3009 quibus
3083 2943 3192 2998 iter
3231 2945 3484 3000 vitiorum

1897 3016 2018 3072 leve
2041 3028 2150 3083 est,
2176 3021 2435 3078 virtutum
2485 3027 2718 3085 difﬁcile.
2755 3031 2869 3099 Vel,
2903 3049 3010 3090 non
3031 3046 3114 3092 est
3135 3037 3376 3106 inventa,
3408 3040 3483 3094 ita

1897 3119 1958 3162 ut
1986 3123 2091 3163 non
2112 3110 2385 3181 loquatur,
2411 3116 2465 3172 id
2491 3127 2595 3186 est,
2627 3129 2686 3175 ut
2711 3137 2817 3177 non
2840 3124 3112 3194 jactanter
3143 3129 3257 3184 hzec
3282 3131 3481 3196 dicam,

1895 3197 2002 3264 vel,
2041 3208 2101 3254 ut
2139 3216 2247 3256 non
2277 3219 2496 3272 peccem
2530 3208 2587 3262 in
2613 3209 2813 3281 lingua,
2838 3216 2982 3282 quod
3017 3226 3100 3272 est
3141 3234 3276 3288 opus
3307 3223 3484 3277 homi-

2780 3303 3028 3370 latronis,
3059 3319 3190 3376 etc.,
3222 3327 3384 3383 usque
3413 3315 3482 3368 ad

1895 3392 2180 3452 postquam
2207 3389 2422 3456 perrexi
2451 3391 2566 3446 vias
2590 3393 2754 3448 duras
2777 3407 2831 3450 et
2859 3397 3060 3467 perfeci
3081 3415 3321 3472 gressus.

1969 3472 2133 3529 Vsus.
2160 3475 2213 3530 5.
2237 3507 2306 3518 —
2329 3477 2552 3549 Perﬁce.
2580 3482 2781 3554 (Cass)
2808 3487 2985 3558 Usque
3026 3490 3082 3544 in
3111 3493 3276 3548 linem
3310 3511 3325 3548 :
3355 3505 3482 3550 ante

1897 3579 2004 3619 non
2027 3574 2110 3619 est
2139 3566 2244 3621 nisi
2266 3567 2559 3626 inchoatio.
2589 3575 2840 3642 Gressus,
2869 3579 2924 3632 id
2961 3587 3068 3646 est,
3101 3581 3364 3639 humanas
3391 3600 3483 3640 ac-

1897 3655 2092 3718 tiones,
2123 3667 2182 3713 ut
2222 3660 2315 3730 qui
2346 3663 2532 3718 volunt
2577 3667 2779 3722 imitari
2823 3685 2934 3726 nou
2979 3685 3299 3732 moveantur
3331 3691 3361 3732 a
3399 3685 3474 3743 te,

1895 3749 1980 3804 vel
2011 3751 2235 3822 vestigia
2264 3756 2332 3810 ab
2361 3757 2460 3811 eis.

1970 3841 2132 3935 Vens.
2147 3843 2295 3935 A6.—
2310 3844 2420 3917 Ego
2441 3847 2683 3906 clamavi.
2713 3853 2902 3928 (Ibid.)
2923 3856 3195 3928 Secundo,
3223 3873 3480 3935 precatur

1895 3941 2008 3986 uta
2055 3931 2364 3992 Judaaorum
2411 3939 2622 3999 insidiis
2643 3945 2762 4016 ejus
2793 3949 3004 4016 puritas
3037 3931 3314 4009 liberetur.
3361 3957 3476 4028 Ego
3564 3935 3570 3954 ι

1895 4025 2061 4080 etiam
2102 4027 2353 4096 clamavi,
2396 4033 2552 4100 quasi
2590 4035 2821 4103 diceres,
2874 4041 2980 4096 hoc
3026 4059 3134 4100 non
3179 4045 3286 4101 nisi
3325 4025 3476 4116 justo

1895 4120 2166 4185 convenit,
2197 4121 2288 4191 qui
2319 4125 2652 4182 confidenter
2675 4139 2818 4194 orat,
2847 4134 2973 4202 quia
3001 4135 3103 4190 scit
3133 4139 3329 4193 audiri.
3494 4197 3500 4206 ,

1966 4207 2130 4266 Vsus.
2172 4212 2222 4268 7.
2252 4241 2323 4252 —
2348 4213 2598 4285 Miriﬁca.
2623 4218 2804 4293 (Auc.)
2835 4223 2993 4291 Mira,
3028 4236 3154 4280 sunt
3182 4243 3304 4294 quae
3338 4245 3474 4284 nova

1893 4310 2062 4356 sunt:
2088 4303 2204 4358 haec
2242 4314 2366 4358 sunt
2409 4321 2529 4376 quae
2553 4308 2610 4364 in
2636 4326 2799 4368 carne
2821 4315 2986 4369 cessit
3024 4315 3349 4374 mirantibus
3383 4319 3476 4376 Ju-

1894 4394 2042 4450 dacis.

1964 4487 2130 4544 Vsus.
2160 4489 2287 4544 8.—
2313 4489 2602 4564 Pupillam.
2636 4491 2932 4570 Perexigua
2957 4508 3061 4568 est,
3093 4510 3148 4559 et
3174 4510 3354 4560 tamen
3377 4521 3476 4577 per

1893 4594 2014 4635 eam
2040 4583 2185 4638 acies
2209 4583 2425 4641 luminis
2449 4586 2720 4658 dirigitur,
2751 4605 2858 4658 quo
2885 4591 2976 4648 lux
2998 4603 3053 4648 et
3081 4595 3316 4652 tenebrat
3336 4596 3473 4666 diju-

1893 4671 2162 4739 dicantur,
2211 4675 2352 4730 sicut
2388 4691 2486 4747 per
2534 4679 2924 4738 humanitatem
2963 4683 3168 4742 Christi
3215 4688 3466 4744 divinitas

1893 4765 2206 4822 discernens
2240 4778 2326 4824 est
2350 4771 2494 4827 inter
2520 4773 2693 4829 bonos
2729 4783 2785 4830 et
2813 4777 3000 4836 malos.

1964 4863 2128 4921 Vens.
2182 4868 2264 4922 l0.
2303 4899 2375 4909 —
2399 4868 2636 4941 Adipem.
2676 4871 2875 4946 (Cass)
2900 4875 2942 4930 Α
2979 4875 3327 4933 similitudine
3353 4877 3476 4932 ani-

204 4939 513 4998 Judzeorum
535 4984 548 5008 ,
583 4954 638 4998 ut
667 4944 852 5000 titulus
875 4946 1024 5001 dicit.
1058 4946 1420 5017 Intellectum,
1467 4960 1573 5007 etc.
1604 4953 1806 5026 (Auc.)-
1893 4957 2115 5012 malium
2137 4999 2152 5024 ,
2183 4974 2302 5028 quae
2327 4975 2393 5015 ex
2420 4939 2577 5032 adipe
2612 4939 2894 5034 inflantur,
2937 4967 2989 5022 id
3027 4980 3130 5034 est,
3160 4969 3466 5040 superbiam

206 5033 326 5100 Quo
352 5035 465 5089 hinc
499 5035 789 5090 haereditas
812 5037 982 5092 videri
1010 5050 1064 5093 et
1099 5039 1361 5110 possideri
1399 5053 1594 5113 potest.
1627 5044 1787 5100 Insu-

204 5145 322 5199 per,
359 5138 466 5184 etc.
507 5128 565 5183 ld
609 5139 722 5194 est,
751 5144 915 5198 super
956 5129 1308 5186 intellectum.
1355 5131 1526 5206 Usque
1553 5137 1622 5190 ad
1657 5153 1764 5191 nec

205 5229 332 5284 tem,
358 5231 462 5276 etc.
487 5220 543 5276 Id
570 5229 669 5286 est,
700 5232 951 5287 mortem,
980 5226 1212 5280 erudivit
1248 5242 1333 5281 me
1352 5267 1368 5293 ,
1404 5227 1628 5285 inferior
1655 5246 1784 5300 pars

204 5328 326 5367 mea
369 5313 550 5368 carnis
577 5315 902 5386 assumptio,
945 5325 1006 5378 ιιι,
1028 5318 1322 5387 expelleret
1351 5323 1600 5378 tenebras
1636 5339 1783 5380 mor-

207 5403 431 5460 talitatis
457 5421 594 5475 quas
619 5405 705 5460 ille
741 5406 1042 5463 intellectus
1077 5426 1182 5464 non
1209 5413 1398 5475 habet,
1430 5415 1554 5483 quia
1585 5433 1684 5488 pro
1705 5420 1785 5475 eis

205 5511 310 5550 nec
341 5497 543 5551 turbari
575 5514 670 5554 nec
713 5499 944 5560 deficere
1003 5505 1192 5572 potuit.
1233 5503 1424 5560 Renes.
1471 5508 1548 5562 Ex
1589 5512 1784 5580 quibus

204 5589 504 5644 secundum
534 5606 751 5646 carnem
779 5595 960 5658 exivi,
1008 5595 1213 5652 scilicet
1256 5601 1577 5669 parentela:
1611 5603 1788 5662 incre-

201 5689 444 5750 puerunt
472 5680 716 5750 injuriis,
749 5687 1044 5742 tentatioue
1067 5697 1121 5742 et
1156 5691 1427 5759 passione.

278 5771 440 5830 Vens.
491 5776 544 5831 8.
574 5807 640 5817 —
668 5774 1013 5834 Providebam
1065 5780 1368 5840 Dominum.
1430 5786 1620 5862 (lbid.)
1651 5791 1789 5850 Hinc

202 5865 367 5922 trahe
395 5867 731 5938 exemplum,
781 5883 889 5939 quo
939 5880 1161 5942 peccata
1208 5874 1449 5935 vitentur
1481 5898 1494 5938 :
1523 5883 1614 5953 qui
1641 5886 1784 5940 enim

1893 5050 2253 5117 retinuerunt,
2281 5067 2386 5107 non
2417 5055 2606 5120 macri,
2639 5055 2691 5110 id
2712 5065 2814 5122 est,
2835 5073 2939 5114 non
2971 5059 3221 5123 humiles,
3248 5059 3330 5114 vel
3353 5061 3467 5115 adi-

1889 5160 2050 5215 pem.
2103 5147 2156 5202 id
2202 5156 2319 5213 est,
2372 5150 2643 5206 carnalem
2697 5167 2914 5208 sensum
2961 5154 3328 5220 retinuerunt,
3384 5152 3467 5209 vel

1891 5240 2182 5296 sceleribus
2203 5242 2432 5312 saginati
2454 5259 2634 5299 veram
2659 5245 3065 5318 intelligentiam
3087 5246 3460 5316 perdiderunt,

1892 5333 2032 5386 unde
2096 5341 2261 5386 reSIat
2308 5333 2535 5404 superba
2579 5335 2744 5406 loqui.
2799 5335 2871 5392 0s
2897 5353 3078 5392 eorum
3122 5339 3351 5396 locutum
3389 5348 3464 5400 eu

1891 5423 2204 5493 superbiam.
2233 5423 2346 5479 Non
2375 5441 2487 5490 cor,
2517 5429 2642 5496 quia
2676 5443 2816 5499 sape
2854 5429 3022 5499 iniqui
3057 5432 3198 5501 quod
3238 5448 3337 5492 ore
3366 5435 3460 5493 de-

1889 5515 2138 5582 fendunt,
2177 5516 2339 5572 corde
2366 5520 2637 5576 damnant.

1966 5603 2126 5660 Vens.
2184 5607 2364 5660 12.-
2391 5607 2738 5675 Susceperunt
2778 5629 2880 5679 me,
2929 5622 3034 5672 etc.
3085 5615 3274 5688 (Ibid.)
3311 5617 3464 5675 Unde

1891 5697 1972 5752 eis
2000 5697 2116 5753 haec
2140 5701 2549 5768 opportunitas?
2576 5701 2892 5774 Respondeo
2929 5717 3281 5778 susceperunt
3300 5726 3328 5766 a
3351 5709 3465 5765 Deo

1891 5787 2047 5858 cujus
2076 5790 2356 5860 dispositio
2405 5801 2508 5856 est,
2539 5793 2641 5858 vel,
2689 5811 2718 5848 a
2763 5798 3034 5864 traditore,
3065 5799 3170 5863 vel,
3215 5815 3247 5855 a
3279 5799 3466 5871 judice

1892 5892 2216 5954 acceperunt
2235 5884 2407 5940 avide.
2425 5883 2569 5940 Sicut
2598 5886 2676 5942 leo
2695 5900 2935 5959 paratus,
2957 5900 3060 5948 etc.
3083 5893 3262 5966 (Aus.,
3280 5893 3462 5972 Cass.)
