3982 6352
500 483 606 540 867

997 479 1389 536 WALAFRIDI
1428 463 1675 532 S'l‘BABl
1708 463 1911 528 FULD.
1955 459 2122 525 uoN.
2162 461 2312 526 ore.
2352 455 2535 522 PARS
2569 453 2609 521 t.
2645 493 2716 506 —
2753 463 3207 523 THEOLOGICA.

3645 455 3754 516 868

503 597 782 668 Principes
821 595 1169 666 comparandi
1211 593 1350 647 leoni
1400 587 1650 651 diabolo,
1699 600 1803 654 quo
1851 591 2069 637 auctore
2095 581 2148 646 Α
2243 577 2406 636 Vsus.
2435 561 2697 668 Mer-Et
2729 576 2980 631 ascendit.
3009 571 3158 629 Facit
3177 574 3320 628 enim
3346 569 3618 640 quosdam
3644 571 3758 640 pie-

503 692 745 748 faciunt:
771 689 1002 759 Populus
1025 686 1229 742 catulus
1259 684 1444 746 leonis,
1473 681 1528 735 id
1554 688 1657 744 est,
1687 678 1827 732 ﬁlius
1847 669 2064 738 diaboli,

501 780 764 844 habitam,
792 791 1116 850 permanens
1145 776 1197 830 iu
1221 772 1449 836 insidiis,
1491 770 1616 840 quia
1647 783 1763 822 mos
1792 773 1874 821 est
1915 763 2070 819 malis

501 884 626 930 vota
649 883 852 944 tegere,
878 879 938 925 ut
964 870 1194 924 latenter
1220 867 1425 936 possint
1452 862 1735 934 perﬁcere.
1902 943 1906 944 ν
1997 931 2002 944 ε

574 941 737 1020 Vsus.
755 959 1172 1030 15.——Exsurge,
1193 947 1430 1010 Domine.
1449 947 1649 1024 ((ἒλεε.)
1667 947 1742 1003 De
1764 941 2073 1000 retributio-

502 1054 660 1110 nibus
679 1052 873 1110 oratio.
899 1049 1157 1113 Prwveni,
1179 1056 1288 1102 etc.
1305 1037 1352 1116 (Ι
1361 1041 1492 1113 bid.)
1507 1039 1551 1096 A
1567 1035 1915 1095 similitudine
1949 1047 2072 1087 cur-

503 1121 675 1203 rentis
701 1163 714 1200 :
745 1159 903 1199 nemo
930 1157 1035 1197 non
1066 1139 1215 1211 prius
1241 1137 1292 1192 in
1318 1152 1374 1190 se
1403 1148 1564 1205 quam
1595 1129 1650 1184 in
1678 1125 1840 1182 alium
1863 1123 2069 1195 peccat.

501 1233 793 1308 Supplanta
822 1250 940 1289 eum
964 1245 983 1283 :
1005 1209 1400 1286 asiuiiiitudine
1423 1220 1697 1285 luctantis,
1728 1218 1780 1272 id
1810 1211 1909 1308 esi,
1942 1209 2073 1308 inel-

500 1329 697 1386 iicaces
720 1329 804 1384 lac
825 1336 881 1382 et
891 1321 1061 1396 dejlce
1079 1337 1188 1377 eos.
1209 1319 1366 1389 Eripe
1381 1315 1610 1371 animant
1623 1311 1792 1365 meam
1807 1301 1870 1361 ab
1893 1306 2070 1371 impio.

500 1413 686 1494 (Auc.)
719 1394 1109 1474 ilesuscitando
1134 1427 1164 1465 a
1199 1413 1370 1466 morte
1409 1407 1478 1461 ab
1503 1403 1680 1474 impiis
1718 1399 1888 1456 illata.
1927 1394 2074 1494 ra-

499 1528 689 1567 meam.
711 1507 906 1565 Anima
937 1521 1057 1562 mea
1084 1511 1166 1560 est
1191 1499 1396 1557 l'ramea
1421 1517 1435 1565 ;
1461 1505 1620 1569 quam
1645 1497 1858 1558 manus,
1890 1475 1942 1545 id
1967 1485 2074 1552 est,

498 1601 674 1656 virtus
711 1605 798 1654 tua
825 1593 1117 1666 assumpsit
1139 1634 1154 1654 .
1198 1601 1256 1647 ut
1292 1593 1390 1660 per
1426 1603 1547 1644 eam
1588 1599 1752 1666 regna
1777 1577 2076 1650 iniquitatis

500 1691 747 1749 debellet.
779 1665 1027 1757 etjustos
1057 1683 1260 1739 dividat
1291 1677 1360 1735 ab
1391 1677 1588 1748 impiis.
1606 1665 1789 1728 Divide
1807 1687 1916 1735 eos,
1947 1673 2072 1732 etc.,

499 1779 700 1853 (Csss.)
743 1780 796 1834 id
838 1783 942 1842 est,
976 1775 1190 1831 Iudaeos
1216 1771 1436 1833 divisos,
1462 1773 1607 1853 etc.,
1625 1775 1796 1853 usque!
1815 1760 1881 1814 ad
1903 1758 2076 1853 inise-

500 1837 603 1935 ria,
639 1837 792 1939 quasi
823 1837 1018 1922 merito
1045 1877 1060 1918 :
1091 1863 1239 1932 quia,
1279 1857 1345 1914 de
1375 1849 1724 1912 absconditis.
1753 1837 1830 1905 De
1861 1845 2078 1939 οὐδεοῆ

2169 687 2268 726 nos
2287 667 2533 732 scientia,
2562 661 2615 722 in
2645 665 2838 736 quibus
2866 664 3252 736 supereminet,
3294 669 3526 731 quorum
3557 660 3758 715 celeri-

2170 771 2337 818 tatem
2368 759 2674 815 intellectus
2717 756 3052 813 transcendit
3082 775 3094 808 :
3127 755 3426 810 tenebrosis
3452 757 3642 807 autem
3683 751 3760 807 la-

2172 863 2349 911 tenter
2383 854 2593 908 utitur:
2628 850 2786 916 unde,
2834 847 2988 918 Virga
3027 833 3225 916 furoris
3271 847 3376 900 mei
3423 846 3617 909 Assur,
3649 845 3762 912 ipse

2170 957 2286 1002 vero
2319 959 2422 1000 non
2449 943 2703 1014 cognovit,
2734 940 2828 996 sed
2859 939 2940 995 sui
2970 941 3322 1009 cognoscunt.
3359 933 3569 990 Voluit
3598 945 3762 1003 super

2147 1051 2364 1107 .pcnnas
2389 1043 2559 1088 vento.
2591 1033 2814 1097 Ventos,
2857 1029 3052 1099 quibus
3089 1027 3224 1082 nihil
3248 1035 3334 1082 est
3358 1025 3632 1092 velocius,
3663 1042 3762 1080 su-

2170 1136 2324 1197 perat
2346 1126 2487 1180 fama
2521 1123 2657 1192 eius,
2696 1131 2758 1178 ut
2781 1121 2908 1177 du
2941 1134 3068 1175 mox
3089 1126 3274 1184 natus,
3304 1118 3481 1189 magis
3499 1131 3605 1188 per
3631 1115 3764 1172 stel—

2172 1217 2277 1272 lam
2307 1217 2583 1272 nuntiatus
2616 1221 2720 1270 est.

2243 1308 2406 1364 Vsus.
2438 1308 2524 1363 12.
2551 1337 2616 1348 —-
2634 1304 2915 1360 Tenebras.
2946 1301 3130 1374 (Ᾱυο.)
3160 1299 3540 1358 Obscuritates
3567 1305 3762 1355 nefa-

2173 1409 2500 1464 mentorum,
2548 1397 2665 1463 vel,
2715 1397 2768 1451 in
2805 1396 2890 1450 his
2927 1393 3188 1459 tenebris,
3237 1393 3331 1448 ubi
3372 1392 3632 1448 videntes
3667 1407 3763 1462 per

2174 1491 2334 1547 ﬁdem
2356 1489 2713 1552 ambulamus,
2745 1491 2800 1543 et
2827 1501 2934 1541 non
2964 1500 3064 1556 per
3092 1485 3329 1554 speciem
3353 1481 3576 1555 (Matth.
3607 1482 3700 1554 si).

2248 1581 2364 1637 Non
2391 1589 2490 1652 per
2516 1579 2702 1636 caelos.
2729 1577 2932 1650 (Cum)
2962 1577 3252 1633 Descendit
3300 1585 3356 1632 et
3381 1577 3637 1632 ascendit
3677 1575 3760 1647 (Il

2175 1672 2298 1729 Cor.
2333 1671 2409 1745 γ),
2445 1671 2539 1728 sed
2573 1687 2670 1742 per
2699 1669 3145 1726 nubeaatbereas
3175 1667 3351 1739 (quod
3383 1669 3440 1723 in
3467 1667 3758 1736 Hebr-ao),

2176 1765 2230 1821 id
2252 1775 2355 1830 est,
2383 1779 2478 1836 per
2504 1763 2794 1835 prophetas
2826 1763 2878 1818 in
2910 1761 3104 1832 quibus
3130 1761 3360 1818 obscura
3383 1761 3642 1815 doctrina
3671 1761 3758 1823 sit,

2175 1855 2270 1912 sed
2299 1871 2396 1926 per
2426 1855 2597 1909 nubes
2633 1861 2753 1923 qum
2779 1853 2921 1924 (non
2953 1850 3172 1907 aitberis
3193 1889 3208 1915 ,
3240 1850 3293 1905 id
3321 1859 3436 1914 est,
3473 1848 3762 1920 Apostoli)
3875 1884 3884 1894 .

656 1925 778 2016 tuis.
818 1960 875 2015 Id
901 1968 1011 2024 est,
1054 1925 1126 2012 de
1148 1925 1519 2015 immunditiis,
1546 1958 1676 2013 etc.,
1717 1951 1876 2016 usque
1917 1941 1988 1996 ad
2022 1933 2074 1996 id
2102 1925 2150 1998 Β
2176 1925 2500 2017 praeiulgidaa
2526 1944 2733 2000 suntin
2762 1943 3071 2016 cognitione
3097 1941 3250 2012 eius;
3279 1941 3334 1997 id
3375 1949 3463 1997 est
3482 1978 3501 2007 ,
3524 1941 3764 1997 vicinius

503 2061 606 2118 est,
637 2049 704 2106 ad
745 2051 1049 2106 satietatem
1086 2051 1256 2115 usque
1280 2041 1542 2097 malorum
1569 2037 1858 2109 participes
1896 2035 2071 2089 erunt.

501 2143 581 2201 De
607 2139 940 2197 absconditis.
972 2133 1156 2211 (Auo.)
1185 2127 1301 2188 Non
1343 2129 1514 2187 solum
1553 2129 1633 2184 eis
1672 2127 1786 2182 haec
1811 2133 1971 2196 paena
1996 2121 2074 2176 vi:

510 2237 712 2298 sibilis,
746 2231 840 2290 sed
869 2231 934 2287 de
969 2227 1323 2291 abscesditis,
1363 2225 1415 2280 id
1445 2229 1544 2287 est,
1583 2219 1818 2292 peccatis
1847 2219 2007 2289 (quae
2047 2225 2077 2268 a

501 2327 702 2384 lumine
723 2323 964 2380 veritatis
989 2327 1093 2376 tua:
1115 2309 1550 2386 absconduntur)
1581 2311 1738 2384 plena
1764 2315 1848 2366 est
1875 2315 2078 2363 memo-

502 2417 587 2474 ria
615 2409 826 2480 eor'um,
852 2419 912 2467 ut
933 2407 1326 2466 obliviscantur
1345 2405 1536 2460 Deum.

1033 2497 1354 2556 PSALMUS
1388 2495 1548 2551 XVII.

571 2597 735 2654 Vsus.
764 2587 888 2649 i.-—
902 2585 1133 2663 Dillgum
1165 2589 1233 2654 le,
1265 2587 1508 2652 Domine,
1529 2581 1780 2655 fortitudo
1806 2588 1942 2646 mea,
1968 2588 2072 2635 etc.

499 2689 703 2764 (Cass)
728 2686 869 2741 Dicit
889 2686 992 2740 hoc
1016 2677 1288 2746 Christtts,
1319 2669 1462 2750 quod
1486 2665 1744 2740 Ecclesia,
1785 2673 1841 2729 id
1876 2679 1974 2736 est,
2002 2674 2078 2722 to-

502 2787 592 2838 tus
617 2775 890 2836 Christus.

577 2865 766 2944 (Ibid)
790 2867 992 2934 Primo,
1018 2865 1278 2937 propheta
1310 2869 1577 2918 summam
1617 2855 1894 2926 colligens,
1924 2849 1990 2906 de
2017 2839 2081 2903 ii-

501 2965 779 3024 beratione
804 2962 1006 3034 gratias
1031 2959 1162 3032 agit.

575 3059 738 3114 Vsus.
761 3053 814 3112 3.
838 3043 1230 3122 -—Refugium.
1280 3039 1467 3120 (Ibid)
1510 3039 1732 3111 Quando
1778 3043 1900 3122 erat
1939 3041 2075 3106 opus

501 3143 748 3211 consilio,
780 3139 946 3198 David
972 3119 1039 3196 ad
1057 3119 1182 3195 eum
1211 3119 1408 3208 refugit
1433 3137 1485 3189 et
1513 3129 1737 3186 invenit.
1783 3119 2074 3211 Liberator,

502 3249 564 3295 ut
590 3237 633 3293 si
661 3209 872 3307 potens,
902 3241 1120 3304 captum
1149 3231 1216 3284 ab
1247 3225 1496 3283 hostibus
1529 3217 1740 3277 liberet.
1784 3209 2074 3280 Protector,

505 3297 690 3401 (Auo.)
717 3297 949 3397 quiarde
969 3297 1063 3378 lue
1087 3331 1194 3376 non
1224 3315 1562 3389 praesumpsi,
1603 3312 1757 3384 quasi
1797 3321 1969 3401 cornu
1992 3323 2079 3401 su-
2106 3297 2150 3359 C

501 3397 702 3491 perbia’.
722 3423 912 3472 contra
939 3422 990 3467 te
1015 3411 1261 3481 erigens;
1293 3405 1388 3463 sed
1420 3414 1472 3461 te
1494 3401 1867 3459 celsitudinem
1895 3397 2082 3454 saltitis

502 3509 705 3576 inveni,
735 3507 878 3580 quod
900 3505 1279 3562 ut'invenirem
1309 3499 1592 3570 suscepisti
1621 3509 1725 3552 me.

573 3601 740 3659 Vsus.
767 3597 821 3654 4.
840 3593 1174 3651 —Laudans
1205 3592 1474 3647 invocabo.
1506 3585 1704 3660 (Cass)
1731 3585 1862 3641 Post
1901 3581 2082 3640 omnia

505 3713 615 3755 non
643 3697 818 3752 elatus
843 3703 901 3748 se
924 3691 1111 3763 jactat,
1139 3687 1233 3743 sed
1262 3685 1442 3742 omnia
1471 3683 1580 3739 Deo
1617 3680 1804 3736 tribuit
1836 3693 1848 3732 :
1883 3681 1937 3732 et
1961 3673 2084 3731 ideo

501 3791 720 3854 salvus;
753 3801 876 3842 nam
906 3783 998 3855 qui
1025 3782 1183 3837 aliter
1209 3779 1362 3844 facit,
1411 3777 1515 3832 sibi
1539 3775 1760 3831 relictus
1787 3771 1949 3844 perit,
1979 3769 2083 3826 etsi

503 3881 702 3936 vicisse
724 3874 1022 3930 videbatur.

575 3966 740 4024 Vsus.
775 3959 1390 4022 5.—Circumdederunt
1421 3969 1521 4012 me.
1552 3953 1742 4027 (Ibid.)
1769 3953 1827 4009 lu
1850 3957 2082 4024 persona

504 4063 770 4120 iustorum
793 4067 920 4114 ante
946 4060 1234 4114 adventum
1263 4053 1486 4118 Christi,
1525 4057 1654 4116 etc.,
1699 4057 1857 4119 usque
1891 4043 1958 4101 ad
1990 4043 2082 4115 qui

487 4155 711 4228 rapidis
739 4149 1113 4222 iniquitatibds
1135 4143 1438 4202 conturball
1471 4149 1614 4197 sunt.

578 4247 741 4302 Vens.
767 4243 821 4299 6.
852 4273 923 4284 --
951 4235 1168 4294 Dolores
1219 4236 1432 4306 inferni.
1480 4232 1720 4288 Gentiles
1764 4231 1818 4284 lu
1872 4227 2081 4284 inferno

505 4339 684 4396 debito
715 4331 899 4390 dolore
945 4325 1247 4400 torquendi.
1274 4320 1777 4394 Prwoccupaverunt
1808 4335 1885 4374 me
1911 4317 2083 4389 laquei

504 4430 708 4491 mortis,
740 4425 985 4495 sequitur
1017 4440 1030 4475 :
1528 4417 1540 4424 '

577 4519 738 4573 Vens.
771 4514 823 4571 8.
852 4511 1221 4569 a—Commota
1271 4511 1366 4564 est.
1413 4505 1554 4562 Ecce
1609 4505 1898 4575 quomodo,
1949 4509 2079 4570 etc.,

508 4625 668 4681 usque
695 4607 762 4662 ad
791 4611 847 4661 et
873 4607 977 4661 hoc
998 4603 1088 4674 qui
1112 4600 1507 4674 praeoccupavit
1537 4597 1840 4654 mortalitas
1875 4601 1928 4652 et
1957 4605 2081 4666 pose

508 4700 753 4757 sibilitas.

578 4793 654 4846 De
667 4789 876 4861 templo.
899 4786 1096 4860 (Cass)
1115 4785 1212 4842 Vel
1230 4786 1296 4842 de
1311 4783 1469 4851 cutio,
1489 4781 1572 4840 vel
1599 4781 1663 4840 de
1684 4787 1910 4838 venturo
1926 4779 2082 4836 Chri-

508 4885 578 4942 sti
605 4883 852 4952 corpore.

578 4975 848 5030 Commota
893 4977 989 5026 est.
1018 4967 1298 5041 (Aue.)lta
1342 4967 1634 5024 clarificato
1679 4966 1894 5022 Christo
1933 4975 2084 5020 com-

508 5067 640 5123 moti
687 5071 813 5121 sunt
867 5069 924 5118 et
970 5069 1410 5117 contremuerunt
1468 5061 1802 5131 peccatores.
1861 5055 2084 5112 Funda-

506 5169 712 5222 menta,
752 5163 855 5211 etc.
881 5154 1083 5224 (ΟΑεε.)
1127 5149 1579 5223 Ρηεειιιηβιίυιιεε
1619 5146 1991 5218 superborum,
2033 5145 2087 5201 id

508 5259 614 5316 est,
643 5249 839 5304 divitia:
867 5258 921 5302 et
951 5244 1256 5318 huiusmodi
1293 5245 1487 5314 quibus
1525 5240 1892 5296 innitebantur
1920 5253 1934 5294 :
1965 5252 2089 5310 spes

506 5343 654 5398 enim
683 5341 866 5395 mundi
890 5340 1042 5404 abiit,
1073 5349 1235 5410 quam
1267 5337 1381 5390 odit
1406 5335 1566 5389 Deus.

577 5427 740 5492 Veiis.
773 5431 860 5488 10.
877 5431 1147 5485 —Catlos.
1174 5429 1365 5500 (lbid.)
1390 5428 1447 5482 id
1460 5433 1563 5490 est,
1591 5425 1968 5496 praedicatores
1999 5425 2084 5480 ind

504 5525 728 5582 clinavit
765 5540 796 5578 a
842 5521 1264 5592 contemplativa
1305 5520 1372 5573 ad
1403 5518 1783 5582 ministerium,
1809 5526 1864 5571 et
1903 5517 1971 5572 ad
2006 5515 2084 5572 fe-

509 5609 703 5673 rendas
732 5611 1028 5672 molestias.
1061 5611 1360 5678 Descendit,
1405 5615 1508 5665 etc.
1541 5608 1658 5678 ipse
1682 5623 1872 5678 passus
1897 5608 1950 5662 in
1977 5608 2080 5674 eis,

505 5715 561 5764 et
585 5706 638 5761 in
684 5705 1038 5776 quorumdam
1081 5701 1346 5757 notitiam.
1390 5699 1621 5771 Caligo:
1661 5701 1948 5766 tenebrosi,
1991 5701 2082 5770 qui

505 5797 668 5854 etiam
695 5799 1112 5866 persequuntur,
1162 5791 1261 5845 sub
1310 5787 1423 5859 ejus
1472 5795 1737 5860 potestate
1785 5799 1935 5849 sunt;
1976 5789 2079 5852 vel,

504 5886 598 5959 qui
626 5885 944 5957 simpliciter
965 5883 1213 5946 credunt,
1245 5880 1469 5951 subjecti
1500 5880 1546 5935 ei
1579 5888 1718 5935 sunt.

2107 4649 2161 4712 D

2175 2035 2615 2105 contemplantes.

2247 2127 2407 2181 Vsus.
2437 2127 2524 2181 15.
2553 2155 2626 2166 —
2657 2122 2896 2182 Grando.
2946 2123 3130 2199 (Ausa)
3159 2123 3606 2196 Obiurgationes,
3639 2139 3762 2195 qua

2174 2219 2309 2274 dura
2340 2218 2501 2273 corda
2528 2215 2745 2282 feriunt,
2792 2217 2886 2274 sed
2923 2216 2969 2274 si
3010 2217 3149 2288 ignis
3189 2215 3474 2271 cbaritatis
3512 2215 3760 2276 resolvit,

2175 2311 2229 2366 in
2254 2310 2370 2364 miti
2401 2309 2582 2364 animo
2609 2309 2668 2363 iit
2695 2322 2834 2378 aqua
2869 2307 3076 2363 satians
3100 2305 3258 2378 [alias
3284 2303 3534 2377 saliens].
3553 2304 3621 2358 Et
3651 2319 3763 2358 ear-

2176 2399 2355 2465 bones,
2395 2398 2520 2470 quia
2541 2396 2634 2455 illo
2668 2398 2794 2469 igne
2829 2398 3115 2454 tenebrosa
3141 2395 3306 2453 corda
3338 2408 3577 2452 accensa
3619 2393 3762 2450 reri.

2213 2497 2224 2504 '
2332 2506 2364 2544 n
2395 2529 2408 2544 .

2175 2497 2409 2637 “3321;.
2433 2578 2854 2634 14.—-—Intonuit.
2880 2577 3078 2650 (Cass)
3091 2577 3171 2632 Ad
3184 2577 3442 2642 litteram,
3458 2585 3522 2631 ut
3540 2575 3768 2647 quando

2175 2673 2349 2728 visum
2373 2680 2454 2726 est
2477 2673 2794 2735 tonitruum,
2827 2671 2938 2726 Deo
2965 2671 3216 2726 dicente:
3243 2667 3574 2738 Clarificaui,
3595 2679 3644 2722 et
3669 2668 3766 2721 ite-

2178 2777 2294 2819 ruttt
2320 2762 2640 2834 clariﬁcabo.
2682 2762 2838 2817 Dedit
2868 2777 3042 2817 vocem
3071 2774 3091 2815 ε
3113 2771 3174 2817 ut
3201 2773 3308 2816 non
3339 2761 3478 2816 dixit
3501 2777 3516 2813 :
3547 2759 3652 2814 Hic
3680 2768 3768 2814 est

2177 2855 2349 2919 Filius
2374 2871 2526 2912 naeus
2539 2855 2765 2911 dilectus
2783 2854 2836 2910 in
2858 2869 2964 2924 quo
2989 2855 3120 2910 mihi
3147 2853 3466 2923 complacui.

2249 2949 2413 3004 Vsus.
2471 2946 2559 3002 15.
2579 2976 2650 2986 —
2680 2944 2748 2999 Et
2781 2946 2942 2999 misit.
2976 2943 3164 3016 (Νῆα.)
3191 2944 3450 3000 Dominus
3497 2943 3763 3007 intonuit.

2179 3047 2236 3094 et
2277 3038 2536 3093 Dominus
2579 3037 2728 3092 misit
2764 3055 2776 3090 :
2809 3052 2916 3090 non
2960 3036 3104 3090 enim
3155 3037 3417 3092 transitus
3456 3036 3522 3092 ad
3570 3045 3766 3107 gentes

2180 3146 2393 3201 semper
2417 3137 2537 3184 erat
2561 3138 2743 3184 certus
2769 3143 2942 3198 neque
2970 3127 3308 3183 rationabilis
3333 3128 3574 3183 habitus.

2251 3221 2414 3276 Vsus.
2469 3219 2555 3276 16.
2583 3251 2654 3260 —
2687 3213 2758 3273 Et
2789 3217 3141 3289 apparuerunt
3189 3219 3376 3290 fontes.
3421 3207 3644 3274 Christo
3676 3236 3768 3275 vu-

2181 3314 2387 3378 niente,
2415 3312 2587 3383 patuit
2617 3313 2758 3381 quod
2781 3311 3084 3366 obscnritas
3106 3310 3272 3364 divini
3297 3297 3511 3381 tegebat
3530 3311 3761 3380 eloquii.

2179 3405 2265 3470 Ab,
2297 3403 2664 3473 increpatione.
2708 3399 3004 3456 Couversio
3060 3397 3128 3455 ad
3183 3395 3353 3455 Deum
3383 3403 3581 3472 :quasi
3637 3417 3763 3456 cum

2180 3498 2474 3570 gratiarum
2514 3496 2754 3562 actione,
2791 3495 2918 3565 quia
2966 3499 3062 3566 per
3093 3493 3530 3566 praedicationem
3579 3493 3765 3550 incre-

2180 3587 2341 3660 pabat
2385 3591 2690 3659 peccantes,
2731 3591 2787 3642 et
2811 3585 3109 3656 inspirabat
3136 3589 3195 3641 ut
3220 3586 3473 3640 timerent
3507 3585 3654 3640 iram
3682 3584 3766 3638 fu-

2182 3687 2381 3737 turam.

2253 3769 2417 3828 Misit.
2451 3769 2639 3845 (Ibid.)
2671 3767 2959 3839 HucuSque
2995 3769 3060 3825 de
3097 3765 3329 3824 adventu
3363 3765 3607 3833 Domini,
3643 3765 3768 3821 hinc

2183 3865 2251 3922 de
2297 3865 2630 3936 tempbribus
2673 3861 3017 3919 Christianis.
3061 3859 3208 3916 Misit
3253 3859 3416 3916 Pater
3460 3856 3764 3915 Christum.

2183 3962 2394 4034 Accepit
2422 3977 2520 4015 me.
2562 3957 2859 4015 Eccicsiam
2908 3969 3178 4028 Sponsam.
3230 3956 3302 4010 De
3347 3955 3519 4026 aquis.
3573 3951 3767 4024 (ΗΜ.)

2183 4053 2466 4124 Baptismi.
2493 4049 2589 4107 Vel
2609 4051 2752 4104 misit
2777 4048 3049 4120 Spiritum,
3074 4049 3164 4118 qui
3183 4049 3266 4103 est
3287 4047 3508 4103 donum.
3536 4045 3619 4099 De
3638 4043 3764 4104 alta,

2183 4145 2307 4215 quia
2330 4142 2553 4213 aequalis
2577 4141 2725 4196 Patri
2741 4147 2796 4194 et
2816 4140 2971 4195 Filio.
2999 4140 3226 4209 Accepit,
3254 4138 3409 4208 Quasi
3441 4137 3762 4208 fngativam.

2184 4234 2500 4304 Assumpsit,
2531 4233 2582 4286 in
2615 4231 2952 4286 altitudinem
2975 4229 3190 4284 virtutis
3217 4229 3270 4282 et
3297 4229 3422 4283 boui
3450 4228 3662 4298 Operis.

2259 4327 2421 4382 Vsus.
2449 4325 2535 4381 i8.
2557 4357 2630 4366 --
2653 4323 2968 4380 Deinimicis
2987 4326 3133 4378 meis.
3169 4321 3348 4396 (Anc)
3371 4319 3429 4377 id
3455 4332 3561 4386 est,
3593 4322 3766 4382 vitiis,

2184 4433 2302 4490 qua:
2345 4427 2507 4488 ευμεν
2545 4431 2736 4473 omnes
2764 4415 3011 4471 inimicos
3047 4415 3165 4487 plus
3196 4423 3411 4471 nocent.
3460 4411 3532 4467 Et
3570 4411 3638 4466 ab
3689 4415 3770 4466 his

2182 4511 2310 4582 qui,
2353 4519 2458 4565 etc.
2499 4509 2554 4564 id
2604 4519 2689 4564 est
2732 4505 3092 4564 exterioribus
3141 4505 3378 4562 inlmiCis
3427 4501 3768 4564 hominibus,

2186 4599 2391 4657 scilicet
2425 4609 2480 4655 et
2510 4591 2842 4654 daemonibus
2872 4599 3016 4669 quod
3047 4611 3270 4653 necesse
3305 4599 3408 4660 est,
3459 4597 3585 4666 quia
3625 4610 3768 4649 con-

2186 4692 2367 4748 fortati
2415 4689 2707 4746 secundum
2761 4686 2912 4759 quid;
2966 4685 3103 4742 Ecce
3131 4695 3504 4757 prtevencrunt,
3563 4685 3616 4739 id
3660 4693 3769 4746 est,

2184 4782 2604 4856 praevaluerunt.
2646 4781 2752 4836 Per
2787 4781 2890 4838 hoc
2927 4782 3094 4850 magis
3127 4782 3317 4851 eripit,
3363 4779 3487 4849 quia
3526 4775 3604 4832 illi
3641 4787 3770 4832 Sunt

2186 4872 2516 4939 confortati;
2576 4887 2699 4928 cum
2753 4871 2898 4928 enim
2948 4871 3201 4944 aiiiigitnr
3247 4865 3524 4936 Ecclesia,
3591 4870 3768 4940 magis

2184 4965 2399 5022 crescit.

2259 5055 2424 5111 Vsus.
2454 5053 2544 5110 ΞΟ.
2570 5075 2640 5095 --'
2664 5051 2730 5110 In
2755 5053 3104 5110 latitudinem.
3149 5053 3336 5125 (Ιθὶά.)
3366 5047 3471 5109 Per
3495 5054 3766 5109 mitium

2190 5148 2480 5212 malorum,
2509 5148 2704 5202 crescit
2732 5145 2971 5202 Ecclesia
2989 5157 3211 5202 numero
3230 5156 3283 5201 et
3310 5145 3520 5202 merito.
3548 5143 3768 5199 Sulcum

2190 5251 2272 5292 me
2296 5239 2415 5308 fecit
2439 5280 2452 5303 ,
2485 5239 2628 5308 quod
2666 5237 2732 5302 ad
2774 5237 2930 5294 iidem
2965 5237 3131 5294 Venit.
3164 5233 3424 5305 Quantum
3466 5235 3632 5292 uoluit
3661 5251 3762 5289 me.

2191 5329 2373 5401 (Αυο.)
2401 5330 2456 5384 id
2479 5333 2584 5393 est,
2613 5329 2782 5400 gratis
2808 5329 2988 5400 elegit.

2261 5419 2425 5476 Vsus.
2456 5421 2546 5474 ει.
2565 5419 2718 5475 -Ει
2749 5419 2992 5476 retribuet
3015 5419 3298 5476 secundum
3321 5419 3585 5490 justitiam
3613 5415 3770 5472 bona

2193 5514 2507 5570 voluntatis.
2541 5513 2608 5568 Et
2639 5513 2920 5569 secundum
2947 5514 3227 5586 puritatem
3252 5525 3502 5567 manuum
3529 5507 3722 5581 (Ibid.)
3751 5528 3765 5562 :

2191 5613 2374 5677 opm,
2423 5621 2544 5677 quae
2589 5613 2716 5662 sunt
2753 5615 2876 5678 post
2913 5608 3086 5679 prima
3113 5605 3370 5662 beneficia
3409 5604 3521 5667 Dei,
3556 5603 3766 5659 scilicet

2191 5700 2350 5755 ﬁdem
2377 5708 2433 5755 et
2472 5699 2821 5765 charitu‘tem,
2853 5711 2974 5770 quae
3012 5699 3244 5771 gratuito
3287 5699 3404 5752 sine
3439 5693 3764 5767 praecedenti

2191 5789 2387 5844 merito
2413 5787 2553 5844 Deus
2574 5797 2814 5859 prtestat.

2262 5879 2424 5934 Vnus.
2465 5879 2553 5933 22.
2577 5911 2645 5922 -ο
2671 5879 2805 5944 Quin
2837 5883 3106 5936 custodiri.
3141 5879 3325 5953 (Ibid.)
3364 5877 3452 5933 Vel
3487 5879 3557 5933 ita
3587 5887 3764 5933 conit-
