3982 6352
187 399 299 459 869

1217 403 1484 463 GLOSSA
1520 401 1912 466 contusam.
1956 444 2025 454 —
2060 405 2189 472 LIB.
2229 401 2478 472 PSALM.

3331 420 3435 476 870

189 513 412 574 tutando
439 533 560 573 cum
597 518 934 588 praecedente
961 519 1140 584 versu,
1167 527 1300 582 etc.,
1324 525 1485 589 usque
1514 519 1582 574 ad
1611 529 1665 576 et
1690 522 1761 576 si—
1789 527 1837 586 Α
1863 523 2012 591 lium,
2042 531 2230 583 contra
2259 519 2548 583 diabolum.
2581 515 2647 583 Ut
2690 531 2892 594 arcum,
2931 533 3059 595 etc.,
3088 531 3436 590 Sintilitudine

191 619 286 665 cut
308 609 450 678 coepi
471 649 485 674 ,
509 625 595 662 ero
613 609 981 662 immaculatus
997 650 1011 672 ,
1041 610 1180 664 unde
1207 610 1260 664 in
1281 609 1462 666 futuro
1483 613 1763 679 retribuet.

275 701 436 755 Vens.
479 697 568 754 Si.
595 729 669 740 —
690 697 820 753 Cum
848 707 928 765 "eo,
965 699 1014 754 ei
1044 699 1343 756 adhaerens.
1376 701 1441 754 Et
1469 697 1767 767 observabo,

192 803 264 847 ne
319 793 517 848 iterum
567 789 778 848 cadam.
831 781 914 846 Ab
968 789 1285 864 iniquitate,
1341 799 1460 866 quas
1500 806 1582 852 est
1625 809 1772 853 mors

195 883 366 938 beati.

268 973 433 1029 Veiis.
467 971 558 1028 25.
585 972 740 1027 ι-Ει
763 974 1028 1028 retribuet.
1075 974 1270 1047 (διεδ.)
1301 969 1591 1047 Dupliciter
1629 966 1770 1033 Deus

196 1065 486 1119 retribuit:
516 1064 604 1119 hic
643 1065 696 1118 in
731 1065 1014 1134 praesenti,
1046 1073 1104 1120 ut
1131 1065 1312 1137 justus
1333 1066 1679 1136 iustificetur,
1717 1075 1773 1122 et

194 1157 290 1225 qui
330 1156 386 1210 in
412 1145 662 1210 sordibus
700 1164 804 1220 est,
845 1158 1122 1212 sordescat
1165 1155 1364 1223 adhuc,
1405 1159 1546 1213 unde
1575 1159 1661 1213 hic
1687 1159 1772 1214 di-

195 1247 273 1300 cit
302 1265 312 1298 :
347 1246 479 1300 Cum
500 1253 682 1300 sancto
703 1255 938 1313 sanctus,
958 1253 1086 1313 etc.,
1113 1256 1169 1302 et
1197 1250 1251 1303 in
1285 1249 1466 1304 futuro
1492 1252 1769 1320 premium

197 1338 374 1403 bonis,
410 1346 464 1392 et
486 1345 700 1406 prunam
721 1338 895 1406 malis,
925 1341 1064 1395 unde
1091 1341 1161 1395 ibi
1189 1357 1202 1394 ε
1230 1339 1492 1407 Quoniam
1517 1347 1574 1396 tit
1607 1351 1772 1414 popu-

198 1429 308 1483 lum
335 1430 607 1496 humilem,
635 1435 762 1496 etc.,
792 1431 980 1502 quasi,
1013 1433 1084 1487 ita
1115 1427 1204 1489 hic
1229 1447 1243 1490 ε
1274 1434 1401 1504 quia
1430 1434 1484 1490 in
1507 1429 1686 1492 laturo
1714 1443 1772 1490 tu

197 1521 444 1590 populum
463 1522 708 1576 Μηδίου
732 1521 932 1578 salvum
954 1524 1134 1593 facies.

271 1611 454 1684 (Ave)
483 1611 551 1668 Et
588 1615 788 1669 tribuet
819 1625 832 1668 :
854 1614 966 1683 jam
1005 1627 1110 1671 non
1140 1617 1313 1672 solum
1343 1627 1564 1689 propter
1589 1618 1772 1674 latitu-

200 1704 380 1758 dinem
413 1703 532 1760 lidei
555 1711 674 1776 quae
708 1716 803 1775 per
836 1705 1172 1762 dilectionem
1199 1717 1474 1778 cperatur,
1513 1710 1608 1765 sed
1643 1717 1770 1780 pro-

202 1802 322 1862 pter
357 1794 817 1866 iouganimitatem
858 1798 1118 1853 retribuet
1153 1800 1302 1854 mihi.
1354 1799 1420 1854 In
1457 1809 1768 1872 conspectu:

1870 615 1947 668 rei
1977 631 2095 684 quae
2125 633 2228 671 non
2257 627 2360 684 est,
2385 619 2437 673 id
2466 627 2571 683 est,
2596 609 3017 674 irremiSSlliile’m
3042 617 3431 678 fortitudinem.

1866 700 2117 757 Brachia.
2134 703 2333 760 Christi
2361 707 2658 776 prophetat,
2684 709 2737 761 et
2759 701 3003 777 apostoli,
3029 717 3126 779 per
3153 713 3287 778 quos
3309 725 3434 782 ope-

1869 801 2020 848 ratur
2047 811 2059 848 :
2083 795 2171 866 qui
2214 803 2373 853 arcus
2401 811 2576 854 aereus
2596 839 2611 864 ,
2641 800 2764 869 quia
2789 791 3127 869 pnedieaitdo
3167 811 3273 854 non
3301 797 3436 855 moi-

1869 884 2098 952 iescunt,
2126 884 2240 953 sed,
2270 901 2485 957 semper
2503 887 2690 955 fortes,
2709 887 2868 944 verba
2897 884 3087 945 salutis
3103 891 3432 961 iaculantur.

1939 975 2100 1032 Vens.
2143 977 2232 1031 56.
2257 1006 2330 1018 -—
2355 977 2730 1033 Protectionem
2787 979 2992 1034 salutis.
3037 979 3152 1036 Non
3201 983 3260 1036 ut
3302 979 3438 1038 mnu

1868 1065 2062 1134 patiar,
2092 1066 2232 1136 quod
2253 1073 2430 1123 tamen
2467 1077 2552 1125 εει
2587 1069 2654 1124 ad
2677 1063 2995 1138 profectum.
3023 1063 3322 1128 Tribulatio
3351 1077 3437 1129 est

1868 1159 2154 1222 correctio,
2183 1159 2239 1215 et
2262 1161 2528 1226 doetrina,
2550 1165 2605 1216 et
2627 1159 2891 1216 dilatatio.
2908 1159 2962 1216 ei
2985 1161 3340 1219 confirmatio.

1943 1246 2106 1304 Vsus.
2137 1249 2319 1305 51-—
2349 1241 2594 1306 Dttatuslt
2629 1253 2808 1324 (Anc).
2838 1252 2916 1307 Ne
2935 1255 3223 1325 impediant
3246 1267 3441 1311 carna-

1869 1335 1951 1394 les
1977 1343 2258 1412 angustius,
2287 1343 2411 1412 quia
2436 1343 2598 1397 latum
2632 1343 2806 1400 fecisti
2837 1345 3159 1402 charitiiteitt
3193 1347 3440 1402 hilariter

1870 1439 2208 1500 operantem,
2235 1431 2398 1486 etiam
2430 1433 2498 1488 de
2534 1431 2618 1488 his
2639 1437 2758 1504 quae
2805 1440 2932 1488 sunt
2963 1436 3066 1491 sub
3098 1441 3203 1503 me,
3233 1436 3443 1492 scilicet

1871 1517 1938 1573 de
1967 1519 2292 1576 mortalibus
2316 1523 2479 1577 rebus
2503 1531 2560 1578 et
2593 1523 2872 1579 membris.

1940 1607 2102 1664 Vsus.
2139 1609 2227 1666 38.
2254 1639 2326 1652 -
2357 1610 2670 1684 Persequar.
2705 1612 2907 1687 (Casa)
2929 1614 3238 1687 Audendo,
3265 1617 3443 1674 dli/era
3474 1690 3476 1693 ι

1870 1700 1947 1757 sis
1977 1701 2357 1760 afﬂictionibus
2387 1703 2682 1775 fatigando.

1943 1790 2104 1847 Vana.
2151 1793 2242 1848 45.
2290 1815 2364 1833 ι-
2385 1791 2456 1848 Et
2482 1796 2850 1848 comminuam.
2873 1794 3056 1870 (Αυε.)
3090 1796 3230 1852 Ecce
3257 1797 3444 1855 eadem

203 1883 305 1938 hoc
331 1883 495 1953 justis
523 1887 792 1951 convenit,
842 1879 1070 1943 utsicut
1097 1888 1170 1943 illi
1201 1889 1368 1944 Deum
1407 1904 1620 1960 semper
1644 1906 1772 1947 con-
1802 1877 1846 1940 Β
1873 1885 2114 1954 Operatio
2134 1883 2311 1940 Patris
2341 1893 2396 1941 et
2415 1885 2557 1940 Filiis
2587 1885 2758 1956 Supra
2786 1886 2898 1940 ait:
2925 1885 3316 1956 Disperdédisli.
3341 1888 3446 1942 Pit-

204 1981 444 2040 tueutur,
481 1976 554 2030 ita
581 1977 721 2032 Deus
746 1992 839 2032 eos
862 1976 1063 2049 iugiter
1093 1980 1364 2050 respiciat.

275 2069 439 2126 Vsus.
473 2067 794 2126 itit—Cum
817 2080 1017 2127 sancto.
1052 2072 1252 2144 (ωδε.)
1279 2073 1518 2139 Dixerat,
1547 2073 1772 2130 retribui

203 2165 495 2223 secundum
523 2163 808 2233 justitiam,
829 2173 958 2230 etc.,
980 2182 1140 2236 usque
1162 2163 1230 2218 ad
1263 2167 1386 2236 quia
1413 2173 1493 2232 tu,
1517 2166 1738 2222 Domine
1755 2207 1772 2234 ,

200 2255 448 2325 populum
483 2254 728 2309 humilem
775 2256 977 2312 salsum
1002 2255 1181 2328 facies.
1227 2257 1295 2312 Et
1325 2258 1502 2314 oculos
1528 2261 1776 2330 superbo-

204 2361 319 2399 rum
348 2344 673 2400 humiliabis.

274 2437 453 2509 (Auo.)
478 2437 573 2492 Est
594 2438 756 2493 etiam
797 2437 1005 2494 occulta
1031 2437 1392 2510 profunditas,
1431 2454 1536 2509 qua
1575 2439 1773 2496 intelli-

201 2531 345 2602 geris
371 2545 494 2586 cum
517 2539 706 2585 sancto
735 2539 974 2595 sanctus,
1007 2531 1130 2599 quia
1157 2541 1211 2585 tu
1239 2531 1566 2586 sanctificas.

277 2621 536 2687 Quoniam
568 2633 627 2677 tu
662 2622 948 2678 illuminas.
981 2622 1135 2690 Quod
1165 2624 1465 2679 enuntiavit
1492 2625 1560 2680 de
1581 2624 1773 2681 electis

203 2719 262 2770 et
281 2714 649 2782 sanctificatis,
678 2723 797 2770 orat
819 2731 960 2770 nunc
987 2717 1052 2772 de
1080 2717 1220 2771 aliis.

275 2787 435 2860 Visus.
463 2805 548 2861 as.
579 2836 647 2846 --
671 2805 981 2860 Lucernam.
1025 2806 1215 2877 tum.)
1247 2806 1487 2862 Fuerunt
1516 2807 1776 2877 praedica-

201 2903 366 2962 tore,
410 2895 462 2950 in
491 2897 685 2966 quibus
714 2896 826 2961 lux,
871 2898 922 2951 id
949 2906 1054 2963 est,
1093 2898 1329 2967 cognitio
1367 2899 1633 2962 veritatis,
1669 2909 1773 2970 qua

200 2987 636 3042 iiiuminaverunt
681 2987 849 3048 alios.
906 2989 1045 3043 unde
1097 3007 1110 3042 :
1160 2988 1423 3043 Habemus
1473 2990 1776 3044 thesaurum

198 3081 359 3135 istum
398 3079 456 3133 in
484 3079 619 3133 maia
658 3078 922 3147 ﬁctilibus.
978 3079 1252 3134 Tenebras.
1291 3080 1472 3152 (Auoz)
1517 3098 1632 3148 eos,
1683 3083 1776 3153 qui

198 3169 377 3224 adma
398 3169 604 3224 suntin
633 3169 887 3224 tenebris.
905 3167 1088 3235 Meas.
1117 3169 1614 3227 Prsedestinstione.

1874 1983 1972 2040 ter,
2011 1983 2064 2055 et
2091 1975 2203 2044 jam
2233 1977 2311 2030 ait
2349 1978 2734 2044 comminuam,
2773 1975 2827 2031 id
2879 1987 2983 2042 est,
3013 1977 3252 2032 aufera
3281 1978 3446 2032 virtu-

1874 2076 1976 2134 tes,
2000 2077 2061 2122 ut
2091 2078 2211 2140 post
2237 2068 2432 2126 cedant
2457 2071 2606 2126 omni
2637 2079 2796 2127 vento
2823 2071 3100 2127 doctrinas

1945 2160 2110 2215 Vsus.
2137 2160 2301 2216 44η-
2315 2160 2538 2232 Eripies.
2576 2161 2776 2234 (Cum)
2809 2164 2883 2220 De
2909 2164 3015 2218 illis
3041 2165 3121 2218 ira
3153 2181 3166 2217 :
3199 2163 3305 2220 Sed
3338 2167 3443 2219 eri-

1874 2251 1982 2322 pies
2020 2269 2102 2308 me
2124 2289 2140 2320 ,
2192 2254 2470 2326 depressio
2517 2254 2822 2312 Judaorctn
2842 2295 2858 2324 ,
2916 2266 2973 2312 et
3018 2257 3275 2314 exultatio
3315 2271 3446 2330 gen-

1878 2343 2034 2399 tium.

1946 2432 2111 2490 Vens.
2151 2435 2244 2491 46.
2268 2461 2341 2479 --
2370 2436 2521 2492 Filii.
2547 2437 2715 2493 Judaei
2734 2451 2871 2508 quos
2887 2439 3138 2506 enutrivi,
3170 2435 3296 2497 facti
3318 2441 3447 2498 alie-

1875 2524 1932 2579 ni
1962 2543 1975 2579 :
2003 2525 2213 2580 Mamili
2249 2538 2371 2583 sunt
2395 2529 2544 2595 mihi,
2574 2529 2641 2583 ad
2666 2528 2924 2584 honorem
2947 2541 3143 2585 meum.
3171 2522 3449 2586 Instaurati

1873 2625 1994 2672 sunt
2023 2628 2070 2672 et
2108 2617 2538 2675 claudicuuerunt
2566 2637 2600 2673 α
2631 2620 2830 2676 semitis
2855 2621 2986 2688 suis,
3024 2625 3316 2692 sequentes
3348 2637 3447 2694 p0-

1877 2709 1986 2764 tius
2009 2724 2135 2765 suas
2158 2711 2475 2766 traditiones
2496 2727 2658 2781 quam
2681 2712 2799 2766 Dei.

1947 2801 2108 2856 Vens.
2135 2801 2226 2856 47.
2259 2829 2331 2842 —-
2368 2799 2520 2857 Viuit.
2551 2801 2738 2872 (Ιὸὶὀ.)
2775 2801 2980 2870 Quarto
3024 2805 3300 2860 exsultans
3344 2805 3450 2860 Ec-

1875 2889 2038 2948 clesia
2073 2888 2384 2948 summatim
2408 2907 2631 2948 munera
2657 2893 2752 2949 Dei
2774 2893 2977 2950 laudat.
3011 2896 3103 2951 Vel
3132 2898 3273 2963 vivit,
3321 2899 3448 2967 quia

1875 2983 2134 3038 vivificat.
2163 2983 2500 3051 Benedictus,
2530 2987 2653 3057 quia
2687 2987 2868 3042 omnia
2891 2987 3178 3044 bettedicit.
3207 2989 3274 3044 Et
3305 2991 3454 3045 cattle

1877 3084 2016 3130 tetur
2045 3076 2184 3130 Deus
2215 3076 2419 3132 salutis.
2467 3077 2648 3150 (Auo.)
2684 3077 2802 3132 Non
2831 3085 3048 3135 terreno
3070 3087 3219 3136 more
3249 3083 3313 3137 do
3341 3079 3452 3139 Deo

1879 3166 2069 3223 salutis
2090 3181 2224 3222 mete
2268 3169 2520 3234 sentiant,
2547 3184 2650 3224 nec
2689 3169 2861 3239 ipsum
2907 3170 3131 3225 salutem
3160 3174 3446 3238 terrenam.

272 3260 434 3316 Vsus.
454 3259 698 3316 ὅθι-1η
723 3261 834 3316 Deo
860 3279 994 3316 meo.
1029 3262 1388 3333 (Cass.)Deus
1417 3266 1562 3320 enim
1601 3281 1773 3332 meus,
1803 3241 1850 3308 Ο
1881 3257 1975 3314 sed
1997 3258 2050 3312 in
2071 3257 2286 3316 excelso
2314 3257 2382 3316 de
2412 3259 2506 3314 illo
2534 3262 2782 3330 sperabo.

199 3353 409 3418 estvia,
441 3368 546 3423 qua
573 3353 680 3407 itur
705 3354 772 3407 ad
797 3353 1017 3419 cmiunt,
1049 3355 1345 3425 impolluta.
1383 3355 1499 3419 Vel,
1532 3358 1619 3412 via
1668 3372 1776 3428 qua

201 3443 346 3497 venit
393 3443 445 3498 in
487 3437 740 3498 mtindum
785 3457 972 3500 sancta
1014 3453 1070 3500 et
1111 3446 1453 3503 immaculata
1481 3447 1660 3520 Virgo.
1710 3448 1776 3504 Et

201 3531 463 3604 quidquid
503 3533 638 3590 dixit
695 3533 898 3604 Spiritu
946 3546 1135 3592 sancto
1175 3537 1540 3592 examinatum
1578 3547 1679 3602 est,
1723 3539 1776 3594 id

202 3633 308 3688 est,
346 3623 474 3678 utile
514 3632 570 3680 et
608 3624 930 3680 honestum:
960 3637 1018 3681 ut
1055 3627 1293 3696 sapiens,
1323 3626 1582 3697 quidquid
1625 3627 1774 3694 dicit,

201 3714 354 3784 prius
384 3715 523 3784 apud
572 3730 631 3770 se
669 3707 947 3786 dijudicat.
999 3713 1395 3787 Transgrediar.
1446 3715 1634 3788 (lbid.)
1683 3717 1778 3770 Di-

205 3820 364 3860 ruere
395 3820 500 3860 non
529 3806 742 3875 penitus
768 3815 948 3876 potest
974 3807 1160 3872 homo,
1189 3807 1284 3862 sed
1311 3823 1414 3879 ope
1459 3807 1552 3863 Dei
1585 3809 1780 3864 transit

205 3914 418 3952 murum
447 3898 781 3954 obstacuium
810 3907 1175 3969 peccatorum.

275 3987 437 4045 Vsus.
487 3989 577 4044 3i.
601 4021 674 4032 —
699 3991 838 4046 Deus
863 4003 1026 4046 meus.
1077 3985 1264 4063 (ιδιά.)
1305 3987 1373 4046 Et
1413 3991 1780 4048 continuando

205 4087 448 4156 sequitur
487 4105 500 4139 :
535 4083 739 4156 Eripies
788 4095 867 4154 tne
913 4086 976 4140 de
1031 4081 1527 4140 contradictionibus
1577 4085 1774 4157 populi.

204 4179 411 4234 Caetera
464 4178 758 4249 interponit
805 4173 870 4232 ad
927 4179 1465 4234 commcndatidnem.
1531 4177 1776 4249 Eloquia.

205 4269 331 4340 igne
355 4269 766 4324 examinatiouis
792 4270 1106 4339 probantur.
1138 4269 1408 4325 Omnium.
1433 4269 1621 4344 (Ibid)
1646 4269 1777 4326 Nui-

205 4361 288 4415 lus
311 4359 596 4430 excipitur,
627 4359 730 4414 nisi
755 4360 844 4429 qui
874 4369 1092 4430 sperare
1116 4373 1220 4415 non
1248 4361 1384 4415 vult.

278 4451 441 4507 Vens.
493 4452 676 4508 53.--
705 4451 968 4517 Quoniam
1009 4454 1145 4522 quis.
1197 4453 1385 4525 (Ibid)
1435 4454 1575 4509 Deus
1615 4455 1776 4510 dico:

205 4545 331 4614 quia
365 4543 487 4613 quis
513 4551 596 4598 est
619 4542 756 4597 alius
779 4542 939 4606 Deus,
980 4543 1082 4598 nisi
1112 4543 1203 4612 qui
1240 4552 1295 4598 et
1324 4543 1583 4598 Dominus
1609 4545 1660 4597 in
1699 4557 1782 4598 re-

207 4636 307 4689 bus
336 4635 453 4688 est?
485 4634 548 4690 Et
584 4633 710 4704 quia
737 4633 790 4687 in
828 4631 1009 4688 Judaea
1042 4641 1223 4698 notus,
1255 4641 1360 4688 non
1399 4635 1470 4689 dii
1499 4638 1780 4706 gentium;

207 4728 324 4781 lucc
345 4735 535 4780 contra
563 4741 823 4796 paganos,
848 4724 938 4794 qui
968 4724 1164 4778 multos
1189 4724 1292 4778 sibi
1314 4723 1538 4796 lingunt.

285 4816 444 4872 Vsus.
469 4818 559 4871 55.
583 4847 650 4856 -
680 4815 822 4870 Deus
842 4817 955 4888 qui.
983 4815 1030 4888 (l
1040 4816 1170 4888 bid.)
1197 4817 1385 4871 Adhuc
1408 4826 1605 4886 praeter
1633 4834 1785 4873 com-

208 4909 414 4972 munia,
446 4907 786 4963 commendat
825 4919 918 4977 per
956 4903 1231 4976 Specialia,
1259 4909 1383 4976 quia
1429 4908 1585 4961 tertio
1629 4907 1786 4962 Chri-

207 5006 330 5055 stds
353 5002 420 5054 de
443 4999 640 5054 virtute
673 5007 731 5054 et
765 4998 1004 5070 potentia
1036 5014 1132 5052 sua
1165 5000 1594 5053 commendatur.
1635 4997 1786 5054 Prw-

209 5093 397 5146 cinxit.
449 5083 635 5161 (Ιὺὲά.)
661 5089 718 5144 id
753 5100 857 5156 est,
884 5090 1232 5160 perarmavit.
1263 5087 1352 5144 Vel
1383 5105 1414 5143 a
1439 5090 1790 5148 similitudine

209 5183 503 5238 currentis.
519 5181 637 5249 Vel.
651 5184 961 5254 dignitatem
987 5190 1138 5238 notat
1164 5193 1218 5238 et
1243 5182 1630 5248 fortitudinem,
1649 5186 1792 5254 quod

210 5275 265 5330 ei
296 5275 568 5341 convenit,
587 5275 679 5344 qui
709 5283 971 5344 potestate
999 5281 1096 5330 sua
1114 5275 1376 5344 iudicabit
1405 5275 1680 5346 populant,
1709 5276 1794 5331 vel

213 5367 496 5421 ntundum.
527 5365 952 5432 Immaculatam,
982 5368 1096 5421 sine
1119 5377 1358 5436 peccato.
1385 5368 1588 5424 Cervus
1608 5370 1794 5440 spinas

213 5469 274 5516 et
301 5460 506 5515 hiantia
537 5459 653 5514 ioca
685 5460 935 5524 transilit,-
958 5460 1037 5514 sic
1065 5458 1310 5515 Christus
1328 5462 1510 5530 epinas
1530 5472 1586 5516 et
1610 5461 1796 5518 foveas

215 5560 563 5624 peccatorum
593 5569 607 5604 :
638 5559 692 5604 et
711 5552 850 5606 sicut
877 5565 1070 5606 cervus
1096 5550 1228 5619 alta,
1259 5551 1332 5604 ita
1362 5551 1610 5608 Christus
1633 5557 1796 5622 super

215 5658 409 5702 omnes
444 5651 722 5699 creaturas
757 5642 1088 5698 conscendit.

291 5733 456 5790 Vm.
490 5732 578 5789 55.
609 5763 678 5774 --
708 5732 808 5798 Qui
840 5733 985 5786 docet
1012 5747 1028 5784 :
1061 5732 1129 5786 ab
1157 5733 1562 5790 imminentibus
1588 5734 1798 5791 insidiis

217 5834 444 5886 cautum
463 5825 622 5882 facio.
651 5824 859 5890 Manus,
899 5839 1060 5895 opera
1092 5825 1172 5877 vel
1201 5823 1522 5881 voluntates.
1553 5827 1634 5880 Ad
1654 5843 1796 5898 prte-

1951 3350 2114 3407 Vsns.
2141 3351 2232 3408 48.
2255 3382 2325 3392 -
2361 3351 2650 3408 Vindicius.
2683 3352 2885 3424 (Cass.)
2917 3352 3013 3409 Pin
3042 3353 3299 3420 vindicta,
3326 3355 3451 3411 dum

1879 3442 2096 3500 rebellis
2127 3443 2397 3500 subditur.
2429 3443 2733 3500 iracundis.
2773 3443 2944 3514 Major
2969 3445 3142 3516 gloria
3165 3454 3258 3502 est
3277 3461 3310 3502 ι
3333 3444 3448 3502 τοι-ι-

1878 3536 2131 3592 ventibus
2158 3533 2315 3589 malis
2345 3534 2597 3590 liberare.

1950 3623 2115 3680 Vsus.
2155 3625 2245 3679 5'1.
2273 3653 2346 3666 -—
2375 3624 2725 3696 Magniﬁcam
2767 3627 2979 3684 solum.
3005 3630 3149 3688 Deus
3178 3633 3272 3704 qui
3307 3639 3456 3704 mag-

1879 3716 2065 3773 nificat
2091 3731 2104 3769 :
2134 3716 2384 3784 Faciens,
2422 3717 2568 3774 Deus
2594 3719 2684 3788 qui
2708 3717 2858 3775 facit.

2402 3847 2720 3906 PSALMUS
2749 3849 2929 3907 XViii.

1952 3983 2115 4040 Vsus.
2145 3981 2339 4037 i.——In
2363 3983 2540 4052 linem.
2568 3984 2768 4057 (Cass)
2793 3984 3040 4044 Psalmus
3063 3986 3130 4044 de
3157 3990 3332 4059 primo
3358 3991 3457 4047 ad-

1881 4081 2062 4134 ventu.
2095 4075 2236 4128 unde
2274 4083 2534 4146 tyrannus
2580 4077 2746 4140 cadit,
2803 4077 2963 4134 homo
3006 4079 3320 4146 absolvitur,
3370 4083 3459 4138 hic

1881 4165 2140 4235 propheta
2156 4165 2372 4234 respicit
2388 4166 2442 4220 in
2469 4165 2654 4234 linem,
2677 4167 2730 4224 id
2749 4175 2852 4234 est,
2882 4167 3181 4235 Christum,
3206 4171 3288 4224 vel
3311 4173 3363 4224 in
3382 4171 3459 4224 ui-

1883 4258 2012 4312 tima
2039 4268 2298 4327 tempora.

1952 4345 2117 4402 Vsus.
2147 4351 2201 4402 2.
2227 4371 2296 4388 —
2325 4348 2451 4403 Caeli
2472 4360 2741 4406 enarrem.
2772 4350 2956 4421 (Ιῡὲὀ.)
2988 4352 3190 4418 Primo,
3234 4353 3461 4423 loquens

1885 4439 1949 4494 de
2003 4439 2392 4505 incarnatione,
2442 4443 2781 4498 commendat
2823 4443 3266 4512 praedicationem
3310 4459 3464 4501 nom

1884 4528 2037 4598 legis.
2067 4528 2245 4600 (Auc.)
2275 4529 2408 4584 Coeli
2428 4569 2443 4594 ,
2489 4531 2738 4598 apostoli,
2765 4533 2830 4586 de
2849 4532 3016 4600 gloria
3041 4533 3243 4590 Christi
3272 4536 3328 4590 in
3355 4551 3463 4605 qua

1886 4606 2062 4674 Patris
2089 4620 2330 4688 aequalis.
2369 4622 2567 4693 (Cass)
2600 4622 2695 4678 Vel
2723 4624 2869 4689 cmli,
2895 4625 2987 4694 qui
3039 4626 3249 4682 stellam
3301 4629 3463 4684 mise-

1888 4720 2031 4766 runt.
2069 4709 2324 4766 Gloriam.
2357 4713 2546 4786 (Νῆα.)
2581 4733 2592 4766 ;
2646 4715 2797 4776 Quod
2825 4715 2966 4770 Deus
3008 4718 3177 4786 gratis
3236 4727 3460 4788 peccata

1887 4805 2142 4859 dimittat.
2191 4803 2382 4874 Opera.
2437 4804 2620 4876 (Aoo.)
2667 4804 2795 4871 Quae
2839 4809 3132 4862 secundum
3169 4808 3460 4876 hominem.

1887 4903 2018 4961 etc.,
2067 4912 2227 4966 usque
2274 4896 2342 4948 ad
2386 4904 2434 4949 et
2491 4897 2590 4965 ipsi
2630 4896 2805 4952 eidem
2840 4897 2970 4952 facti
3005 4915 3130 4965 nox,
3168 4899 3467 4957 tenebrosis

1887 4989 2168 5044 scientiam
2196 4999 2314 5056 qua:
2339 4987 2406 5042 de
2427 4987 2905 5062 bumanis.(CAss.)
2933 4991 2998 5044 Et
3027 4991 3126 5046 hoc
3165 4999 3273 5045 tam
3311 4989 3468 5044 miri-

1902 5079 2020 5143 fice,
2045 5079 2187 5149 quod
2213 5079 2266 5132 in
2293 5079 2545 5134 omnibus
2569 5079 2763 5151 linguis
2787 5099 2802 5146 ξ
2846 5090 2902 5138 et
2931 5090 3040 5137 tam
3067 5083 3196 5147 late,
3227 5085 3372 5152 quod
3411 5081 3468 5137 in

1898 5173 2044 5228 omni
2084 5179 2238 5240 parte
2259 5170 2495 5224 ambitus
2525 5179 2701 5226 terrae.
3051 5175 3056 5182 '

1973 5265 2136 5320 Vsus.
2159 5264 2210 5317 5.
2239 5293 2308 5302 -
2334 5262 2458 5316 Dies
2479 5264 2602 5318 diei.
2636 5265 2836 5337 (Cass.)
2859 5266 3290 5321 Demonstrative
3336 5267 3466 5338 agit.

1903 5355 2084 5428 (Auc.)
2123 5356 2243 5409 Dies
2282 5355 2404 5409 diei.
2443 5354 2680 5426 Spiritus
2727 5355 3097 5428 spiritualibus
3131 5357 3334 5428 profert
3359 5359 3472 5426 ple-

1904 5449 2200 5503 nitudinem
2252 5445 2556 5516 sapientiae,
2585 5457 2717 5513 etc.,
2766 5462 2926 5517 usque
2971 5447 3040 5500 ad
3081 5446 3196 5502 inec
3229 5447 3471 5502 doctrina

1901 5541 2092 5597 diebus
2120 5550 2174 5596 et
2202 5544 2450 5598 noctibus
2475 5541 2823 5598 continuatur
2855 5551 3024 5608 usque
3048 5537 3114 5592 ad
3139 5547 3399 5608 posteros.

1971 5637 2134 5704 Vsus.
2166 5635 2313 5691 4.-
2360 5637 2622 5709 Loquetur.
2669 5633 2868 5704 (Cass)
2895 5632 3128 5688 Publica)
3174 5633 3470 5688 suasiones.

1903 5730 2199 5786 Sermones.
2229 5730 2555 5788 Communes
2580 5725 3188 5793 narrationesﬂuorum
3210 5741 3330 5780 non.
3358 5723 3476 5778 Pla-

1903 5824 2024 5878 nius
2055 5823 2274 5888 diccret,
2319 5824 2370 5878 in
2400 5822 2596 5894 quibus
2629 5836 2734 5876 non
2763 5820 3051 5874 audiantur
3080 5832 3234 5875 voces
3265 5828 3474 5900 curua],
