3982 6352
504 429 606 486 871
991 410 1389 475 WALAFRlDl
1428 406 1683 468 STRABI‘
1717 403 1926 463 FULD.
1966 397 2135 458 MON.
2174 395 2327 455 OPP.
2368 391 2550 449 PARS
2587 391 2632 447 l.
2669 418 2741 432 —
2776 380 3238 444 THEOLOGICA.
3685 368 3802 425 87'!

503 537 608 598 vel.
634 534 877 591 omnium
907 543 1220 586 sermonum
1241 525 1532 582 audiantur
1571 535 1737 578 voces
1757 533 1947 576 eorum
1978 535 1993 572 :
2026 515 2089 570 il-
2114 518 2166 579 Α
2191 521 2276 570 est
2316 524 2572 584 pressura
2593 501 2948 578 exprimentis
2976 514 3170 556 manus
3193 494 3310 561 Dei,
3359 500 3421 548 ut
3459 498 3554 548 eat
3601 489 3662 544 in
3714 488 3800 541 vi-

503 627 597 686 lud
625 628 768 683 idem
795 623 926 679 facit
953 637 1052 694 per
1080 619 1392 678 relativum.
2185 615 2317 661 tam.

785 672 1050 773 amnibus
1081 672 1286 782 linguis
1325 672 1532 780 primos
1573 705 1726 778 loqui
1755 705 1884 761 fecit
1924 699 2086 773 spiri-
2257 701 2422 757 Vens.
2449 695 2536 752 l3.
2561 725 2631 736 —
2660 690 2866 746 Delicta
2887 688 3023 792 quis.
3047 681 3242 792 (13:11:)
3270 677 3456 786 Tertio
3507 672 3666 792 petit
3738 685 3800 726 se

507 768 613 879 “1;.
643 768 951 882 quilomnes
977 768 1246 876 “Nasum
1283 768 1451 854 “llum
1475 807 1596 854 erat
1642 768 2086 867 ἑοηετείςαιιίΐυε,
2187 810 2218 850 a
2243 792 2391 849 vitiis
2423 787 2665 862 purgari,
2695 795 2756 841 ut
2779 784 2851 840 sit
2877 781 3071 851 dignus
3091 773 3397 837 Psalmista,
3428 769 3522 842 qui
3705 779 3800 819 re.

506 861 837 959 unusjhomo
865 861 1009 955 tun;
1025 894 1296 961 omnibus,
1344 892 1426 947 sic
1469 891 1632 947 modo
1675 903 1819 944 unus
1843 884 2088 942 Christus
2189 886 2328 942 ferat
2352 861 2714 940 sacramenta.
2744 873 2909 932 Menti
2945 871 3147 928 videnti
3189 867 3372 924 suavis
3416 871 3506 919 est
3559 861 3799 924 veritas,

510 955 754 1068 alia”
777 1006 998 1062 οοτβιιε·
1280 955 1291 961 ⁷
1977 1066 1988 1068 _
2192 977 2368 1037 dulcia
2393 975 2630 1049 judicia;
2655 986 2760 1026 non
2787 966 2991 1068 videnti
3012 980 3134 1036 qua:
3161 961 3404 1062 suavitas
3422 956 3448 1009 τ
3485 955 3589 1010 sed
3595 967 3803 1068 Ityn-are

771 1043 1032 1140 in
1055 1078 1163 1134 sole
1184 1076 1394 1150 (Cass.)
1417 1075 1572 1144 Quod
1600 1072 1733 1128 alios
1764 1068 1956 1126 fecisse
1977 1066 2094 1120 lau—
2193 1085 2301 1125 non
2325 1043 2571 1124 videtur?
2601 1071 2826 1134 propter
2861 1057 3055 1150 delicta
3089 1073 3102 1108 :
3137 1069 3236 1109 nec
3281 1050 3484 1150 mirum
3515 1064 3530 1100 :
3589 1043 3805 1150 Delicta

509 1139 768 1251 aliis.
787 1175 936 1241 facit,
965 1139 1223 1246 praedicat
1253 1139 1700 1226 incarnationem.
1733 1162 1830 1218 Vel
1866 1161 1922 1216 in
1958 1157 2091 1224 sole,
2193 1164 2331 1217 enim
2351 1160 2468 1231 quis
2499 1149 3004 1227 intelligit?(CAss.)
3031 1147 3236 1203 Delicta
3250 1159 3283 1251 ,ί
3307 1143 3526 1251 omni:
3538 1139 3805 1210 quaedam

511 1273 570 1332 in
609 1231 899 1330 manifesto
923 1231 1134 1335 lli-undi,
1161 1266 1246 1321 vel
1269 1266 1325 1320 in
1349 1264 1555 1318 labore.
1583 1260 1674 1316 Sol
1697 1259 1822 1321 urit,
1852 1257 2016 1320 lucet,
2041 1260 2097 1308 et
2195 1256 2340 1312 enim
2363 1261 2490 1308 nota
2517 1257 2662 1306 sunt.
2699 1246 2821 1302 Mea
2859 1242 3148 1314 inquinant
3165 1280 3182 1305 ,
3208 1237 3384 1293 aliena
3416 1231 3686 1335 aﬂligu‘nt
3705 1270 3721 1291 ,
3753 1241 3808 1282 et

511 1325 990 1439 variat-tempora.
1050 1325 1468 1416 Tabernaculum
1517 1369 1689 1409 suum.
1721 1347 1904 1424 (Auc.)
1931 1343 2109 1414 Quasi"
2191 1347 2304 1418 jam
2355 1357 2539 1414 parce,
2583 1339 2784 1410 repelle
2820 1349 3121 1393 suasorem.
3177 1331 3253 1386 Ab
3302 1327 3547 1439 occziltis.
3605 1325 3806 1439 0|nmia

515 1461 751 1519 militare
772 1417 1164 1517 habitaculum,
1197 1451 1250 1506 id
1277 1457 1383 1516 est,
1413 1417 1894 1518 dispensationem:
1921 1441 2099 1494 incar'
2196 1417 2417 1509 peccata
2444 1432 2652 1488 duobus
2674 1427 2919 1492 includit,
2968 1435 3100 1490 etc.,
3157 1437 3318 1491 usque
3369 1420 3437 1472 ad
3493 1434 3612 1486 quo
3645 1417 3808 1467 ιμιωο

515 1555 750 1612 nationis
777 1567 909 1618 suae,
930 1551 985 1606 in
1010 1563 1116 1618 qua
1135 1513 1287 1602 venit
1308 1513 1623 1614 expugnare
1645 1532 2093 1612 erroresmundi.
2198 1532 2450 1586 seductus
2488 1534 2612 1586 est;
2665 1533 2719 1578 et
2752 1519 3140 1579 consentiendo
3194 1516 3322 1572 fecit
3371 1529 3556 1568 suum.
3617 1513 3806 1576 (An-.4

515 1647 616 1702 Vel
641 1605 1074 1706 taberna—culum,
1103 1605 1405 1693 Ecclesiam
1435 1605 1489 1688 in
1538 1628 1850 1692 manifesto,
1870 1605 1997 1680 'non
2043 1622 2098 1676 in
2198 1621 2315 1677 Non
2337 1630 2424 1677 est
2450 1620 2624 1690 majus
2651 1618 2904 1673 delictum
2923 1629 3086 1686 quam
3107 1619 3416 1683 apostatare
3437 1625 3468 1662 a
3497 1607 3641 1664 Deo.
3667 1605 3806 1672 q-rol

515 1699 750 1804 occulto,
777 1745 836 1792 ut
862 1699 1330 1797 lateat.'Sponsus.
1366 1725 1568 1799 (Cass)
1600 1722 1784 1778 Toties
1821 1717 2100 1790 prophetis
2199 1725 2282 1770 est
2306 1713 2516 1768 initium
2543 1710 2808 1780 superbiae
2843 1727 2856 1763 :
2899 1706 3151 1778 superbia
3189 1718 3315 1760 vero
3348 1709 3431 1757 est
3477 1699 3710 1754 initium
3759 1706 3808 1749 cl

517 1830 838 1902 promissus,
865 1839 1062 1895 magna
1089 1820 1381 1877 similitudo
1429 1815 1754 1873 sacramenti
1803 1829 1817 1865 :
1867 1812 1987 1866 ideo
2031 1809 2099 1863 de
2126 1886 2171 1902 ﬁ
2205 1823 2370 1863 causa
2391 1807 2569 1862 omnis
2599 1804 2828 1874 peccati.

519 1886 728 1992 Virgine
760 1886 938 1982 natus,
958 1886 1029 1970 ut
1056 1912 1355 1968 Ecclesium
1379 1909 1482 1966 sibi
1505 1907 1770 1977 virginem
1795 1903 2092 1973 copularet.
2125 1886 2175 1947 Β

519 2013 600 2070 De
631 2013 884 2067 thalamo.
913 2007 1095 2082 (Acta)
1134 2006 1191 2061 ld
1227 2014 1329 2068 est,
1359 2002 1607 2075 virginali
1643 2010 1814 2062 utero,
1850 1999 1939 2054 ubi
1965 1998 2106 2051 Deus

519 2107 771 2163 humanae
801 2112 1030 2168 naturae,
1073 2108 1136 2156 ut
1171 2113 1400 2169 sponsus
1438 2111 1667 2167 sponsaa,
1695 2093 1976 2163 copulatus
1999 2099 2102 2146 est.

519 2198 659 2257 Ecce
684 2197 904 2253 humilis
937 2191 1330 2254 misericordia,
1360 2190 1453 2245 sed
1485 2187 1643 2242 fortis
1683 2184 1982 2254 majestate.
2015 2182 2106 2238 Gi-

519 2306 616 2363 gas
639 2289 708 2344 ad
729 2287 1062 2344 currendum.
1095 2282 1293 2355 (Cass)
1321 2277 1807 2350 lmperturbabilis,
1837 2277 2108 2331 irrevoca—

521 2383 670 2448 bilis,
693 2382 987 2436 humanam
1018 2386 1268 2432 namram
1310 2376 1548 2444 potentia
1578 2388 1862 2446 superans.
1893 2372 1933 2424 Α
1966 2387 2109 2425 sum-

523 2489 628 2528 mo.
661 2471 758 2526 llic
805 2469 1042 2525 Trinitas
1069 2467 1394 2532 ostenditur,
1437 2476 1566 2532 etc.,
1616 2481 1778 2536 usque
1834 2462 1902 2516 ad
1959 2468 2107 2516 notat

524 2565 787 2618 unitatem
824 2561 1126 2616 Trinitatis.
1162 2558 1273 2614 Nec
1308 2567 1383 2613 est
1412 2559 1503 2629 qui
1539 2574 1593 2612 se
1632 2554 1944 2617 abscondat,
2000 2560 2105 2606 etc.

523 2656 707 2728 (Αυε.)
742 2654 976 2712 Verbum
1005 2671 1134 2711 caro
1167 2653 1394 2719 factum,
1417 2668 1527 2708 non
1567 2651 1814 2722 permisit
1842 2649 2008 2704 ullum
2052 2662 2110 2701 se

525 2765 791 2806 excusare
814 2750 880 2804 de
914 2749 1106 2804 umbra
1141 2747 1334 2802 mortis
1364 2763 1376 2798 :
1409 2747 1535 2816 quia
1561 2753 1618 2800 et
1664 2745 1837 2814 ipsam
1861 2751 2111 2811 penetra-

525 2841 606 2896 vit
634 2839 784 2896 calor
807 2838 977 2894 verbi.
1011 2837 1130 2903 Vel,
1183 2837 1331 2892 calor
1355 2845 1440 2892 est
1481 2835 1740 2906 Spiritus,
1773 2848 1935 2902 quem
1963 2832 2113 2886 misit

527 2946 798 2995 reversus,
821 2931 914 3001 qui
959 2930 1066 2995 lex,
1095 2928 1481 2992 testimonium,
1500 2926 1734 2997 justitia,
1759 2932 2110 2994 praeceptum,

529 3021 696 3076 timor
719 3031 772 3076 et
791 3020 1019 3090 judicia,
1050 3019 1176 3090 quia
1197 3020 1314 3074 haec
1347 3018 1476 3090 agit.

601 3114 768 3169 Vens.
807 3113 860 3168 8.
893 3142 964 3152 —
990 3110 1102 3166 Lex-
1129 3110 1363 3164 Domim'.
1401 3108 1572 3180 (Cas)
1610 3107 1894 3173 Secundo,
1935 3106 2117 3162 laudat

528 3216 799 3281 praecepta
828 3207 960 3262 Novi
979 3214 1033 3261 et
1055 3204 1266 3260 Veteris
1290 3202 1643 3258 Testamenti.
1673 3201 1860 3274 (Ibid.)
1887 3200 1998 3255 Lex
2021 3214 2117 3270 per

531 3302 750 3372 Moysen
775 3301 920 3363 data,
945 3297 1125 3355 omnia
1149 3297 1308 3351 verba
1335 3311 1432 3352 sua
1451 3295 1798 3350 distinctione
1817 3292 2113 3363 corrigens,

531 3401 586 3447 et
606 3391 675 3446 ad
695 3390 896 3447 Christi
923 3389 1153 3460 gratiam
1187 3388 1426 3442 mittens.
1463 3385 1794 3441 Convertens.
1819 3383 2004 3456 (Auc.)
2032 3381 2120 3437 Li-

529 3481 760 3547 bertate,
773 3481 840 3536 ad
856 3494 914 3536 se
931 3478 1273 3544 imitandum,
1289 3493 1395 3533 non
1412 3490 1664 3548 premens
1668 3476 1800 3548 jugo
1819 3474 2114 3531 servitutis.

531 3572 774 3628 Animas.
793 3571 1131 3636 Voluntates,
1147 3586 1255 3626 non
1280 3570 1440 3626 modo
1453 3585 1664 3635 manus,
1680 3577 1739 3623 ut
1754 3566 1916 3623 Vetus
1933 3566 2120 3623 Testa-

537 3673 804 3718 mentum.
831 3661 1224 3717 Testimonium.
1248 3660 1610 3731 Quaecunqua:
1644 3659 1952 3716 testimonia
1976 3658 2125 3714 dedit

534 3753 701 3810 Israel
714 3753 872 3824 plena
891 3762 1018 3810 sunt
1038 3753 1288 3820 veritate,
1312 3761 1368 3809 et
1380 3751 1673 3808 humilibus
1692 3750 2012 3823 sapientiam
2031 3749 2124 3804 dc-

537 3844 749 3902 derunt.
783 3842 1105 3915 Sapientiam
1129 3855 1148 3894 :
1176 3843 1242 3898 de
1266 3843 1481 3898 divinis.
1505 3888 1510 3896 .

610 3935 778 3990 Vsus.
808 3933 862 3990 9.
901 3964 975 3976 —
1017 3933 1250 3988 Iustitiae
1295 3932 1530 3988 Domini.
1579 3930 1795 4007 (Ibid.)
1832 3931 2031 3986 Omnes
2069 3928 2127 3982 in

543 4025 636 4082 illo
659 4034 831 4092 recte,
851 4025 946 4096 qui
971 4039 1080 4080 non
1092 4024 1276 4080 docuit
1301 4025 1444 4094 quod
1470 4037 1579 4079 non
1601 4022 1750 4089 fecit,
1773 4031 1835 4076 ut
1853 4020 2130 4075 imitantes

542 4116 844 4191 gauderent
865 4115 922 4170 in
953 4115 1054 4182 eis,
1084 4115 1177 4185 qui
1206 4114 1378 4170 libere
1413 4129 1538 4170 cum
1571 4113 1841 4171 charitate
1862 4111 2126 4177 facerent,

544 4225 656 4265 non
679 4207 946 4265 serviliter
973 4223 1094 4263 cum
1121 4207 1333 4264 timore.
1357 4207 1560 4281 (Cass)
1601 4208 1868 4276 Iustitia,
1897 4209 1985 4265 lex
2009 4223 2130 4280 quae

542 4300 848 4372 iustificat;
875 4300 1136 4372 quidquid
1169 4299 1413 4370 praecipit
1439 4299 1652 4371 justum
1673 4311 1773 4358 est.

624 4393 785 4446 Vsus.
824 4391 910 4446 l0.
946 4422 1018 4432 —
1047 4389 1225 4444 Timor
1250 4389 1486 4445 Domini.
1519 4391 1710 4462 (Ibid.)
1741 4391 1928 4447 Timor
1949 4391 2130 4448 saeculi

549 4499 658 4540 non
684 4493 928 4549 sanctus,
950 4483 1080 4554 quia
1108 4497 1214 4537 non
1240 4483 1532 4553 prolicuus,
1561 4490 1618 4537 et
1643 4497 1764 4538 cum
1799 4484 2132 4554 temporibus

551 4582 812 4630 mutatur.
871 4573 1048 4627 Timor
1097 4572 1308 4626 Domini
1362 4573 1478 4628 sine
1523 4573 1671 4628 omni
1705 4573 2128 4642 perturbatione,

2739 1930 3060 1989 PSALMUS
3113 1927 3254 1985 XIX.

2275 2075 2342 2132 In
2369 2075 2546 2146 ﬁnem.
2581 2071 2778 2146 (Cass)
2807 2071 3005 2143 Figura
3057 2066 3338 2140 operandi,
3391 2079 3517 2136 qua:
3569 2071 3800 2119 venum

2205 2181 2330 2228 sunt
2349 2169 2618 2240 Propheta
2649 2169 2814 2225 canit.
3729 2207 3746 2224 .

2279 2264 2468 2337 (lbid.)
2499 2263 2768 2334 Propheta
2781 2277 2846 2318 ex
2862 2261 3025 2316 nimia
3051 2259 3322 2316 charitate
3345 2263 3503 2328 Optat
3542 2269 3680 2324 pros
3719 2269 3804 2308 ere

2207 2355 2425 2411 evenire
2477 2352 2756 2417 Ecclesize,
2787 2367 2909 2422 qua:
2960 2365 3060 2422 per
3087 2347 3363 2404 Christum
3421 2345 3656 2399 videbat
3684 2358 3804 2397 ven-

2211 2459 2351 2504 tura.

2281 2543 2444 2599 Vsus.
2483 2541 2539 2596 2.
2571 2569 2644 2581 —
2669 2539 2942 2594 Exaudiat
2971 2553 2990 2591 :
3019 2551 3139 2606 quae
3163 2543 3407 2605 tempore
3433 2529 3805 2586 tribulationis

2209 2634 2326 2690 vult
2351 2635 2402 2688 ei
2429 2633 2570 2688 ﬁeri.
2594 2631 2662 2685 In
2686 2630 2771 2684 die
2801 2629 3178 2692 tribulationis,
3221 2643 3328 2695 quo
3360 2623 3560 2692 majori
3593 2623 3806 2678 deside-

2211 2730 2296 2785 rio
2323 2729 2492 2783 Deum
2537 2741 2840 2798 precamur.
2869 2723 2966 2777 Dei
2992 2721 3181 2785 Iacob,
3205 2729 3265 2774 ut
3290 2720 3430 2774 sicut
3462 2717 3574 2780 illi,
3607 2718 3685 2770 ita
3719 2715 3808 2768 tibi

2212 2823 2435 2894 gratiam
2467 2817 2860 2876 benedictionis
2885 2815 2996 2880 det,
3024 2823 3081 2869 et
3117 2818 3392 2883 praeponat
3418 2809 3654 2866 Iudaeis.

2286 2915 2448 2970 Vsus.
2505 2913 2560 2966 3.
2613 2941 2684 2952 —
2735 2909 2912 2964 Mittat
2959 2921 2977 2959 :
3037 2914 3213 2976 pater.
3268 2902 3550 2958 Auxilium
3583 2944 3599 2968 ,
3650 2901 3809 2957 misso

2213 3007 2369 3062 Filio.

2287 3097 2452 3152 Vens.
2475 3095 2531 3151 4.
2554 3126 2625 3136 -
2644 3094 2866 3149 Memor.
2893 3092 3018 3164 Agit
3039 3091 3190 3161 quasi
3221 3090 3287 3145 de
3308 3088 3602 3145 sacerdote
3627 3088 3811 3141 immo-

2218 3193 2397 3249 laturo
2445 3202 2502 3248 et
2531 3207 2656 3263 rege
2691 3198 3016 3262 pugnaturo.
3047 3184 3334 3254 Sacriﬁcii.
3360 3181 3559 3253 (lbid.)
3589 3178 3814 3235 Sacriﬁ-

2218 3287 2360 3342 cium
2390 3284 2649 3341 Ecclesiae
2689 3282 3055 3353 przevidebat,
3095 3294 3202 3334 non
3243 3276 3531 3350 pecudum,
3569 3274 3672 3330 sed
3702 3288 3818 3327 sane

2219 3377 2398 3450 guinis
2424 3386 2480 3432 et
2503 3377 2747 3445 corporis
2771 3373 2999 3430 Christi.

2293 3487 2458 3544 Vsus.
2505 3487 2559 3542 5.
2607 3517 2678 3528 --
2706 3486 2944 3541 Tribuat.
3003 3483 3334 3554 Diapsalma,
3387 3496 3514 3552 quae
3571 3490 3815 3548 tempore

2223 3579 2410 3652 gloriae
2460 3588 2613 3651 optat
2654 3588 2710 3635 et
2755 3576 3006 3632 allirmat.
3041 3575 3226 3630 Omne.
3261 3571 3446 3645 (AUG.)
3493 3570 3620 3626 Non
3655 3570 3820 3626 solum

2226 3687 2334 3742 quo
2364 3673 2603 3726 animam
2631 3671 2861 3742 posuisti
2911 3685 3010 3740 pro
3036 3669 3147 3724 vita
3175 3666 3572 3738 plurimorum;
3625 3664 3721 3721 sed
3775 3670 3822 3717 et

2227 3782 2334 3837 quo
2357 3766 2566 3821 caecitas
2597 3780 2660 3819 ea:
2704 3772 2850 3834 parte
2877 3763 3092 3834 contigit
3137 3761 3194 3815 in
3238 3759 3432 3826 Israel,
3458 3767 3509 3813 et
3539 3757 3623 3812 sic
3659 3757 3821 3812 omnis

2229 3856 2399 3913 Israel
2423 3856 2598 3912 salvus
2619 3855 2784 3926 ﬁeret.

2299 3975 2466 4032 Vens.
2497 3975 2551 4029 6.
2587 4003 2658 4015 —
2684 3971 3025 4029 Lwtabimur.
3072 3968 3258 4041 (Ibid.)
3297 3966 3423 4022 Ideo
3469 3966 3594 4021 hinc
3630 3966 3818 4027 oratio,

2230 4069 2355 4139 quia
2378 4067 2681 4122 laetabimur
2705 4075 2762 4122 et
2785 4063 3272 4138 magniﬁcabimur,
3301 4058 3546 4116 ostendit
3567 4074 3634 4115 se
3663 4073 3818 4114 unum

2232 4159 2300 4218 de
2327 4158 2570 4214 Ecclesia
2600 4165 2750 4212 tanto
2779 4165 2906 4211 ante
2927 4166 3187 4224 tempore.

2305 4271 2468 4328 Vsus.
2505 4271 2558 4325 7.
2596 4301 2666 4310 —
2713 4267 2782 4323 In
2837 4266 3206 4338 potentatibus.
3255 4263 3442 4337 (Auc.)
3502 4263 3822 4320 Potentatus

2234 4364 2406 4420 nostri
2438 4370 2566 4418 sunt
2593 4361 2739 4418 salus
2765 4359 2965 4414 favoris
2993 4356 3109 4426 ejus
3133 4372 3256 4412 cum
3292 4364 3350 4411 et
3387 4356 3453 4411 de
3469 4356 3824 4412 tribulatione

2236 4456 2329 4512 dat
2373 4453 2652 4515 auxilium,
2685 4451 2809 4522 quia
2858 4465 2996 4505 vana
3041 4448 3188 4503 salus
3218 4447 3526 4511 hominum,
3568 4462 3700 4515 qua:
3752 4454 3824 4500 est

2237 4549 2493 4611 sinistrae,
2535 4545 2678 4600 unde
2706 4554 2761 4599 et
2787 4543 3037 4613 superbia
3079 4541 3340 4596 nascitur.
3376 4538 3544 4594 Salus
3575 4540 3821 4593 άεειεηιι.

553 4667 680 4737 quia
710 4675 794 4720 est
821 4665 980 4721 mista
1016 4681 1137 4720 cum
1177 4678 1378 4734 pavore
1421 4665 1662 4728 dilectio,
1701 4667 1828 4735 quia
1879 4665 1925 4720 si
1979 4665 2120 4720 timet

2249 4638 2450 4712 leid.),
2482 4637 2535 4692 id
2577 4643 2660 4690 est
2694 4633 2866 4705 gratia
2889 4633 3204 4703 spiritualis,
3239 4641 3372 4698 etc.,
3403 4646 3571 4702 usque
3619 4631 3698 4685 ad
3742 4629 3823 4701 qui

550 4756 789 4828 judicem
809 4797 825 4823 ,
852 4757 956 4811 scit
975 4756 1401 4812 misericordem.
1436 4755 1619 4828 (Auc.)
1658 4757 1860 4819 Timor,
1902 4773 2010 4812 non
2041 4757 2132 4813 ille

557 4846 788 4917 ptenalis
816 4859 915 4916 pro
961 4846 1192 4900 terrenis
1236 4861 1467 4915 quorum
1510 4861 1696 4901 amore
1731 4846 1985 4901 formidat
2019 4847 2136 4900 ani-

557 4956 646 4997 ma
664 4981 680 5003 ,
707 4939 802 4994 sed
829 4945 1032 5002 castus,
1060 4952 1168 5006 quo
1192 4945 1395 5007 quanto
1430 4937 1631 5008 diligit,
1669 4917 1825 4993 cavet
1865 4936 2135 4993 ollendere

559 5047 842 5104 sponsum,
871 5038 927 5084 ει
947 5029 1067 5084 ideo
1095 5045 1202 5082 non
1230 5027 1378 5084 foras
1405 5029 1661 5096 mittitur,
1709 5029 1804 5085 sed
1835 5037 2132 5099 permanet.

560 5121 798 5178 Juaicia.
826 5118 1038 5176 Judicia
1071 5119 1165 5174 Det
1213 5133 1319 5174 non
1350 5128 1513 5190 egent
1538 5119 1762 5176 alterius
1791 5120 2136 5176 auctoritate.

638 5212 800 5268 Vsus.
822 5211 883 5266 ll
895 5239 984 5264 .—
999 5209 1404 5266 Desiderabilia.
1420 5210 1472 5284 (l
1479 5211 1611 5283 bid.)
1628 5210 1740 5275 Vel,
1759 5214 1987 5267 multum
2001 5212 2142 5269 desi-

2239 4741 2455 4786 terrena
2481 4726 2741 4795 dignitate
2767 4732 3118 4796 praesumunt.

2793 4875 3114 4935 PSALMUS
3142 4873 3263 4932 XX.

2311 5015 2477 5072 Vens.
2520 5016 2572 5070 1.
2604 5045 2677 5058 --
2705 5013 2772 5068 In
2793 5014 2970 5083 ﬁnem.
3004 5011 3218 5068 Tertius
3237 5009 3478 5080 psalmus
3503 5008 3578 5063 de
3619 5007 3822 5062 duabus

2243 5107 2454 5163 naturis
2484 5106 2536 5160 in
2564 5105 2804 5168 Christo,
2833 5103 3106 5159 caelestem
3136 5115 3320 5172 regem
3343 5100 3624 5164 describit,
3658 5109 3722 5154 ut
3744 5114 3824 5151 au-

2241 5199 2356 5254 ditu
2400 5197 2586 5252 credat
2630 5197 2899 5262 mundus,
2951 5211 3112 5265 quem
3161 5194 3337 5248 visum
3388 5192 3696 5248 contemnit
3735 5188 3823 5243 Ju-

567 5302 844 5369 derabilia,
874 5303 957 5358 vel
980 5303 1203 5357 multum
1217 5318 1410 5357 aurum
1423 5281 1477 5358 et
1492 5281 1645 5374 lapis;
1670 5303 1754 5358 vel
1769 5303 1995 5360 multum
2020 5320 2120 5377 pre

2249 5290 2410 5346 dzeus.
2469 5287 2954 5343 Demonstrativam
2995 5284 3129 5341 facit
3169 5283 3472 5340 orationem
3521 5283 3580 5337 in
3615 5281 3822 5335 laudern

566 5398 783 5452 tiosum.
801 5398 1180 5454 Desiderabilia
1195 5413 1356 5468 super
1367 5413 1580 5463 aurum,
1602 5406 1734 5463 etc.,
1752 5416 1910 5470 usque
1925 5401 2018 5466 ad,
2049 5416 2144 5456 cu-
2239 5378 2362 5436 Dei-

560 5489 652 5560 jus
681 5491 1005 5548 voluntatem
1019 5507 1128 5548 suae
1147 5464 1435 5563 prae—ponit,
1473 5499 1530 5546 et
1555 5491 1794 5548 dulciora
1816 5464 1939 5550 sunt
1980 5464 2120 5565 quan

2317 5473 2480 5529 Vsus.
2507 5473 2544 5529 2
2569 5505 2641 5516 —
2661 5472 2881 5528 Domine
2905 5471 2962 5526 in
2983 5470 3171 5525 virtute
3191 5477 3284 5523 tua
3309 5467 3598 5523 testabitur.
3623 5464 3824 5534 (Cass)

569 5556 686 5657 ipse
713 5585 834 5642 sibi.
867 5585 1034 5658 Super
1056 5556 1279 5653 aur-um;
1297 5586 1350 5642 id
1379 5556 1481 5654 est,
1506 5602 1666 5642 omne
1689 5587 1833 5658 quod
1848 5556 2120 5658 appetitur

2249 5567 2525 5623 Summam
2552 5565 2824 5637 proponit,
2866 5562 3096 5627 scilicet,
3121 5560 3376 5616 meritum
3404 5566 3460 5613 et
3487 5556 3794 5628 prmium.

570 5689 672 5751 pro
719 5678 944 5744 divitiis,
979 5679 1061 5734 vel
1097 5681 1367 5751 potentia,
1417 5679 1504 5734 vel
1537 5695 1635 5750 pro
1667 5679 1960 5750 voluptate.
2013 5679 2119 5734 Mel

2314 5685 2476 5742 Vsus.
2499 5684 2552 5738 4.
2567 5681 2912 5748 —-Quoniam
2932 5681 3242 5751 prmoenisti.
3261 5675 3458 5750 (Cass)
3483 5673 3818 5745 Diapsalma;

572 5771 738 5830 Cibus
763 5773 859 5829 Dei
887 5781 973 5828 est
996 5773 1131 5839 mel;
1169 5775 1224 5830 id
1255 5783 1358 5842 est,
1388 5774 1597 5831 solutus
1616 5773 1730 5845 jam
1761 5790 1790 5829 a
1821 5773 2056 5841 saeculo;
2088 5782 2144 5830 et
2243 5777 2473 5831 virtutes
2515 5773 2631 5844 ejus
2673 5782 2728 5829 et
2773 5773 2998 5845 gloriam
3037 5770 3314 5836 describit,
3362 5779 3494 5832 etc.,
3537 5783 3704 5838 usque
3755 5764 3822 5818 ad

571 5861 749 5934 favus,
785 5865 838 5923 id
865 5876 967 5933 est,
997 5867 1123 5938 quia
1155 5867 1332 5923 adhuc
1373 5867 1836 5940 circumplicatur,
1874 5869 1961 5926 cui
2008 5881 2144 5938 opus
2247 5867 2399 5940 quasi
2429 5865 2590 5937 capiti
2625 5864 2680 5920 in
2707 5877 2983 5920 coronam.
3016 5861 3296 5918 Coronam.
3335 5859 3526 5930 (Ibid.)
3549 5859 3686 5926 Qui:
3717 5857 3822 5912 cir-
