3982 6352
173 343 286 402 873

1168 331 1434 391 GLOSSA
1467 324 1860 385 ORDJNARIA.
1902 354 1967 366 --
2004 326 2132 382 LIB.
2173 324 2419 384 PSALM.

3319 330 3427 387 87‘

173 456 418 514 cumitus
441 451 820 524 Apostolorum
853 451 1134 508 docentem
1165 447 1455 511 ambiebat,
1490 444 1576 498 vel
1616 451 1757 498 totus
1783 445 1834 501 Α
1936 441 2094 496 Vinus.
2155 443 2206 496 7.
2228 441 2432 513 --Ego
2485 449 2689 510 autem,
2740 452 2844 500 etc.
2908 444 3088 518 (Αυα.)
3143 445 3431 518 Hueusque

175 545 366 604 mundi
393 542 650 608 circulus,
676 543 727 598 id
755 553 858 608 est,
887 539 1124 596 Ecclesia
1150 536 1437 610 generalis.

249 636 414 692 Vens.
452 634 505 688 6.
528 631 684 687 -—In
724 631 946 687 salutari
987 639 1119 684 tuo:
1152 628 1376 698 gloriam
1412 635 1462 680 et
1502 640 1750 697 magnum

172 730 448 792 decorem,
477 736 584 782 etc.
621 722 822 797 (Cass)
857 722 1034 779 Verbo
1069 721 1277 787 Patris,
1317 734 1436 790 quae
1473 718 1599 774 inde
1645 717 1744 788 glo

173 821 281 876 ria.
342 815 576 873 Gloriam
614 816 680 872 de
711 815 932 886 judicio,
971 814 1100 885 quia
1135 814 1192 869 in
1230 813 1441 869 Deitate
1467 810 1749 880 judicabit.

171 912 430 970 Decorem
479 909 536 964 in
582 906 862 976 majestate
890 949 907 975 ,
957 922 1078 979 quae
1126 915 1255 963 tunc
1289 905 1585 978 apparebit.
1627 902 1754 958 Glo-

174 1003 313 1056 riam
351 1010 398 1055 et
437 1014 682 1070 magnum
716 997 955 1053 decorem
988 1038 1004 1064 ,
1040 1005 1146 1053 etc.
1207 995 1483 1053 Gloriosus
1505 1035 1522 1061 ,
1561 1001 1624 1049 ut
1657 993 1754 1049 Pe-

174 1100 334 1155 trus,
379 1087 535 1160 cujus
585 1088 776 1143 umbra
825 1085 1025 1142 inﬁrmi
1069 1087 1444 1152 sanabantur;
1491 1095 1546 1141 et
1591 1087 1754 1141 decor

173 1187 260 1236 est
299 1194 454 1249 super
489 1193 627 1244 eum,
677 1185 875 1247 praeter
920 1191 1079 1247 quem
1113 1190 1220 1231 non
1257 1183 1339 1231 est
1374 1174 1521 1229 aliud
1556 1172 1751 1229 funda-

172 1278 436 1327 mentum.
473 1266 600 1324 Ideo
635 1283 789 1338 super
823 1283 970 1331 eum,
1011 1265 1267 1336 quoniam
1305 1263 1571 1320 dabis.....

252 1360 410 1416 Vens.
467 1361 520 1416 7.
551 1390 623 1402 —
655 1359 722 1414 In
756 1359 948 1431 gaudio
993 1375 1111 1414 cum
1145 1357 1290 1413 vultu
1327 1366 1437 1412 tuo.
1489 1356 1754 1423 Quoniam

174 1470 268 1508 rex
295 1450 468 1523 iperat
496 1453 550 1506 in
578 1451 831 1518 Domino,
868 1460 915 1506 et
953 1452 1008 1505 in
1045 1450 1435 1514 misericordia,
1479 1457 1582 1504 etc.
1608 1447 1754 1520 (ln.).

172 1543 235 1599 Id
270 1551 388 1609 est,
425 1542 491 1597 de
529 1542 632 1598 hoc
670 1542 812 1613 quod
857 1542 938 1596 sui
986 1542 1295 1619 gaudebunt
1331 1556 1454 1596 eum
1491 1548 1583 1595 tua
1621 1554 1757 1610 prae-

173 1633 371 1696 sentin,
413 1631 626 1702 quando
662 1631 771 1686 eris
805 1631 985 1686 omnia
1025 1631 1080 1686 in
1126 1630 1396 1686 omnibus.

247 1719 412 1778 Vens.
448 1720 502 1777 9.
541 1751 613 1761 —
651 1719 956 1775 Inveniatur
989 1737 1176 1776 manus
1213 1730 1326 1787 tua,
1367 1727 1473 1776 etc.
1516 1717 1651 1792 (1ο.)
1680 1717 1760 1776 De

172 1813 352 1886 poenis
377 1811 745 1875 inimicorum,
773 1819 834 1866 ut
861 1826 1022 1882 supra
1055 1811 1123 1867 de
1149 1811 1395 1868 laudibus
1429 1809 1649 1866 Christi.

249 1904 411 1961 Vsus.
453 1903 540 1958 11.
561 1899 910 1956 ——Fructum
945 1917 1125 1957 eorum
1157 1901 1222 1955 de
1258 1911 1399 1956 terra
1437 1899 1620 1972 perdes
1653 1939 1670 1966 ,
1707 1906 1759 1954 et

177 2011 353 2053 semen
404 2010 604 2048 eorum.
663 1991 782 2049 Non
819 1992 925 2050 erit
959 1993 1040 2051 eis
1075 1991 1282 2050 fruetus
1314 1991 1664 2049 beatitudinis
1701 1992 1758 2048 in

181 2097 328 2144 terra
367 2085 685 2142 viventium.

240 2178 414 2238 .Vsns.
455 2177 542 2234 15.
563 2208 633 2218 -
652 2176 915 2245 Quoniam
949 2193 1127 2250 pones.
1161 2175 1363 2250 (Cass)
1396 2176 1552 2234 Dicta
1579 2176 1646 2234 de
1670 2175 1758 2232 fu-

177 2277 326 2337 tura,
360 2279 490 2337 etc.,
529 2285 692 2341 usque
727 2268 796 2324 ad
831 2279 893 2324 ut
926 2283 1049 2325 cum
1082 2275 1335 2340 putarent
1369 2267 1639 2338 occidere,
1679 2281 1762 2325 sa-

175 2359 269 2417 lus
305 2359 479 2416 ﬁeret.

253 2450 419 2508 Vens.
463 2450 933 2507 M.—E:rattare.
975 2449 1098 2525 (lo.)
1135 2449 1441 2508 Conclusio.

709 2624 1031 2684 PSALMUS
1083 2624 1224 2682 XXI.

255 2801 418 2862 Vnus.
457 2803 513 2859 2.
534 2801 782 2869 -Deus,
810 2800 971 2858 Deus.
997 2799 1202 2874 (Cass)
1242 2801 1599 2859 Praemittitur
1635 2816 1766 2858 con-

177 2895 394 2968 questio
435 2893 503 2950 de
539 2893 918 2959 derelictione,
958 2907 1168 2948 necnon
1203 2900 1260 2946 et
1291 2894 1501 2958 oratio,
1539 2893 1680 2949 sicut
1708 2894 1762 2948 in

175 2986 434 3043 omnibus
473 2983 695 3054 psalmis
729 2982 796 3038 de
831 2983 1101 3053 passione.
1148 2982 1331 3054 (Acs,
1369 2982 1550 3054 Cass.)
1593 2983 1764 3050 Deus,

173 3076 324 3132 Deus
375 3092 395 3130 :
438 3074 674 3146 geminat
717 3087 786 3128 ex
833 3070 1050 3139 affectu,
1088 3073 1176 3128 vel
1215 3072 1353 3127 Deus
1381 3073 1622 3128 omnium
1671 3089 1769 3143 per

175 3167 474 3225 ereationis
514 3165 808 3237 potentiam
850 3205 866 3231 ,
918 3181 1062 3219 meus
1114 3165 1332 3236 proprie
1384 3180 1482 3236 per
1536 3165 1760 3220 cultum.
1791 3159 1837 3222 C

177 3258 366 3334 (Δυε.)
423 3258 650 3326 Quando
706 3258 809 3312 hoc
855 3257 912 3312 in
969 3271 1130 3312 cruce
1188 3256 1447 3322 dixerat,
1497 3259 1764 3330 psalmum

175 3351 346 3408 istum
399 3347 467 3404 de
519 3362 580 3403 se
633 3347 894 3417 scriptum
945 3345 1222 3401 indicavit.
1289 3345 1506 3418 Respice
1559 3348 1614 3402 in
1663 3365 1762 3403 me.

179 3438 411 3516 (Cass)
465 3437 581 3494 Non
635 3447 718 3494 est
777 3439 830 3492 in
882 3436 1106 3492 Hebraeo
1137 3477 1154 3503 ,
1200 3437 1294 3493 sed
1344 3453 1374 3493 a
1425 3440 1767 3510 septuaginta

177 3531 571 3605 interpretibus
591 3529 848 3587 additum.
888 3529 1064 3597 Quare
1085 3546 1166 3584 me
1186 3529 1506 3601 deretiquisti
1529 3531 1555 3586 7
1582 3530 1766 3605 (Acs)

179 3626 382 3682 Mirum
407 3625 528 3690 hoc,
555 3638 680 3680 cum
706 3631 763 3678 et
791 3623 934 3678 Deus
959 3629 1106 3678 esset
1139 3637 1261 3677 cum
1289 3638 1384 3690 eo;
1419 3623 1515 3678 sed
1540 3639 1638 3694 pro
1664 3639 1768 3680 no-

177 3719 272 3775 bis
301 3757 318 3784 ,
363 3716 454 3786 qui
496 3717 552 3771 in
595 3731 662 3772 eo
705 3731 902 3786 corpus
947 3712 1085 3785 ejus.
1144 3713 1322 3787 Longe
1359 3733 1392 3770 a
1429 3714 1596 3770 salute
1627 3732 1768 3785 mea,

181 3809 244 3866 id
281 3816 392 3876 est,
430 3808 533 3864 mei
570 3807 773 3863 veteris
811 3807 1079 3873 hominis,
1115 3805 1240 3878 quia
1277 3807 1428 3878 longe
1464 3825 1498 3862 a
1533 3817 1773 3878 peccato-

183 3904 336 3958 ribus
381 3902 525 3958 salus
554 3943 570 3970 ,
620 3911 676 3959 et
721 3901 837 3956 hzec
869 3910 997 3956 sunt
1029 3902 1195 3956 verba
1228 3917 1336 3956 non
1365 3902 1592 3973 justitiaa
1621 3943 1636 3968 ,
1677 3904 1771 3959 sed

185 3990 528 4049 delictorum.
565 3990 686 4059 Vel,
724 3991 884 4063 longe
914 4006 946 4045 a
986 3989 1160 4046 salute
1197 3998 1324 4047 sunt
1355 3992 1520 4048 verba
1549 3991 1774 4049 delicto-

183 4101 314 4141 rum
349 4098 613 4151 meorum,
652 4098 774 4155 quae
809 4092 936 4139 sunt
974 4082 1230 4140 tollenda.

263 4175 428 4233 Vens.
477 4173 913 4231 3.—Clamabo.
970 4175 1151 4250 (Acs)
1188 4175 1268 4232 De
1303 4177 1460 4233 nobis
1491 4217 1507 4244 ,
1544 4192 1774 4249 corpore

187 4283 294 4326 suo
321 4268 468 4333 dicit,
507 4275 567 4322 ut
599 4282 724 4322 eum
760 4265 899 4322 forte
933 4266 1064 4323 dicit
1099 4286 1114 4322 :
1151 4265 1402 4323 Transeat
1439 4285 1474 4324 a
1513 4284 1596 4325 me
1632 4270 1774 4325 calin:

184 4363 311 4428 iste,
337 4360 395 4416 id
417 4369 534 4427 est,
562 4367 783 4432 putatur
813 4360 1056 4416 timuisse
1089 4361 1264 4428 mori;
1301 4362 1394 4418 sed
1423 4377 1523 4432 pro
1556 4363 1668 4419 suis
1697 4364 1774 4418 in-

187 4453 364 4508 ﬁrmis
398 4453 489 4523 qui
518 4452 708 4508 timent
741 4452 901 4518 mori,
947 4452 1064 4508 haec
1108 4453 1268 4520 dixit,
1306 4453 1388 4509 sic
1425 4461 1482 4509 et
1515 4454 1633 4510 haec
1665 4470 1771 4510 vox

187 4543 560 4598 membrorum
581 4549 668 4597 est
689 4558 703 4596 :
729 4539 979 4596 Clamabo
999 4551 1048 4596 et
1072 4559 1176 4598 non
1201 4543 1467 4599 exaudies
1490 4543 1595 4599 Per
1613 4545 1772 4614 diem,

186 4641 245 4688 et
295 4647 398 4686 non
443 4630 714 4698 exaudies,
759 4639 809 4685 et
856 4640 1003 4686 nocte
1048 4642 1098 4687 et
1142 4649 1248 4687 non
1290 4633 1360 4688 ad
1398 4635 1772 4706 insipientiam.

190 4726 400 4799 (Cass)
436 4725 570 4794 Quia
604 4724 764 4781 nullae
790 4726 844 4781 in
868 4740 934 4780 eo
957 4727 1221 4794 tenebrae,
1249 4737 1304 4784 et
1333 4735 1515 4785 tamen
1541 4744 1650 4786 non
1674 4744 1775 4786 au.

188 4817 344 4874 ditur
373 4816 441 4872 ad
471 4817 701 4873 salutem
727 4816 1084 4888 corporalem.

269 4905 432 4963 Vsus.
474 4907 529 4962 4.
553 4906 711 4962 -ιη
748 4917 929 4962 sancto
966 4907 1193 4964 habitas.
1234 4907 1417 4983 (Acs)
1456 4911 1526 4969 Et
1560 4913 1637 4970 ita
1674 4915 1776 4972 mi-

191 5013 322 5054 rum
351 5038 368 5064 ,
410 4997 537 5070 quia
580 5006 764 5071 patres
799 4998 1074 5067 liherasti;
1117 5015 1218 5074 ego
1256 5011 1435 5060 autem
1498 5022 1618 5064 sum
1660 5025 1778 5067 ver-

192 5105 326 5148 mis.

273 5178 476 5252 (Cass)
518 5178 602 5238 Tu
643 5179 859 5237 habitas
899 5180 956 5237 in
993 5189 1208 5250 sancto,
1237 5182 1364 5255 quia
1401 5185 1544 5243 Deus
1571 5199 1692 5246 erat
1719 5191 1776 5249 in

194 5268 421 5327 Christo
472 5269 732 5326 mundum
780 5270 884 5328 sibi
926 5271 1302 5330 reconcilians.
1367 5273 1510 5334 Laus
1555 5279 1728 5335 Israel
1757 5321 1776 5350 ,

196 5359 388 5434 (Acs)
415 5359 469 5416 id
495 5368 597 5427 est,
623 5361 853 5417 videntis
881 5371 968 5430 te,
999 5377 1110 5420 non
1135 5363 1253 5437 ejus
1272 5367 1366 5440 qui
1390 5383 1452 5427 se
1478 5369 1643 5428 voluit
1664 5373 1784 5432 abs-

195 5452 438 5510 condere
461 5469 492 5507 a
517 5462 808 5523 conspectu
834 5461 945 5511 tuo.

276 5543 438 5602 Vens.
477 5545 531 5601 5.
553 5575 624 5586 —
647 5544 717 5600 In
739 5556 789 5601 te
816 5560 1148 5619 speraverant
1170 5561 1345 5623 patres
1375 5559 1572 5626 nostri,
1602 5577 1783 5632 sperap

196 5647 404 5693 verunt.
445 5637 648 5711 (Cass)
687 5637 907 5707 Magnus
940 5639 1136 5710 decor,
1177 5645 1305 5702 dum
1336 5647 1497 5706 iterat
1537 5668 1777 5722 sperave-

200 5736 328 5783 runt
334 5769 347 5782 .

603 5826 876 5889 Panos.
914 5827 1141 5892 CXIII.

1855 527 2102 586 Christus
2159 531 2214 586 in
2269 546 2500 602 persona
2567 533 2766 589 veteris
2825 534 3058 591 hominis
3089 577 3103 602 ,
3169 537 3258 592 hic
3311 536 3427 606 jam

1852 619 2070 688 pr0prie
2117 621 2170 675 in
2210 635 2306 675 sua
2344 636 2576 691 persona
2619 623 2874 694 loquitur.
2923 623 3037 696 Ego
3074 638 3266 682 autem.
3308 629 3429 685 .lam

1853 712 2071 782 proprie
2114 712 2378 779 Christus,
2423 716 2540 771 sine
2583 719 2789 774 semine
2832 729 2990 776 natus
3045 737 3185 788 sum,
3237 732 3298 778 ut
3345 740 3432 780 es-

1854 815 1968 856 sem
2017 801 2156 858 ultra
2202 804 2447 861 homines
2485 807 2540 860 in
2579 807 2813 875 homine,
2851 810 2905 865 in
2947 826 3054 882 quo
3093 811 3269 869 factus
3310 830 3430 870 sum

1853 892 2223 963 opprobrium,
2267 905 2326 948 ut
2369 896 2452 951 vel
2492 898 2572 953 sic
2611 901 2860 970 superbia
2899 902 3134 959 hominis
3173 905 3429 961 humilem

1855 981 2117 1039 imitetur.
2175 981 2376 1040 Vermis
2407 996 2455 1041 et
2490 1004 2592 1042 non
2619 990 2793 1056 homo,
2823 979 3172 1063 opprobrium.
3227 995 3431 1070 (Cass)

1853 1071 1934 1127 Ita
1971 1072 2150 1128 viliter
2179 1075 2548 1144 conculcatus,
2577 1087 2706 1145 etc.,
2742 1097 2904 1152 usque
2939 1083 3009 1136 ad
3049 1085 3282 1150 vermis,
3316 1087 3436 1141 sine

1857 1164 2003 1218 coitu
2040 1174 2215 1231 natus,
2251 1167 2530 1236 mortalis,
2566 1170 2783 1226 humilis
2815 1181 2872 1228 et
2903 1173 3054 1239 vilis,
3095 1176 3308 1234 silentio
3344 1194 3432 1234 re-

1860 1268 2017 1324 pens.

1932 1347 2092 1404 Vens.
2127 1348 2181 1404 9.
2201 1379 2273 1391 ——
2296 1349 2533 1420 Speravit
2566 1355 2621 1408 in
2658 1353 2880 1410 Domino
2906 1398 2924 1423 ,
2957 1365 3064 1414 etc.
3104 1359 3308 1433 (Cass)
3348 1363 3439 1418 Di-

1859 1449 2087 1498 centes:
2127 1443 2296 1515 Spera
2338 1446 2395 1499 in
2440 1446 2693 1513 Domino,
2736 1459 2841 1506 etc.
2891 1451 3064 1508 lronia
3110 1453 3438 1523 Iudaeorum,

1858 1547 1986 1588 ecce
2020 1535 2174 1605 quasi
2209 1537 2504 1594 historialis
2540 1541 2810 1608 narratio,
2859 1558 2966 1598 non
3015 1531 3293 1615 prophetia
3314 1586 3330 1612 ,
3370 1563 3439 1603 ne

1859 1638 1966 1694 qua
1991 1625 2063 1679 sit
2087 1627 2386 1695 excusatio,
2412 1644 2480 1685 ne
2505 1646 2611 1700 qua
2639 1632 2980 1704 ambiguitas.

1933 1716 2100 1772 Vens.
2153 1716 2242 1773 10.
2275 1747 2349 1760 -
2378 1719 2456 1773 Ab
2501 1720 2763 1777 uberibus.
2829 1723 2948 1779 Non
2995 1741 3063 1781 ex
3104 1743 3210 1798 quo
3253 1729 3441 1784 lactari

1783 1791 1834 1854 Β
1863 1808 2003 1877 θωρὶ
2033 1848 2050 1875 ,
2105 1816 2212 1864 etc.
2245 1849 2262 1877 ,
2310 1825 2471 1880 usque
2515 1810 2586 1864 ad
2627 1812 2721 1866 sed
2764 1811 2912 1869 fuisti
2956 1791 3311 1872 Deus-meus.
3367 1818 3443 1874 De

1861 1909 2055 1956 ventre.

1933 1989 2100 2048 Vens.
2150 1992 2240 2047 11.
2271 2023 2344 2034 -
2371 1992 2451 2048 De
2495 2005 2684 2051 ventre.
2737 1996 2920 2070 (Acs)
2962 1999 3080 2056 Non
3118 2000 3293 2056 solum
3330 2019 3446 2058 ma-

1861 2083 1982 2150 tris,
2013 2099 2133 2154 quaa
2156 2081 2240 2140 lex
2278 2086 2534 2142 nascendi
2562 2096 2646 2143 est
2676 2087 2954 2155 omnibus;
2985 2091 3079 2146 sed
3106 2092 3172 2147 de
3207 2094 3448 2150 tenebris

1864 2173 2179 2248 Synagogm,
2205 2176 2260 2231 in
2292 2177 2489 2248 quibus
2533 2177 2763 2235 inﬁdelis
2807 2190 2910 2248 est,
2961 2183 3198 2238 nondum
3237 2185 3293 2240 in
3326 2185 3447 2242 luce

1862 2264 2066 2322 Christi
2095 2274 2272 2332 natus,
2301 2269 2395 2339 qui
2423 2268 2480 2323 in
2507 2269 2977 2330 observationibus
3002 2273 3110 2330 illis
3133 2276 3446 2334 carnalibus

1863 2357 2075 2413 sabbati
2102 2367 2158 2415 et
2181 2359 2615 2417 circumcisionis
2641 2361 2881 2426 confidit.

1935 2445 2101 2504 Vens.
2155 2449 2244 2504 12.
2287 2479 2359 2492 -
2403 2451 2489 2508 Ne
2516 2451 2816 2510 discesseris
2856 2473 2889 2511 a
2926 2473 3028 2526 me,
3063 2459 3157 2530 qui
3188 2458 3300 2530 jam
3333 2474 3447 2517 cm-

1863 2539 2010 2608 pisti.

1938 2631 2020 2687 Tu
2045 2635 2322 2690 extruxisti
2349 2651 2370 2692 :
2396 2651 2504 2692 non
2531 2637 2636 2704 vir,
2665 2653 2736 2694 ne
2759 2637 3032 2696 dubitetur
3062 2641 3286 2714 virginis
3326 2659 3451 2714 par-

1865 2731 1975 2790 tus,
2022 2725 2223 2781 virtute
2264 2727 2361 2783 Dei
2400 2727 2604 2785 factum
2643 2737 2746 2784 est.
2785 2728 2912 2801 Spes
2935 2748 3050 2786 mea
3076 2733 3140 2786 ab
3169 2733 3449 2790 uberibus:

1865 2830 1997 2872 vera
2043 2817 2358 2874 humanitas
2403 2827 2462 2874 et
2499 2834 2698 2890 magna
2742 2820 3036 2891 perfectio;
3081 2823 3150 2879 ab
3198 2826 3454 2882 uberibus

1867 2906 2015 2964 enim
2051 2906 2202 2975 facit,
2234 2908 2378 2980 quod
2408 2909 2500 2964 vix
2537 2918 2800 2966 maturus.

1941 3020 2010 3074 In
2039 3029 2090 3074 te
2114 3021 2374 3092 projectus
2401 3039 2546 3090 sum,
2574 3041 2680 3080 non
2709 3025 2765 3080 in
2791 3039 3011 3094 peccata
3041 3029 3292 3085 hominis.
3347 3030 3454 3086 Alii

1870 3110 1927 3164 in
1953 3109 2125 3164 Adam
2151 3111 2524 3181 projiciuntur,
2555 3129 2622 3168 ex
2652 3130 2760 3185 quo
2791 3118 2891 3172 rei.
2948 3117 3025 3172 De
3069 3130 3241 3174 ventre
3271 3123 3455 3177 matris

1867 3215 2018 3265 mete,
2057 3199 2197 3254 Deus
2237 3218 2404 3257 meus.
2450 3203 2664 3278 (Cass)
2701 3205 2813 3263 Nec
2851 3210 3130 3278 conceptio
3167 3211 3284 3266 sine
3324 3213 3452 3279 Deo,

1870 3302 1971 3343 nec
2007 3289 2063 3344 in
2096 3300 2349 3359 peccato,
2393 3301 2454 3348 ut
2501 3294 2690 3361 homo;
2732 3298 2873 3354 unde
2927 3299 3161 3370 Angelus
3189 3318 3203 3354 :
3227 3299 3455 3370 Spiritus

1871 3389 2086 3435 sanctus
2110 3383 2433 3452 superveniet
2459 3385 2516 3438 in
2537 3394 2606 3440 te.

1944 3489 2109 3546 Vens.
2167 3490 2254 3546 15.
2294 3522 2366 3533 -
2403 3491 2888 3554 Circumdederunt.
2931 3499 3074 3574 (ln.)
3126 3502 3458 3560 Describitur

1873 3585 2076 3656 passio,
2118 3601 2280 3655 quam
2317 3589 2574 3644 terminat
2610 3591 2813 3658 oratio;
2843 3593 2912 3648 ad
2940 3595 3336 3653 convincendos
3363 3596 3458 3652 Ju-

1875 3673 2020 3730 daeos
2049 3675 2218 3732 refert
2241 3675 2422 3732 futura
2451 3679 2605 3749 quasi
2632 3682 2926 3752 praeterita.

1946 3788 2111 3845 Vens.
2168 3791 2255 3846 14.
2285 3822 2356 3834 -
2389 3793 2738 3864 Aperuerunt.
2781 3797 2905 3872 (ln.)
2943 3798 3015 3882 l_Jt
3049 3799 3178 3855 ferte
3217 3800 3460 3857 volentes

1876 3878 2162 3951 deglutire,
2211 3896 2271 3937 os
2313 3897 2490 3948 suum,
2531 3901 2637 3942 non
2666 3889 2733 3943 ad
2772 3878 3088 3960 sapientiam
3135 3903 3454 3948 reseratum.

1878 3967 2030 4024 Sicut
2057 3971 2156 4026 leo.
2199 3971 2380 4045 (Acs)
2411 3975 2482 4032 Ut
2509 3976 2595 4032 leo
2630 3978 2848 4050 rapiens
2869 3981 3360 4051 circumdederunt,
3400 3993 3462 4042 ut

1877 4060 2099 4131 rugiens
2133 4077 2196 4118 os
2230 4073 2576 4134 aperuerunt.

1949 4172 2116 4229 Vsus.
2135 4173 2220 4230 l5.
2237 4206 2309 4216 —
2321 4176 2470 4233 Sicut
2484 4196 2640 4251 aqua.
2657 4180 2883 4250 Quando
2894 4181 3138 4240 funditur
3149 4201 3310 4257 aqua,
3327 4196 3459 4258 etc.,

1877 4280 2039 4336 usque
2060 4265 2130 4320 ad
2152 4268 2294 4324 unde
2319 4269 2510 4325 relicto
2529 4285 2595 4328 eo
2617 4269 2887 4342 fugerunt.
2906 4274 3106 4346 (Cass)
3137 4275 3290 4332 Sicut
3307 4293 3462 4349 aqua:

1878 4367 2278 4413 sacramentum
2307 4360 2510 4416 ablutio
2540 4371 2906 4432 peccatorum,
2941 4374 3070 4431 etc.,
3113 4384 3274 4438 usque
3305 4371 3374 4424 ad
3406 4381 3462 4426 et

1879 4445 2108 4502 solidata
2157 4457 2259 4503 est.
2315 4448 2586 4522 Tanquam
2628 4469 2767 4508 cera.
2824 4453 2969 4511 Bene
3018 4456 3150 4528 legis
3203 4463 3460 4532 mysteria

1881 4543 2159 4607 comparat
2208 4551 2388 4604 cerac,
2429 4549 2536 4596 etc.
2571 4581 2588 4609 ,
2631 4559 2790 4614 usque
2828 4545 2897 4599 ad
2931 4548 3184 4617 quoniam
3223 4551 3462 4608 cireum-

1878 4627 2164 4683 dederunt.
2203 4627 2272 4682 In
2308 4631 2478 4685 medio
2517 4635 2708 4688 ventris
2747 4636 2869 4690 mei.
2922 4635 3102 4709 (Acs)
3145 4639 3348 4696 Venter
3379 4643 3464 4698 in-

1878 4720 2066 4776 tirmos
2100 4719 2155 4775 in
2190 4720 2463 4790 Ecclesia,
2504 4723 2589 4779 vel
2625 4725 2942 4784 memoriam
2989 4729 3244 4788 Ecclesiae
3286 4733 3455 4804 signi-

1879 4809 2025 4866 fleat.

1951 4901 2116 4959 Vens.
2182 4904 2271 4960 l6.
2312 4935 2386 4946 —
2417 4906 2570 4961 Aruit
2621 4918 2870 4980 tanquam
2921 4920 3054 4969 testa
3116 4915 3280 4971 virtus
3321 4931 3461 4970 mea.

1882 4991 2087 5065 (Cass)
2118 4993 2234 5050 Non
2284 5002 2346 5050 ut
2387 4993 2588 5064 fenum,
2643 4999 2738 5056 sed
2787 5008 2848 5057 ut
2891 5009 3026 5058 testa
3079 5018 3202 5074 qua
3239 5004 3362 5074 igne
3401 5003 3466 5060 ﬁt

1881 5084 2110 5142 ﬁrmior.
2171 5086 2377 5158 Lingua
2421 5105 2556 5144 mea.
2623 5090 2804 5165 (Acs)
2854 5093 3213 5150 Servaverunt
3253 5110 3462 5166 praece-

1881 5184 1976 5247 pta
2023 5192 2145 5234 mea
2195 5179 2337 5250 apud
2385 5195 2444 5236 se
2494 5179 2551 5236 hi
2601 5195 2696 5251 per
2746 5197 2882 5253 quos
2934 5183 3212 5238 locuturus
3267 5198 3456 5241 eram-

1883 5275 1940 5324 et
1973 5284 2070 5340 per
2105 5283 2198 5325 eos
2237 5270 2289 5324 in
2339 5271 2711 5342 cognationem
2755 5288 2978 5341 eorum,
3018 5273 3110 5343 qui
3149 5283 3306 5330 erant
3341 5275 3460 5345 pul-

1884 5361 1968 5416 vis
2018 5360 2232 5427 mortis,
2279 5361 2541 5418 deductus
2587 5378 2728 5420 sum.

1957 5453 2122 5509 Vens.
2185 5453 2271 5508 l7.
2326 5483 2399 5495 —
2446 5453 2736 5511 Foderunt.
2796 5453 2918 5526 (lp.)
2969 5453 3287 5527 Evangelica
3336 5471 3462 5512 nar-

1884 5545 2043 5601 ratio.
2104 5544 2218 5601 Etsi
2277 5545 2512 5603 haecad
2565 5547 2798 5602 litteram
2836 5585 2853 5611 ,
2905 5545 3082 5601 innuit
3137 5545 3302 5602 fessio
3344 5561 3462 5600 ma-

1884 5651 2082 5704 nuum,
2131 5637 2276 5708 quod
2324 5639 2576 5710 cperibus
2628 5636 2742 5707 ejus
2789 5652 2895 5692 non
2948 5637 3320 5701 crediderunt;
3364 5651 3460 5706 pe-

1885 5727 2029 5795 dum,
2085 5729 2227 5800 quod
2260 5729 2544 5802 Apostolos
2588 5728 2976 5784 laceraverunt.
3034 5727 3236 5798 (Cass)
3269 5742 3282 5782 :
3313 5726 3464 5784 fodeo

2947 5840 3025 5902 28
