  <div class='ocr_page' id='page_1' title='image "/cluster/home/n/w/nwhite01/storage/ocr_20150623/113/hvd.32044018909572/444.png"; bbox 0 0 3982 6352; ppageno 0'>
   <div class='ocr_carea' id='block_1_1' title="bbox 184 380 296 440">
    <p class='ocr_par' dir='ltr' id='par_1_1' title="bbox 184 380 296 440">
     <span class='ocr_line' id='line_1_1' title="bbox 184 380 296 440; baseline 0 -4"><span class='ocrx_word' id='word_1_1' title='bbox 184 380 296 440; x_wconf 78' lang='lat' dir='ltr'><strong>an</strong></span> 
     </span>
    </p>
   </div>
   <div class='ocr_carea' id='block_1_2' title="bbox 1205 380 2438 446">
    <p class='ocr_par' dir='ltr' id='par_1_2' title="bbox 1205 380 2438 446">
     <span class='ocr_line' id='line_1_2' title="bbox 1205 380 2438 446; baseline 0.001 -7"><span class='ocrx_word' id='word_1_2' title='bbox 1205 380 1478 444; x_wconf 73' lang='lat' dir='ltr'><strong>GLOSSA</strong></span> <span class='ocrx_word' id='word_1_3' title='bbox 1511 380 1994 444; x_wconf 69' lang='lat' dir='ltr'><strong>ORDlNARlA.-</strong></span> <span class='ocrx_word' id='word_1_4' title='bbox 2029 385 2156 446; x_wconf 81' lang='lat' dir='ltr'><strong>LIB.</strong></span> <span class='ocrx_word' id='word_1_5' title='bbox 2191 384 2438 444; x_wconf 73' lang='lat' dir='ltr'><strong>PSALM.</strong></span> 
     </span>
    </p>
   </div>
   <div class='ocr_carea' id='block_1_3' title="bbox 3321 386 3428 447">
    <p class='ocr_par' dir='ltr' id='par_1_3' title="bbox 3321 386 3428 447">
     <span class='ocr_line' id='line_1_3' title="bbox 3321 386 3428 447; baseline -0.019 -1"><span class='ocrx_word' id='word_1_6' title='bbox 3321 386 3428 447; x_wconf 79' lang='lat'><strong>818</strong></span> 
     </span>
    </p>
   </div>
   <div class='ocr_carea' id='block_1_4' title="bbox 184 486 3426 574">
    <p class='ocr_par' dir='ltr' id='par_1_4' title="bbox 184 486 3426 574">
     <span class='ocr_line' id='line_1_4' title="bbox 184 486 3426 574; baseline 0.002 -24"><span class='ocrx_word' id='word_1_7' title='bbox 184 504 300 550; x_wconf 72' lang='lat' dir='ltr'><strong>non</strong></span> <span class='ocrx_word' id='word_1_8' title='bbox 330 486 536 558; x_wconf 75' lang='lat' dir='ltr'><strong>iuravit</strong></span> <span class='ocrx_word' id='word_1_9' title='bbox 573 488 630 546; x_wconf 87' lang='lat' dir='ltr'><strong>in</strong></span> <span class='ocrx_word' id='word_1_10' title='bbox 670 490 814 552; x_wconf 75' lang='lat' dir='ltr'><strong>dolo.</strong></span> <span class='ocrx_word' id='word_1_11' title='bbox 854 491 924 550; x_wconf 82' lang='lat' dir='ltr'><strong>In</strong></span> <span class='ocrx_word' id='word_1_12' title='bbox 960 509 1112 550; x_wconf 67' lang='lat' dir='ltr'><strong>vano.</strong></span> <span class='ocrx_word' id='word_1_13' title='bbox 1153 491 1364 565; x_wconf 58' lang='lat' dir='ltr'><strong>(Hune)</strong></span> <span class='ocrx_word' id='word_1_14' title='bbox 1404 494 1464 552; x_wconf 83' lang='lat' dir='ltr'><strong>Id</strong></span> <span class='ocrx_word' id='word_1_15' title='bbox 1505 505 1608 563; x_wconf 89' lang='lat' dir='ltr'><strong>est,</strong></span> <span class='ocrx_word' id='word_1_16' title='bbox 1653 497 1743 568; x_wconf 86' lang='lat' dir='ltr'><strong>qui</strong></span> <span class='ocrx_word' id='word_1_17' title='bbox 1769 498 1823 559; x_wconf 81' lang='grc' dir='ltr'><strong>Α</strong></span> <span class='ocrx_word' id='word_1_18' title='bbox 1914 497 2077 554; x_wconf 76' lang='lat' dir='ltr'><strong>Vsus.</strong></span> <span class='ocrx_word' id='word_1_19' title='bbox 2109 499 2164 553; x_wconf 90' lang='lat'><strong>7.</strong></span> <span class='ocrx_word' id='word_1_20' title='bbox 2194 498 2495 558; x_wconf 80' lang='lat' dir='ltr'><strong>—Dslicta.</strong></span> <span class='ocrx_word' id='word_1_21' title='bbox 2532 487 2730 574; x_wconf 59' lang='lat' dir='ltr'><strong>(Casa)</strong></span> <span class='ocrx_word' id='word_1_22' title='bbox 2751 497 2889 558; x_wconf 88' lang='lat' dir='ltr'><strong>Sunt</strong></span> <span class='ocrx_word' id='word_1_23' title='bbox 2919 499 3135 571; x_wconf 81' lang='lat' dir='ltr'><strong>quando</strong></span> <span class='ocrx_word' id='word_1_24' title='bbox 3159 499 3426 572; x_wconf 74' lang='lat' dir='ltr'><strong>linquitur</strong></span> 
     </span>
    </p>
   </div>
   <div class='ocr_carea' id='block_1_5' title="bbox 183 584 1754 664">
    <p class='ocr_par' dir='ltr' id='par_1_5' title="bbox 183 584 1754 664">
     <span class='ocr_line' id='line_1_5' title="bbox 183 584 1754 664; baseline 0.007 -23"><span class='ocrx_word' id='word_1_25' title='bbox 183 584 355 642; x_wconf 89' lang='lat' dir='ltr'><strong>nullis</strong></span> <span class='ocrx_word' id='word_1_26' title='bbox 384 661 386 664; x_wconf 13' lang='grc' dir='ltr'>ν</span> <span class='ocrx_word' id='word_1_27' title='bbox 411 601 532 642; x_wconf 91' lang='lat' dir='ltr'><strong>eam</strong></span> <span class='ocrx_word' id='word_1_28' title='bbox 580 584 787 645; x_wconf 76' lang='lat' dir='ltr'><strong>fecibus</strong></span> <span class='ocrx_word' id='word_1_29' title='bbox 836 589 1207 660; x_wconf 84' lang='lat' dir='ltr'><strong>peccaminum</strong></span> <span class='ocrx_word' id='word_1_30' title='bbox 1260 598 1384 662; x_wconf 85' lang='lat' dir='ltr'><strong>post</strong></span> <span class='ocrx_word' id='word_1_31' title='bbox 1424 591 1754 664; x_wconf 72' lang='lat' dir='ltr'><strong>baptismum</strong></span> 
     </span>
    </p>
   </div>
   <div class='ocr_carea' id='block_1_6' title="bbox 182 677 500 738">
    <p class='ocr_par' dir='ltr' id='par_1_6' title="bbox 182 677 500 738">
     <span class='ocr_line' id='line_1_6' title="bbox 182 677 500 738; baseline -0.013 0"><span class='ocrx_word' id='word_1_32' title='bbox 182 677 500 738; x_wconf 60' lang='lat' dir='ltr'><strong>nuntiavit.</strong></span> 
     </span>
    </p>
   </div>
   <div class='ocr_carea' id='block_1_7' title="bbox 259 768 1753 846">
    <p class='ocr_par' dir='ltr' id='par_1_7' title="bbox 259 768 1753 846">
     <span class='ocr_line' id='line_1_7' title="bbox 259 768 1753 846; baseline 0.004 -22"><span class='ocrx_word' id='word_1_33' title='bbox 259 768 425 828; x_wconf 72' lang='lat' dir='ltr'><strong>Vens.</strong></span> <span class='ocrx_word' id='word_1_34' title='bbox 451 768 506 824; x_wconf 85' lang='lat'><strong>7.</strong></span> <span class='ocrx_word' id='word_1_35' title='bbox 527 797 597 812; x_wconf 91' lang='lat'><strong>-—</strong></span> <span class='ocrx_word' id='word_1_36' title='bbox 615 769 865 828; x_wconf 73' lang='lat' dir='ltr'><strong>Attollite.</strong></span> <span class='ocrx_word' id='word_1_37' title='bbox 897 770 1256 846; x_wconf 85' lang='lat' dir='ltr'><strong>Diapsalmus.</strong></span> <span class='ocrx_word' id='word_1_38' title='bbox 1283 771 1587 832; x_wconf 85' lang='lat' dir='ltr'><strong>Christiana</strong></span> <span class='ocrx_word' id='word_1_39' title='bbox 1625 774 1753 830; x_wconf 88' lang='lat' dir='ltr'><strong>rell-</strong></span> 
     </span>
    </p>
   </div>
   <div class='ocr_carea' id='block_1_8' title="bbox 182 857 1754 937">
    <p class='ocr_par' dir='ltr' id='par_1_8' title="bbox 182 857 1754 937">
     <span class='ocr_line' id='line_1_8' title="bbox 182 857 1754 937; baseline 0.004 -24"><span class='ocrx_word' id='word_1_40' title='bbox 182 857 350 929; x_wconf 82' lang='lat' dir='ltr'><strong>gione</strong></span> <span class='ocrx_word' id='word_1_41' title='bbox 382 858 669 927; x_wconf 89' lang='lat' dir='ltr'><strong>declarata,</strong></span> <span class='ocrx_word' id='word_1_42' title='bbox 699 870 828 927; x_wconf 82' lang='lat' dir='ltr'><strong>etc.,</strong></span> <span class='ocrx_word' id='word_1_43' title='bbox 857 878 1020 936; x_wconf 80' lang='lat' dir='ltr'><strong>usque</strong></span> <span class='ocrx_word' id='word_1_44' title='bbox 1051 864 1121 918; x_wconf 82' lang='lat' dir='ltr'><strong>ad</strong></span> <span class='ocrx_word' id='word_1_45' title='bbox 1148 879 1270 934; x_wconf 66' lang='lat' dir='ltr'><strong>qua</strong></span> <span class='ocrx_word' id='word_1_46' title='bbox 1301 879 1334 922; x_wconf 84' lang='lat' dir='ltr'><strong>a</strong></span> <span class='ocrx_word' id='word_1_47' title='bbox 1368 865 1610 937; x_wconf 82' lang='lat' dir='ltr'><strong>principe</strong></span> <span class='ocrx_word' id='word_1_48' title='bbox 1639 866 1754 922; x_wconf 88' lang='lat' dir='ltr'><strong>dia-</strong></span> 
     </span>
    </p>
   </div>
   <div class='ocr_carea' id='block_1_9' title="bbox 181 945 1752 1025">
    <p class='ocr_par' dir='ltr' id='par_1_9' title="bbox 181 945 1752 1025">
     <span class='ocr_line' id='line_1_9' title="bbox 181 945 1752 1025; baseline 0.002 -19"><span class='ocrx_word' id='word_1_49' title='bbox 181 945 314 1006; x_wconf 78' lang='lat' dir='ltr'><strong>bolo</strong></span> <span class='ocrx_word' id='word_1_50' title='bbox 344 949 534 1020; x_wconf 59' lang='lat' dir='ltr'><strong>positae</strong></span> <span class='ocrx_word' id='word_1_51' title='bbox 559 959 704 1008; x_wconf 80' lang='lat' dir='ltr'><strong>sunt.</strong></span> <span class='ocrx_word' id='word_1_52' title='bbox 740 951 810 1008; x_wconf 81' lang='lat' dir='ltr'><strong>Et</strong></span> <span class='ocrx_word' id='word_1_53' title='bbox 837 951 1130 1010; x_wconf 77' lang='lat' dir='ltr'><strong>elevamini.</strong></span> <span class='ocrx_word' id='word_1_54' title='bbox 1161 954 1362 1012; x_wconf 78' lang='lat' dir='ltr'><strong>Contra</strong></span> <span class='ocrx_word' id='word_1_55' title='bbox 1391 964 1576 1025; x_wconf 90' lang='lat' dir='ltr'><strong>portas</strong></span> <span class='ocrx_word' id='word_1_56' title='bbox 1609 969 1752 1012; x_wconf 88' lang='lat' dir='ltr'><strong>mor-</strong></span> 
     </span>
    </p>
   </div>
   <div class='ocr_carea' id='block_1_10' title="bbox 181 1038 1754 1117">
    <p class='ocr_par' dir='ltr' id='par_1_10' title="bbox 181 1038 1754 1117">
     <span class='ocr_line' id='line_1_10' title="bbox 181 1038 1754 1117; baseline 0.004 -22"><span class='ocrx_word' id='word_1_57' title='bbox 181 1039 278 1096; x_wconf 86' lang='lat' dir='ltr'><strong>tis.</strong></span> <span class='ocrx_word' id='word_1_58' title='bbox 317 1038 496 1096; x_wconf 75' lang='lat' dir='ltr'><strong>Porta:</strong></span> <span class='ocrx_word' id='word_1_59' title='bbox 542 1041 814 1098; x_wconf 64' lang='grc' dir='ltr'>αισι-παίει</span> <span class='ocrx_word' id='word_1_60' title='bbox 839 1060 858 1100; x_wconf 86' lang='lat'><strong><em>:</em></strong></span> <span class='ocrx_word' id='word_1_61' title='bbox 886 1045 1064 1102; x_wconf 87' lang='lat' dir='ltr'><strong>omnis</strong></span> <span class='ocrx_word' id='word_1_62' title='bbox 1099 1046 1270 1116; x_wconf 85' lang='lat' dir='ltr'><strong>gratia</strong></span> <span class='ocrx_word' id='word_1_63' title='bbox 1315 1061 1456 1117; x_wconf 67' lang='lat' dir='ltr'><strong>quae,</strong></span> <span class='ocrx_word' id='word_1_64' title='bbox 1506 1046 1754 1103; x_wconf 80' lang='lat' dir='ltr'><strong>veniente</strong></span> 
     </span>
    </p>
   </div>
   <div class='ocr_carea' id='block_1_11' title="bbox 182 1127 700 1197">
    <p class='ocr_par' dir='ltr' id='par_1_11' title="bbox 182 1127 700 1197">
     <span class='ocr_line' id='line_1_11' title="bbox 182 1127 700 1197; baseline 0 -9"><span class='ocrx_word' id='word_1_65' title='bbox 182 1127 422 1197; x_wconf 75' lang='lat' dir='ltr'><strong>Christo,</strong></span> <span class='ocrx_word' id='word_1_66' title='bbox 447 1132 572 1188; x_wconf 87' lang='lat' dir='ltr'><strong>data</strong></span> <span class='ocrx_word' id='word_1_67' title='bbox 597 1142 700 1190; x_wconf 90' lang='lat' dir='ltr'><strong>est.</strong></span> 
     </span>
    </p>
   </div>
   <div class='ocr_carea' id='block_1_12' title="bbox 256 1223 1752 1301">
    <p class='ocr_par' dir='ltr' id='par_1_12' title="bbox 256 1223 1752 1301">
     <span class='ocr_line' id='line_1_12' title="bbox 256 1223 1752 1301; baseline 0.006 -23"><span class='ocrx_word' id='word_1_68' title='bbox 256 1223 420 1278; x_wconf 74' lang='lat' dir='ltr'><strong>Vsus.</strong></span> <span class='ocrx_word' id='word_1_69' title='bbox 456 1225 510 1280; x_wconf 91' lang='lat'><strong>8.</strong></span> <span class='ocrx_word' id='word_1_70' title='bbox 549 1254 620 1264; x_wconf 97' lang='lat'><strong>—</strong></span> <span class='ocrx_word' id='word_1_71' title='bbox 645 1225 775 1292; x_wconf 86' lang='lat' dir='ltr'><strong>Quis</strong></span> <span class='ocrx_word' id='word_1_72' title='bbox 829 1229 953 1284; x_wconf 77' lang='lat' dir='ltr'><strong>est?</strong></span> <span class='ocrx_word' id='word_1_73' title='bbox 997 1228 1311 1301; x_wconf 72' lang='lat' dir='ltr'><strong>interrogat.</strong></span> <span class='ocrx_word' id='word_1_74' title='bbox 1362 1229 1630 1300; x_wconf 81' lang='lat' dir='ltr'><strong>Propheta</strong></span> <span class='ocrx_word' id='word_1_75' title='bbox 1684 1231 1752 1287; x_wconf 92' lang='lat' dir='ltr'><strong>ad</strong></span> 
     </span>
    </p>
   </div>
   <div class='ocr_carea' id='block_1_13' title="bbox 179 1314 1752 1394">
    <p class='ocr_par' dir='ltr' id='par_1_13' title="bbox 179 1314 1752 1394">
     <span class='ocr_line' id='line_1_13' title="bbox 179 1314 1752 1394; baseline 0.007 -24"><span class='ocrx_word' id='word_1_76' title='bbox 179 1314 606 1372; x_wconf 90' lang='lat' dir='ltr'><strong>convincendam</strong></span> <span class='ocrx_word' id='word_1_77' title='bbox 644 1316 949 1376; x_wconf 71' lang='lat' dir='ltr'><strong>Judteorum</strong></span> <span class='ocrx_word' id='word_1_78' title='bbox 991 1321 1293 1391; x_wconf 88' lang='lat' dir='ltr'><strong>perﬁdiam,</strong></span> <span class='ocrx_word' id='word_1_79' title='bbox 1323 1329 1380 1377; x_wconf 90' lang='lat' dir='ltr'><strong>et</strong></span> <span class='ocrx_word' id='word_1_80' title='bbox 1419 1330 1478 1378; x_wconf 87' lang='lat' dir='ltr'><strong>ut</strong></span> <span class='ocrx_word' id='word_1_81' title='bbox 1523 1322 1752 1394; x_wconf 86' lang='lat' dir='ltr'><strong>amplius</strong></span> 
     </span>
    </p>
   </div>
   <div class='ocr_carea' id='block_1_14' title="bbox 180 1409 1213 1467">
    <p class='ocr_par' dir='ltr' id='par_1_14' title="bbox 180 1409 1213 1467">
     <span class='ocr_line' id='line_1_14' title="bbox 180 1409 1213 1467; baseline 0.003 -5"><span class='ocrx_word' id='word_1_82' title='bbox 180 1421 308 1462; x_wconf 90' lang='lat' dir='ltr'><strong>eum</strong></span> <span class='ocrx_word' id='word_1_83' title='bbox 345 1409 824 1466; x_wconf 88' lang='lat' dir='ltr'><strong>commmendando</strong></span> <span class='ocrx_word' id='word_1_84' title='bbox 849 1411 982 1466; x_wconf 89' lang='lat' dir='ltr'><strong>alios</strong></span> <span class='ocrx_word' id='word_1_85' title='bbox 1011 1412 1213 1467; x_wconf 79' lang='lat' dir='ltr'><strong>invitet.</strong></span> 
     </span>
    </p>
   </div>
   <div class='ocr_carea' id='block_1_15' title="bbox 253 1489 1752 1575">
    <p class='ocr_par' dir='ltr' id='par_1_15' title="bbox 253 1489 1752 1575">
     <span class='ocr_line' id='line_1_15' title="bbox 253 1489 1752 1575; baseline 0.007 -22"><span class='ocrx_word' id='word_1_86' title='bbox 253 1499 421 1554; x_wconf 71' lang='lat' dir='ltr'><strong>Vnus.</strong></span> <span class='ocrx_word' id='word_1_87' title='bbox 448 1489 533 1555; x_wconf 84' lang='grc' dir='ltr'><strong>1ο.</strong></span> <span class='ocrx_word' id='word_1_88' title='bbox 563 1532 633 1542; x_wconf 93' lang='grc'><strong><em>-</em></strong></span> <span class='ocrx_word' id='word_1_89' title='bbox 661 1501 914 1559; x_wconf 85' lang='lat' dir='ltr'><strong>Dominus</strong></span> <span class='ocrx_word' id='word_1_90' title='bbox 944 1504 1095 1574; x_wconf 77' lang='lat' dir='ltr'><strong>fortis</strong></span> <span class='ocrx_word' id='word_1_91' title='bbox 1122 1519 1218 1575; x_wconf 86' lang='lat' dir='ltr'><strong>per</strong></span> <span class='ocrx_word' id='word_1_92' title='bbox 1243 1505 1466 1562; x_wconf 78' lang='lat' dir='ltr'><strong>virtutes</strong></span> <span class='ocrx_word' id='word_1_93' title='bbox 1495 1508 1752 1564; x_wconf 88' lang='lat' dir='ltr'><strong>describi-</strong></span> 
     </span>
    </p>
   </div>
   <div class='ocr_carea' id='block_1_16' title="bbox 181 1593 1748 1670">
    <p class='ocr_par' dir='ltr' id='par_1_16' title="bbox 181 1593 1748 1670">
     <span class='ocr_line' id='line_1_16' title="bbox 181 1593 1748 1670; baseline 0.006 -23"><span class='ocrx_word' id='word_1_94' title='bbox 181 1599 278 1648; x_wconf 87' lang='lat' dir='ltr'><strong>tur</strong></span> <span class='ocrx_word' id='word_1_95' title='bbox 305 1593 461 1664; x_wconf 87' lang='lat' dir='ltr'><strong>quasi</strong></span> <span class='ocrx_word' id='word_1_96' title='bbox 505 1593 726 1666; x_wconf 86' lang='lat' dir='ltr'><strong>proprio</strong></span> <span class='ocrx_word' id='word_1_97' title='bbox 751 1595 991 1654; x_wconf 86' lang='lat' dir='ltr'><strong>nomine.</strong></span> <span class='ocrx_word' id='word_1_98' title='bbox 1035 1594 1236 1664; x_wconf 83' lang='lat' dir='ltr'><strong>Fortis,</strong></span> <span class='ocrx_word' id='word_1_99' title='bbox 1282 1596 1462 1670; x_wconf 81' lang='lat' dir='ltr'><strong>(Auo.)</strong></span> <span class='ocrx_word' id='word_1_100' title='bbox 1497 1600 1600 1656; x_wconf 85' lang='lat' dir='ltr'><strong>etsi</strong></span> <span class='ocrx_word' id='word_1_101' title='bbox 1624 1615 1748 1658; x_wconf 91' lang='lat' dir='ltr'><strong>cum</strong></span> 
     </span>
    </p>
   </div>
   <div class='ocr_carea' id='block_1_17' title="bbox 179 1683 644 1758">
    <p class='ocr_par' dir='ltr' id='par_1_17' title="bbox 179 1683 644 1758">
     <span class='ocr_line' id='line_1_17' title="bbox 179 1683 644 1758; baseline 0.006 -19"><span class='ocrx_word' id='word_1_102' title='bbox 179 1683 376 1757; x_wconf 82' lang='lat' dir='ltr'><strong>gladiis</strong></span> <span class='ocrx_word' id='word_1_103' title='bbox 404 1687 644 1758; x_wconf 82' lang='lat' dir='ltr'><strong>cepistis.</strong></span> 
     </span>
    </p>
   </div>
   <div class='ocr_carea' id='block_1_18' title="bbox 252 1777 1146 1842">
    <p class='ocr_par' dir='ltr' id='par_1_18' title="bbox 252 1777 1146 1842">
     <span class='ocr_line' id='line_1_18' title="bbox 252 1777 1146 1842; baseline 0 -9"><span class='ocrx_word' id='word_1_104' title='bbox 252 1778 464 1842; x_wconf 80' lang='lat' dir='ltr'><strong>Palem,</strong></span> <span class='ocrx_word' id='word_1_105' title='bbox 496 1778 599 1834; x_wconf 84' lang='lat' dir='ltr'><strong>etsi</strong></span> <span class='ocrx_word' id='word_1_106' title='bbox 627 1777 802 1835; x_wconf 86' lang='lat' dir='ltr'><strong>Pilato</strong></span> <span class='ocrx_word' id='word_1_107' title='bbox 829 1779 1146 1836; x_wconf 85' lang='lat' dir='ltr'><strong>tradidistis.</strong></span> 
     </span>
    </p>
   </div>
   <div class='ocr_carea' id='block_1_19' title="bbox 1855 589 2266 658">
    <p class='ocr_par' dir='ltr' id='par_1_19' title="bbox 1855 589 2266 658">
     <span class='ocr_line' id='line_1_19' title="bbox 1855 589 2266 658; baseline 0 -15"><span class='ocrx_word' id='word_1_108' title='bbox 1855 589 1942 644; x_wconf 92' lang='lat' dir='ltr'><strong>via</strong></span> <span class='ocrx_word' id='word_1_109' title='bbox 1982 589 2266 658; x_wconf 80' lang='lat' dir='ltr'><strong>aequitatis.</strong></span> 
     </span>
    </p>
   </div>
   <div class='ocr_carea' id='block_1_20' title="bbox 1921 677 3424 752">
    <p class='ocr_par' dir='ltr' id='par_1_20' title="bbox 1921 677 3424 752">
     <span class='ocr_line' id='line_1_20' title="bbox 1921 677 3424 752; baseline 0.004 -20"><span class='ocrx_word' id='word_1_110' title='bbox 1921 677 2237 736; x_wconf 70' lang='lat' dir='ltr'><strong>Iuventutis.</strong></span> <span class='ocrx_word' id='word_1_111' title='bbox 2270 679 2387 738; x_wconf 82' lang='lat' dir='ltr'><strong>Non</strong></span> <span class='ocrx_word' id='word_1_112' title='bbox 2405 695 2504 751; x_wconf 82' lang='lat' dir='ltr'><strong>pro</strong></span> <span class='ocrx_word' id='word_1_113' title='bbox 2527 687 2708 748; x_wconf 80' lang='lat' dir='ltr'><strong>aetate,</strong></span> <span class='ocrx_word' id='word_1_114' title='bbox 2739 680 2833 736; x_wconf 88' lang='lat' dir='ltr'><strong>sed</strong></span> <span class='ocrx_word' id='word_1_115' title='bbox 2859 695 2958 752; x_wconf 85' lang='lat' dir='ltr'><strong>pro</strong></span> <span class='ocrx_word' id='word_1_116' title='bbox 2985 681 3424 752; x_wconf 67' lang='lat' dir='ltr'><strong>prmcipitationis</strong></span> 
     </span>
    </p>
   </div>
   <div class='ocr_carea' id='block_1_21' title="bbox 1853 773 3420 846">
    <p class='ocr_par' dir='ltr' id='par_1_21' title="bbox 1853 773 3420 846">
     <span class='ocr_line' id='line_1_21' title="bbox 1853 773 3420 846; baseline 0.001 -18"><span class='ocrx_word' id='word_1_117' title='bbox 1853 773 2104 844; x_wconf 83' lang='lat' dir='ltr'><strong>audacia,</strong></span> <span class='ocrx_word' id='word_1_118' title='bbox 2129 787 2252 845; x_wconf 64' lang='lat' dir='ltr'><strong>qua</strong></span> <span class='ocrx_word' id='word_1_119' title='bbox 2286 782 2371 834; x_wconf 85' lang='lat' dir='ltr'><strong>est</strong></span> <span class='ocrx_word' id='word_1_120' title='bbox 2393 782 2542 844; x_wconf 85' lang='lat' dir='ltr'><strong>tunc,</strong></span> <span class='ocrx_word' id='word_1_121' title='bbox 2577 788 2702 846; x_wconf 78' lang='lat' dir='ltr'><strong>cum</strong></span> <span class='ocrx_word' id='word_1_122' title='bbox 2727 773 2876 830; x_wconf 89' lang='lat' dir='ltr'><strong>calor</strong></span> <span class='ocrx_word' id='word_1_123' title='bbox 2905 773 3070 830; x_wconf 86' lang='lat' dir='ltr'><strong>animi</strong></span> <span class='ocrx_word' id='word_1_124' title='bbox 3100 773 3420 830; x_wconf 88' lang='lat' dir='ltr'><strong>modestiam</strong></span> 
     </span>
    </p>
   </div>
   <div class='ocr_carea' id='block_1_22' title="bbox 1851 851 2608 920">
    <p class='ocr_par' dir='ltr' id='par_1_22' title="bbox 1851 851 2608 920">
     <span class='ocr_line' id='line_1_22' title="bbox 1851 851 2608 920; baseline 0.001 0"><span class='ocrx_word' id='word_1_125' title='bbox 1851 864 2083 920; x_wconf 81' lang='lat' dir='ltr'><strong>excedit.</strong></span> <span class='ocrx_word' id='word_1_126' title='bbox 2601 851 2608 856; x_wconf 59' lang='grc'><em>’</em></span> 
     </span>
    </p>
   </div>
   <div class='ocr_carea' id='block_1_23' title="bbox 1922 953 3417 1030">
    <p class='ocr_par' dir='ltr' id='par_1_23' title="bbox 1922 953 3417 1030">
     <span class='ocr_line' id='line_1_23' title="bbox 1922 953 3417 1030; baseline 0.001 -22"><span class='ocrx_word' id='word_1_127' title='bbox 1922 954 2276 1026; x_wconf 83' lang='lat' dir='ltr'><strong>Ignorantias.</strong></span> <span class='ocrx_word' id='word_1_128' title='bbox 2291 953 2540 1010; x_wconf 82' lang='lat' dir='ltr'><strong>Facimus</strong></span> <span class='ocrx_word' id='word_1_129' title='bbox 2557 969 2624 1010; x_wconf 91' lang='lat' dir='ltr'><strong>ea</strong></span> <span class='ocrx_word' id='word_1_130' title='bbox 2641 969 2762 1024; x_wconf 64' lang='lat' dir='ltr'><strong>quae</strong></span> <span class='ocrx_word' id='word_1_131' title='bbox 2779 953 2916 1010; x_wconf 89' lang='lat' dir='ltr'><strong>mala</strong></span> <span class='ocrx_word' id='word_1_132' title='bbox 2927 968 3044 1010; x_wconf 87' lang='lat' dir='ltr'><strong>esse</strong></span> <span class='ocrx_word' id='word_1_133' title='bbox 3065 968 3172 1030; x_wconf 86' lang='lat' dir='ltr'><strong>non</strong></span> <span class='ocrx_word' id='word_1_134' title='bbox 3199 955 3417 1011; x_wconf 89' lang='lat' dir='ltr'><strong>scimus.</strong></span> 
     </span>
    </p>
   </div>
   <div class='ocr_carea' id='block_1_24' title="bbox 1851 1045 3415 1122">
    <p class='ocr_par' dir='ltr' id='par_1_24' title="bbox 1851 1045 3415 1122">
     <span class='ocr_line' id='line_1_24' title="bbox 1851 1045 3415 1122; baseline -0.001 -19"><span class='ocrx_word' id='word_1_135' title='bbox 1851 1047 1953 1103; x_wconf 92' lang='lat' dir='ltr'><strong>Vel</strong></span> <span class='ocrx_word' id='word_1_136' title='bbox 1993 1047 2183 1104; x_wconf 90' lang='lat' dir='ltr'><strong>delicta</strong></span> <span class='ocrx_word' id='word_1_137' title='bbox 2219 1047 2534 1116; x_wconf 70' lang='lat' dir='ltr'><strong>ignorantia:</strong></span> <span class='ocrx_word' id='word_1_138' title='bbox 2561 1045 2614 1101; x_wconf 90' lang='lat' dir='ltr'><strong>in</strong></span> <span class='ocrx_word' id='word_1_139' title='bbox 2645 1045 2904 1118; x_wconf 85' lang='lat' dir='ltr'><strong>parvulis,</strong></span> <span class='ocrx_word' id='word_1_140' title='bbox 2936 1046 3027 1116; x_wconf 75' lang='lat' dir='ltr'><strong>qui</strong></span> <span class='ocrx_word' id='word_1_141' title='bbox 3058 1045 3140 1104; x_wconf 85' lang='lat' dir='ltr'><strong>vel</strong></span> <span class='ocrx_word' id='word_1_142' title='bbox 3167 1046 3415 1122; x_wconf 87' lang='lat' dir='ltr'><strong>originali</strong></span> 
     </span>
    </p>
   </div>
   <div class='ocr_carea' id='block_1_25' title="bbox 1849 1150 3050 1215">
    <p class='ocr_par' dir='ltr' id='par_1_25' title="bbox 1849 1150 3050 1215">
     <span class='ocr_line' id='line_1_25' title="bbox 1849 1150 3050 1215; baseline -0.008 -16"><span class='ocrx_word' id='word_1_143' title='bbox 1849 1151 2076 1215; x_wconf 83' lang='lat' dir='ltr'><strong>peccato</strong></span> <span class='ocrx_word' id='word_1_144' title='bbox 2103 1150 2372 1210; x_wconf 85' lang='lat' dir='ltr'><strong>tenentur.</strong></span> <span class='ocrx_word' id='word_1_145' title='bbox 2503 1205 2508 1210; x_wconf 27' lang='grc' dir='ltr'><strong>ε</strong></span> <span class='ocrx_word' id='word_1_146' title='bbox 3045 1197 3050 1200; x_wconf 95' lang='lat'><em>_</em></span> 
     </span>
    </p>
   </div>
   <div class='ocr_carea' id='block_1_26' title="bbox 1923 1229 3424 1304">
    <p class='ocr_par' dir='ltr' id='par_1_26' title="bbox 1923 1229 3424 1304">
     <span class='ocr_line' id='line_1_26' title="bbox 1923 1229 3424 1304; baseline 0.001 -18"><span class='ocrx_word' id='word_1_147' title='bbox 1923 1232 2126 1304; x_wconf 71' lang='grc' dir='ltr'><strong>(Ηιεκ.)</strong></span> <span class='ocrx_word' id='word_1_148' title='bbox 2153 1229 2479 1287; x_wconf 86' lang='lat' dir='ltr'><strong>Juventutis.</strong></span> <span class='ocrx_word' id='word_1_149' title='bbox 2512 1229 2815 1302; x_wconf 82' lang='lat' dir='ltr'><strong>Antequam</strong></span> <span class='ocrx_word' id='word_1_150' title='bbox 2839 1229 2906 1286; x_wconf 87' lang='lat' dir='ltr'><strong>de</strong></span> <span class='ocrx_word' id='word_1_151' title='bbox 2929 1229 3088 1286; x_wconf 90' lang='lat' dir='ltr'><strong>domo</strong></span> <span class='ocrx_word' id='word_1_152' title='bbox 3121 1231 3294 1304; x_wconf 86' lang='lat' dir='ltr'><strong>patris</strong></span> <span class='ocrx_word' id='word_1_153' title='bbox 3322 1231 3424 1288; x_wconf 88' lang='lat' dir='ltr'><strong>ini-</strong></span> 
     </span>
    </p>
   </div>
   <div class='ocr_carea' id='block_1_27' title="bbox 1851 1326 2192 1398">
    <p class='ocr_par' dir='ltr' id='par_1_27' title="bbox 1851 1326 2192 1398">
     <span class='ocr_line' id='line_1_27' title="bbox 1851 1326 2192 1398; baseline -0.006 -16"><span class='ocrx_word' id='word_1_154' title='bbox 1851 1327 1943 1398; x_wconf 90' lang='lat' dir='ltr'><strong>qui</strong></span> <span class='ocrx_word' id='word_1_155' title='bbox 1970 1326 2192 1382; x_wconf 82' lang='lat' dir='ltr'><strong>exirem.</strong></span> 
     </span>
    </p>
   </div>
   <div class='ocr_carea' id='block_1_28' title="bbox 1922 1407 3426 1491">
    <p class='ocr_par' dir='ltr' id='par_1_28' title="bbox 1922 1407 3426 1491">
     <span class='ocr_line' id='line_1_28' title="bbox 1922 1407 3426 1491; baseline -0.001 -16"><span class='ocrx_word' id='word_1_156' title='bbox 1922 1421 2184 1475; x_wconf 78' lang='lat' dir='ltr'><strong>Memento</strong></span> <span class='ocrx_word' id='word_1_157' title='bbox 2206 1419 2328 1485; x_wconf 89' lang='lat' dir='ltr'><strong>mei,</strong></span> <span class='ocrx_word' id='word_1_158' title='bbox 2351 1427 2429 1473; x_wconf 91' lang='lat' dir='ltr'><strong>tu.</strong></span> <span class='ocrx_word' id='word_1_159' title='bbox 2453 1407 2813 1491; x_wconf 73' lang='lat' dir='ltr'><strong>(Auo.)CUjus</strong></span> <span class='ocrx_word' id='word_1_160' title='bbox 2832 1433 2965 1490; x_wconf 91' lang='lat' dir='ltr'><strong>opus</strong></span> <span class='ocrx_word' id='word_1_161' title='bbox 2993 1425 3075 1474; x_wconf 90' lang='lat' dir='ltr'><strong>est</strong></span> <span class='ocrx_word' id='word_1_162' title='bbox 3099 1417 3345 1474; x_wconf 85' lang='lat' dir='ltr'><strong>misereri</strong></span> <span class='ocrx_word' id='word_1_163' title='bbox 3368 1425 3426 1476; x_wconf 88' lang='lat' dir='ltr'><strong>et</strong></span> 
     </span>
    </p>
   </div>
   <div class='ocr_carea' id='block_1_29' title="bbox 1849 1509 2384 1582">
    <p class='ocr_par' dir='ltr' id='par_1_29' title="bbox 1849 1509 2384 1582">
     <span class='ocr_line' id='line_1_29' title="bbox 1849 1509 2384 1582; baseline -0.004 -18"><span class='ocrx_word' id='word_1_164' title='bbox 1849 1518 2069 1582; x_wconf 89' lang='lat' dir='ltr'><strong>peccata</strong></span> <span class='ocrx_word' id='word_1_165' title='bbox 2096 1509 2384 1564; x_wconf 86' lang='lat' dir='ltr'><strong>dimittere.</strong></span> 
     </span>
    </p>
   </div>
   <div class='ocr_carea' id='block_1_30' title="bbox 1922 1594 3423 1668">
    <p class='ocr_par' dir='ltr' id='par_1_30' title="bbox 1922 1594 3423 1668">
     <span class='ocr_line' id='line_1_30' title="bbox 1922 1594 3423 1668; baseline -0.001 -14"><span class='ocrx_word' id='word_1_166' title='bbox 1922 1599 2221 1654; x_wconf 85' lang='lat' dir='ltr'><strong>Secundum</strong></span> <span class='ocrx_word' id='word_1_167' title='bbox 2237 1597 2666 1652; x_wconf 85' lang='lat' dir='ltr'><strong>misericordiam.</strong></span> <span class='ocrx_word' id='word_1_168' title='bbox 2690 1594 2746 1651; x_wconf 80' lang='lat' dir='ltr'><strong>Id</strong></span> <span class='ocrx_word' id='word_1_169' title='bbox 2771 1605 2876 1661; x_wconf 92' lang='lat' dir='ltr'><strong>est,</strong></span> <span class='ocrx_word' id='word_1_170' title='bbox 2907 1596 3080 1668; x_wconf 89' lang='lat' dir='ltr'><strong>ampla</strong></span> <span class='ocrx_word' id='word_1_171' title='bbox 3105 1607 3186 1652; x_wconf 86' lang='lat' dir='ltr'><strong>est</strong></span> <span class='ocrx_word' id='word_1_172' title='bbox 3216 1597 3423 1654; x_wconf 85' lang='lat' dir='ltr'><strong>miseri-</strong></span> 
     </span>
    </p>
   </div>
   <div class='ocr_carea' id='block_1_31' title="bbox 1850 1688 3417 1761">
    <p class='ocr_par' dir='ltr' id='par_1_31' title="bbox 1850 1688 3417 1761">
     <span class='ocr_line' id='line_1_31' title="bbox 1850 1688 3417 1761; baseline -0.003 -13"><span class='ocrx_word' id='word_1_173' title='bbox 1850 1691 2033 1748; x_wconf 84' lang='lat' dir='ltr'><strong>cordia</strong></span> <span class='ocrx_word' id='word_1_174' title='bbox 2065 1698 2174 1744; x_wconf 90' lang='lat' dir='ltr'><strong>tua.</strong></span> <span class='ocrx_word' id='word_1_175' title='bbox 2205 1688 2568 1744; x_wconf 82' lang='lat' dir='ltr'><strong>Misericordia</strong></span> <span class='ocrx_word' id='word_1_176' title='bbox 2601 1703 2727 1760; x_wconf 91' lang='lat' dir='ltr'><strong>erga</strong></span> <span class='ocrx_word' id='word_1_177' title='bbox 2760 1688 3006 1754; x_wconf 87' lang='lat' dir='ltr'><strong>miseros,</strong></span> <span class='ocrx_word' id='word_1_178' title='bbox 3037 1689 3250 1744; x_wconf 81' lang='lat' dir='ltr'><strong>bonitas</strong></span> <span class='ocrx_word' id='word_1_179' title='bbox 3287 1704 3417 1761; x_wconf 84' lang='lat' dir='ltr'><strong>erga</strong></span> 
     </span>
    </p>
   </div>
   <div class='ocr_carea' id='block_1_32' title="bbox 1850 1773 3421 1852">
    <p class='ocr_par' dir='ltr' id='par_1_32' title="bbox 1850 1773 3421 1852">
     <span class='ocr_line' id='line_1_32' title="bbox 1850 1773 3421 1852; baseline -0.001 -16"><span class='ocrx_word' id='word_1_180' title='bbox 1850 1780 2135 1852; x_wconf 90' lang='lat' dir='ltr'><strong>quoslibet.</strong></span> <span class='ocrx_word' id='word_1_181' title='bbox 2181 1773 2333 1834; x_wconf 86' lang='lat' dir='ltr'><strong>Facit</strong></span> <span class='ocrx_word' id='word_1_182' title='bbox 2371 1787 2546 1832; x_wconf 91' lang='lat' dir='ltr'><strong>autem</strong></span> <span class='ocrx_word' id='word_1_183' title='bbox 2595 1778 2736 1833; x_wconf 87' lang='lat' dir='ltr'><strong>Deus</strong></span> <span class='ocrx_word' id='word_1_184' title='bbox 2785 1777 2985 1833; x_wconf 88' lang='lat' dir='ltr'><strong>bonum</strong></span> <span class='ocrx_word' id='word_1_185' title='bbox 3031 1787 3085 1832; x_wconf 88' lang='lat' dir='ltr'><strong>et</strong></span> <span class='ocrx_word' id='word_1_186' title='bbox 3125 1795 3155 1833; x_wconf 90' lang='lat' dir='ltr'><strong>a</strong></span> <span class='ocrx_word' id='word_1_187' title='bbox 3207 1779 3421 1835; x_wconf 86' lang='lat' dir='ltr'><strong>miseris</strong></span> 
     </span>
    </p>
   </div>
   <div class='ocr_carea' id='block_1_33' title="bbox 251 1866 3420 1946">
    <p class='ocr_par' dir='ltr' id='par_1_33' title="bbox 251 1866 3420 1946">
     <span class='ocr_line' id='line_1_33' title="bbox 251 1866 3420 1946; baseline 0.001 -24"><span class='ocrx_word' id='word_1_188' title='bbox 251 1866 446 1926; x_wconf 78' lang='lat' dir='ltr'><strong>Potens</strong></span> <span class='ocrx_word' id='word_1_189' title='bbox 473 1870 531 1926; x_wconf 91' lang='lat' dir='ltr'><strong>in</strong></span> <span class='ocrx_word' id='word_1_190' title='bbox 559 1870 763 1941; x_wconf 70' lang='lat' dir='ltr'><strong>prwlio,</strong></span> <span class='ocrx_word' id='word_1_191' title='bbox 791 1887 860 1928; x_wconf 89' lang='lat' dir='ltr'><strong>ne</strong></span> <span class='ocrx_word' id='word_1_192' title='bbox 905 1873 958 1926; x_wconf 89' lang='lat' dir='ltr'><strong>in</strong></span> <span class='ocrx_word' id='word_1_193' title='bbox 1000 1886 1178 1944; x_wconf 86' lang='lat' dir='ltr'><strong>pugna</strong></span> <span class='ocrx_word' id='word_1_194' title='bbox 1201 1887 1298 1928; x_wconf 92' lang='lat' dir='ltr'><strong>vos</strong></span> <span class='ocrx_word' id='word_1_195' title='bbox 1325 1887 1608 1944; x_wconf 84' lang='lat' dir='ltr'><strong>superasse</strong></span> <span class='ocrx_word' id='word_1_196' title='bbox 1641 1890 1742 1945; x_wconf 89' lang='lat' dir='ltr'><strong>pn-</strong></span> <span class='ocrx_word' id='word_1_197' title='bbox 1770 1877 1822 1940; x_wconf 88' lang='lat' dir='ltr'><strong>B</strong></span> <span class='ocrx_word' id='word_1_198' title='bbox 1845 1872 2193 1946; x_wconf 87' lang='lat' dir='ltr'><strong>imploratus,</strong></span> <span class='ocrx_word' id='word_1_199' title='bbox 2233 1879 2288 1926; x_wconf 92' lang='lat' dir='ltr'><strong>et</strong></span> <span class='ocrx_word' id='word_1_200' title='bbox 2329 1867 2568 1925; x_wconf 85' lang='lat' dir='ltr'><strong>bonitate</strong></span> <span class='ocrx_word' id='word_1_201' title='bbox 2613 1869 2804 1924; x_wconf 88' lang='lat' dir='ltr'><strong>ductus</strong></span> <span class='ocrx_word' id='word_1_202' title='bbox 2840 1883 2854 1922; x_wconf 91' lang='lat'><strong>:</strong></span> <span class='ocrx_word' id='word_1_203' title='bbox 2893 1875 3051 1925; x_wconf 87' lang='lat' dir='ltr'><strong>nemo</strong></span> <span class='ocrx_word' id='word_1_204' title='bbox 3095 1869 3268 1928; x_wconf 90' lang='lat' dir='ltr'><strong>bonus</strong></span> <span class='ocrx_word' id='word_1_205' title='bbox 3314 1869 3420 1925; x_wconf 83' lang='lat' dir='ltr'><strong>nisi</strong></span> 
     </span>
    </p>
   </div>
   <div class='ocr_carea' id='block_1_34' title="bbox 175 1959 1745 2042">
    <p class='ocr_par' dir='ltr' id='par_1_34' title="bbox 175 1959 1745 2042">
     <span class='ocr_line' id='line_1_34' title="bbox 175 1959 1745 2042; baseline 0.003 -25"><span class='ocrx_word' id='word_1_206' title='bbox 175 1961 324 2017; x_wconf 84' lang='lat' dir='ltr'><strong>tetis.</strong></span> <span class='ocrx_word' id='word_1_207' title='bbox 362 1959 609 2016; x_wconf 73' lang='lat' dir='ltr'><strong>Virtutes.</strong></span> <span class='ocrx_word' id='word_1_208' title='bbox 643 1961 848 2042; x_wconf 55' lang='lat' dir='ltr'><strong>(illam,</strong></span> <span class='ocrx_word' id='word_1_209' title='bbox 872 1962 1034 2035; x_wconf 79' lang='lat' dir='ltr'><strong>Atto.)</strong></span> <span class='ocrx_word' id='word_1_210' title='bbox 1081 1964 1339 2022; x_wconf 74' lang='lat' dir='ltr'><strong>Ministra:</strong></span> <span class='ocrx_word' id='word_1_211' title='bbox 1380 1966 1745 2036; x_wconf 84' lang='lat' dir='ltr'><strong>praecedentes</strong></span> 
     </span>
    </p>
   </div>
   <div class='ocr_carea' id='block_1_35' title="bbox 173 2051 1742 2118">
    <p class='ocr_par' dir='ltr' id='par_1_35' title="bbox 173 2051 1742 2118">
     <span class='ocr_line' id='line_1_35' title="bbox 173 2051 1742 2118; baseline 0.003 -10"><span class='ocrx_word' id='word_1_212' title='bbox 173 2051 450 2118; x_wconf 78' lang='lat' dir='ltr'><strong>Christum</strong></span> <span class='ocrx_word' id='word_1_213' title='bbox 521 2053 575 2108; x_wconf 91' lang='lat' dir='ltr'><strong>in</strong></span> <span class='ocrx_word' id='word_1_214' title='bbox 636 2055 952 2110; x_wconf 85' lang='lat' dir='ltr'><strong>ascensione</strong></span> <span class='ocrx_word' id='word_1_215' title='bbox 1010 2055 1078 2111; x_wconf 91' lang='lat' dir='ltr'><strong>ad</strong></span> <span class='ocrx_word' id='word_1_216' title='bbox 1132 2054 1266 2110; x_wconf 89' lang='lat' dir='ltr'><strong>alias</strong></span> <span class='ocrx_word' id='word_1_217' title='bbox 1330 2057 1579 2114; x_wconf 64' lang='lat' dir='ltr'><strong>caelestes</strong></span> <span class='ocrx_word' id='word_1_218' title='bbox 1626 2057 1742 2114; x_wconf 90' lang='lat' dir='ltr'><strong>cla-</strong></span> 
     </span>
    </p>
   </div>
   <div class='ocr_carea' id='block_1_36' title="bbox 177 2143 1744 2217">
    <p class='ocr_par' dir='ltr' id='par_1_36' title="bbox 177 2143 1744 2217">
     <span class='ocr_line' id='line_1_36' title="bbox 177 2143 1744 2217; baseline 0.003 -17"><span class='ocrx_word' id='word_1_219' title='bbox 177 2151 352 2209; x_wconf 79' lang='lat' dir='ltr'><strong>mant,</strong></span> <span class='ocrx_word' id='word_1_220' title='bbox 375 2151 437 2199; x_wconf 86' lang='lat' dir='ltr'><strong>ut</strong></span> <span class='ocrx_word' id='word_1_221' title='bbox 460 2144 606 2200; x_wconf 87' lang='lat' dir='ltr'><strong>viam</strong></span> <span class='ocrx_word' id='word_1_222' title='bbox 625 2143 850 2200; x_wconf 89' lang='lat' dir='ltr'><strong>Domino</strong></span> <span class='ocrx_word' id='word_1_223' title='bbox 878 2145 1114 2202; x_wconf 89' lang='lat' dir='ltr'><strong>venienti</strong></span> <span class='ocrx_word' id='word_1_224' title='bbox 1152 2147 1394 2217; x_wconf 89' lang='lat' dir='ltr'><strong>aperiant</strong></span> <span class='ocrx_word' id='word_1_225' title='bbox 1416 2164 1432 2204; x_wconf 87' lang='lat'><strong>:</strong></span> <span class='ocrx_word' id='word_1_226' title='bbox 1457 2163 1576 2217; x_wconf 73' lang='lat' dir='ltr'><strong>qua:</strong></span> <span class='ocrx_word' id='word_1_227' title='bbox 1603 2164 1744 2205; x_wconf 88' lang='lat' dir='ltr'><strong>novo</strong></span> 
     </span>
    </p>
   </div>
   <div class='ocr_carea' id='block_1_37' title="bbox 174 2235 1742 2314">
    <p class='ocr_par' dir='ltr' id='par_1_37' title="bbox 174 2235 1742 2314">
     <span class='ocr_line' id='line_1_37' title="bbox 174 2235 1742 2314; baseline 0.002 -23"><span class='ocrx_word' id='word_1_228' title='bbox 174 2235 439 2306; x_wconf 86' lang='lat' dir='ltr'><strong>mysterio</strong></span> <span class='ocrx_word' id='word_1_229' title='bbox 497 2251 660 2292; x_wconf 91' lang='lat' dir='ltr'><strong>carne</strong></span> <span class='ocrx_word' id='word_1_230' title='bbox 695 2236 872 2291; x_wconf 91' lang='lat' dir='ltr'><strong>induti</strong></span> <span class='ocrx_word' id='word_1_231' title='bbox 925 2237 1259 2308; x_wconf 61' lang='lat' dir='ltr'><strong>stupefactae,</strong></span> <span class='ocrx_word' id='word_1_232' title='bbox 1302 2246 1576 2314; x_wconf 70' lang='lat' dir='ltr'><strong>quaerunt,</strong></span> <span class='ocrx_word' id='word_1_233' title='bbox 1619 2239 1742 2310; x_wconf 85' lang='lat' dir='ltr'><strong>quis</strong></span> 
     </span>
    </p>
   </div>
   <div class='ocr_carea' id='block_1_38' title="bbox 168 2333 299 2396">
    <p class='ocr_par' dir='ltr' id='par_1_38' title="bbox 168 2333 299 2396">
     <span class='ocr_line' id='line_1_38' title="bbox 168 2333 299 2396; baseline -0.008 -8"><span class='ocrx_word' id='word_1_234' title='bbox 168 2333 299 2396; x_wconf 56' lang='lat' dir='ltr'><strong>ostii</strong></span> 
     </span>
    </p>
   </div>
   <div class='ocr_carea' id='block_1_39' title="bbox 243 2420 1742 2499">
    <p class='ocr_par' dir='ltr' id='par_1_39' title="bbox 243 2420 1742 2499">
     <span class='ocr_line' id='line_1_39' title="bbox 243 2420 1742 2499; baseline 0.005 -23"><span class='ocrx_word' id='word_1_235' title='bbox 243 2420 494 2476; x_wconf 81' lang='lat' dir='ltr'><strong>Attollite.</strong></span> <span class='ocrx_word' id='word_1_236' title='bbox 525 2420 725 2494; x_wconf 76' lang='lat' dir='ltr'><strong>(CASS.)</strong></span> <span class='ocrx_word' id='word_1_237' title='bbox 753 2421 1183 2493; x_wconf 84' lang='lat' dir='ltr'><strong>Cougeminatio,</strong></span> <span class='ocrx_word' id='word_1_238' title='bbox 1212 2434 1343 2493; x_wconf 90' lang='lat' dir='ltr'><strong>etc.,</strong></span> <span class='ocrx_word' id='word_1_239' title='bbox 1366 2443 1527 2499; x_wconf 79' lang='lat' dir='ltr'><strong>usque</strong></span> <span class='ocrx_word' id='word_1_240' title='bbox 1555 2428 1623 2482; x_wconf 83' lang='lat' dir='ltr'><strong>ad</strong></span> <span class='ocrx_word' id='word_1_241' title='bbox 1649 2428 1742 2498; x_wconf 91' lang='lat' dir='ltr'><strong>qui</strong></span> 
     </span>
    </p>
   </div>
   <div class='ocr_carea' id='block_1_40' title="bbox 167 2511 1736 2584">
    <p class='ocr_par' dir='ltr' id='par_1_40' title="bbox 167 2511 1736 2584">
     <span class='ocr_line' id='line_1_40' title="bbox 167 2511 1736 2584; baseline 0.004 -16"><span class='ocrx_word' id='word_1_242' title='bbox 167 2511 422 2574; x_wconf 74' lang='lat' dir='ltr'><strong>omnibus</strong></span> <span class='ocrx_word' id='word_1_243' title='bbox 449 2512 635 2568; x_wconf 85' lang='lat' dir='ltr'><strong>omnia</strong></span> <span class='ocrx_word' id='word_1_244' title='bbox 672 2512 767 2578; x_wconf 86' lang='lat' dir='ltr'><strong>dat</strong></span> <span class='ocrx_word' id='word_1_245' title='bbox 795 2513 960 2584; x_wconf 88' lang='lat' dir='ltr'><strong>bona,</strong></span> <span class='ocrx_word' id='word_1_246' title='bbox 989 2515 1074 2571; x_wconf 88' lang='lat' dir='ltr'><strong>vel</strong></span> <span class='ocrx_word' id='word_1_247' title='bbox 1116 2515 1414 2574; x_wconf 77' lang='lat' dir='ltr'><strong>etelestium</strong></span> <span class='ocrx_word' id='word_1_248' title='bbox 1457 2515 1736 2584; x_wconf 87' lang='lat' dir='ltr'><strong>virtutum,</strong></span> 
     </span>
    </p>
   </div>
   <div class='ocr_carea' id='block_1_41' title="bbox 165 2599 707 2676">
    <p class='ocr_par' dir='ltr' id='par_1_41' title="bbox 165 2599 707 2676">
     <span class='ocr_line' id='line_1_41' title="bbox 165 2599 707 2676; baseline -0.004 -16"><span class='ocrx_word' id='word_1_249' title='bbox 165 2599 230 2660; x_wconf 83' lang='lat' dir='ltr'><strong>id</strong></span> <span class='ocrx_word' id='word_1_250' title='bbox 251 2609 358 2670; x_wconf 77' lang='lat' dir='ltr'><strong>est,</strong></span> <span class='ocrx_word' id='word_1_251' title='bbox 377 2601 707 2676; x_wconf 73' lang='lat' dir='ltr'><strong>angelorum.</strong></span> 
     </span>
    </p>
   </div>
   <div class='ocr_carea' id='block_1_42' title="bbox 676 2737 1223 2799">
    <p class='ocr_par' dir='ltr' id='par_1_42' title="bbox 676 2737 1223 2799">
     <span class='ocr_line' id='line_1_42' title="bbox 676 2737 1223 2799; baseline 0.005 -5"><span class='ocrx_word' id='word_1_252' title='bbox 676 2737 998 2798; x_wconf 82' lang='lat' dir='ltr'><strong>PSALMUS</strong></span> <span class='ocrx_word' id='word_1_253' title='bbox 1035 2741 1223 2799; x_wconf 80' lang='lat' dir='ltr'><strong>XXIV.</strong></span> 
     </span>
    </p>
   </div>
   <div class='ocr_carea' id='block_1_43' title="bbox 241 2870 1736 2947">
    <p class='ocr_par' dir='ltr' id='par_1_43' title="bbox 241 2870 1736 2947">
     <span class='ocr_line' id='line_1_43' title="bbox 241 2870 1736 2947; baseline 0.003 -21"><span class='ocrx_word' id='word_1_254' title='bbox 241 2870 400 2930; x_wconf 70' lang='lat' dir='ltr'><strong>Vitas.</strong></span> <span class='ocrx_word' id='word_1_255' title='bbox 432 2871 482 2927; x_wconf 91' lang='grc'><strong>1.</strong></span> <span class='ocrx_word' id='word_1_256' title='bbox 506 2901 578 2912; x_wconf 92' lang='grc'><strong><em>-</em></strong></span> <span class='ocrx_word' id='word_1_257' title='bbox 603 2870 673 2926; x_wconf 88' lang='lat' dir='ltr'><strong>In</strong></span> <span class='ocrx_word' id='word_1_258' title='bbox 700 2872 878 2942; x_wconf 77' lang='lat' dir='ltr'><strong>ﬁnem.</strong></span> <span class='ocrx_word' id='word_1_259' title='bbox 910 2872 1114 2945; x_wconf 75' lang='lat' dir='ltr'><strong>(Hii-1R.)</strong></span> <span class='ocrx_word' id='word_1_260' title='bbox 1147 2873 1245 2930; x_wconf 85' lang='lat' dir='ltr'><strong>Hic</strong></span> <span class='ocrx_word' id='word_1_261' title='bbox 1286 2872 1584 2947; x_wconf 84' lang='lat' dir='ltr'><strong>ﬂagellatus</strong></span> <span class='ocrx_word' id='word_1_262' title='bbox 1622 2889 1736 2945; x_wconf 73' lang='lat' dir='ltr'><strong>pte-</strong></span> 
     </span>
    </p>
   </div>
   <div class='ocr_carea' id='block_1_44' title="bbox 164 2961 1731 3034">
    <p class='ocr_par' dir='ltr' id='par_1_44' title="bbox 164 2961 1731 3034">
     <span class='ocr_line' id='line_1_44' title="bbox 164 2961 1731 3034; baseline 0.003 -16"><span class='ocrx_word' id='word_1_263' title='bbox 164 2961 345 3018; x_wconf 86' lang='lat' dir='ltr'><strong>nitens</strong></span> <span class='ocrx_word' id='word_1_264' title='bbox 381 2963 713 3034; x_wconf 77' lang='lat' dir='ltr'><strong>praeponitur</strong></span> <span class='ocrx_word' id='word_1_265' title='bbox 735 2964 879 3028; x_wconf 91' lang='lat' dir='ltr'><strong>aliis,</strong></span> <span class='ocrx_word' id='word_1_266' title='bbox 910 2981 977 3020; x_wconf 91' lang='lat' dir='ltr'><strong>ne</strong></span> <span class='ocrx_word' id='word_1_267' title='bbox 1006 2975 1340 3021; x_wconf 90' lang='lat' dir='ltr'><strong>murmurent</strong></span> <span class='ocrx_word' id='word_1_268' title='bbox 1368 2966 1423 3020; x_wconf 91' lang='lat' dir='ltr'><strong>in</strong></span> <span class='ocrx_word' id='word_1_269' title='bbox 1452 2965 1692 3022; x_wconf 85' lang='lat' dir='ltr'><strong>adversis</strong></span> <span class='ocrx_word' id='word_1_270' title='bbox 1719 2986 1731 3022; x_wconf 91' lang='lat'><strong>:</strong></span> 
     </span>
    </p>
   </div>
   <div class='ocr_carea' id='block_1_45' title="bbox 163 3054 1736 3128">
    <p class='ocr_par' dir='ltr' id='par_1_45' title="bbox 163 3054 1736 3128">
     <span class='ocr_line' id='line_1_45' title="bbox 163 3054 1736 3128; baseline 0 -18"><span class='ocrx_word' id='word_1_271' title='bbox 163 3055 262 3126; x_wconf 85' lang='lat' dir='ltr'><strong>qui</strong></span> <span class='ocrx_word' id='word_1_272' title='bbox 285 3055 342 3110; x_wconf 90' lang='lat' dir='ltr'><strong>in</strong></span> <span class='ocrx_word' id='word_1_273' title='bbox 372 3071 431 3112; x_wconf 90' lang='lat' dir='ltr'><strong>se</strong></span> <span class='ocrx_word' id='word_1_274' title='bbox 461 3064 713 3128; x_wconf 81' lang='lat' dir='ltr'><strong>expertus</strong></span> <span class='ocrx_word' id='word_1_275' title='bbox 735 3071 833 3126; x_wconf 89' lang='lat' dir='ltr'><strong>per</strong></span> <span class='ocrx_word' id='word_1_276' title='bbox 863 3054 1287 3112; x_wconf 88' lang='lat' dir='ltr'><strong>misericordiam</strong></span> <span class='ocrx_word' id='word_1_277' title='bbox 1317 3056 1611 3124; x_wconf 87' lang='lat' dir='ltr'><strong>blanditur,</strong></span> <span class='ocrx_word' id='word_1_278' title='bbox 1639 3072 1736 3128; x_wconf 90' lang='lat' dir='ltr'><strong>per</strong></span> 
     </span>
    </p>
   </div>
   <div class='ocr_carea' id='block_1_46' title="bbox 157 3142 1720 3218">
    <p class='ocr_par' dir='ltr' id='par_1_46' title="bbox 157 3142 1720 3218">
     <span class='ocr_line' id='line_1_46' title="bbox 157 3142 1720 3218; baseline -0.002 -14"><span class='ocrx_word' id='word_1_279' title='bbox 157 3144 431 3218; x_wconf 72' lang='lat' dir='ltr'><strong>iustitiam</strong></span> <span class='ocrx_word' id='word_1_280' title='bbox 459 3154 644 3204; x_wconf 89' lang='lat' dir='ltr'><strong>terret.</strong></span> <span class='ocrx_word' id='word_1_281' title='bbox 1707 3142 1720 3149; x_wconf 84' lang='grc'><strong>’</strong></span> 
     </span>
    </p>
   </div>
   <div class='ocr_carea' id='block_1_47' title="bbox 1847 1965 3458 2125">
    <p class='ocr_par' dir='ltr' id='par_1_47' title="bbox 1847 1965 3458 2125">
     <span class='ocr_line' id='line_1_47' title="bbox 1847 1965 3458 2125; baseline 0.001 -16"><span class='ocrx_word' id='word_1_282' title='bbox 1847 1965 2080 2108; x_wconf 55' lang='lat' dir='ltr'><strong>Dellius.</strong></span> <span class='ocrx_word' id='word_1_283' title='bbox 2119 2051 2172 2108; x_wconf 90' lang='lat'><strong>8.</strong></span> <span class='ocrx_word' id='word_1_284' title='bbox 2225 2079 2296 2093; x_wconf 88' lang='lat'><em>-</em></span> <span class='ocrx_word' id='word_1_285' title='bbox 2337 2051 2537 2108; x_wconf 79' lang='lat' dir='ltr'><strong>Dulcis.</strong></span> <span class='ocrx_word' id='word_1_286' title='bbox 2573 2051 2693 2123; x_wconf 88' lang='lat' dir='ltr'><strong>(ln.)</strong></span> <span class='ocrx_word' id='word_1_287' title='bbox 2725 2049 2860 2121; x_wconf 87' lang='lat' dir='ltr'><strong>Quia</strong></span> <span class='ocrx_word' id='word_1_288' title='bbox 2906 2005 3102 2108; x_wconf 53' lang='lat' dir='ltr'><strong>omnia.</strong></span> <span class='ocrx_word' id='word_1_289' title='bbox 3119 2053 3301 2125; x_wconf 87' lang='lat' dir='ltr'><strong>priora</strong></span> <span class='ocrx_word' id='word_1_290' title='bbox 3335 2053 3415 2110; x_wconf 86' lang='lat' dir='ltr'><strong>di—</strong></span> <span class='ocrx_word' id='word_1_291' title='bbox 3455 2047 3458 2054; x_wconf 81' lang='grc'><em>’</em></span> 
     </span>
    </p>
   </div>
   <div class='ocr_carea' id='block_1_48' title="bbox 1843 2144 2746 2215">
    <p class='ocr_par' dir='ltr' id='par_1_48' title="bbox 1843 2144 2746 2215">
     <span class='ocr_line' id='line_1_48' title="bbox 1843 2144 2746 2215; baseline -0.004 -13"><span class='ocrx_word' id='word_1_292' title='bbox 1843 2146 2028 2211; x_wconf 89' lang='lat' dir='ltr'><strong>mittit,</strong></span> <span class='ocrx_word' id='word_1_293' title='bbox 2057 2145 2146 2200; x_wconf 91' lang='lat' dir='ltr'><strong>ubi</strong></span> <span class='ocrx_word' id='word_1_294' title='bbox 2175 2144 2346 2215; x_wconf 86' lang='lat' dir='ltr'><strong>gratia</strong></span> <span class='ocrx_word' id='word_1_295' title='bbox 2372 2145 2485 2200; x_wconf 90' lang='lat' dir='ltr'><strong>sine</strong></span> <span class='ocrx_word' id='word_1_296' title='bbox 2519 2145 2746 2201; x_wconf 86' lang='lat' dir='ltr'><strong>meritis.</strong></span> 
     </span>
    </p>
   </div>
   <div class='ocr_carea' id='block_1_49' title="bbox 1916 2235 3414 2308">
    <p class='ocr_par' dir='ltr' id='par_1_49' title="bbox 1916 2235 3414 2308">
     <span class='ocr_line' id='line_1_49' title="bbox 1916 2235 3414 2308; baseline -0.001 -16"><span class='ocrx_word' id='word_1_297' title='bbox 1916 2238 2127 2292; x_wconf 81' lang='lat' dir='ltr'><strong>Rectus.</strong></span> <span class='ocrx_word' id='word_1_298' title='bbox 2155 2236 2291 2305; x_wconf 85' lang='lat' dir='ltr'><strong>Quia</strong></span> <span class='ocrx_word' id='word_1_299' title='bbox 2331 2245 2454 2308; x_wconf 87' lang='lat' dir='ltr'><strong>post</strong></span> <span class='ocrx_word' id='word_1_300' title='bbox 2481 2235 2902 2291; x_wconf 68' lang='lat' dir='ltr'><strong>miseticordiam</strong></span> <span class='ocrx_word' id='word_1_301' title='bbox 2923 2277 2938 2301; x_wconf 93' lang='lat'><strong>,</strong></span> <span class='ocrx_word' id='word_1_302' title='bbox 2983 2243 3116 2302; x_wconf 90' lang='lat' dir='ltr'><strong>etc.,</strong></span> <span class='ocrx_word' id='word_1_303' title='bbox 3150 2252 3311 2306; x_wconf 84' lang='lat' dir='ltr'><strong>usque</strong></span> <span class='ocrx_word' id='word_1_304' title='bbox 3344 2236 3414 2291; x_wconf 84' lang='lat' dir='ltr'><strong>ad</strong></span> 
     </span>
    </p>
   </div>
   <div class='ocr_carea' id='block_1_50' title="bbox 1841 2317 3456 2399">
    <p class='ocr_par' dir='ltr' id='par_1_50' title="bbox 1841 2317 3456 2399">
     <span class='ocr_line' id='line_1_50' title="bbox 1841 2317 3456 2399; baseline -0.002 -13"><span class='ocrx_word' id='word_1_305' title='bbox 1841 2327 2046 2393; x_wconf 79' lang='lat' dir='ltr'><strong>Dulcis,</strong></span> <span class='ocrx_word' id='word_1_306' title='bbox 2073 2329 2198 2399; x_wconf 89' lang='lat' dir='ltr'><strong>quia</strong></span> <span class='ocrx_word' id='word_1_307' title='bbox 2223 2328 2408 2383; x_wconf 85' lang='lat' dir='ltr'><strong>suavia</strong></span> <span class='ocrx_word' id='word_1_308' title='bbox 2433 2328 2554 2392; x_wconf 90' lang='lat' dir='ltr'><strong>dat;</strong></span> <span class='ocrx_word' id='word_1_309' title='bbox 2584 2338 2773 2394; x_wconf 81' lang='lat' dir='ltr'><strong>rectus,</strong></span> <span class='ocrx_word' id='word_1_310' title='bbox 2798 2328 2922 2398; x_wconf 88' lang='lat' dir='ltr'><strong>quia</strong></span> <span class='ocrx_word' id='word_1_311' title='bbox 2949 2328 3190 2398; x_wconf 74' lang='lat' dir='ltr'><strong>corrigit.</strong></span> <span class='ocrx_word' id='word_1_312' title='bbox 3451 2317 3456 2322; x_wconf 60' lang='grc'><em>’</em></span> 
     </span>
    </p>
   </div>
   <div class='ocr_carea' id='block_1_51' title="bbox 1912 2415 3416 2490">
    <p class='ocr_par' dir='ltr' id='par_1_51' title="bbox 1912 2415 3416 2490">
     <span class='ocr_line' id='line_1_51' title="bbox 1912 2415 3416 2490; baseline 0.003 -19"><span class='ocrx_word' id='word_1_313' title='bbox 1912 2416 2134 2489; x_wconf 86' lang='lat' dir='ltr'><strong>Pr0pter</strong></span> <span class='ocrx_word' id='word_1_314' title='bbox 2151 2418 2264 2472; x_wconf 82' lang='lat' dir='ltr'><strong>hoc.</strong></span> <span class='ocrx_word' id='word_1_315' title='bbox 2298 2415 2496 2490; x_wconf 63' lang='lat' dir='ltr'><strong>(Cass)</strong></span> <span class='ocrx_word' id='word_1_316' title='bbox 2529 2415 2664 2484; x_wconf 83' lang='lat' dir='ltr'><strong>Quia</strong></span> <span class='ocrx_word' id='word_1_317' title='bbox 2694 2417 2862 2473; x_wconf 88' lang='lat' dir='ltr'><strong>dulcis</strong></span> <span class='ocrx_word' id='word_1_318' title='bbox 2889 2425 2942 2472; x_wconf 90' lang='lat' dir='ltr'><strong>et</strong></span> <span class='ocrx_word' id='word_1_319' title='bbox 2969 2427 3179 2485; x_wconf 87' lang='lat' dir='ltr'><strong>rectus;</strong></span> <span class='ocrx_word' id='word_1_320' title='bbox 3211 2432 3318 2474; x_wconf 93' lang='lat' dir='ltr'><strong>non</strong></span> <span class='ocrx_word' id='word_1_321' title='bbox 3347 2433 3416 2475; x_wconf 81' lang='lat' dir='ltr'><strong>ex</strong></span> 
     </span>
    </p>
   </div>
   <div class='ocr_carea' id='block_1_52' title="bbox 1840 2507 3454 2578">
    <p class='ocr_par' dir='ltr' id='par_1_52' title="bbox 1840 2507 3454 2578">
     <span class='ocr_line' id='line_1_52' title="bbox 1840 2507 3454 2578; baseline -0.006 -13"><span class='ocrx_word' id='word_1_322' title='bbox 1840 2507 2174 2574; x_wconf 89' lang='lat' dir='ltr'><strong>crudelitate,</strong></span> <span class='ocrx_word' id='word_1_323' title='bbox 2203 2507 2298 2564; x_wconf 87' lang='lat' dir='ltr'><strong>sed</strong></span> <span class='ocrx_word' id='word_1_324' title='bbox 2324 2507 2670 2578; x_wconf 85' lang='lat' dir='ltr'><strong>benignitate.</strong></span> <span class='ocrx_word' id='word_1_325' title='bbox 3449 2517 3454 2526; x_wconf 90' lang='grc'><strong>·</strong></span> 
     </span>
    </p>
   </div>
   <div class='ocr_carea' id='block_1_53' title="bbox 1909 2595 3456 2666">
    <p class='ocr_par' dir='ltr' id='par_1_53' title="bbox 1909 2595 3456 2666">
     <span class='ocr_line' id='line_1_53' title="bbox 1909 2595 3456 2666; baseline 0 -13"><span class='ocrx_word' id='word_1_326' title='bbox 1909 2597 1978 2653; x_wconf 85' lang='lat' dir='ltr'><strong>In</strong></span> <span class='ocrx_word' id='word_1_327' title='bbox 2008 2598 2111 2652; x_wconf 85' lang='lat' dir='ltr'><strong>via.</strong></span> <span class='ocrx_word' id='word_1_328' title='bbox 2139 2598 2196 2652; x_wconf 88' lang='lat' dir='ltr'><strong>ld</strong></span> <span class='ocrx_word' id='word_1_329' title='bbox 2238 2605 2342 2664; x_wconf 89' lang='lat' dir='ltr'><strong>est,</strong></span> <span class='ocrx_word' id='word_1_330' title='bbox 2377 2596 2500 2662; x_wconf 88' lang='lat' dir='ltr'><strong>ﬁde,</strong></span> <span class='ocrx_word' id='word_1_331' title='bbox 2528 2596 2612 2652; x_wconf 87' lang='lat' dir='ltr'><strong>vel</strong></span> <span class='ocrx_word' id='word_1_332' title='bbox 2650 2595 2932 2666; x_wconf 65' lang='lat' dir='ltr'><strong>praeceptis</strong></span> <span class='ocrx_word' id='word_1_333' title='bbox 2965 2596 3080 2651; x_wconf 90' lang='lat' dir='ltr'><strong>Dei.</strong></span> <span class='ocrx_word' id='word_1_334' title='bbox 3104 2595 3202 2652; x_wconf 86' lang='lat' dir='ltr'><strong>Vel</strong></span> <span class='ocrx_word' id='word_1_335' title='bbox 3243 2596 3297 2652; x_wconf 90' lang='lat' dir='ltr'><strong>in</strong></span> <span class='ocrx_word' id='word_1_336' title='bbox 3331 2597 3456 2653; x_wconf 73' lang='lat' dir='ltr'><strong>via‘</strong></span> 
     </span>
    </p>
   </div>
   <div class='ocr_carea' id='block_1_54' title="bbox 1837 2687 3200 2761">
    <p class='ocr_par' dir='ltr' id='par_1_54' title="bbox 1837 2687 3200 2761">
     <span class='ocr_line' id='line_1_54' title="bbox 1837 2687 3200 2761; baseline -0.004 -14"><span class='ocrx_word' id='word_1_337' title='bbox 1837 2689 2000 2761; x_wconf 86' lang='lat' dir='ltr'><strong>hujus</strong></span> <span class='ocrx_word' id='word_1_338' title='bbox 2026 2690 2170 2754; x_wconf 70' lang='lat' dir='ltr'><strong>vitae,</strong></span> <span class='ocrx_word' id='word_1_339' title='bbox 2202 2688 2291 2744; x_wconf 93' lang='lat' dir='ltr'><strong>ubi</strong></span> <span class='ocrx_word' id='word_1_340' title='bbox 2321 2695 2468 2743; x_wconf 87' lang='lat' dir='ltr'><strong>recte</strong></span> <span class='ocrx_word' id='word_1_341' title='bbox 2495 2687 2802 2753; x_wconf 89' lang='lat' dir='ltr'><strong>vivendum,</strong></span> <span class='ocrx_word' id='word_1_342' title='bbox 2835 2687 2984 2742; x_wconf 87' lang='lat' dir='ltr'><strong>dabit</strong></span> <span class='ocrx_word' id='word_1_343' title='bbox 3010 2687 3200 2760; x_wconf 80' lang='lat' dir='ltr'><strong>legem.</strong></span> 
     </span>
    </p>
   </div>
   <div class='ocr_carea' id='block_1_55' title="bbox 1907 2775 3454 2849">
    <p class='ocr_par' dir='ltr' id='par_1_55' title="bbox 1907 2775 3454 2849">
     <span class='ocr_line' id='line_1_55' title="bbox 1907 2775 3454 2849; baseline -0.003 -13"><span class='ocrx_word' id='word_1_344' title='bbox 1907 2779 2073 2836; x_wconf 78' lang='lat' dir='ltr'><strong>Vsus.</strong></span> <span class='ocrx_word' id='word_1_345' title='bbox 2114 2779 2164 2836; x_wconf 87' lang='lat'><strong>9.</strong></span> <span class='ocrx_word' id='word_1_346' title='bbox 2213 2775 2375 2833; x_wconf 85' lang='lat' dir='ltr'><strong>—In</strong></span> <span class='ocrx_word' id='word_1_347' title='bbox 2410 2779 2637 2848; x_wconf 86' lang='lat' dir='ltr'><strong>judicio.</strong></span> <span class='ocrx_word' id='word_1_348' title='bbox 2683 2779 2817 2832; x_wconf 89' lang='lat' dir='ltr'><strong>Dum</strong></span> <span class='ocrx_word' id='word_1_349' title='bbox 2869 2779 3052 2848; x_wconf 92' lang='lat' dir='ltr'><strong>punit,</strong></span> <span class='ocrx_word' id='word_1_350' title='bbox 3103 2777 3296 2849; x_wconf 84' lang='lat' dir='ltr'><strong>diriget</strong></span> <span class='ocrx_word' id='word_1_351' title='bbox 3345 2777 3454 2832; x_wconf 90' lang='lat' dir='ltr'><strong>ad&#39;</strong></span> 
     </span>
    </p>
   </div>
   <div class='ocr_carea' id='block_1_56' title="bbox 1835 2871 3413 2942">
    <p class='ocr_par' dir='ltr' id='par_1_56' title="bbox 1835 2871 3413 2942">
     <span class='ocr_line' id='line_1_56' title="bbox 1835 2871 3413 2942; baseline -0.003 -12"><span class='ocrx_word' id='word_1_352' title='bbox 1835 2872 2081 2930; x_wconf 87' lang='lat' dir='ltr'><strong>meliora.</strong></span> <span class='ocrx_word' id='word_1_353' title='bbox 2113 2871 2220 2928; x_wconf 90' lang='lat' dir='ltr'><strong>Sed</strong></span> <span class='ocrx_word' id='word_1_354' title='bbox 2248 2873 2515 2927; x_wconf 91' lang='lat' dir='ltr'><strong>mansueti</strong></span> <span class='ocrx_word' id='word_1_355' title='bbox 2557 2872 2685 2938; x_wconf 91' lang='lat' dir='ltr'><strong>sint,</strong></span> <span class='ocrx_word' id='word_1_356' title='bbox 2715 2872 2806 2942; x_wconf 90' lang='lat' dir='ltr'><strong>qui</strong></span> <span class='ocrx_word' id='word_1_357' title='bbox 2836 2871 3238 2941; x_wconf 88' lang='lat' dir='ltr'><strong>corripiuntur:</strong></span> <span class='ocrx_word' id='word_1_358' title='bbox 3271 2872 3413 2942; x_wconf 88' lang='lat' dir='ltr'><strong>quod</strong></span> 
     </span>
    </p>
   </div>
   <div class='ocr_carea' id='block_1_57' title="bbox 1835 2963 3413 3032">
    <p class='ocr_par' dir='ltr' id='par_1_57' title="bbox 1835 2963 3413 3032">
     <span class='ocr_line' id='line_1_57' title="bbox 1835 2963 3413 3032; baseline -0.002 -10"><span class='ocrx_word' id='word_1_359' title='bbox 1835 2979 1902 3022; x_wconf 82' lang='lat' dir='ltr'><strong>ex</strong></span> <span class='ocrx_word' id='word_1_360' title='bbox 1933 2964 2064 3020; x_wconf 79' lang='lat' dir='ltr'><strong>feris</strong></span> <span class='ocrx_word' id='word_1_361' title='bbox 2091 2963 2314 3030; x_wconf 90' lang='lat' dir='ltr'><strong>domiti,</strong></span> <span class='ocrx_word' id='word_1_362' title='bbox 2361 2974 2421 3019; x_wconf 90' lang='lat' dir='ltr'><strong>ut</strong></span> <span class='ocrx_word' id='word_1_363' title='bbox 2455 2964 2706 3019; x_wconf 85' lang='lat' dir='ltr'><strong>tolerent.</strong></span> <span class='ocrx_word' id='word_1_364' title='bbox 2748 2963 2884 3032; x_wconf 85' lang='lat' dir='ltr'><strong>Quia</strong></span> <span class='ocrx_word' id='word_1_365' title='bbox 2923 2963 2968 3018; x_wconf 90' lang='lat' dir='ltr'><strong>si</strong></span> <span class='ocrx_word' id='word_1_366' title='bbox 3004 2965 3184 3030; x_wconf 87' lang='lat' dir='ltr'><strong>mites,</strong></span> <span class='ocrx_word' id='word_1_367' title='bbox 3225 2963 3282 3019; x_wconf 92' lang='lat' dir='ltr'><strong>id</strong></span> <span class='ocrx_word' id='word_1_368' title='bbox 3311 2974 3413 3030; x_wconf 91' lang='lat' dir='ltr'><strong>est,</strong></span> 
     </span>
    </p>
   </div>
   <div class='ocr_carea' id='block_1_58' title="bbox 1835 3055 3410 3126">
    <p class='ocr_par' dir='ltr' id='par_1_58' title="bbox 1835 3055 3410 3126">
     <span class='ocr_line' id='line_1_58' title="bbox 1835 3055 3410 3126; baseline 0.001 -16"><span class='ocrx_word' id='word_1_369' title='bbox 1835 3055 1974 3113; x_wconf 88' lang='lat' dir='ltr'><strong>lenis</strong></span> <span class='ocrx_word' id='word_1_370' title='bbox 2017 3058 2180 3112; x_wconf 88' lang='lat' dir='ltr'><strong>animi</strong></span> <span class='ocrx_word' id='word_1_371' title='bbox 2231 3057 2384 3126; x_wconf 89' lang='lat' dir='ltr'><strong>quasi</strong></span> <span class='ocrx_word' id='word_1_372' title='bbox 2431 3056 2750 3110; x_wconf 86' lang='lat' dir='ltr'><strong>naturaliter</strong></span> <span class='ocrx_word' id='word_1_373' title='bbox 2803 3057 2906 3112; x_wconf 81' lang='lat' dir='ltr'><strong>hoc</strong></span> <span class='ocrx_word' id='word_1_374' title='bbox 2957 3055 3218 3112; x_wconf 87' lang='lat' dir='ltr'><strong>habentes</strong></span> <span class='ocrx_word' id='word_1_375' title='bbox 3260 3075 3273 3110; x_wconf 89' lang='lat'><strong>:</strong></span> <span class='ocrx_word' id='word_1_376' title='bbox 3313 3057 3410 3112; x_wconf 82' lang='lat' dir='ltr'><strong>do-</strong></span> 
     </span>
    </p>
   </div>
   <div class='ocr_carea' id='block_1_59' title="bbox 1835 3147 3446 3222">
    <p class='ocr_par' dir='ltr' id='par_1_59' title="bbox 1835 3147 3446 3222">
     <span class='ocr_line' id='line_1_59' title="bbox 1835 3147 3446 3222; baseline -0.002 -17"><span class='ocrx_word' id='word_1_377' title='bbox 1835 3150 1979 3205; x_wconf 91' lang='lat' dir='ltr'><strong>cebit</strong></span> <span class='ocrx_word' id='word_1_378' title='bbox 2018 3164 2109 3205; x_wconf 87' lang='lat' dir='ltr'><strong>eos</strong></span> <span class='ocrx_word' id='word_1_379' title='bbox 2149 3157 2436 3221; x_wconf 66' lang='lat' dir='ltr'><strong>praecepta,</strong></span> <span class='ocrx_word' id='word_1_380' title='bbox 2463 3163 2562 3218; x_wconf 90' lang='lat' dir='ltr'><strong>pro</strong></span> <span class='ocrx_word' id='word_1_381' title='bbox 2600 3164 2830 3218; x_wconf 87' lang='lat' dir='ltr'><strong>quorum</strong></span> <span class='ocrx_word' id='word_1_382' title='bbox 2868 3147 3114 3222; x_wconf 86' lang='lat' dir='ltr'><strong>neglectu</strong></span> <span class='ocrx_word' id='word_1_383' title='bbox 3149 3157 3446 3204; x_wconf 84' lang='lat' dir='ltr'><strong>venerunt</strong></span> 
     </span>
    </p>
   </div>
   <div class='ocr_carea' id='block_1_60' title="bbox 237 3225 2068 3313">
    <p class='ocr_par' dir='ltr' id='par_1_60' title="bbox 237 3225 2068 3313">
     <span class='ocr_line' id='line_1_60' title="bbox 237 3225 2068 3313; baseline 0.004 -25"><span class='ocrx_word' id='word_1_384' title='bbox 237 3235 318 3289; x_wconf 79' lang='lat' dir='ltr'><strong>Ad</strong></span> <span class='ocrx_word' id='word_1_385' title='bbox 347 3245 416 3302; x_wconf 90' lang='lat' dir='ltr'><strong>te,</strong></span> <span class='ocrx_word' id='word_1_386' title='bbox 442 3235 684 3303; x_wconf 84' lang='lat' dir='ltr'><strong>Domine,</strong></span> <span class='ocrx_word' id='word_1_387' title='bbox 709 3225 893 3293; x_wconf 79' lang='lat' dir='ltr'><strong>levavi.</strong></span> <span class='ocrx_word' id='word_1_388' title='bbox 921 3237 1103 3310; x_wconf 83' lang='lat' dir='ltr'><strong>(Auc.)</strong></span> <span class='ocrx_word' id='word_1_389' title='bbox 1137 3237 1384 3295; x_wconf 89' lang='lat' dir='ltr'><strong>Psalmus</strong></span> <span class='ocrx_word' id='word_1_390' title='bbox 1419 3248 1608 3295; x_wconf 89' lang='lat' dir='ltr'><strong>contra</strong></span> <span class='ocrx_word' id='word_1_391' title='bbox 1645 3239 1736 3294; x_wconf 82' lang='lat' dir='ltr'><strong>ad—</strong></span> <span class='ocrx_word' id='word_1_392' title='bbox 1762 3231 1814 3296; x_wconf 83' lang='lat' dir='ltr'><strong>C</strong></span> <span class='ocrx_word' id='word_1_393' title='bbox 1837 3240 2068 3313; x_wconf 81' lang='lat' dir='ltr'><strong>ﬂagella.</strong></span> 
     </span>
    </p>
   </div>
   <div class='ocr_carea' id='block_1_61' title="bbox 161 3325 1743 3402">
    <p class='ocr_par' dir='ltr' id='par_1_61' title="bbox 161 3325 1743 3402">
     <span class='ocr_line' id='line_1_61' title="bbox 161 3325 1743 3402; baseline 0.003 -23"><span class='ocrx_word' id='word_1_394' title='bbox 161 3338 324 3381; x_wconf 79' lang='lat' dir='ltr'><strong>versa</strong></span> <span class='ocrx_word' id='word_1_395' title='bbox 348 3325 549 3392; x_wconf 73' lang='lat' dir='ltr'><strong>saeculi,</strong></span> <span class='ocrx_word' id='word_1_396' title='bbox 579 3336 710 3394; x_wconf 88' lang='lat' dir='ltr'><strong>etc.,</strong></span> <span class='ocrx_word' id='word_1_397' title='bbox 738 3345 899 3400; x_wconf 81' lang='lat' dir='ltr'><strong>usque</strong></span> <span class='ocrx_word' id='word_1_398' title='bbox 923 3333 992 3382; x_wconf 82' lang='lat' dir='ltr'><strong>ad</strong></span> <span class='ocrx_word' id='word_1_399' title='bbox 1021 3329 1110 3400; x_wconf 91' lang='lat' dir='ltr'><strong>qui</strong></span> <span class='ocrx_word' id='word_1_400' title='bbox 1137 3345 1242 3385; x_wconf 88' lang='lat' dir='ltr'><strong>non</strong></span> <span class='ocrx_word' id='word_1_401' title='bbox 1285 3345 1384 3402; x_wconf 90' lang='lat' dir='ltr'><strong>per</strong></span> <span class='ocrx_word' id='word_1_402' title='bbox 1405 3343 1612 3396; x_wconf 89' lang='lat' dir='ltr'><strong>omnes,</strong></span> <span class='ocrx_word' id='word_1_403' title='bbox 1645 3328 1743 3384; x_wconf 87' lang='lat' dir='ltr'><strong>mi-</strong></span> 
     </span>
    </p>
   </div>
   <div class='ocr_carea' id='block_1_62' title="bbox 163 3413 1386 3485">
    <p class='ocr_par' dir='ltr' id='par_1_62' title="bbox 163 3413 1386 3485">
     <span class='ocr_line' id='line_1_62' title="bbox 163 3413 1386 3485; baseline 0 -15"><span class='ocrx_word' id='word_1_404' title='bbox 163 3415 272 3470; x_wconf 72' lang='lat' dir='ltr'><strong>nus</strong></span> <span class='ocrx_word' id='word_1_405' title='bbox 293 3413 581 3485; x_wconf 81' lang='lat' dir='ltr'><strong>perfectos.</strong></span> <span class='ocrx_word' id='word_1_406' title='bbox 1377 3420 1386 3427; x_wconf 90' lang='lat'><strong><em>&#39;</em></strong></span> 
     </span>
    </p>
   </div>
   <div class='ocr_carea' id='block_1_63' title="bbox 177 3505 1744 3586">
    <p class='ocr_par' dir='ltr' id='par_1_63' title="bbox 177 3505 1744 3586">
     <span class='ocr_line' id='line_1_63' title="bbox 177 3505 1744 3586; baseline 0.004 -25"><span class='ocrx_word' id='word_1_407' title='bbox 177 3581 184 3586; x_wconf 17' lang='grc' dir='ltr'><strong>ὁ</strong></span> <span class='ocrx_word' id='word_1_408' title='bbox 241 3505 440 3579; x_wconf 63' lang='lat' dir='ltr'><strong>(Cass)</strong></span> <span class='ocrx_word' id='word_1_409' title='bbox 469 3506 653 3564; x_wconf 90' lang='lat' dir='ltr'><strong>Primo</strong></span> <span class='ocrx_word' id='word_1_410' title='bbox 691 3508 828 3580; x_wconf 88' lang='lat' dir='ltr'><strong>petit</strong></span> <span class='ocrx_word' id='word_1_411' title='bbox 865 3510 1047 3566; x_wconf 92' lang='lat' dir='ltr'><strong>doceri</strong></span> <span class='ocrx_word' id='word_1_412' title='bbox 1084 3510 1201 3566; x_wconf 87' lang='lat' dir='ltr'><strong>vias</strong></span> <span class='ocrx_word' id='word_1_413' title='bbox 1243 3509 1476 3577; x_wconf 88' lang='lat' dir='ltr'><strong>Domini,</strong></span> <span class='ocrx_word' id='word_1_414' title='bbox 1506 3510 1632 3581; x_wconf 91' lang='lat' dir='ltr'><strong>quia</strong></span> <span class='ocrx_word' id='word_1_415' title='bbox 1675 3509 1744 3568; x_wconf 89' lang='lat' dir='ltr'><strong>ad</strong></span> 
     </span>
    </p>
   </div>
   <div class='ocr_carea' id='block_1_64' title="bbox 164 3595 594 3654">
    <p class='ocr_par' dir='ltr' id='par_1_64' title="bbox 164 3595 594 3654">
     <span class='ocr_line' id='line_1_64' title="bbox 164 3595 594 3654; baseline -0.005 0"><span class='ocrx_word' id='word_1_416' title='bbox 164 3595 336 3654; x_wconf 81' lang='lat' dir='ltr'><strong>Deum</strong></span> <span class='ocrx_word' id='word_1_417' title='bbox 365 3607 594 3654; x_wconf 89' lang='lat' dir='ltr'><strong>erectus.</strong></span> 
     </span>
    </p>
   </div>
   <div class='ocr_carea' id='block_1_65' title="bbox 241 3687 1745 3766">
    <p class='ocr_par' dir='ltr' id='par_1_65' title="bbox 241 3687 1745 3766">
     <span class='ocr_line' id='line_1_65' title="bbox 241 3687 1745 3766; baseline 0.005 -24"><span class='ocrx_word' id='word_1_418' title='bbox 241 3687 361 3761; x_wconf 84' lang='lat' dir='ltr'><strong>(ln.)</strong></span> <span class='ocrx_word' id='word_1_419' title='bbox 401 3688 483 3744; x_wconf 85' lang='lat' dir='ltr'><strong>Ad</strong></span> <span class='ocrx_word' id='word_1_420' title='bbox 523 3700 572 3744; x_wconf 91' lang='lat' dir='ltr'><strong>te</strong></span> <span class='ocrx_word' id='word_1_421' title='bbox 611 3691 1114 3762; x_wconf 83' lang='lat' dir='ltr'><strong>contemplandum;</strong></span> <span class='ocrx_word' id='word_1_422' title='bbox 1157 3690 1316 3748; x_wconf 84' lang='lat' dir='ltr'><strong>facile</strong></span> <span class='ocrx_word' id='word_1_423' title='bbox 1339 3700 1552 3749; x_wconf 86' lang='lat' dir='ltr'><strong>terrena</strong></span> <span class='ocrx_word' id='word_1_424' title='bbox 1573 3693 1745 3766; x_wconf 88' lang='lat' dir='ltr'><strong>despi-</strong></span> 
     </span>
    </p>
   </div>
   <div class='ocr_carea' id='block_1_66' title="bbox 165 3780 906 3853">
    <p class='ocr_par' dir='ltr' id='par_1_66' title="bbox 165 3780 906 3853">
     <span class='ocr_line' id='line_1_66' title="bbox 165 3780 906 3853; baseline 0.004 -17"><span class='ocrx_word' id='word_1_425' title='bbox 165 3781 262 3846; x_wconf 91' lang='lat' dir='ltr'><strong>cit,</strong></span> <span class='ocrx_word' id='word_1_426' title='bbox 289 3780 381 3851; x_wconf 87' lang='lat' dir='ltr'><strong>qui</strong></span> <span class='ocrx_word' id='word_1_427' title='bbox 409 3781 586 3836; x_wconf 88' lang='lat' dir='ltr'><strong>diviua</strong></span> <span class='ocrx_word' id='word_1_428' title='bbox 620 3784 906 3853; x_wconf 88' lang='lat' dir='ltr'><strong>conspicit.</strong></span> 
     </span>
    </p>
   </div>
   <div class='ocr_carea' id='block_1_67' title="bbox 241 3871 1742 3950">
    <p class='ocr_par' dir='ltr' id='par_1_67' title="bbox 241 3871 1742 3950">
     <span class='ocr_line' id='line_1_67' title="bbox 241 3871 1742 3950; baseline 0.005 -24"><span class='ocrx_word' id='word_1_429' title='bbox 241 3873 402 3927; x_wconf 74' lang='lat' dir='ltr'><strong>Vsus.</strong></span> <span class='ocrx_word' id='word_1_430' title='bbox 434 3871 488 3926; x_wconf 78' lang='lat'><strong>2.</strong></span> <span class='ocrx_word' id='word_1_431' title='bbox 517 3904 586 3913; x_wconf 94' lang='lat'><strong>—</strong></span> <span class='ocrx_word' id='word_1_432' title='bbox 615 3873 853 3945; x_wconf 78' lang='lat' dir='ltr'><strong>Confido.</strong></span> <span class='ocrx_word' id='word_1_433' title='bbox 884 3877 1006 3950; x_wconf 83' lang='lat' dir='ltr'><strong>(ln.)</strong></span> <span class='ocrx_word' id='word_1_434' title='bbox 1032 3875 1298 3948; x_wconf 79' lang='lat' dir='ltr'><strong>Expertus</strong></span> <span class='ocrx_word' id='word_1_435' title='bbox 1319 3876 1373 3932; x_wconf 91' lang='lat' dir='ltr'><strong>in</strong></span> <span class='ocrx_word' id='word_1_436' title='bbox 1389 3875 1548 3934; x_wconf 89' lang='lat' dir='ltr'><strong>malis</strong></span> <span class='ocrx_word' id='word_1_437' title='bbox 1566 3894 1742 3934; x_wconf 89' lang='lat' dir='ltr'><strong>meam</strong></span> 
     </span>
    </p>
   </div>
   <div class='ocr_carea' id='block_1_68' title="bbox 162 3948 1405 4030">
    <p class='ocr_par' dir='ltr' id='par_1_68' title="bbox 162 3948 1405 4030">
     <span class='ocr_line' id='line_1_68' title="bbox 162 3948 1405 4030; baseline 0.002 -11"><span class='ocrx_word' id='word_1_438' title='bbox 162 3948 555 4030; x_wconf 78' lang='lat' dir='ltr'><strong>inﬁrmitatem,</strong></span> <span class='ocrx_word' id='word_1_439' title='bbox 587 3981 691 4020; x_wconf 93' lang='lat' dir='ltr'><strong>non</strong></span> <span class='ocrx_word' id='word_1_440' title='bbox 716 3948 1030 4023; x_wconf 74' lang='lat' dir='ltr'><strong>erubeScain</strong></span> <span class='ocrx_word' id='word_1_441' title='bbox 1057 3969 1121 4023; x_wconf 89' lang='lat' dir='ltr'><strong>de</strong></span> <span class='ocrx_word' id='word_1_442' title='bbox 1152 3965 1405 4024; x_wconf 86' lang='lat' dir='ltr'><strong>inimicis.</strong></span> 
     </span>
    </p>
   </div>
   <div class='ocr_carea' id='block_1_69' title="bbox 240 4053 1742 4133">
    <p class='ocr_par' dir='ltr' id='par_1_69' title="bbox 240 4053 1742 4133">
     <span class='ocr_line' id='line_1_69' title="bbox 240 4053 1742 4133; baseline 0.007 -25"><span class='ocrx_word' id='word_1_443' title='bbox 240 4053 420 4126; x_wconf 84' lang='lat' dir='ltr'><strong>Neque</strong></span> <span class='ocrx_word' id='word_1_444' title='bbox 447 4055 701 4112; x_wconf 85' lang='lat' dir='ltr'><strong>irrideant</strong></span> <span class='ocrx_word' id='word_1_445' title='bbox 727 4075 805 4113; x_wconf 90' lang='lat' dir='ltr'><strong>me</strong></span> <span class='ocrx_word' id='word_1_446' title='bbox 835 4060 1031 4114; x_wconf 84' lang='lat' dir='ltr'><strong>inimici</strong></span> <span class='ocrx_word' id='word_1_447' title='bbox 1056 4076 1073 4115; x_wconf 89' lang='lat'><strong><em>:</em></strong></span> <span class='ocrx_word' id='word_1_448' title='bbox 1101 4069 1158 4116; x_wconf 87' lang='lat' dir='ltr'><strong>el</strong></span> <span class='ocrx_word' id='word_1_449' title='bbox 1181 4070 1362 4118; x_wconf 88' lang='lat' dir='ltr'><strong>certus</strong></span> <span class='ocrx_word' id='word_1_450' title='bbox 1384 4075 1504 4118; x_wconf 85' lang='lat' dir='ltr'><strong>sum</strong></span> <span class='ocrx_word' id='word_1_451' title='bbox 1535 4060 1662 4133; x_wconf 87' lang='lat' dir='ltr'><strong>quia</strong></span> <span class='ocrx_word' id='word_1_452' title='bbox 1685 4060 1742 4118; x_wconf 89' lang='lat' dir='ltr'><strong>in</strong></span> 
     </span>
    </p>
   </div>
   <div class='ocr_carea' id='block_1_70' title="bbox 168 4147 1115 4221">
    <p class='ocr_par' dir='ltr' id='par_1_70' title="bbox 168 4147 1115 4221">
     <span class='ocr_line' id='line_1_70' title="bbox 168 4147 1115 4221; baseline 0.005 -17"><span class='ocrx_word' id='word_1_453' title='bbox 168 4147 318 4204; x_wconf 84' lang='lat' dir='ltr'><strong>nullo</strong></span> <span class='ocrx_word' id='word_1_454' title='bbox 345 4150 643 4206; x_wconf 88' lang='lat' dir='ltr'><strong>sustinente</strong></span> <span class='ocrx_word' id='word_1_455' title='bbox 669 4153 936 4221; x_wconf 88' lang='lat' dir='ltr'><strong>patienter</strong></span> <span class='ocrx_word' id='word_1_456' title='bbox 962 4153 1115 4209; x_wconf 84' lang='lat' dir='ltr'><strong>fallit.</strong></span> 
     </span>
    </p>
   </div>
   <div class='ocr_carea' id='block_1_71' title="bbox 240 4240 1742 4319">
    <p class='ocr_par' dir='ltr' id='par_1_71' title="bbox 240 4240 1742 4319">
     <span class='ocr_line' id='line_1_71' title="bbox 240 4240 1742 4319; baseline 0.005 -23"><span class='ocrx_word' id='word_1_457' title='bbox 240 4240 590 4312; x_wconf 83' lang='lat' dir='ltr'><strong>Supervacue.</strong></span> <span class='ocrx_word' id='word_1_458' title='bbox 656 4243 777 4319; x_wconf 89' lang='lat' dir='ltr'><strong>(ln.)</strong></span> <span class='ocrx_word' id='word_1_459' title='bbox 825 4245 960 4313; x_wconf 90' lang='lat' dir='ltr'><strong>Quia</strong></span> <span class='ocrx_word' id='word_1_460' title='bbox 988 4247 1170 4303; x_wconf 93' lang='lat' dir='ltr'><strong>omnia</strong></span> <span class='ocrx_word' id='word_1_461' title='bbox 1217 4255 1344 4305; x_wconf 84' lang='lat' dir='ltr'><strong>sunt</strong></span> <span class='ocrx_word' id='word_1_462' title='bbox 1392 4263 1531 4303; x_wconf 91' lang='lat' dir='ltr'><strong>vana</strong></span> <span class='ocrx_word' id='word_1_463' title='bbox 1567 4256 1622 4303; x_wconf 90' lang='lat' dir='ltr'><strong>et</strong></span> <span class='ocrx_word' id='word_1_464' title='bbox 1660 4248 1742 4304; x_wconf 91' lang='lat' dir='ltr'><strong>in-</strong></span> 
     </span>
    </p>
   </div>
   <div class='ocr_carea' id='block_1_72' title="bbox 162 4331 1142 4406">
    <p class='ocr_par' dir='ltr' id='par_1_72' title="bbox 162 4331 1142 4406">
     <span class='ocr_line' id='line_1_72' title="bbox 162 4331 1142 4406; baseline 0.005 -17"><span class='ocrx_word' id='word_1_465' title='bbox 162 4331 441 4390; x_wconf 78' lang='lat' dir='ltr'><strong>fructuosa</strong></span> <span class='ocrx_word' id='word_1_466' title='bbox 463 4351 583 4406; x_wconf 68' lang='lat' dir='ltr'><strong>quaz</strong></span> <span class='ocrx_word' id='word_1_467' title='bbox 606 4352 636 4390; x_wconf 92' lang='lat' dir='ltr'><strong>a</strong></span> <span class='ocrx_word' id='word_1_468' title='bbox 662 4336 772 4392; x_wconf 90' lang='lat' dir='ltr'><strong>Deo</strong></span> <span class='ocrx_word' id='word_1_469' title='bbox 797 4347 922 4393; x_wconf 92' lang='lat' dir='ltr'><strong>sunt</strong></span> <span class='ocrx_word' id='word_1_470' title='bbox 949 4338 1142 4394; x_wconf 91' lang='lat' dir='ltr'><strong>aliena.</strong></span> 
     </span>
    </p>
   </div>
   <div class='ocr_carea' id='block_1_73' title="bbox 247 4423 1740 4504">
    <p class='ocr_par' dir='ltr' id='par_1_73' title="bbox 247 4423 1740 4504">
     <span class='ocr_line' id='line_1_73' title="bbox 247 4423 1740 4504; baseline 0.006 -27"><span class='ocrx_word' id='word_1_471' title='bbox 247 4423 368 4482; x_wconf 74' lang='lat' dir='ltr'><strong>Vias</strong></span> <span class='ocrx_word' id='word_1_472' title='bbox 391 4436 528 4494; x_wconf 86' lang='lat' dir='ltr'><strong>tuas,</strong></span> <span class='ocrx_word' id='word_1_473' title='bbox 552 4425 793 4495; x_wconf 84' lang='lat' dir='ltr'><strong>Domine,</strong></span> <span class='ocrx_word' id='word_1_474' title='bbox 821 4432 1136 4484; x_wconf 76' lang='lat' dir='ltr'><strong>demonsra.</strong></span> <span class='ocrx_word' id='word_1_475' title='bbox 1165 4428 1362 4504; x_wconf 65' lang='lat' dir='ltr'><strong>(Cass)</strong></span> <span class='ocrx_word' id='word_1_476' title='bbox 1387 4431 1499 4488; x_wconf 73' lang='lat' dir='ltr'><strong>Via:</strong></span> <span class='ocrx_word' id='word_1_477' title='bbox 1523 4439 1649 4487; x_wconf 86' lang='lat' dir='ltr'><strong>sunt</strong></span> <span class='ocrx_word' id='word_1_478' title='bbox 1674 4432 1740 4486; x_wconf 88' lang='lat' dir='ltr'><strong>de</strong></span> 
     </span>
    </p>
   </div>
   <div class='ocr_carea' id='block_1_74' title="bbox 161 4516 1734 4595">
    <p class='ocr_par' dir='ltr' id='par_1_74' title="bbox 161 4516 1734 4595">
     <span class='ocr_line' id='line_1_74' title="bbox 161 4516 1734 4595; baseline 0.005 -25"><span class='ocrx_word' id='word_1_479' title='bbox 161 4516 352 4572; x_wconf 89' lang='lat' dir='ltr'><strong>ordine</strong></span> <span class='ocrx_word' id='word_1_480' title='bbox 375 4517 516 4587; x_wconf 82' lang='lat' dir='ltr'><strong>vitae,</strong></span> <span class='ocrx_word' id='word_1_481' title='bbox 538 4529 841 4592; x_wconf 85' lang='lat' dir='ltr'><strong>etc.,usque</strong></span> <span class='ocrx_word' id='word_1_482' title='bbox 866 4521 968 4576; x_wconf 86' lang='lat' dir='ltr'><strong>ad:</strong></span> <span class='ocrx_word' id='word_1_483' title='bbox 996 4519 1195 4595; x_wconf 80' lang='lat' dir='ltr'><strong>Dirige,</strong></span> <span class='ocrx_word' id='word_1_484' title='bbox 1210 4522 1278 4578; x_wconf 85' lang='lat' dir='ltr'><strong>ad</strong></span> <span class='ocrx_word' id='word_1_485' title='bbox 1301 4522 1463 4578; x_wconf 89' lang='lat' dir='ltr'><strong>vitam</strong></span> <span class='ocrx_word' id='word_1_486' title='bbox 1480 4523 1734 4594; x_wconf 86' lang='lat' dir='ltr'><strong>pertinet,</strong></span> 
     </span>
    </p>
   </div>
   <div class='ocr_carea' id='block_1_75' title="bbox 160 4609 709 4668">
    <p class='ocr_par' dir='ltr' id='par_1_75' title="bbox 160 4609 709 4668">
     <span class='ocr_line' id='line_1_75' title="bbox 160 4609 709 4668; baseline 0.004 -2"><span class='ocrx_word' id='word_1_487' title='bbox 160 4609 292 4666; x_wconf 84' lang='lat' dir='ltr'><strong>doce</strong></span> <span class='ocrx_word' id='word_1_488' title='bbox 316 4613 384 4667; x_wconf 91' lang='lat' dir='ltr'><strong>ad</strong></span> <span class='ocrx_word' id='word_1_489' title='bbox 409 4611 709 4668; x_wconf 83' lang='lat' dir='ltr'><strong>scientiam.</strong></span> 
     </span>
    </p>
   </div>
   <div class='ocr_carea' id='block_1_76' title="bbox 239 4707 1739 4784">
    <p class='ocr_par' dir='ltr' id='par_1_76' title="bbox 239 4707 1739 4784">
     <span class='ocr_line' id='line_1_76' title="bbox 239 4707 1739 4784; baseline 0.004 -22"><span class='ocrx_word' id='word_1_490' title='bbox 239 4707 402 4763; x_wconf 71' lang='lat' dir='ltr'><strong>Vens.</strong></span> <span class='ocrx_word' id='word_1_491' title='bbox 451 4708 504 4762; x_wconf 85' lang='lat'><strong>5.</strong></span> <span class='ocrx_word' id='word_1_492' title='bbox 537 4740 608 4748; x_wconf 96' lang='lat'><strong>—</strong></span> <span class='ocrx_word' id='word_1_493' title='bbox 647 4708 806 4764; x_wconf 89' lang='lat' dir='ltr'><strong>Doce.</strong></span> <span class='ocrx_word' id='word_1_494' title='bbox 863 4707 1047 4784; x_wconf 84' lang='lat' dir='ltr'><strong>(Auc.)</strong></span> <span class='ocrx_word' id='word_1_495' title='bbox 1101 4709 1276 4782; x_wconf 87' lang='lat' dir='ltr'><strong>Ipsam</strong></span> <span class='ocrx_word' id='word_1_496' title='bbox 1323 4713 1639 4778; x_wconf 86' lang='lat' dir='ltr'><strong>veritatem,</strong></span> <span class='ocrx_word' id='word_1_497' title='bbox 1679 4715 1739 4768; x_wconf 75' lang='lat' dir='ltr'><strong>ut&#39;</strong></span> 
     </span>
    </p>
   </div>
   <div class='ocr_carea' id='block_1_77' title="bbox 162 4798 1735 4872">
    <p class='ocr_par' dir='ltr' id='par_1_77' title="bbox 162 4798 1735 4872">
     <span class='ocr_line' id='line_1_77' title="bbox 162 4798 1735 4872; baseline 0.003 -20"><span class='ocrx_word' id='word_1_498' title='bbox 162 4798 308 4868; x_wconf 87' lang='lat' dir='ltr'><strong>quod</strong></span> <span class='ocrx_word' id='word_1_499' title='bbox 337 4800 501 4854; x_wconf 88' lang='lat' dir='ltr'><strong>credo</strong></span> <span class='ocrx_word' id='word_1_500' title='bbox 532 4799 848 4872; x_wconf 80' lang='lat' dir='ltr'><strong>intelligam,</strong></span> <span class='ocrx_word' id='word_1_501' title='bbox 877 4802 1004 4872; x_wconf 87' lang='lat' dir='ltr'><strong>quia</strong></span> <span class='ocrx_word' id='word_1_502' title='bbox 1049 4803 1298 4868; x_wconf 91' lang='lat' dir='ltr'><strong>sustinui,</strong></span> <span class='ocrx_word' id='word_1_503' title='bbox 1331 4811 1385 4857; x_wconf 91' lang='lat' dir='ltr'><strong>et</strong></span> <span class='ocrx_word' id='word_1_504' title='bbox 1418 4802 1464 4858; x_wconf 89' lang='lat' dir='ltr'><strong>si</strong></span> <span class='ocrx_word' id='word_1_505' title='bbox 1497 4803 1599 4858; x_wconf 90' lang='lat' dir='ltr'><strong>hoc</strong></span> <span class='ocrx_word' id='word_1_506' title='bbox 1627 4818 1735 4858; x_wconf 91' lang='lat' dir='ltr'><strong>non</strong></span> 
     </span>
    </p>
   </div>
   <div class='ocr_carea' id='block_1_78' title="bbox 161 4885 765 4946">
    <p class='ocr_par' dir='ltr' id='par_1_78' title="bbox 161 4885 765 4946">
     <span class='ocr_line' id='line_1_78' title="bbox 161 4885 765 4946; baseline 0.003 -2"><span class='ocrx_word' id='word_1_507' title='bbox 161 4885 360 4944; x_wconf 78' lang='lat' dir='ltr'><strong>sufﬁcit</strong></span> <span class='ocrx_word' id='word_1_508' title='bbox 376 4907 388 4942; x_wconf 91' lang='lat'>:</span> <span class='ocrx_word' id='word_1_509' title='bbox 405 4887 765 4946; x_wconf 84' lang='lat' dir='ltr'><strong>Reminiscere.</strong></span> 
     </span>
    </p>
   </div>
   <div class='ocr_carea' id='block_1_79' title="bbox 237 4981 1734 5058">
    <p class='ocr_par' dir='ltr' id='par_1_79' title="bbox 237 4981 1734 5058">
     <span class='ocr_line' id='line_1_79' title="bbox 237 4981 1734 5058; baseline 0.005 -24"><span class='ocrx_word' id='word_1_510' title='bbox 237 4981 376 5036; x_wconf 86' lang='lat' dir='ltr'><strong>Deus</strong></span> <span class='ocrx_word' id='word_1_511' title='bbox 417 4983 645 5040; x_wconf 80' lang='lat' dir='ltr'><strong>salvator</strong></span> <span class='ocrx_word' id='word_1_512' title='bbox 682 5001 846 5042; x_wconf 84' lang='lat' dir='ltr'><strong>meus.</strong></span> <span class='ocrx_word' id='word_1_513' title='bbox 896 4984 1094 5058; x_wconf 60' lang='lat' dir='ltr'><strong>(Cass)</strong></span> <span class='ocrx_word' id='word_1_514' title='bbox 1135 4985 1262 5040; x_wconf 72' lang='lat' dir='ltr'><strong>Duae</strong></span> <span class='ocrx_word' id='word_1_515' title='bbox 1298 5001 1385 5042; x_wconf 90' lang='lat' dir='ltr'><strong>res</strong></span> <span class='ocrx_word' id='word_1_516' title='bbox 1429 4995 1582 5054; x_wconf 90' lang='lat' dir='ltr'><strong>sunt,</strong></span> <span class='ocrx_word' id='word_1_517' title='bbox 1615 5000 1734 5057; x_wconf 67' lang='lat' dir='ltr'><strong>qua:</strong></span> 
     </span>
    </p>
   </div>
   <div class='ocr_carea' id='block_1_80' title="bbox 159 5075 1738 5147">
    <p class='ocr_par' dir='ltr' id='par_1_80' title="bbox 159 5075 1738 5147">
     <span class='ocr_line' id='line_1_80' title="bbox 159 5075 1738 5147; baseline 0.001 -14"><span class='ocrx_word' id='word_1_518' title='bbox 159 5075 337 5133; x_wconf 82' lang='lat' dir='ltr'><strong>bonos</strong></span> <span class='ocrx_word' id='word_1_519' title='bbox 382 5077 612 5142; x_wconf 78' lang='lat' dir='ltr'><strong>iaciunt,</strong></span> <span class='ocrx_word' id='word_1_520' title='bbox 647 5089 706 5134; x_wconf 92' lang='lat' dir='ltr'><strong>ut</strong></span> <span class='ocrx_word' id='word_1_521' title='bbox 748 5079 918 5134; x_wconf 92' lang='lat' dir='ltr'><strong>Deum</strong></span> <span class='ocrx_word' id='word_1_522' title='bbox 961 5079 1286 5134; x_wconf 90' lang='lat' dir='ltr'><strong>salvatorem</strong></span> <span class='ocrx_word' id='word_1_523' title='bbox 1327 5080 1644 5147; x_wconf 88' lang='lat' dir='ltr'><strong>credamus,</strong></span> <span class='ocrx_word' id='word_1_524' title='bbox 1682 5081 1738 5136; x_wconf 83' lang='lat' dir='ltr'><strong>et</strong></span> 
     </span>
    </p>
   </div>
   <div class='ocr_carea' id='block_1_81' title="bbox 159 5167 1430 5248">
    <p class='ocr_par' dir='ltr' id='par_1_81' title="bbox 159 5167 1430 5248">
     <span class='ocr_line' id='line_1_81' title="bbox 159 5167 1430 5248; baseline 0.003 -27"><span class='ocrx_word' id='word_1_525' title='bbox 159 5167 436 5242; x_wconf 83' lang='lat' dir='ltr'><strong>patienter</strong></span> <span class='ocrx_word' id='word_1_526' title='bbox 459 5168 576 5241; x_wconf 87' lang='lat' dir='ltr'><strong>ejus</strong></span> <span class='ocrx_word' id='word_1_527' title='bbox 605 5172 1008 5248; x_wconf 74' lang='lat' dir='ltr'><strong>retributionem</strong></span> <span class='ocrx_word' id='word_1_528' title='bbox 1037 5179 1430 5241; x_wconf 82' lang='lat' dir='ltr'><strong>exspectemus.</strong></span> 
     </span>
    </p>
   </div>
   <div class='ocr_carea' id='block_1_82' title="bbox 236 5259 1738 5335">
    <p class='ocr_par' dir='ltr' id='par_1_82' title="bbox 236 5259 1738 5335">
     <span class='ocr_line' id='line_1_82' title="bbox 236 5259 1738 5335; baseline 0.004 -23"><span class='ocrx_word' id='word_1_529' title='bbox 236 5259 399 5316; x_wconf 63' lang='grc' dir='ltr'>νεεδ.</span> <span class='ocrx_word' id='word_1_530' title='bbox 439 5261 492 5315; x_wconf 88' lang='lat'><strong>6.</strong></span> <span class='ocrx_word' id='word_1_531' title='bbox 527 5292 597 5301; x_wconf 95' lang='lat'>—</span> <span class='ocrx_word' id='word_1_532' title='bbox 635 5261 1000 5316; x_wconf 82' lang='lat' dir='ltr'><strong>Reminiscere.</strong></span> <span class='ocrx_word' id='word_1_533' title='bbox 1033 5261 1153 5335; x_wconf 88' lang='lat' dir='ltr'><strong>(ln.)</strong></span> <span class='ocrx_word' id='word_1_534' title='bbox 1204 5263 1281 5319; x_wconf 93' lang='lat' dir='ltr'><strong>De</strong></span> <span class='ocrx_word' id='word_1_535' title='bbox 1324 5261 1560 5332; x_wconf 88' lang='lat' dir='ltr'><strong>peccatis</strong></span> <span class='ocrx_word' id='word_1_536' title='bbox 1591 5261 1738 5334; x_wconf 86' lang='lat' dir='ltr'><strong>prio-</strong></span> 
     </span>
    </p>
   </div>
   <div class='ocr_carea' id='block_1_83' title="bbox 157 5351 1733 5424">
    <p class='ocr_par' dir='ltr' id='par_1_83' title="bbox 157 5351 1733 5424">
     <span class='ocr_line' id='line_1_83' title="bbox 157 5351 1733 5424; baseline -0.001 -17"><span class='ocrx_word' id='word_1_537' title='bbox 157 5351 315 5407; x_wconf 86' lang='lat' dir='ltr'><strong>ribus</strong></span> <span class='ocrx_word' id='word_1_538' title='bbox 337 5361 390 5407; x_wconf 90' lang='lat' dir='ltr'><strong>et</strong></span> <span class='ocrx_word' id='word_1_539' title='bbox 429 5368 546 5422; x_wconf 67' lang='lat' dir='ltr'><strong>quae</strong></span> <span class='ocrx_word' id='word_1_540' title='bbox 585 5353 822 5422; x_wconf 89' lang='lat' dir='ltr'><strong>quotidie</strong></span> <span class='ocrx_word' id='word_1_541' title='bbox 850 5353 1005 5420; x_wconf 86' lang='lat' dir='ltr'><strong>ﬁunt,</strong></span> <span class='ocrx_word' id='word_1_542' title='bbox 1032 5361 1152 5407; x_wconf 88' lang='lat' dir='ltr'><strong>orat</strong></span> <span class='ocrx_word' id='word_1_543' title='bbox 1178 5368 1276 5424; x_wconf 91' lang='lat' dir='ltr'><strong>per</strong></span> <span class='ocrx_word' id='word_1_544' title='bbox 1309 5351 1733 5411; x_wconf 85' lang='lat' dir='ltr'><strong>misericordiam</strong></span> 
     </span>
    </p>
   </div>
   <div class='ocr_carea' id='block_1_84' title="bbox 155 5445 1536 5517">
    <p class='ocr_par' dir='ltr' id='par_1_84' title="bbox 155 5445 1536 5517">
     <span class='ocr_line' id='line_1_84' title="bbox 155 5445 1536 5517; baseline -0.002 -14"><span class='ocrx_word' id='word_1_545' title='bbox 155 5445 401 5517; x_wconf 80' lang='lat' dir='ltr'><strong>antiquis</strong></span> <span class='ocrx_word' id='word_1_546' title='bbox 427 5447 645 5513; x_wconf 85' lang='lat' dir='ltr'><strong>factam,</strong></span> <span class='ocrx_word' id='word_1_547' title='bbox 670 5457 725 5502; x_wconf 92' lang='lat' dir='ltr'><strong>et</strong></span> <span class='ocrx_word' id='word_1_548' title='bbox 749 5447 870 5516; x_wconf 88' lang='lat' dir='ltr'><strong>quia</strong></span> <span class='ocrx_word' id='word_1_549' title='bbox 900 5446 1048 5501; x_wconf 89' lang='lat' dir='ltr'><strong>timet</strong></span> <span class='ocrx_word' id='word_1_550' title='bbox 1075 5463 1260 5501; x_wconf 90' lang='lat' dir='ltr'><strong>verum</strong></span> <span class='ocrx_word' id='word_1_551' title='bbox 1280 5445 1536 5517; x_wconf 89' lang='lat' dir='ltr'><strong>judicem.</strong></span> 
     </span>
    </p>
   </div>
   <div class='ocr_carea' id='block_1_85' title="bbox 235 5536 1734 5612">
    <p class='ocr_par' dir='ltr' id='par_1_85' title="bbox 235 5536 1734 5612">
     <span class='ocr_line' id='line_1_85' title="bbox 235 5536 1734 5612; baseline 0.001 -21"><span class='ocrx_word' id='word_1_552' title='bbox 235 5536 652 5594; x_wconf 76' lang='lat' dir='ltr'><strong>Miserationum.</strong></span> <span class='ocrx_word' id='word_1_553' title='bbox 677 5539 950 5596; x_wconf 86' lang='lat' dir='ltr'><strong>Miseratio</strong></span> <span class='ocrx_word' id='word_1_554' title='bbox 980 5540 1191 5612; x_wconf 87' lang='lat' dir='ltr'><strong>proprie</strong></span> <span class='ocrx_word' id='word_1_555' title='bbox 1217 5539 1269 5594; x_wconf 90' lang='lat' dir='ltr'><strong>in</strong></span> <span class='ocrx_word' id='word_1_556' title='bbox 1298 5539 1562 5594; x_wconf 78' lang='lat' dir='ltr'><strong>bonorum</strong></span> <span class='ocrx_word' id='word_1_557' title='bbox 1588 5537 1734 5594; x_wconf 75' lang='lat' dir='ltr'><strong>exhi-</strong></span> 
     </span>
    </p>
   </div>
   <div class='ocr_carea' id='block_1_86' title="bbox 155 5617 1013 5683">
    <p class='ocr_par' dir='ltr' id='par_1_86' title="bbox 155 5617 1013 5683">
     <span class='ocr_line' id='line_1_86' title="bbox 155 5617 1013 5683; baseline -0.001 0"><span class='ocrx_word' id='word_1_558' title='bbox 155 5625 384 5683; x_wconf 86' lang='lat' dir='ltr'><strong>bitione.</strong></span> <span class='ocrx_word' id='word_1_559' title='bbox 1007 5617 1013 5622; x_wconf 70' lang='grc'><em>’</em></span> 
     </span>
    </p>
   </div>
   <div class='ocr_carea' id='block_1_87' title="bbox 235 5719 1726 5794">
    <p class='ocr_par' dir='ltr' id='par_1_87' title="bbox 235 5719 1726 5794">
     <span class='ocr_line' id='line_1_87' title="bbox 235 5719 1726 5794; baseline -0.001 -20"><span class='ocrx_word' id='word_1_560' title='bbox 235 5720 366 5787; x_wconf 69' lang='lat' dir='ltr'><strong>Quae</strong></span> <span class='ocrx_word' id='word_1_561' title='bbox 389 5739 419 5774; x_wconf 91' lang='lat' dir='ltr'><strong>a</strong></span> <span class='ocrx_word' id='word_1_562' title='bbox 443 5722 654 5776; x_wconf 78' lang='lat' dir='ltr'><strong>strculo.</strong></span> <span class='ocrx_word' id='word_1_563' title='bbox 672 5720 853 5794; x_wconf 81' lang='lat' dir='ltr'><strong>(AUG.)</strong></span> <span class='ocrx_word' id='word_1_564' title='bbox 871 5721 925 5776; x_wconf 89' lang='lat' dir='ltr'><strong>ld</strong></span> <span class='ocrx_word' id='word_1_565' title='bbox 951 5731 1049 5786; x_wconf 86' lang='lat' dir='ltr'><strong>est,</strong></span> <span class='ocrx_word' id='word_1_566' title='bbox 1083 5722 1149 5776; x_wconf 90' lang='lat' dir='ltr'><strong>ab</strong></span> <span class='ocrx_word' id='word_1_567' title='bbox 1181 5721 1332 5776; x_wconf 89' lang='lat' dir='ltr'><strong>initio</strong></span> <span class='ocrx_word' id='word_1_568' title='bbox 1360 5719 1538 5776; x_wconf 74' lang='lat' dir='ltr'><strong>smculi</strong></span> <span class='ocrx_word' id='word_1_569' title='bbox 1566 5728 1686 5776; x_wconf 85' lang='lat' dir='ltr'><strong>sunt</strong></span> <span class='ocrx_word' id='word_1_570' title='bbox 1714 5739 1726 5773; x_wconf 89' lang='lat'><strong>:</strong></span> 
     </span>
    </p>
   </div>
   <div class='ocr_carea' id='block_1_88' title="bbox 159 5815 809 5888">
    <p class='ocr_par' dir='ltr' id='par_1_88' title="bbox 159 5815 809 5888">
     <span class='ocr_line' id='line_1_88' title="bbox 159 5815 809 5888; baseline -0.003 -18"><span class='ocrx_word' id='word_1_571' title='bbox 159 5831 269 5870; x_wconf 87' lang='lat' dir='ltr'><strong>non</strong></span> <span class='ocrx_word' id='word_1_572' title='bbox 299 5832 425 5888; x_wconf 80' lang='lat' dir='ltr'><strong>ergo</strong></span> <span class='ocrx_word' id='word_1_573' title='bbox 453 5816 502 5870; x_wconf 88' lang='lat' dir='ltr'><strong>in</strong></span> <span class='ocrx_word' id='word_1_574' title='bbox 537 5832 619 5870; x_wconf 90' lang='lat' dir='ltr'><strong>me</strong></span> <span class='ocrx_word' id='word_1_575' title='bbox 646 5815 809 5870; x_wconf 81' lang='lat' dir='ltr'><strong>fallat.</strong></span> 
     </span>
    </p>
   </div>
   <div class='ocr_carea' id='block_1_89' title="bbox 1915 3327 3415 3402">
    <p class='ocr_par' dir='ltr' id='par_1_89' title="bbox 1915 3327 3415 3402">
     <span class='ocr_line' id='line_1_89' title="bbox 1915 3327 3415 3402; baseline -0.001 -14"><span class='ocrx_word' id='word_1_576' title='bbox 1915 3332 2080 3388; x_wconf 74' lang='lat' dir='ltr'><strong>Vens.</strong></span> <span class='ocrx_word' id='word_1_577' title='bbox 2126 3329 2213 3386; x_wconf 89' lang='grc'><strong>10.</strong></span> <span class='ocrx_word' id='word_1_578' title='bbox 2253 3360 2318 3370; x_wconf 92' lang='grc'><strong><em>-</em></strong></span> <span class='ocrx_word' id='word_1_579' title='bbox 2351 3327 2718 3385; x_wconf 73' lang='lat' dir='ltr'><strong>Misericordia</strong></span> <span class='ocrx_word' id='word_1_580' title='bbox 2746 3339 2794 3384; x_wconf 85' lang='lat' dir='ltr'><strong>et</strong></span> <span class='ocrx_word' id='word_1_581' title='bbox 2821 3330 3028 3384; x_wconf 86' lang='lat' dir='ltr'><strong>veritas.</strong></span> <span class='ocrx_word' id='word_1_582' title='bbox 3061 3329 3242 3402; x_wconf 82' lang='lat' dir='ltr'><strong>(Auc.)</strong></span> <span class='ocrx_word' id='word_1_583' title='bbox 3269 3329 3415 3398; x_wconf 86' lang='lat' dir='ltr'><strong>Quas</strong></span> 
     </span>
    </p>
   </div>
   <div class='ocr_carea' id='block_1_90' title="bbox 1842 3419 3416 3491">
    <p class='ocr_par' dir='ltr' id='par_1_90' title="bbox 1842 3419 3416 3491">
     <span class='ocr_line' id='line_1_90' title="bbox 1842 3419 3416 3491; baseline -0.001 -14"><span class='ocrx_word' id='word_1_584' title='bbox 1842 3430 2023 3478; x_wconf 90' lang='lat' dir='ltr'><strong>autem</strong></span> <span class='ocrx_word' id='word_1_585' title='bbox 2063 3421 2179 3477; x_wconf 88' lang='lat' dir='ltr'><strong>vias</strong></span> <span class='ocrx_word' id='word_1_586' title='bbox 2207 3421 2440 3488; x_wconf 90' lang='lat' dir='ltr'><strong>docebit,</strong></span> <span class='ocrx_word' id='word_1_587' title='bbox 2468 3428 2600 3486; x_wconf 89' lang='lat' dir='ltr'><strong>etc.,</strong></span> <span class='ocrx_word' id='word_1_588' title='bbox 2631 3436 2791 3491; x_wconf 88' lang='lat' dir='ltr'><strong>usque</strong></span> <span class='ocrx_word' id='word_1_589' title='bbox 2835 3419 2903 3474; x_wconf 85' lang='lat' dir='ltr'><strong>ad</strong></span> <span class='ocrx_word' id='word_1_590' title='bbox 2947 3428 3003 3474; x_wconf 92' lang='lat' dir='ltr'><strong>et</strong></span> <span class='ocrx_word' id='word_1_591' title='bbox 3029 3419 3221 3475; x_wconf 88' lang='lat' dir='ltr'><strong>deinde</strong></span> <span class='ocrx_word' id='word_1_592' title='bbox 3259 3429 3416 3475; x_wconf 88' lang='lat' dir='ltr'><strong>cavet</strong></span> 
     </span>
    </p>
   </div>
   <div class='ocr_carea' id='block_1_91' title="bbox 1842 3509 2426 3584">
    <p class='ocr_par' dir='ltr' id='par_1_91' title="bbox 1842 3509 2426 3584">
     <span class='ocr_line' id='line_1_91' title="bbox 1842 3509 2426 3584; baseline -0.009 -14"><span class='ocrx_word' id='word_1_593' title='bbox 1842 3513 2185 3570; x_wconf 81' lang='lat' dir='ltr'><strong>severitatem</strong></span> <span class='ocrx_word' id='word_1_594' title='bbox 2211 3509 2426 3584; x_wconf 74' lang='lat' dir='ltr'><strong>iudicis.</strong></span> 
     </span>
    </p>
   </div>
   <div class='ocr_carea' id='block_1_92' title="bbox 1916 3600 3413 3676">
    <p class='ocr_par' dir='ltr' id='par_1_92' title="bbox 1916 3600 3413 3676">
     <span class='ocr_line' id='line_1_92' title="bbox 1916 3600 3413 3676; baseline 0 -18"><span class='ocrx_word' id='word_1_595' title='bbox 1916 3604 2318 3658; x_wconf 81' lang='lat' dir='ltr'><strong>Testamentum.</strong></span> <span class='ocrx_word' id='word_1_596' title='bbox 2347 3600 2546 3674; x_wconf 67' lang='lat' dir='ltr'><strong>(Cass)</strong></span> <span class='ocrx_word' id='word_1_597' title='bbox 2567 3600 2796 3670; x_wconf 82' lang='lat' dir='ltr'><strong>Novum,</strong></span> <span class='ocrx_word' id='word_1_598' title='bbox 2818 3603 2960 3675; x_wconf 87' lang='lat' dir='ltr'><strong>quod</strong></span> <span class='ocrx_word' id='word_1_599' title='bbox 2981 3605 3195 3676; x_wconf 82' lang='lat' dir='ltr'><strong>egregie</strong></span> <span class='ocrx_word' id='word_1_600' title='bbox 3218 3605 3413 3660; x_wconf 84' lang='lat' dir='ltr'><strong>dicitur</strong></span> 
     </span>
    </p>
   </div>
   <div class='ocr_carea' id='block_1_93' title="bbox 1843 3691 3413 3766">
    <p class='ocr_par' dir='ltr' id='par_1_93' title="bbox 1843 3691 3413 3766">
     <span class='ocr_line' id='line_1_93' title="bbox 1843 3691 3413 3766; baseline 0.002 -18"><span class='ocrx_word' id='word_1_601' title='bbox 1843 3691 2269 3758; x_wconf 86' lang='lat' dir='ltr'><strong>Testamentum,</strong></span> <span class='ocrx_word' id='word_1_602' title='bbox 2285 3692 2374 3748; x_wconf 91' lang='lat' dir='ltr'><strong>ubi</strong></span> <span class='ocrx_word' id='word_1_603' title='bbox 2400 3693 2545 3748; x_wconf 89' lang='lat' dir='ltr'><strong>clara</strong></span> <span class='ocrx_word' id='word_1_604' title='bbox 2571 3703 2627 3748; x_wconf 86' lang='lat' dir='ltr'><strong>et</strong></span> <span class='ocrx_word' id='word_1_605' title='bbox 2651 3703 2798 3750; x_wconf 87' lang='lat' dir='ltr'><strong>certa</strong></span> <span class='ocrx_word' id='word_1_606' title='bbox 2816 3694 3101 3766; x_wconf 87' lang='lat' dir='ltr'><strong>promissio</strong></span> <span class='ocrx_word' id='word_1_607' title='bbox 3127 3696 3413 3752; x_wconf 60' lang='lat' dir='ltr'><strong>haeredita-</strong></span> 
     </span>
    </p>
   </div>
   <div class='ocr_carea' id='block_1_94' title="bbox 1843 3787 2655 3858">
    <p class='ocr_par' dir='ltr' id='par_1_94' title="bbox 1843 3787 2655 3858">
     <span class='ocr_line' id='line_1_94' title="bbox 1843 3787 2655 3858; baseline 0 -16"><span class='ocrx_word' id='word_1_608' title='bbox 1843 3787 1915 3844; x_wconf 89' lang='lat' dir='ltr'><strong>tis</strong></span> <span class='ocrx_word' id='word_1_609' title='bbox 1943 3789 2084 3858; x_wconf 91' lang='lat' dir='ltr'><strong>quod</strong></span> <span class='ocrx_word' id='word_1_610' title='bbox 2113 3796 2168 3842; x_wconf 93' lang='lat' dir='ltr'><strong>et</strong></span> <span class='ocrx_word' id='word_1_611' title='bbox 2191 3795 2362 3843; x_wconf 92' lang='lat' dir='ltr'><strong>morte</strong></span> <span class='ocrx_word' id='word_1_612' title='bbox 2389 3787 2655 3843; x_wconf 88' lang='lat' dir='ltr'><strong>ﬁrmatur.</strong></span> 
     </span>
    </p>
   </div>
   <div class='ocr_carea' id='block_1_95' title="bbox 1915 3880 3410 3952">
    <p class='ocr_par' dir='ltr' id='par_1_95' title="bbox 1915 3880 3410 3952">
     <span class='ocr_line' id='line_1_95' title="bbox 1915 3880 3410 3952; baseline 0.003 -18"><span class='ocrx_word' id='word_1_613' title='bbox 1915 3882 1983 3934; x_wconf 88' lang='lat' dir='ltr'><strong>Et</strong></span> <span class='ocrx_word' id='word_1_614' title='bbox 2018 3881 2420 3935; x_wconf 84' lang='lat' dir='ltr'><strong>Testamentum.</strong></span> <span class='ocrx_word' id='word_1_615' title='bbox 2455 3880 2612 3952; x_wconf 86' lang='lat' dir='ltr'><strong>Legis</strong></span> <span class='ocrx_word' id='word_1_616' title='bbox 2641 3882 2860 3948; x_wconf 87' lang='lat' dir='ltr'><strong>veteris,</strong></span> <span class='ocrx_word' id='word_1_617' title='bbox 2884 3881 2977 3938; x_wconf 92' lang='lat' dir='ltr'><strong>ubi</strong></span> <span class='ocrx_word' id='word_1_618' title='bbox 3022 3881 3240 3938; x_wconf 80' lang='lat' dir='ltr'><strong>fuerunt</strong></span> <span class='ocrx_word' id='word_1_619' title='bbox 3275 3883 3410 3939; x_wconf 89' lang='lat' dir='ltr'><strong>Pro-</strong></span> 
     </span>
    </p>
   </div>
   <div class='ocr_carea' id='block_1_96' title="bbox 1842 3973 2675 4045">
    <p class='ocr_par' dir='ltr' id='par_1_96' title="bbox 1842 3973 2675 4045">
     <span class='ocr_line' id='line_1_96' title="bbox 1842 3973 2675 4045; baseline -0.002 -17"><span class='ocrx_word' id='word_1_620' title='bbox 1842 3973 2018 4045; x_wconf 62' lang='lat' dir='ltr'><strong>pheta:</strong></span> <span class='ocrx_word' id='word_1_621' title='bbox 2047 3981 2212 4028; x_wconf 88' lang='lat' dir='ltr'><strong>testes</strong></span> <span class='ocrx_word' id='word_1_622' title='bbox 2238 3973 2675 4043; x_wconf 86' lang='lat' dir='ltr'><strong>promissionum.</strong></span> 
     </span>
    </p>
   </div>
   <div class='ocr_carea' id='block_1_97' title="bbox 1915 4063 3412 4141">
    <p class='ocr_par' dir='ltr' id='par_1_97' title="bbox 1915 4063 3412 4141">
     <span class='ocr_line' id='line_1_97' title="bbox 1915 4063 3412 4141; baseline 0.002 -23"><span class='ocrx_word' id='word_1_623' title='bbox 1915 4066 2076 4122; x_wconf 75' lang='lat' dir='ltr'><strong>Vens.</strong></span> <span class='ocrx_word' id='word_1_624' title='bbox 2110 4067 2195 4121; x_wconf 84' lang='grc'><strong>11.</strong></span> <span class='ocrx_word' id='word_1_625' title='bbox 2215 4096 2283 4105; x_wconf 88' lang='grc'><strong><em>-</em></strong></span> <span class='ocrx_word' id='word_1_626' title='bbox 2302 4063 2524 4136; x_wconf 81' lang='lat' dir='ltr'><strong>Propter</strong></span> <span class='ocrx_word' id='word_1_627' title='bbox 2549 4081 2732 4120; x_wconf 83' lang='lat' dir='ltr'><strong>nomen</strong></span> <span class='ocrx_word' id='word_1_628' title='bbox 2761 4073 2931 4136; x_wconf 85' lang='lat' dir='ltr'><strong>luunt,</strong></span> <span class='ocrx_word' id='word_1_629' title='bbox 2957 4066 3196 4123; x_wconf 86' lang='lat' dir='ltr'><strong>Domine.</strong></span> <span class='ocrx_word' id='word_1_630' title='bbox 3227 4068 3412 4141; x_wconf 80' lang='lat' dir='ltr'><strong>(Aue.)</strong></span> 
     </span>
    </p>
   </div>
   <div class='ocr_carea' id='block_1_98' title="bbox 1840 4158 3410 4232">
    <p class='ocr_par' dir='ltr' id='par_1_98' title="bbox 1840 4158 3410 4232">
     <span class='ocr_line' id='line_1_98' title="bbox 1840 4158 3410 4232; baseline -0.001 -16"><span class='ocrx_word' id='word_1_631' title='bbox 1840 4159 1898 4217; x_wconf 87' lang='lat' dir='ltr'><strong>1d</strong></span> <span class='ocrx_word' id='word_1_632' title='bbox 1935 4168 2037 4225; x_wconf 89' lang='lat' dir='ltr'><strong>est,</strong></span> <span class='ocrx_word' id='word_1_633' title='bbox 2077 4158 2299 4230; x_wconf 84' lang='lat' dir='ltr'><strong>gloriam</strong></span> <span class='ocrx_word' id='word_1_634' title='bbox 2331 4168 2499 4223; x_wconf 90' lang='lat' dir='ltr'><strong>tuam,</strong></span> <span class='ocrx_word' id='word_1_635' title='bbox 2529 4165 2657 4224; x_wconf 88' lang='lat' dir='ltr'><strong>etc.,</strong></span> <span class='ocrx_word' id='word_1_636' title='bbox 2690 4173 2850 4230; x_wconf 84' lang='lat' dir='ltr'><strong>usque</strong></span> <span class='ocrx_word' id='word_1_637' title='bbox 2877 4159 2945 4213; x_wconf 84' lang='lat' dir='ltr'><strong>ad</strong></span> <span class='ocrx_word' id='word_1_638' title='bbox 2971 4168 3026 4215; x_wconf 91' lang='lat' dir='ltr'><strong>et</strong></span> <span class='ocrx_word' id='word_1_639' title='bbox 3051 4161 3410 4232; x_wconf 89' lang='lat' dir='ltr'><strong>interpretan-</strong></span> 
     </span>
    </p>
   </div>
   <div class='ocr_carea' id='block_1_99' title="bbox 1842 4247 3406 4320">
    <p class='ocr_par' dir='ltr' id='par_1_99' title="bbox 1842 4247 3406 4320">
     <span class='ocr_line' id='line_1_99' title="bbox 1842 4247 3406 4320; baseline 0.001 -15"><span class='ocrx_word' id='word_1_640' title='bbox 1842 4247 1932 4305; x_wconf 81' lang='lat' dir='ltr'><strong>tur</strong></span> <span class='ocrx_word' id='word_1_641' title='bbox 1961 4250 2170 4315; x_wconf 88' lang='lat' dir='ltr'><strong>mundi,</strong></span> <span class='ocrx_word' id='word_1_642' title='bbox 2219 4249 2311 4320; x_wconf 91' lang='lat' dir='ltr'><strong>qui</strong></span> <span class='ocrx_word' id='word_1_643' title='bbox 2357 4263 2416 4304; x_wconf 88' lang='lat' dir='ltr'><strong>se</strong></span> <span class='ocrx_word' id='word_1_644' title='bbox 2465 4247 2532 4303; x_wconf 90' lang='lat' dir='ltr'><strong>ab</strong></span> <span class='ocrx_word' id='word_1_645' title='bbox 2576 4249 2724 4304; x_wconf 90' lang='lat' dir='ltr'><strong>omni</strong></span> <span class='ocrx_word' id='word_1_646' title='bbox 2766 4258 2988 4319; x_wconf 87' lang='lat' dir='ltr'><strong>peccato</strong></span> <span class='ocrx_word' id='word_1_647' title='bbox 3037 4251 3267 4306; x_wconf 90' lang='lat' dir='ltr'><strong>mundos</strong></span> <span class='ocrx_word' id='word_1_648' title='bbox 3319 4269 3406 4306; x_wconf 85' lang='lat' dir='ltr'><strong>as-</strong></span> 
     </span>
    </p>
   </div>
   <div class='ocr_carea' id='block_1_100' title="bbox 1839 4349 3411 4502">
    <p class='ocr_par' dir='ltr' id='par_1_100' title="bbox 1839 4349 3411 4502">
     <span class='ocr_line' id='line_1_100' title="bbox 1839 4349 3411 4502; baseline 0.001 -16"><span class='ocrx_word' id='word_1_649' title='bbox 1839 4349 2076 4486; x_wconf 51' lang='lat' dir='ltr'><strong>seertis.</strong></span> <span class='ocrx_word' id='word_1_650' title='bbox 2125 4429 2211 4485; x_wconf 78' lang='grc'><strong>12.</strong></span> <span class='ocrx_word' id='word_1_651' title='bbox 2235 4459 2305 4469; x_wconf 92' lang='grc'><strong><em>-</em></strong></span> <span class='ocrx_word' id='word_1_652' title='bbox 2325 4427 2455 4494; x_wconf 83' lang='lat' dir='ltr'><strong>Quis</strong></span> <span class='ocrx_word' id='word_1_653' title='bbox 2504 4437 2579 4483; x_wconf 87' lang='lat' dir='ltr'><strong>est</strong></span> <span class='ocrx_word' id='word_1_654' title='bbox 2622 4428 2775 4482; x_wconf 84' lang='lat' dir='ltr'><strong>homo</strong></span> <span class='ocrx_word' id='word_1_655' title='bbox 2795 4428 2821 4481; x_wconf 71' lang='lat'><strong><em>7</em></strong></span> <span class='ocrx_word' id='word_1_656' title='bbox 2855 4425 3056 4501; x_wconf 48' lang='lat' dir='ltr'><strong>(Casu)</strong></span> <span class='ocrx_word' id='word_1_657' title='bbox 3083 4427 3181 4484; x_wconf 83' lang='lat' dir='ltr'><strong>Hic</strong></span> <span class='ocrx_word' id='word_1_658' title='bbox 3203 4431 3312 4502; x_wconf 89' lang='lat' dir='ltr'><strong>agit</strong></span> <span class='ocrx_word' id='word_1_659' title='bbox 3345 4433 3411 4488; x_wconf 90' lang='lat' dir='ltr'><strong>de</strong></span> 
     </span>
    </p>
   </div>
   <div class='ocr_carea' id='block_1_101' title="bbox 1841 4516 3412 4590">
    <p class='ocr_par' dir='ltr' id='par_1_101' title="bbox 1841 4516 3412 4590">
     <span class='ocr_line' id='line_1_101' title="bbox 1841 4516 3412 4590; baseline 0 -14"><span class='ocrx_word' id='word_1_660' title='bbox 1841 4522 2086 4586; x_wconf 67' lang='lat' dir='ltr'><strong>aeternis;</strong></span> <span class='ocrx_word' id='word_1_661' title='bbox 2116 4517 2386 4590; x_wconf 85' lang='lat' dir='ltr'><strong>quomodo</strong></span> <span class='ocrx_word' id='word_1_662' title='bbox 2406 4516 2688 4582; x_wconf 82' lang='lat' dir='ltr'><strong>habentur,</strong></span> <span class='ocrx_word' id='word_1_663' title='bbox 2713 4516 2963 4572; x_wconf 82' lang='lat' dir='ltr'><strong>laborans</strong></span> <span class='ocrx_word' id='word_1_664' title='bbox 2987 4525 3045 4571; x_wconf 86' lang='lat' dir='ltr'><strong>et</strong></span> <span class='ocrx_word' id='word_1_665' title='bbox 3063 4533 3244 4585; x_wconf 87' lang='lat' dir='ltr'><strong>orans,</strong></span> <span class='ocrx_word' id='word_1_666' title='bbox 3271 4530 3329 4574; x_wconf 94' lang='lat' dir='ltr'><strong>ut</strong></span> <span class='ocrx_word' id='word_1_667' title='bbox 3357 4530 3412 4576; x_wconf 89' lang='lat' dir='ltr'><strong>et</strong></span> 
     </span>
    </p>
   </div>
   <div class='ocr_carea' id='block_1_102' title="bbox 1841 4607 3120 4686">
    <p class='ocr_par' dir='ltr' id='par_1_102' title="bbox 1841 4607 3120 4686">
     <span class='ocr_line' id='line_1_102' title="bbox 1841 4607 3120 4686; baseline -0.002 -17"><span class='ocrx_word' id='word_1_668' title='bbox 1841 4615 1980 4686; x_wconf 91' lang='lat' dir='ltr'><strong>ipse,</strong></span> <span class='ocrx_word' id='word_1_669' title='bbox 2012 4623 2067 4668; x_wconf 92' lang='lat' dir='ltr'><strong>et</strong></span> <span class='ocrx_word' id='word_1_670' title='bbox 2095 4619 2238 4668; x_wconf 86' lang='lat' dir='ltr'><strong>totus</strong></span> <span class='ocrx_word' id='word_1_671' title='bbox 2267 4607 2429 4667; x_wconf 88' lang='lat' dir='ltr'><strong>Israel</strong></span> <span class='ocrx_word' id='word_1_672' title='bbox 2455 4611 2524 4666; x_wconf 90' lang='lat' dir='ltr'><strong>ab</strong></span> <span class='ocrx_word' id='word_1_673' title='bbox 2548 4610 2633 4666; x_wconf 86' lang='lat' dir='ltr'><strong>bis</strong></span> <span class='ocrx_word' id='word_1_674' title='bbox 2661 4609 2816 4666; x_wconf 85' lang='lat' dir='ltr'><strong>malis</strong></span> <span class='ocrx_word' id='word_1_675' title='bbox 2842 4610 3120 4666; x_wconf 87' lang='lat' dir='ltr'><strong>liberetur.</strong></span> 
     </span>
    </p>
   </div>
   <div class='ocr_carea' id='block_1_103' title="bbox 1912 4701 3406 4775">
    <p class='ocr_par' dir='ltr' id='par_1_103' title="bbox 1912 4701 3406 4775">
     <span class='ocr_line' id='line_1_103' title="bbox 1912 4701 3406 4775; baseline 0.002 -15"><span class='ocrx_word' id='word_1_676' title='bbox 1912 4707 2076 4760; x_wconf 74' lang='lat' dir='ltr'><strong>Vnus.</strong></span> <span class='ocrx_word' id='word_1_677' title='bbox 2109 4703 2520 4760; x_wconf 77' lang='lat' dir='ltr'><strong>l3.—Anima.</strong></span> <span class='ocrx_word' id='word_1_678' title='bbox 2554 4701 2676 4775; x_wconf 88' lang='lat' dir='ltr'><strong>(ln.)</strong></span> <span class='ocrx_word' id='word_1_679' title='bbox 2703 4711 2761 4758; x_wconf 91' lang='lat' dir='ltr'><strong>et</strong></span> <span class='ocrx_word' id='word_1_680' title='bbox 2798 4703 2842 4759; x_wconf 85' lang='lat' dir='ltr'><strong>si</strong></span> <span class='ocrx_word' id='word_1_681' title='bbox 2881 4717 2988 4758; x_wconf 89' lang='lat' dir='ltr'><strong>non</strong></span> <span class='ocrx_word' id='word_1_682' title='bbox 3029 4704 3232 4772; x_wconf 84' lang='lat' dir='ltr'><strong>statim,</strong></span> <span class='ocrx_word' id='word_1_683' title='bbox 3277 4717 3406 4775; x_wconf 89' lang='lat' dir='ltr'><strong>etc.,</strong></span> 
     </span>
    </p>
   </div>
   <div class='ocr_carea' id='block_1_104' title="bbox 1839 4794 2875 4871">
    <p class='ocr_par' dir='ltr' id='par_1_104' title="bbox 1839 4794 2875 4871">
     <span class='ocr_line' id='line_1_104' title="bbox 1839 4794 2875 4871; baseline -0.004 -17"><span class='ocrx_word' id='word_1_684' title='bbox 1839 4803 2002 4871; x_wconf 76' lang='lat' dir='ltr'><strong>usque</strong></span> <span class='ocrx_word' id='word_1_685' title='bbox 2023 4797 2092 4853; x_wconf 84' lang='lat' dir='ltr'><strong>ad</strong></span> <span class='ocrx_word' id='word_1_686' title='bbox 2117 4796 2373 4868; x_wconf 91' lang='lat' dir='ltr'><strong>quidquid</strong></span> <span class='ocrx_word' id='word_1_687' title='bbox 2402 4795 2493 4850; x_wconf 91' lang='lat' dir='ltr'><strong>alii</strong></span> <span class='ocrx_word' id='word_1_688' title='bbox 2518 4794 2738 4862; x_wconf 84' lang='lat' dir='ltr'><strong>faciant,</strong></span> <span class='ocrx_word' id='word_1_689' title='bbox 2771 4804 2875 4852; x_wconf 90' lang='lat' dir='ltr'><strong>etc.</strong></span> 
     </span>
    </p>
   </div>
   <div class='ocr_carea' id='block_1_105' title="bbox 1912 4887 3409 4963">
    <p class='ocr_par' dir='ltr' id='par_1_105' title="bbox 1912 4887 3409 4963">
     <span class='ocr_line' id='line_1_105' title="bbox 1912 4887 3409 4963; baseline -0.001 -15"><span class='ocrx_word' id='word_1_690' title='bbox 1912 4891 2122 4948; x_wconf 87' lang='lat' dir='ltr'><strong>Semen.</strong></span> <span class='ocrx_word' id='word_1_691' title='bbox 2154 4888 2357 4963; x_wconf 73' lang='lat' dir='ltr'><strong>(Hii-stt.)</strong></span> <span class='ocrx_word' id='word_1_692' title='bbox 2414 4887 2618 4945; x_wconf 89' lang='lat' dir='ltr'><strong>Bonum</strong></span> <span class='ocrx_word' id='word_1_693' title='bbox 2665 4898 2767 4956; x_wconf 87' lang='lat' dir='ltr'><strong>est,</strong></span> <span class='ocrx_word' id='word_1_694' title='bbox 2814 4889 2952 4945; x_wconf 91' lang='lat' dir='ltr'><strong>unde</strong></span> <span class='ocrx_word' id='word_1_695' title='bbox 2997 4889 3206 4949; x_wconf 83' lang='lat' dir='ltr'><strong>fructus</strong></span> <span class='ocrx_word' id='word_1_696' title='bbox 3256 4893 3409 4948; x_wconf 92' lang='lat' dir='ltr'><strong>colli-</strong></span> 
     </span>
    </p>
   </div>
   <div class='ocr_carea' id='block_1_106' title="bbox 1835 4983 2000 5054">
    <p class='ocr_par' dir='ltr' id='par_1_106' title="bbox 1835 4983 2000 5054">
     <span class='ocr_line' id='line_1_106' title="bbox 1835 4983 2000 5054; baseline 0.012 -18"><span class='ocrx_word' id='word_1_697' title='bbox 1835 4983 2000 5054; x_wconf 85' lang='lat' dir='ltr'><strong>gitur.</strong></span> 
     </span>
    </p>
   </div>
   <div class='ocr_carea' id='block_1_107' title="bbox 1911 5073 3404 5147">
    <p class='ocr_par' dir='ltr' id='par_1_107' title="bbox 1911 5073 3404 5147">
     <span class='ocr_line' id='line_1_107' title="bbox 1911 5073 3404 5147; baseline -0.001 -17"><span class='ocrx_word' id='word_1_698' title='bbox 1911 5075 2327 5131; x_wconf 85' lang='lat' dir='ltr'><strong>Firmamentum</strong></span> <span class='ocrx_word' id='word_1_699' title='bbox 2371 5083 2466 5128; x_wconf 85' lang='lat' dir='ltr'><strong>est.</strong></span> <span class='ocrx_word' id='word_1_700' title='bbox 2525 5073 2744 5147; x_wconf 82' lang='lat' dir='ltr'><strong>(Auc.)</strong></span> <span class='ocrx_word' id='word_1_701' title='bbox 2797 5073 3022 5130; x_wconf 88' lang='lat' dir='ltr'><strong>Videtur</strong></span> <span class='ocrx_word' id='word_1_702' title='bbox 3070 5073 3404 5130; x_wconf 87' lang='lat' dir='ltr'><strong>inlirmorum</strong></span> 
     </span>
    </p>
   </div>
   <div class='ocr_carea' id='block_1_108' title="bbox 1837 5163 3405 5232">
    <p class='ocr_par' dir='ltr' id='par_1_108' title="bbox 1837 5163 3405 5232">
     <span class='ocr_line' id='line_1_108' title="bbox 1837 5163 3405 5232; baseline -0.004 -4"><span class='ocrx_word' id='word_1_703' title='bbox 1837 5183 1958 5228; x_wconf 86' lang='lat' dir='ltr'><strong>esse</strong></span> <span class='ocrx_word' id='word_1_704' title='bbox 1985 5169 2167 5232; x_wconf 87' lang='lat' dir='ltr'><strong>timor,</strong></span> <span class='ocrx_word' id='word_1_705' title='bbox 2215 5167 2308 5222; x_wconf 90' lang='lat' dir='ltr'><strong>sed</strong></span> <span class='ocrx_word' id='word_1_706' title='bbox 2336 5165 2593 5221; x_wconf 91' lang='lat' dir='ltr'><strong>Dominus</strong></span> <span class='ocrx_word' id='word_1_707' title='bbox 2634 5173 2717 5221; x_wconf 88' lang='lat' dir='ltr'><strong>est</strong></span> <span class='ocrx_word' id='word_1_708' title='bbox 2763 5163 3164 5222; x_wconf 82' lang='lat' dir='ltr'><strong>ﬁnuamentnm</strong></span> <span class='ocrx_word' id='word_1_709' title='bbox 3209 5166 3405 5222; x_wconf 88' lang='lat' dir='ltr'><strong>timen-</strong></span> 
     </span>
    </p>
   </div>
   <div class='ocr_carea' id='block_1_109' title="bbox 1837 5256 3408 5328">
    <p class='ocr_par' dir='ltr' id='par_1_109' title="bbox 1837 5256 3408 5328">
     <span class='ocr_line' id='line_1_109' title="bbox 1837 5256 3408 5328; baseline -0.001 -11"><span class='ocrx_word' id='word_1_710' title='bbox 1837 5259 1982 5317; x_wconf 89' lang='lat' dir='ltr'><strong>tibus</strong></span> <span class='ocrx_word' id='word_1_711' title='bbox 2003 5274 2144 5326; x_wconf 88' lang='lat' dir='ltr'><strong>cum,</strong></span> <span class='ocrx_word' id='word_1_712' title='bbox 2167 5265 2222 5315; x_wconf 92' lang='lat' dir='ltr'><strong>et</strong></span> <span class='ocrx_word' id='word_1_713' title='bbox 2243 5256 2372 5314; x_wconf 85' lang='lat' dir='ltr'><strong>facit</strong></span> <span class='ocrx_word' id='word_1_714' title='bbox 2391 5267 2448 5312; x_wconf 92' lang='lat' dir='ltr'><strong>ut</strong></span> <span class='ocrx_word' id='word_1_715' title='bbox 2473 5259 2876 5314; x_wconf 89' lang='lat' dir='ltr'><strong>Testamentum</strong></span> <span class='ocrx_word' id='word_1_716' title='bbox 2896 5257 3012 5328; x_wconf 84' lang='lat' dir='ltr'><strong>ejus</strong></span> <span class='ocrx_word' id='word_1_717' title='bbox 3033 5258 3408 5316; x_wconf 82' lang='lat' dir='ltr'><strong>manilestetur</strong></span> 
     </span>
    </p>
   </div>
   <div class='ocr_carea' id='block_1_110' title="bbox 1837 5351 1962 5408">
    <p class='ocr_par' dir='ltr' id='par_1_110' title="bbox 1837 5351 1962 5408">
     <span class='ocr_line' id='line_1_110' title="bbox 1837 5351 1962 5408; baseline -0.016 0"><span class='ocrx_word' id='word_1_718' title='bbox 1837 5351 1962 5408; x_wconf 87' lang='lat' dir='ltr'><strong>illis.</strong></span> 
     </span>
    </p>
   </div>
   <div class='ocr_carea' id='block_1_111' title="bbox 1911 5441 3407 5513">
    <p class='ocr_par' dir='ltr' id='par_1_111' title="bbox 1911 5441 3407 5513">
     <span class='ocr_line' id='line_1_111' title="bbox 1911 5441 3407 5513; baseline 0 -15"><span class='ocrx_word' id='word_1_719' title='bbox 1911 5441 2083 5498; x_wconf 81' lang='lat' dir='ltr'><strong>Oculi.</strong></span> <span class='ocrx_word' id='word_1_720' title='bbox 2141 5441 2252 5500; x_wconf 89' lang='lat' dir='ltr'><strong>Sal.</strong></span> <span class='ocrx_word' id='word_1_721' title='bbox 2302 5441 2454 5498; x_wconf 83' lang='lat' dir='ltr'><strong>Oculi</strong></span> <span class='ocrx_word' id='word_1_722' title='bbox 2483 5441 2734 5513; x_wconf 81' lang='lat' dir='ltr'><strong>sapientis</strong></span> <span class='ocrx_word' id='word_1_723' title='bbox 2767 5442 2823 5495; x_wconf 75' lang='lat' dir='ltr'><strong>in</strong></span> <span class='ocrx_word' id='word_1_724' title='bbox 2859 5441 3046 5511; x_wconf 80' lang='lat' dir='ltr'><strong>capite,</strong></span> <span class='ocrx_word' id='word_1_725' title='bbox 3095 5441 3154 5498; x_wconf 76' lang='lat' dir='ltr'><strong>id</strong></span> <span class='ocrx_word' id='word_1_726' title='bbox 3191 5451 3298 5510; x_wconf 81' lang='lat' dir='ltr'><strong>est,</strong></span> <span class='ocrx_word' id='word_1_727' title='bbox 3353 5445 3407 5498; x_wconf 84' lang='lat' dir='ltr'><strong>in</strong></span> 
     </span>
    </p>
   </div>
   <div class='ocr_carea' id='block_1_112' title="bbox 1838 5537 2160 5606">
    <p class='ocr_par' dir='ltr' id='par_1_112' title="bbox 1838 5537 2160 5606">
     <span class='ocr_line' id='line_1_112' title="bbox 1838 5537 2160 5606; baseline -0.016 -11"><span class='ocrx_word' id='word_1_728' title='bbox 1838 5537 1993 5594; x_wconf 65' lang='lat' dir='ltr'><strong>tarde</strong></span> <span class='ocrx_word' id='word_1_729' title='bbox 2025 5538 2160 5606; x_wconf 83' lang='lat' dir='ltr'><strong>ejus.</strong></span> 
     </span>
    </p>
   </div>
   <div class='ocr_carea' id='block_1_113' title="bbox 1909 5620 3405 5696">
    <p class='ocr_par' dir='ltr' id='par_1_113' title="bbox 1909 5620 3405 5696">
     <span class='ocr_line' id='line_1_113' title="bbox 1909 5620 3405 5696; baseline -0.005 -12"><span class='ocrx_word' id='word_1_730' title='bbox 1909 5629 2068 5684; x_wconf 75' lang='lat' dir='ltr'><strong>Vsus.</strong></span> <span class='ocrx_word' id='word_1_731' title='bbox 2101 5627 2186 5682; x_wconf 88' lang='grc'><strong>16.</strong></span> <span class='ocrx_word' id='word_1_732' title='bbox 2217 5657 2285 5666; x_wconf 92' lang='grc'><strong><em>--</em></strong></span> <span class='ocrx_word' id='word_1_733' title='bbox 2325 5621 2542 5680; x_wconf 81' lang='lat' dir='ltr'><strong>Unicus.</strong></span> <span class='ocrx_word' id='word_1_734' title='bbox 2586 5621 2707 5696; x_wconf 82' lang='lat' dir='ltr'><strong>(ln.)</strong></span> <span class='ocrx_word' id='word_1_735' title='bbox 2746 5620 2947 5678; x_wconf 86' lang='lat' dir='ltr'><strong>Unicus</strong></span> <span class='ocrx_word' id='word_1_736' title='bbox 2998 5622 3118 5693; x_wconf 85' lang='lat' dir='ltr'><strong>plus</strong></span> <span class='ocrx_word' id='word_1_737' title='bbox 3170 5633 3405 5690; x_wconf 89' lang='lat' dir='ltr'><strong>amatur,</strong></span> 
     </span>
    </p>
   </div>
   <div class='ocr_carea' id='block_1_114' title="bbox 1835 5718 2441 5793">
    <p class='ocr_par' dir='ltr' id='par_1_114' title="bbox 1835 5718 2441 5793">
     <span class='ocr_line' id='line_1_114' title="bbox 1835 5718 2441 5793; baseline -0.008 -18"><span class='ocrx_word' id='word_1_738' title='bbox 1835 5737 2037 5793; x_wconf 85' lang='lat' dir='ltr'><strong>pauper</strong></span> <span class='ocrx_word' id='word_1_739' title='bbox 2065 5719 2182 5790; x_wconf 91' lang='lat' dir='ltr'><strong>plus</strong></span> <span class='ocrx_word' id='word_1_740' title='bbox 2213 5718 2441 5772; x_wconf 81' lang='lat' dir='ltr'><strong>doletur.</strong></span> 
     </span>
    </p>
   </div>
   <div class='ocr_carea' id='block_1_115' title="bbox 1908 5803 3403 5871">
    <p class='ocr_par' dir='ltr' id='par_1_115' title="bbox 1908 5803 3403 5871">
     <span class='ocr_line' id='line_1_115' title="bbox 1908 5803 3403 5871; baseline -0.005 -4"><span class='ocrx_word' id='word_1_741' title='bbox 1908 5813 2066 5868; x_wconf 70' lang='lat' dir='ltr'><strong>Vsus.</strong></span> <span class='ocrx_word' id='word_1_742' title='bbox 2105 5811 2189 5863; x_wconf 81' lang='lat' dir='ltr'><strong>l7.</strong></span> <span class='ocrx_word' id='word_1_743' title='bbox 2213 5808 2361 5862; x_wconf 78' lang='grc' dir='ltr'><strong>-οε</strong></span> <span class='ocrx_word' id='word_1_744' title='bbox 2389 5805 2794 5860; x_wconf 77' lang='lat' dir='ltr'><strong>necessitatibus.</strong></span> <span class='ocrx_word' id='word_1_745' title='bbox 2831 5803 2884 5858; x_wconf 85' lang='lat' dir='ltr'><strong>Id</strong></span> <span class='ocrx_word' id='word_1_746' title='bbox 2911 5813 3012 5868; x_wconf 88' lang='lat' dir='ltr'><strong>est,</strong></span> <span class='ocrx_word' id='word_1_747' title='bbox 3047 5805 3112 5858; x_wconf 84' lang='lat' dir='ltr'><strong>ah</strong></span> <span class='ocrx_word' id='word_1_748' title='bbox 3139 5803 3403 5871; x_wconf 83' lang='lat' dir='ltr'><strong>adversis,</strong></span> 
     </span>
    </p>
   </div>
  </div>
