3982 6352
516 365 626 424 879
1017 361 1420 420 WALAFRIDI
1458 363 1708 421 STRAB!
1744 365 1952 424 FULD.
1993 365 2160 426 MON.
2197 363 2349 428 OPP.
2388 365 2570 426 PARS
2605 365 2649 423 Ι.
2687 393 2758 412 —-
2787 360 3251 426 τΗΕοιοσιαΑ.
3685 365 3786 425 ω

515 489 637 548 qua:
681 472 989 530 necessaria
1029 482 1156 531 sunt
1187 476 1459 545 omnibus,
1499 478 1594 554 qui
1635 478 1724 550 pie
1765 479 1821 535 in
1881 479 2097 538 Christo
2123 488 2174 548 Α
2272 481 2475 554 (Cass)
2499 481 2582 539 Ne
2631 482 2828 554 perdas
2859 483 2918 538 in
2953 483 3138 540 futuro
3183 499 3307 540 cum
3345 483 3544 558 impiis,
3593 483 3790 557 quibus

513 567 701 625 vivere
729 565 939 622 volunt.
2199 571 2291 629 hic
2324 587 2434 628 non
2473 572 2836 630 communico.

587 655 755 713 Vens.
803 657 893 714 19.
921 655 1250 728 -—Respice.
1293 656 1476 732 (Auc.)
1521 660 1624 717 Tot
1657 661 1934 718 hominum
1976 679 2102 736 per-
2269 661 2436 719 Vsus.
2469 663 2557 718 l0.
2588 692 2661 704 —
2686 662 2916 720 Dextera
2959 681 3176 734 eorum,
3219 664 3436 740 (Auc.),
3480 667 3538 724 id
3587 677 3702 738 est,
3745 671 3793 728 si

517 749 654 806 ditio
692 751 810 806 sine
845 747 1192 812 dolore.esse
1230 765 1338 808 non
1380 762 1597 824 potest,
1641 762 1699 812 et
1736 753 1858 811 ideo
1894 769 1993 826 pro
2021 755 2102 813 eis
2198 752 2331 824 quid
2355 753 2482 808 boni
2512 760 2703 824 agunt,
2728 762 2872 821 etc.,
2904 772 3065 828 usque
3095 756 3166 811 ad
3195 757 3574 816 misericordia
3602 760 3795 819 inom-

515 851 661 900 orat.
2199 845 2358 902 nibus
2381 846 2688 913 comitetur,
2713 847 2857 917 quod
2881 848 3066 916 debes,
3089 851 3254 921 quia:

590 935 755 994 Vens.
779 936 873 994 21.
899 966 972 980 -
993 935 1304 997 Innocentes
1333 950 1383 996 et
1413 941 1542 998 recti
1581 940 1932 999 adhtrserunt.
1975 939 2098 1014 (ln.)
2271 935 2435 993 Vens.
2480 937 2566 992 12.
2595 967 2667 978 -
2693 937 2817 1006 Pes,
2849 939 2903 995 id
2923 948 3029 1007 est,
3057 939 3296 1010 all'ectio,
3322 957 3445 1014 qua:
3491 941 3666 1001 facile
3691 943 3796 1002 labi

517 1027 644 1084 Mali
677 1028 896 1086 tolerati
928 1037 1082 1097 sunt;
1111 1046 1223 1087 non
1249 1032 1618 1090 adnasci-um.
2201 1028 2360 1096 solet,
2400 1031 2540 1086 stetit
2569 1031 2862 1088 immobilis
2902 1043 3093 1089 contra
3142 1036 3322 1092 omnia
3367 1038 3655 1104 scandala,
3687 1048 3802 1095 ten-

589 1118 754 1176 Vsns.
776 1120 870 1176 22.
895 1151 965 1164 --
1007 1121 1199 1179 Israel.
1241 1122 1425 1196 (Δυρ.)
1475 1123 1739 1196 Populum
1763 1165 1780 1192 ,
1819 1137 1983 1196 quem
2031 1122 2102 1180 ad
2203 1123 2336 1178 dens
2365 1121 2530 1188 ultra,
2560 1132 2618 1178 et
2641 1124 2943 1193 persistens
2980 1126 3036 1181 in
3065 1125 3287 1183 directo.
3317 1127 3388 1184 Et
3423 1131 3555 1202 quia
3606 1132 3691 1188 sic
3715 1149 3802 1190 re-

517 1219 672 1270 tuam
707 1213 972 1271 visionem
1007 1215 1354 1288 preparasti.
2203 1211 2364 1268 dimis
2394 1212 2449 1268 in
2473 1212 2756 1280 Ecclesiis,
2783 1215 3122 1272 benedicam.

1035 1325 1360 1386 pSALMUS
1411 1327 1578 1386 xxv.
2275 1301 2447 1360 Stetit.
2487 1303 2691 1380 (Cass)
2720 1307 2836 1364 Etsi
2867 1309 3106 1381 undique
3157 1325 3496 1382 concussus,
3526 1315 3625 1372 vel
3677 1333 3802 1374 con-

591 1416 2105 1529 Yir:_‘:_::}’3ﬁ'ra-(Pallidus:rarae
2207 1393 2364 1454 “'5‘”
2393 1396 2680 1480 ⁵⁰³¹¹ί¹³¹¹⁸ο
2725 1467 3050 1528 manus
3077 1470 3245 1529 xxvr

517 1509 683 1566 vitari
705 1510 987 1567 consortia
1011 1510 1340 1581 iniquorum,
1358 1509 1511 1584 jungi
1523 1511 1710 1584 justis,
1737 1511 1862 1582 quia
1889 1527 1957 1568 ex
1982 1525 2107 1568 con-
2276 1581 2322 1584 __
2475 1580 2490 1584 _
2653 1579 2675 1584 _
2726 1509 2750 1524 ⁵
2773 1509 3050 1584 f’““"“’_”
3078 1509 3176 1527 ιη’

517 1601 665 1661 vim“
697 1617 882 1659 mores
921 1579 1249 1658 [οτωείηιη.
1363 1579 1374 1582 ⁷
1463 1579 1484 1584 ’
1525 1579 1541 1584 ⁷
1697 1579 1700 1580 ⁷
1753 1579 1772 1582 “
2275 1581 2441 1637 Vnus.
2467 1580 2520 1635 1.
2546 1609 2619 1626 --
2643 1579 2713 1637 In
2748 1582 2928 1652 ﬁnem.
2975 1582 3160 1655 (Auc.;
3202 1583 3380 1657 Cass.)
3425 1585 3659 1654 Primo,
3711 1590 3808 1646 Da-

588 1693 806 1750 Ῑκάεοα,
852 1693 1049 1766 (Αυαδ
1102 1693 1241 1764 Quia
1294 1704 1418 1766 post
1455 1694 1918 1763 misericordiam,
1973 1704 2102 1766 etc.,
2204 1673 2297 1730 vid
2324 1673 2546 1742 electus,
2576 1683 2710 1742 etc.,
2738 1691 2901 1747 usque
2937 1676 3007 1730 ad
3040 1676 3184 1732 unde
3213 1676 3269 1732 in
3321 1688 3686 1736 sacramento
3727 1698 3810 1754 ge-

520 1801 686 1859 nsque
711 1785 783 1840 ad
813 1801 844 1840 a
875 1793 1038 1842 vento
1067 1786 1333 1859 superbia:
1375 1785 1676 1857 rapiuntur.

2207 1785 2362 1826 mens
2399 1779 2456 1826 et
2490 1769 2776 1837 laborans;
2811 1777 2872 1824 ut
2907 1769 2962 1825 in
2991 1785 3052 1826 re
3077 1771 3330 1843 gaudeat.

595 1875 788 1947 (ωδε,
813 1876 831 1947 )
860 1874 1059 1931 ndica
1087 1893 1108 1932 ε
1135 1892 1244 1933 non
1292 1885 1378 1934 εει
1423 1878 1774 1950 praesumptio
1809 1877 1965 1950 justi,
2013 1883 2108 1938 sed
2134 1866 2184 1928 Β
2269 1859 2529 1916 Dominus
2543 1859 2884 1928 illuminatio,
2901 1869 3008 1918 etc.
3028 1861 3324 1935 (Csss.)De
3347 1862 3532 1934 prima
3552 1866 3812 1922 unctione

519 1970 790 2027 certitudo
815 1970 1202 2027 misericordia
1229 1970 1346 2038 Dei,
1376 1971 1520 2042 quod
1551 1971 1626 2027 ibi
1652 1972 1976 2031 ostenditin
1998 1973 2091 2032 Do-

2013 1973 2108 2032 Do-
2209 1969 2308 2027 per
2334 1969 2498 2025 quam
2527 1953 2862 2010 certiﬁcatur
2901 1955 3169 2022 secunda,
3194 1955 3284 2011 hic
3312 1955 3585 2026 loquitur.

518 2067 669 2123 ιηῖηυ
698 2082 956 2138 sperans;
997 2065 1224 2133 deinde,
1261 2081 1370 2122 non
1411 2065 1748 2123 inm-umber.
2281 2049 2537 2104 Dominus
2582 2059 2847 2120 protector
2891 2053 3008 2105 vita:
3057 2067 3208 2104 mete.
3243 2050 3430 2122 (Auc.)
3484 2049 3597 2106 Dat
3645 2052 3812 2112 vitam

589 2157 658 2214 In
683 2158 1002 2218 innocentia.
1031 2156 1213 2229 (Αυθ.)
1248 2155 1368 2212 Non
1407 2157 1723 2228 angelorum
1748 2199 1765 2226 ,
1801 2157 1904 2216 sed
1931 2157 2124 2230 qualis

2239 2139 2489 2205 'irtutum,
2525 2155 2692 2212 quam
2737 2150 2794 2198 et
2830 2141 3100 2214 protegit,
3152 2141 3274 2198 sine
3302 2156 3413 2214 quo
3447 2143 3652 2200 omnia
3681 2145 3811 2204 dona

517 2257 604 2306 est
648 2249 950 2305 hominum.
2207 2235 2326 2308 ejus
2351 2235 2672 2304 perduntur.

594 2338 754 2396 Vsus.
781 2341 837 2395 2.
870 2370 937 2380 -
960 2336 1139 2394 Proba
1173 2354 1276 2394 me.
1311 2337 1510 2410 (Cass)
1548 2337 1608 2394 Id
1636 2347 1754 2406 est,
1788 2340 1940 2410 prius
1963 2340 2110 2397 vires

2280 2325 2325 2379 Α
2352 2341 2455 2396 quo
2484 2323 2791 2396 trepidabo?
2813 2325 2960 2398 (ln.)
2991 2324 3162 2396 Quem
3205 2327 3458 2400 trepidet,
3490 2342 3659 2397 caro,
3694 2345 3811 2392 eiul

516 2431 745 2504 inspice,
776 2441 906 2498 etc.,
955 2448 1116 2503 usque
1145 2431 1216 2486 ad
1261 2446 1368 2487 non
1398 2431 1621 2496 merita,
1669 2433 1767 2489 sed
1797 2433 2088 2490 misericor-

1349 2447 1368 2486 ι
1398 2431 1621 2496 merita,
1669 2433 1767 2489 sed
1797 2433 2109 2490 misericor-
2208 2415 2450 2472 ίηάυετίι
2495 2417 2921 2488 οοττυριίοιιθω-

517 2523 666 2584 diam
691 2537 812 2594 quae
841 2521 1002 2578 talem
1033 2537 1121 2577 me
1145 2520 1276 2578 fecit
1295 2560 1312 2587 ,
1339 2521 1579 2578 attendo.
2280 2511 2445 2567 Vnus.
2473 2511 2530 2566 2.
2563 2540 2635 2554 -—
2673 2509 2844 2583 Super
2881 2527 2964 2567 me
3005 2521 3266 2568 nocentes.
3312 2509 3438 2583 (ln.)
3465 2511 3551 2570 Ut
3589 2528 3656 2569 se
3684 2514 3810 2573 mihi

592 2621 794 2692 (Cass)
821 2617 998 2676 Pioba
1017 2637 1121 2675 me.
1148 2620 1228 2676 Tu
1253 2637 1406 2687 vero,
1429 2623 1598 2693 proba
1618 2621 1676 2678 in
1699 2619 2104 2684 tentationibus,

2234 2603 2498 2660 irieferant
2536 2603 2862 2662 insultantes
2893 2623 2905 2659 :
2935 2606 3080 2677 quod
3107 2605 3270 2662 vertit
3309 2604 3453 2662 Deus
3485 2606 3550 2662 in
3589 2608 3806 2676 melius,

515 2713 745 2784 nequid
773 2706 955 2767 delicti
1002 2720 1299 2778 remaneat,
1329 2723 1463 2779 etc.,
1495 2729 1658 2785 usque
1694 2713 1766 2767 ad
1795 2726 1864 2768 ne
1889 2711 2011 2783 quis
2039 2711 2107 2767 de
2206 2710 2266 2755 ιιι
2292 2699 2554 2756 maledico
2580 2701 2742 2756 dente
2786 2715 2893 2756 non
2945 2715 3068 2767 me.
3107 2700 3203 2756 sed
3258 2699 3501 2756 carnalia
3532 2701 3806 2760 desideria

515 2807 599 2866 eis
624 2813 946 2863 murmuret.
2206 2799 2546 2848 consumant.
2583 2790 2680 2848 Vel
2719 2791 2902 2860 edam,
2937 2792 2993 2848 id
3039 2799 3146 2860 est,
3176 2791 3478 2849 delectetur
3529 2792 3590 2850 in
3632 2805 3808 2852 morte

588 2895 698 2953 Ure
718 2912 885 2952 renes.
914 2890 1058 2968 (19.)
1083 2893 1210 2966 igne
1253 2895 1404 2952 verbi
1436 2895 1552 2962 tui,
1595 2911 1688 2951 cor
1724 2894 1906 2952 calore
1939 2893 2104 2965 spiri-
2205 2899 2326 2941 mea
2371 2884 2668 2943 crudelitas
2711 2885 3096 2954 inimicorum.
3125 2901 3345 2953 carm;
3394 2886 3649 2944 animam
3698 2907 3803 2966 non

517 2993 681 3050 ritus.
723 2989 829 3047 Cor
852 3003 952 3064 pro
979 2987 1419 3060 cogitationibus,
1463 3005 1610 3045 renes
1652 3003 1752 3060 pro
1776 2987 2103 3060 .delectatio-
2203 2990 2454 3054 possunt.

517 3085 698 3143 nibus.
2277 3069 2544 3141 Iri/irritati
2583 3079 2724 3126 sunt.
2766 3069 2912 3142 (ln.)
2961 3070 3101 3126 Dum
3144 3068 3392 3128 Christus
3431 3087 3671 3130 carnem
3711 3088 3800 3132 ac-

607 3177 772 3232 Vnus.
803 3175 856 3230 s.
887 3201 960 3214 —
995 3173 1385 3230 Misericordia.
1416 3173 1618 3247 (ciae)
1644 3173 1776 3243 Quae
1819 3187 1930 3230 non
1973 3172 2105 3229 sinit
2133 3234 2173 3247 η
2204 3162 2380 3233 cepit.
2421 3169 2676 3219 nutantes
2700 3161 2863 3231 facti.
2902 3171 2960 3220 et
2987 3171 3112 3234 post
3136 3177 3206 3221 ex
3228 3172 3350 3221 toto
3373 3179 3437 3222 se
3461 3164 3596 3224 ﬁdei
3618 3167 3804 3225 subdi-

516 3268 713 3328 tentari
756 3280 920 3338 super
943 3265 1118 3332 vires,
1149 3266 1235 3324 vel
1267 3267 1384 3340 ipsa
1416 3234 1562 3324 ustio
1591 3234 1691 3324 is?
1703 3266 2098 3335 misericordia,
2127 3234 2174 3298 ο
2205 3254 2421 3311 derum-

516 3377 625 3420 non
658 3361 926 3432 asperitas
2277 3347 2479 3422 (Cass)
2507 3348 2628 3418 Vel,
2658 3349 2925 3408 debilitati
2948 3350 3209 3423 paulatim
3237 3352 3308 3410 ad
3333 3352 3558 3411 ruinam
3607 3357 3804 3415 anim

587 3455 892 3528 Complaeui
921 3458 978 3512 in
1027 3455 1262 3513 ueritate.
1304 3453 1488 3526 (Anc.)
1515 3451 1614 3509 Cui
1658 3451 1909 3526 displicet
1945 3467 2098 3508 men-

1027 3455 1262 3513 ueritate.
1304 3453 1488 3526 (Anc.)
1515 3451 1614 3509 Cui
1658 3451 1909 3526 displicet
1945 3467 2098 3508 men-
2200 3450 2584 3512 pervenerunt-

517 3549 729 3607 dacium
761 3565 940 3616 suum,
971 3557 1028 3605 et
1051 3549 1228 3620 placet
1253 3547 1372 3618 ipse
1393 3561 1518 3602 cum
1546 3545 1636 3600 illa
1660 3553 1716 3601 et
1739 3545 1794 3600 in
1826 3544 1934 3600 illa.
2273 3530 2441 3587 VEBS-
2462 3530 2822 3589 5ο-(Ῑαειΐαο
2847 3530 3052 3606 (ωδε.)
3065 3531 3356 3600 Μοιὶωίιιε,
3373 3533 3654 3606 praelium,
3675 3552 3804 3594 con-

589 3642 757 3698 Vsns.
786 3642 840 3698 ι.
873 3671 946 3683 --
972 3641 1098 3697 Non
1120 3641 1252 3696 sedi.
1300 3635 1500 3712 (Cass)
1527 3635 1832 3709 Complacui
1871 3637 1926 3692 in
1955 3635 2102 3692 veri-
2204 3624 2402 3681 mellis-

519 3744 651 3802 tate,
679 3737 804 3806 quia
852 3750 959 3790 non
1004 3733 1140 3790 sedi.
1171 3730 1358 3798 Odiiii,
1394 3732 1538 3802 quod
1581 3737 1665 3784 est
1715 3729 1887 3783 vitare
1938 3727 2091 3784 mala.

2276 3715 2346 3769 In
2379 3715 2477 3769 hoc
2502 3731 2616 3786 ego.
2645 3714 2831 3790 (AUG.)
2855 3715 3038 3774 Habeo
3055 3731 3206 3790 spem
3229 3717 3472 3775 victoria
3491 3717 3550 3775 in
3576 3719 3807 3778 Domitio

519 3827 590 3883 Et
617 3827 824 3893 lavabo,
853 3827 997 3898 quod
1024 3835 1110 3882 est
1146 3838 1309 3896 agere
1335 3831 1508 3878 recta.
2205 3806 2664 3898 remunerationis
2683 3814 2932 3898 aeternae.

600 3894 974 3991 Varii.(Csss.)
1003 3918 1137 3974 Vani
1164 3894 1257 3990 qui
1295 3919 1363 3974 de
1389 3917 1610 3974 caducis
1635 3912 1798 3973 rebus
1821 3915 2103 3981 laborant;
2279 3896 2532 3991 “3354-
2569 3926 2641 3937 -·
2675 3894 2851 3952 Unam
2890 3899 3036 3970 Ρθίίί·
3069 3898 3252 3973 (Αἰπὺ)
3281 3899 3410 3958 Ηπο
3448 3918 3564 3958 una
3614 3904 3809 3961 dom

520 4012 675 4082 impii
725 3989 995 4077 haeretici,
1027 4011 1119 4081 qui
1165 3989 1476 4079 scripturas
1504 4015 1860 4078 pervertunt:
1892 4006 1970 4060 illi
2016 4020 2092 4061 su-

2236 3995 2431 4054 etcrna,
2448 3989 2499 4042 in
2531 4003 2636 4058 qua
2663 4003 2880 4060 semper
2904 4000 3208 4059 maneatur,
3223 3992 3315 4048 ubi
3331 3995 3524 4052 aeterni
3553 3994 3808 4063 dics,cnr

519 4081 724 4174 ρειέιιυα
761 4109 1030 4170 (ιιιωι-υιιι,
1072 4100 1127 4155 hi
1164 4113 1456 4154 venenosa,
2207 4083 2320 4137 ibi?
2347 4092 2404 4136 ut
2434 4081 2772 4151 contempler
2797 4082 3211 4140 delectationem
3241 4085 3375 4152 Dei,
3427 4088 3580 4158 quod
3613 4097 3703 4145 est
3723 4104 3813 4147 vc-

594 4192 754 4249 Vsns.
785 4192 841 4248 5.
871 4221 942 4233 —
979 4191 1407 4262 Halignantium.
1444 4187 1570 4262 (ιθ.)
1610 4186 1712 4255 Qui
1750 4185 1892 4241 mala
1925 4185 2108 4258 proxi-

1021 4191 1407 4262 ialignantium.
1444 4187 1570 4262 (ιθ.)
1610 4186 1712 4255 Qui
1750 4185 1892 4241 mala
1925 4185 2108 4258 proxi—
2207 4191 2329 4231 ιύιῐι
2372 4177 2593 4230 bonum.

521 4285 625 4340 mis
659 4293 844 4356 ειειηιι,
2281 4267 2536 4323 Omnibus
2585 4267 2766 4323 diebus
2814 4269 2935 4323 vita:
2980 4284 3130 4323 metr.
3170 4267 3386 4342 (AUG.)
3441 4271 3516 4328 Ut
3567 4275 3813 4346 quandill

591 4377 756 4433 Vsus.
784 4375 1178 4434 6.—-Laoabo.
1211 4371 1395 4447 (Auc.)
1435 4369 1774 4428 Ptenitendo.
1814 4367 1884 4424 Et
1916 4367 2104 4437 altare,

1827 4367 1884 4424 Et
1916 4367 2104 4437 altare,
2207 4360 2361 4428 vivo,
2400 4370 2532 4428 etc.,
2568 4379 2730 4434 usque
2760 4361 2829 4416 ad
2854 4378 2991 4434 opus
3019 4363 3399 4420 manilestabo.

519 4477 756 4526 mentem
784 4468 1079 4526 virtutibus
1123 4464 1359 4531 ornabo;
1390 4463 1477 4519 vel
1518 4461 1701 4529 ﬁdem,
1732 4460 1861 4532 quia
1885 4475 1995 4518 non
2023 4467 2112 4517 est
2283 4454 2352 4510 Ut
2399 4455 2622 4512 videam.
2667 4455 2790 4528 (10.)
2831 4455 2950 4511 Alia
2987 4455 3166 4512 littera
3199 4475 3212 4511 :
3245 4455 3316 4512 Ut
3355 4459 3686 4531 contempler
3720 4461 3818 4517 de-

519 4560 671 4616 locus
690 4558 805 4616 veri
839 4557 1093 4615 sacriﬁcii
1133 4563 1292 4612 extra
1319 4553 1644 4611 catholicam
1674 4550 1996 4608 Ecclesiam.
2132 4610 2184 4628 ἣ
2211 4552 2541 4608 tectationem
2569 4550 2804 4618 Domini,
2819 4550 2874 4608 id
2900 4559 3006 4617 est,
3029 4567 3096 4608 eo
3120 4551 3252 4618 ﬁne,
3287 4562 3350 4607 ut
3367 4553 3596 4609 demum
3641 4571 3818 4628 appa-

1134 4610 1321 4720 (λης.)
1364 4643 1740 4708 Conversans;
1788 4650 1846 4696 ut
1886 4639 2106 4696 audiam
2132 4610 2186 4673 Β
2211 4651 2353 4711 reat,
2384 4654 2514 4708 etc.,
2547 4659 2714 4716 usque
2743 4610 2814 4698 ad
2837 4651 2894 4700 et
2920 4610 3044 4699 ideo
3070 4659 3180 4700 non
3208 4610 3414 4701 temere
3451 4653 3586 4716 peto
3616 4610 3820 4715 υἱέ-ι,

517 4739 586 4797 ab
612 4738 712 4804 eis,
741 4738 795 4794 id
812 4746 918 4808 est,
947 4747 1010 4794 ut
1021 4738 1226 4794 discam
1249 4751 1356 4806 qua
1380 4749 1514 4792 voce
1539 4734 1614 4790 sis
1643 4733 1970 4800 laudandus;
1995 4731 2104 4801 vel,
2209 4735 2315 4792 etsi
2349 4742 2621 4806 peccator.

518 4841 576 4886 stt
597 4830 812 4886 audiam
849 4843 867 4883 :
901 4828 1117 4894 Venite,
1147 4827 1422 4883 benedicti
1446 4826 1624 4882 Patris
1655 4825 1782 4880 mei.
2282 4825 2447 4883 Vsus.
2471 4825 2526 4882 5.
2567 4852 2642 4869 —
2675 4823 2745 4882 In
2773 4825 3078 4882 abscondito
3123 4844 3137 4881 :
3171 4826 3358 4900 (Auc.)
3407 4830 3570 4899 quasi
3631 4835 3826 4890 multa

591 4921 758 4978 Vens.
783 4922 930 4976 7.—
962 4917 1154 4974 Vocem
1178 4916 1352 4971 laudis
1385 4915 1622 4988 Spiritus
1655 4914 1852 4983 sancti,
1889 4914 1986 4986 qui
2016 4913 2110 4971 do-
2210 4927 2396 4992 partcs
2425 4927 2584 4987 sunt,
2627 4928 2735 4976 etc.
2756 4958 2774 4988 ,
2826 4935 2990 4991 usque
3025 4920 3096 4974 ad
3136 4935 3298 4990 quem
3337 4937 3464 4976 mox
3511 4939 3693 4984 vocat
3731 4945 3829 5002 pe-

517 5025 607 5076 cet
637 5015 862 5074 laudare
889 5021 962 5068 te.
2209 5023 2374 5070 tram.

591 5109 757 5164 Vsus.
783 5107 926 5163 8.—
949 5104 1193 5160 Domine.
1235 5101 1438 5174 (Cass)
1477 5100 1622 5158 Petit
1645 5117 1714 5158 ne
1743 5101 1900 5157 malis
1941 5101 1998 5158 in
2020 5100 2109 5172 ju—
2176 5087 2186 5099 ’
2283 5105 2448 5163 Vens.
2477 5105 2532 5163 6.
2563 5135 2634 5146 —
2657 5103 2965 5161 Circumivi.
2989 5104 3172 5178 (Auc.)
3215 5104 3353 5174 Quia
3384 5107 3526 5165 mihi
3570 5128 3642 5169 se
3682 5129 3826 5186 pra-

525 5202 664 5258 dicio
693 5200 1006 5265 misceatur,
1049 5195 1178 5268 quia
1207 5209 1317 5251 non
1341 5194 1440 5263 eis,
1466 5194 1561 5250 sed
1598 5194 1892 5251 concordat
1924 5191 2108 5250 domui
2209 5200 2329 5257 buit
2349 5201 2566 5268 ducem,
2605 5207 2737 5267 etc.,
2765 5217 2930 5272 usque
2955 5199 3024 5254 ad
3056 5207 3118 5254 ut
3139 5213 3329 5255 omnes
3356 5199 3690 5264 voluntates
3707 5206 3829 5278 eiu

529 5291 637 5348 Dei.
2210 5290 2514 5362 implerem.

591 5381 770 5439 Ditexi
816 5381 1077 5438 decorem.
1123 5376 1326 5452 (Cum)
1378 5376 1510 5434 Haec
1541 5375 1666 5432 ideo
1712 5374 1929 5442 faciam,
1979 5376 2108 5448 quia
2282 5382 2489 5457 (illam)
2529 5379 2628 5440 Vel
2662 5383 3026 5456 circumspexi
3054 5382 3237 5440 omnia
3263 5390 3482 5454 creata,
3509 5388 3604 5445 vel
3633 5405 3833 5448 exeun-

542 5479 687 5537 lilexi
717 5493 804 5535 me
833 5476 1016 5534 facere
1052 5475 1306 5531 decoram
1353 5471 1578 5528 domum
1621 5469 1752 5537 tibi,
1802 5479 1858 5526 et
1886 5469 2066 5528 locum
2089 5511 2106 5539 ,
2209 5475 2300 5549 pla
2335 5485 2668 5533 sanctorum.

525 5589 634 5644 quo
673 5571 908 5643 gloriose
935 5568 1166 5633 habites,
1204 5575 1268 5622 ut
1302 5564 1372 5620 de
1416 5563 1587 5637 gloria
1643 5571 1699 5620 et
1744 5565 1977 5621 essentia
2013 5563 2108 5622 Dei
2282 5568 2464 5642 (Auc.)
2495 5569 2789 5626 Circumivi
2822 5569 3003 5626 animo
3030 5569 3224 5646 omnia
3242 5578 3454 5638 Creatis,
3485 5582 3630 5641 etc.,
3661 5594 3830 5650 usque

528 5665 730 5737 aliquid
759 5663 992 5735 capiam.
2208 5660 2280 5716 ad
2301 5668 2453 5717 tanto
2476 5661 2754 5718 ardentius
2792 5659 3013 5732 appetit.

594 5761 757 5814 Vens.
785 5757 927 5812 9.-
955 5754 1039 5810 Ne
1061 5754 1270 5825 perdas.
1301 5751 1506 5824 (Cum)
1552 5753 1620 5809 Et
1647 5752 1693 5813 si
1723 5752 1885 5814 modo
1937 5752 2100 5813 simul
2279 5751 2447 5812 Vens.
2478 5754 2530 5808 7.
2582 5784 2646 5796 —
2673 5752 2910 5823 Exaudi,
2939 5753 3190 5821 Domine,
3229 5772 3402 5812 vocem
3450 5771 3634 5812 mals
3664 5799 3683 5824 ,
3714 5767 3826 5845 etc.

522 5864 644 5908 esse
670 5850 897 5923 pararis,
931 5864 1002 5907 ne
1031 5847 1190 5905 simul
1217 5847 1436 5919 perdas.
2207 5847 2414 5922 (Casa)
2447 5847 2580 5917 Quis
2604 5847 2776 5920 labor,
2805 5849 2926 5922 quis
2950 5846 3429 5922 gemitusIOratio
3447 5858 3582 5909 ante
3605 5866 3828 5911 secan-
