3982 6352
209 377 312 435 881

1207 375 1478 435 CLOSSA
1513 372 1911 436 ORDINARIA.
1952 403 2021 418 -—
2056 374 2185 432 LIB.
2225 374 2476 433 PSALM.

3369 379 3477 438 88‘:

209 497 337 552 dam
358 491 690 558 unctionem,
715 499 777 548 ut
803 490 975 564 possit
1001 489 1192 549 haberi
1220 506 1386 564 quam
1413 503 1472 549 et
1515 491 1619 550 sibi
1658 505 1784 563 pro-
1810 489 1866 552 Α
1959 488 2121 546 Vsus.
2146 489 2202 545 4.
2227 519 2296 530 -—
2321 489 2404 544 Da
2443 487 2569 544 illis.
2608 485 2794 562 (Ibid)
2827 487 3130 547 Praedicere
3177 501 3300 558 est,
3358 509 3467 550 non

207 588 408 662 phetia:
453 585 648 656 spiritu
684 586 978 659 promittit.

281 681 446 737 Vsus.
473 679 526 736 8.
549 708 622 720 —
650 677 764 734 Tibi
789 680 942 735 dixit.
971 678 1176 752 (Csss.)
1195 678 1324 749 Cor,
1346 681 1489 738 ratio
1515 694 1548 737 a
1569 687 1628 736 te
1665 682 1795 737 cdo-

208 782 298 830 cta
323 772 420 828 tibi
447 769 825 828 confabulatur
857 771 926 828 de
955 785 1083 840 una,
1109 787 1218 828 non
1251 771 1397 830 aliud
1431 786 1594 844 quam
1633 771 1795 828 doces

208 870 528 934 pertractet.

282 952 449 1009 Vnus.
483 953 538 1009 9.
565 983 638 994 —
667 951 752 1009 Ne
787 963 1015 1011 avertas.
1058 953 1284 1031 (Aua.)
1329 955 1480 1012 Alius
1517 956 1656 1028 petit
1704 955 1797 1012 hic

211 1046 354 1102 bona
381 1044 705 1115 temporalia
729 1061 759 1100 a
788 1044 926 1113 Deo,
957 1045 1104 1104 etde
1130 1046 1274 1105 datis
1314 1050 1533 1121 gaudet,
1557 1048 1646 1104 hic
1686 1061 1797 1103 non

211 1134 319 1190 nisi
361 1151 540 1189 unam.
575 1133 729 1191 Alius
776 1135 984 1192 habens
1039 1137 1194 1193 timet
1243 1139 1478 1204 iratum,
1534 1153 1604 1194 ne
1646 1137 1800 1193 tollat

211 1239 307 1292 ea;
357 1224 463 1280 iste
502 1238 611 1280 non
659 1233 816 1295 putat
857 1226 1026 1291 iram,
1070 1227 1174 1282 nisi
1221 1229 1267 1283 si
1315 1238 1512 1284 avertat
1557 1227 1795 1296 vultum,

211 1315 378 1372 etiam
402 1317 449 1372 si
468 1317 598 1388 quid
620 1316 676 1372 in
703 1331 768 1374 eo
807 1318 1080 1378 vindicet:
1105 1318 1180 1374 nil
1217 1319 1454 1376 divinius
1478 1327 1692 1391 poterat
1719 1319 1800 1376 di-

213 1423 360 1464 cere.

285 1499 370 1555 Ne
395 1499 641 1556 declines.
674 1501 857 1574 (Anc)
883 1501 999 1558 Non
1041 1503 1096 1558 in
1145 1503 1225 1559 ira
1274 1503 1548 1568 declinat,
1581 1503 1800 1575 quando

212 1604 244 1646 a
264 1590 504 1661 peccatis
539 1588 732 1646 faciem
755 1592 989 1656 avertit;
1027 1593 1134 1657 vel,
1150 1610 1213 1648 ne
1231 1593 1476 1661 declines,
1503 1602 1564 1648 ut
1582 1609 1668 1649 me
1693 1593 1799 1649 labi

211 1683 361 1738 sinas
402 1683 458 1738 in
487 1682 592 1748 ira,
622 1683 676 1738 id
705 1692 808 1751 est,
837 1686 980 1756 quod
1007 1687 1234 1756 punias;
1280 1686 1376 1743 sed
1415 1695 1476 1742 ut
1508 1693 1694 1742 nostra
1719 1684 1803 1741 in-

213 1773 444 1831 ﬁrmitas
478 1774 691 1831 cautior
725 1776 840 1832 ﬁat.

1895 592 2106 654 optare,
2130 584 2426 640 secundum
2453 581 2596 654 quod
2628 582 2994 650 intenderunt,
3027 600 3134 640 non
3179 587 3476 644 secundum

1894 676 2039 747 quod
2067 677 2192 732 inde
2215 674 2464 748 pervenit
2497 693 2512 731 :
2543 674 2628 732 vel
2674 685 2827 748 optat
2845 676 3114 748 justitiam
3149 678 3245 734 Dei
3275 679 3329 734 in
3377 679 3480 737 hoc

1893 768 2122 826 servari.
2731 833 2736 840 ι

1965 857 2132 914 Vens.
2181 857 2237 914 5.
2286 889 2358 900 —
2409 858 2671 926 Quoniam
2731 876 2874 926 non,
2938 868 3044 916 etc.
3091 858 3246 933 (In.)
3313 860 3378 914 Et
3435 861 3482 916 si

1895 948 2148 1006 deessent
2191 963 2398 1021 opera,
2455 950 2560 1005 hoc
2611 949 2886 1006 sufﬁceret
2923 950 3280 1016 damnationi,
3333 952 3481 1022 quod

1896 1057 2004 1098 non
2033 1042 2412 1099 intellexerunt
2438 1057 2535 1114 per
2559 1042 2728 1114 legem
2759 1049 2814 1097 et
2853 1042 3189 1114 Prophetas,
3219 1059 3340 1114 quae
3392 1044 3480 1100 in-

1897 1131 2183 1188 visibiliter
2219 1132 2360 1190 Deus
2399 1139 2657 1202 operatur
2690 1147 2788 1204 per
2825 1148 2914 1188 me
2937 1173 2952 1199 ,
2985 1147 3088 1190 nec
3127 1134 3292 1190 etiam
3345 1133 3482 1189 visi-

1899 1223 2054 1279 bilia.

1970 1315 2239 1372 Destrues.
2270 1315 2455 1390 (Anc)
2489 1316 2560 1373 Ut
2606 1316 2740 1373 nihil
2769 1317 2901 1373 mihi
2951 1326 3164 1386 noceat,
3215 1333 3316 1375 nec
3365 1324 3490 1389 post

1899 1406 2156 1463 Ecclesiae
2187 1417 2306 1473 tuae,
2341 1407 2425 1463 vel
2451 1423 2606 1462 mete.

1971 1495 2306 1551 Benedictus.
2339 1496 2542 1569 (Cass)
2577 1496 2809 1554 Auditus
2838 1498 2892 1554 in
2915 1500 3319 1557 resurrectione
3359 1514 3489 1572 gra-

1903 1588 2006 1646 tias
2035 1590 2167 1662 agit,
2197 1591 2432 1647 subdens
2455 1593 2521 1646 dc
2547 1591 2721 1648 salute
2745 1592 3106 1649 credentium.

1971 1680 2248 1735 Dominus.
2291 1681 2413 1753 (ln.)
2457 1681 2601 1737 Idem
2647 1683 2738 1753 qui
2787 1684 3002 1754 adjutor
3041 1701 3214 1749 meus,
3265 1693 3320 1741 et
3367 1702 3492 1757 pro.

1904 1783 2082 1831 tector
2116 1784 2198 1831 est
2243 1774 2502 1830 fortitudo
2539 1775 2732 1847 plebis,
2761 1791 2882 1847 quae
2911 1777 2968 1832 in
3009 1791 3075 1832 eo
3124 1777 3381 1844 conﬁdit,
3436 1786 3492 1834 ct

287 1867 556 1925 Salutat-is
592 1884 758 1934 mus,
791 1875 896 1925 etc.
936 1869 1120 1942 (Auc.)
1146 1870 1334 1938 Quasi,
1366 1869 1571 1927 frustra
1598 1869 1798 1924 creasti
1825 1855 1872 1917 Β
1898 1875 2176 1938 protector
2199 1881 2267 1922 ne
2292 1865 2571 1930 lzedantur,
2596 1876 2652 1922 et
2681 1875 2758 1932 tu,
2779 1883 2813 1921 ο
2839 1867 3100 1924 Domine:

213 1971 270 2019 et
285 1965 566 2032 recreasti,
589 1972 719 2032 etc.,
743 1981 904 2037 usque
931 1965 1001 2020 ad
1025 1982 1055 2022 a
1086 1966 1315 2031 Domino
1338 1973 1423 2022 est
1449 1979 1547 2037 per
1577 1964 1801 2021 Samue-

213 2053 322 2110 lem
359 2053 584 2112 electus.

289 2147 452 2204 Vnus.
480 2148 568 2204 10.
593 2179 667 2191 -
687 2147 952 2216 Quoniam
994 2157 1144 2220 pater
1164 2188 1180 2214 ,
1231 2156 1337 2204 etc.
1382 2146 1538 2203 Fecit
1581 2161 1642 2204 se
1675 2160 1802 2218 paro

215 2238 404 2295 vulum
452 2240 596 2307 Deo,
646 2241 819 2312 ipsum
851 2242 980 2297 fecit
1031 2241 1134 2298 sibi
1157 2251 1358 2312 patrem
1398 2253 1418 2292 :
1456 2239 1582 2310 quia
1625 2239 1800 2310 jubet,

216 2339 414 2398 vocat,
469 2332 748 2398 condidit,
808 2341 864 2389 et
914 2333 1074 2402 regit.
1123 2330 1392 2397 Matrem,
1443 2330 1568 2401 quia
1615 2327 1800 2396 fovet,

219 2424 498 2490 continet,
535 2423 792 2480 collactat
839 2432 896 2480 et
943 2423 1141 2488 nutrit;
1194 2423 1288 2478 sed
1344 2420 1601 2478 saeculum
1651 2428 1806 2491 pater

219 2514 306 2571 vel
333 2514 601 2583 diabolus,
647 2523 824 2572 mater
849 2514 1174 2588 Babylonia,
1201 2512 1258 2569 id
1281 2520 1397 2580 est,
1427 2511 1659 2569 societas
1703 2511 1807 2567 im-

221 2607 455 2680 piorum.

293 2697 458 2756 Vsus.
477 2700 565 2756 11.
585 2729 661 2742 -—
677 2697 866 2773 Legem
890 2717 1023 2772 pone
1051 2699 1198 2766 mihi,
1225 2706 1331 2754 etc.

294 2792 458 2850 Vsus.
511 2793 600 2850 12.
639 2825 712 2836 —-
757 2793 1166 2852 Tribulantium.
1209 2793 1410 2868 (Cass)
1442 2793 1512 2851 Ut
1533 2792 1712 2850 Saulis
1753 2799 1810 2850 et

224 2883 554 2957 adiutorum,
599 2894 732 2952 etc.,
754 2902 918 2957 usque
943 2885 1013 2940 ad
1041 2887 1168 2958 quia
1194 2884 1338 2942 falsi.

295 2979 460 3036 Vsus.
493 2979 582 3034 l5.
612 3007 688 3022 —
709 2977 879 3040 Credo
909 2979 1102 3033 videre.
1136 2979 1319 3051 (Auc.)
1358 2977 1465 3034 Sed
1504 2978 1646 3034 inter
1692 2992 1812 3034 om-

220 3071 312 3129 nia
335 3071 604 3143 pericula,
629 3070 741 3126 Deo
769 3069 1056 3142 dirigente,
1084 3067 1247 3125 credo
1273 3069 1475 3125 videre.

1975 1958 2137 2014 Vsus.
2182 1959 2236 2016 9.
2274 1989 2346 2000 -
2377 1957 2617 2014 Salvum.
2658 1957 2798 2014 Ecce
2839 1967 3042 2030 quanta
3086 1974 3212 2030 spes
3266 1960 3496 2018 creden-

1904 2049 2038 2106 tium
2065 2066 2189 2112 cum
2240 2066 2340 2123 pro
2362 2051 2442 2106 eis
2464 2058 2587 2107 orat
2617 2064 2632 2104 :
2663 2064 2857 2120 passus
2883 2066 2980 2122 pro
3009 2051 3089 2108 eis
3128 2050 3295 2122 iudex
3322 2060 3408 2108 est
3433 2060 3494 2109 et

1905 2145 2219 2201 advocatus.

1975 2236 2047 2291 Et
2071 2253 2208 2308 rege,
2243 2243 2350 2293 etc.
2383 2235 2504 2309 (ιο.)
2531 2235 2609 2293 Ne
2638 2236 2908 2292 declinent
2936 2237 3006 2293 ad
3043 2253 3231 2308 prava.

1976 2328 2208 2395 Extolle,
2253 2337 2394 2398 etc.,
2425 2345 2457 2384 a
2489 2330 2720 2385 terrenis
2755 2330 2823 2386 ad
2874 2332 3104 2400 petenda
3157 2338 3394 2398 aeterna,
3440 2338 3500 2388 et

1907 2420 2181 2477 intellectu
2224 2420 2651 2494 Scripturarum,
2688 2431 2744 2478 et
2783 2423 2925 2494 bono
2965 2437 3130 2495 opere
3177 2437 3274 2496 per
3321 2433 3498 2481 totum

1907 2516 2012 2573 hoc
2051 2514 2309 2573 saeculum
2335 2530 2509 2586 usque
2537 2515 2590 2570 in
2623 2515 2805 2571 ﬁnem.

2402 2667 2726 2727 PSALMUS
2761 2668 2996 2728 XXVIII.

1980 2804 2148 2863 Vsus.
2198 2805 2252 2862 1.
2283 2835 2356 2848 -
2386 2802 2636 2862 Psalmus
2692 2805 2862 2861 David
2917 2806 2974 2862 in
3027 2808 3503 2870 consummatione.

1910 2896 2034 2970 (ln.)
2068 2897 2210 2954 Area
2243 2912 2278 2953 a
2313 2897 2604 2954 Philistmis
2645 2897 2866 2954 reducta
2887 2937 2903 2964 ,
2951 2906 3083 2966 etc.,
3133 2916 3296 2972 usque
3332 2901 3402 2956 ad
3442 2909 3508 2958 ut

1912 3003 1972 3045 se
2001 2988 2234 3046 oﬂ‘erant
2255 2991 2350 3046 tali
2373 2991 2822 3048 consummatori.
3417 3037 3426 3044 .

1983 3081 2182 3152 Alferte
2221 3081 2469 3138 Domino.
2519 3081 2640 3156 (In.)
2677 3081 2834 3138 Prius
2873 3091 3059 3140 monet
3097 3084 3368 3142 sacriﬁcia
3421 3085 3508 3144 of-

291 3161 468 3217 Bona.
520 3159 644 3233 (ln.)
685 3159 867 3226 Bona,
915 3173 1036 3229 quae
1077 3166 1204 3213 sunt
1253 3172 1408 3221 vera,
1457 3165 1681 3213 aeterna.
1732 3156 1809 3213 Illi
1845 3221 1884 3233 _
1915 3170 2078 3230 rem.

221 3255 456 3313 suadent
497 3221 887 3310 beatitudinem
1006 3259 1152 3308 terra
1175 3251 1442 3322 ista,qute
1469 3259 1554 3308 est
1578 3251 1810 3309 morien-
1837 3221 1885 3288 θ
1915 3221 2159 3322 mitigo,
2181 3267 2424 3323 arietum,
2455 3267 2638 3340 (Λυα)
2668 3265 2810 3336 Quia
2831 3283 2940 3324 ηοη
2963 3267 3116 3325 deest
3140 3267 3504 3342 immauo,

225 3354 466 3493 “asinus.
500 3435 590 3492 14.
616 3465 690 3478 -
713 3435 995 3508 Exspecta.
1021 3434 1226 3508 (Cass)
1257 3434 1326 3492 Ut
1349 3449 1450 3508 ego
1479 3444 1662 3493 certus
1689 3450 1810 3494 sum

225 3527 296 3585 de
325 3527 440 3596 illa,
462 3537 600 3596 etc.,
624 3544 788 3600 usque
826 3532 896 3582 ad
927 3527 1138 3584 sustine
1168 3526 1314 3598 quod
1342 3528 1570 3600 pateris.

739 3639 1065 3698 PSALMUS
1091 3639 1304 3698 XXVII.

299 3733 548 3791 Psalmus
601 3733 746 3789 huic.
776 3733 885 3791 Per
935 3733 1107 3790 David
1149 3733 1442 3806 aliquando
1493 3734 1816 3807 intelligitur

227 3836 410 3899 caput,
463 3829 516 3884 id
542 3835 653 3894 est,
703 3825 985 3892 Christus;
1033 3825 1326 3899 aliquando
1350 3843 1570 3900 corpus,
1614 3827 1667 3884 id
1693 3835 1812 3896 est,

227 3917 508 3984 Ecclesia;
557 3919 828 3974 interdum
859 3926 1150 3989 utrumque
1196 3917 1380 3987 simul,
1411 3919 1466 3976 id
1506 3927 1620 3987 est,
1671 3926 1816 3976 totus

226 4007 478 4066 Christus
523 4007 864 4081 intelligitur,
900 4016 960 4063 ut
995 4008 1104 4064 hic.

300 4099 773 4174 (Cass.)Psalmus
803 4100 1017 4167 tertius,
1040 4098 1134 4171 qui
1171 4098 1416 4156 breviter
1452 4097 1521 4154 de
1563 4098 1817 4170 passione

228 4205 286 4252 et
318 4195 744 4252 resurrectione.

299 4285 426 4360 (Im)
460 4284 560 4343 Hic
595 4286 917 4358 proponitur
944 4284 1195 4342 Christus
1235 4284 1323 4359 (et
1364 4283 1410 4341 si
1431 4283 1568 4341 adeo
1590 4284 1817 4358 dignus)

227 4397 338 4440 non
367 4382 421 4437 in
450 4397 510 4438 se
549 4379 844 4448 conﬁdere,
871 4380 968 4437 sed
1001 4388 1173 4436 totum
1204 4395 1236 4436 a
1263 4377 1376 4436 Deo
1425 4388 1640 4450 petere;
1686 4377 1820 4433 utile

231 4473 539 4544 exemplum
559 4472 741 4543 justis.

1913 3371 2048 3428 etc.,
2090 3378 2256 3433 usque
2296 3362 2366 3416 ad
2392 3371 2448 3418 et
2497 3362 2840 3436 septuaginta
2865 3361 2973 3419 duo
2998 3361 3250 3434 discipuli
3275 3361 3342 3418 ad
3367 3379 3507 3436 prte-

1914 3453 2207 3510 dicandum
2228 3454 2384 3510 missi
2412 3453 2809 3526 signiﬁcantur.

1992 3542 2107 3600 Vox
2157 3544 2388 3600 Domini.
2453 3544 2658 3620 (Cass)
2718 3545 3042 3604 Praedicatio
3095 3546 3298 3606 Christi
3362 3549 3512 3607 intus

1912 3645 2126 3695 mentes
2147 3639 2358 3704 terruit,
2401 3638 2546 3710 quod
2570 3647 2676 3707 est,
2700 3639 2952 3710 spiritum
2991 3641 3205 3701 timoris
3232 3643 3381 3700 dedit
3404 3639 3506 3700 lu-

1915 3731 2046 3788 dteis
2070 3738 2125 3786 et
2145 3731 2416 3802 gentibus.

1988 3823 2206 3896 (Gneo)
2226 3823 2332 3880 [ste
2352 3822 2421 3879 ab
2442 3823 2552 3882 imo
2571 3825 2836 3894 ascendit,
2867 3825 2921 3884 id
2940 3835 3048 3897 est,
3072 3828 3266 3900 spiritu
3291 3829 3511 3887 timoris

1918 3914 1986 3970 ad
2013 3915 2264 3986 spiritum
2307 3915 2608 3986 sapientiae,
2656 3926 2791 3984 etc.,
2819 3935 2982 3992 usque
3020 3921 3091 3975 ad
3119 3921 3173 3978 id
3197 3929 3303 3988 est,
3345 3921 3511 3994 spiri-

1917 4007 2122 4064 tualem
2177 4008 2533 4074 intellectum,
2568 4011 2668 4066 hos
2693 4009 2955 4068 Dominus
2980 4015 3242 4071 concutit.

1989 4097 2196 4170 (litem)
2246 4096 2319 4154 Ut
2357 4099 2596 4169 agricola
2639 4103 2881 4160 sterilem
2921 4112 3146 4170 terram,
3189 4115 3320 4172 etc.,
3345 4123 3514 4180 usque

1919 4189 1988 4244 ad
2013 4197 2070 4245 et
2091 4189 2242 4246 dabit
2263 4189 2541 4258 virtutem,
2585 4199 2641 4247 et
2677 4193 2924 4249 eamdem
2963 4195 3243 4251 benedicet
3283 4198 3336 4250 in
3373 4212 3515 4268 pace

1917 4299 2115 4347 aeterna
2123 4330 2138 4344 .

1993 4384 2158 4441 Vnus.
2185 4382 2238 4436 5.
2261 4413 2333 4423 -
2369 4381 2482 4437 Vox
2510 4382 2724 4437 Domini
2761 4399 2919 4454 super
2946 4400 3141 4454 aquas,
3171 4393 3276 4440 etc.
3305 4383 3512 4458 (Cass)

1921 4479 1997 4534 De
2025 4477 2409 4534 constitutione
2436 4474 2709 4540 Ecclesiae,
2747 4474 2836 4530 ubi
2872 4475 3101 4532 virtutes
3125 4476 3358 4547 Spiritus
3382 4494 3512 4534 sau-

301 4565 467 4622 Vnus.
501 4565 552 4620 1.
571 4594 644 4605 -
676 4563 756 4618 Ad
787 4573 869 4631 te,
913 4561 1154 4618 Domine.
1197 4560 1320 4634 (In.)
1355 4559 1543 4616 Oratio
1577 4570 1817 4630 tempore
1843 4591 1898 4653 Β
1926 4571 1996 4626 cli
2028 4585 2153 4626 cum
2177 4582 2375 4640 magno
2400 4566 2670 4636 praconio
2692 4575 2996 4623 enumerat.

233 4659 504 4730 passionis
542 4657 748 4713 habita.

308 4750 391 4807 Ne
415 4751 590 4806 sileas.
617 4749 794 4805 Minus
818 4758 906 4805 est
943 4748 998 4803 in
1035 4749 1284 4815 Hebraeo,
1315 4755 1447 4815 etc.,
1477 4763 1640 4819 usque
1665 4747 1735 4802 ad
1763 4754 1821 4802 et

231 4858 266 4899 a
296 4852 472 4899 morte
502 4841 993 4898 resuscitationem.

306 4935 390 4991 Ne
410 4935 587 5000 sileas,
615 4943 746 5002 etc.,
791 4943 839 4989 et
867 4930 1224 4998 assimilabor,
1252 4939 1358 4988 etc.
1392 4931 1598 5005 (Ηιειι.)
1625 4932 1706 4989 Ex
1728 4949 1816 5004 eo,

234 5025 380 5097 quod
408 5026 631 5080 verbum
663 5025 798 5080 mihi
843 5038 1061 5095 semper
1097 5021 1306 5090 unitur,
1337 5038 1446 5078 non
1499 5023 1623 5081 talis
1657 5026 1822 5084 homo

231 5133 354 5174 sum
394 5115 584 5190 quales
608 5118 824 5184 caeteri,
846 5116 936 5188 qui
965 5123 1262 5172 nascuntur
1282 5115 1339 5171 in
1367 5113 1691 5188 profundam
1719 5121 1822 5177 mi-

233 5212 435 5268 seriam
475 5209 676 5266 saeculi.

308 5303 492 5374 (Αυς.)
517 5299 623 5358 Ubi
647 5299 804 5372 quasi
833 5299 880 5356 si
904 5299 1066 5357 sileas
1091 5314 1200 5356 non
1221 5299 1565 5373 cognoscitur
1592 5299 1818 5359 verbum

233 5405 411 5453 tuum.

305 5490 474 5547 Vsus.
498 5486 554 5542 2.
581 5516 653 5528 —
687 5485 769 5541 Ad
815 5485 1082 5557 templum.
1113 5483 1315 5559 (Cass)
1367 5485 1677 5545 Secundum
1706 5504 1824 5547 mo-

234 5593 353 5636 rem
379 5577 710 5646 .Iudawrum,
742 5579 937 5649 quibus
968 5587 1296 5650 praeceptum
1324 5587 1411 5635 est
1433 5587 1492 5634 ut
1515 5580 1824 5654 ubicunque

235 5681 423 5729 essent
445 5674 511 5729 ad
535 5672 678 5728 illam
704 5681 916 5743 partem
941 5683 1197 5736 orarent,
1234 5673 1325 5728 ubi
1358 5671 1658 5731 Jerusalem
1701 5689 1823 5732 esse

235 5766 444 5821 scirent
475 5783 488 5818 :
529 5765 672 5835 quod
701 5772 755 5820 et
781 5763 939 5820 Jesus
967 5764 1138 5835 legem
1177 5765 1407 5835 implens
1450 5763 1595 5824 fecit.
1628 5765 1724 5824 Vel
1753 5768 1822 5826 ad

237 5855 460 5925 celum,
481 5857 626 5916 unde
652 5856 913 5913 auxilium
937 5869 1240 5927 speramus.

1998 4660 2204 4714 Libani.
2256 4659 2494 4714 Libanus
2543 4658 2934 4728 interpretatur
2960 4659 3288 4717 candidatio.
3353 4662 3519 4719 Cedri

1926 4753 2133 4822 Libani,
2183 4754 2237 4810 id
2266 4763 2371 4819 est,
2400 4752 2491 4806 alti
2541 4751 2790 4807 homines
2825 4753 2879 4808 in
2931 4755 3162 4810 terrenis
3187 4756 3338 4822 elati,
3373 4772 3519 4829 quos.

1926 4847 2070 4904 Deus
2093 4845 2482 4918 confringendo
2516 4845 2864 4910 comminuet,
2914 4846 2968 4902 id
3011 4856 3115 4915 cst,
3165 4848 3232 4904 de
3258 4851 3520 4920 superbia

1929 4944 1996 4999 ad
2035 4957 2092 4999 se
2118 4956 2218 5013 per
2270 4939 2527 4996 dilectum
2575 4937 2744 4992 filium
2793 4941 3051 4997 reducet:
3092 4950 3149 4997 et
3189 4943 3291 4997 hoc
3317 4943 3518 5012 spiritu

1929 5032 2262 5090 fortitudinis
2289 5029 2640 5097 comminuet,
2670 5029 2812 5086 sicut
2837 5029 3114 5088 unicornis
3148 5041 3336 5104 captus
3361 5049 3522 5091 com-

1926 5123 2206 5182 minuitur.

1999 5213 2167 5270 Vnns.
2194 5214 2248 5269 7.
2278 5245 2349 5255 —
2372 5211 2666 5268 Desertum.
2693 5213 2895 5286 (Cass,
2925 5215 3085 5289 Anc.)
3107 5215 3390 5277 Judaicum
3414 5235 3520 5291 po-

1925 5308 2130 5383 pulum,
2162 5317 2292 5375 etc.,
2315 5323 2476 5378 usque
2507 5307 2575 5362 ad
2612 5307 2755 5363 unde
2781 5315 3000 5364 emanat
3021 5323 3161 5380 aqua
3183 5311 3326 5367 vita.

1998 5401 2162 5458 Vsus.
2183 5400 2269 5456 10.
2284 5429 2353 5441 ——
2365 5398 2642 5455 Dominus.
2657 5398 2796 5468 Quid
2810 5398 3116 5456 constituta:
3135 5399 3392 5460 Ecclesia
3415 5401 3516 5462 ﬁat
3545 5447 3551 5456 .

1927 5492 2182 5550 ostendit.

2001 5583 2156 5650 Dedi,
2200 5581 2344 5636 enim
2366 5580 2461 5645 ait,
2497 5579 2638 5635 vobis
2661 5587 2966 5650 potestatem
3005 5582 3314 5638 conculcari:
3358 5601 3520 5650 super

1929 5687 2209 5746 serpentes.
2259 5672 2330 5730 Ut
2373 5680 2555 5727 autem
2595 5667 2678 5725 est
2705 5670 3029 5740 inauditum,
3075 5681 3136 5728 ut
3181 5676 3327 5730 cervi
3353 5688 3521 5733 omne

1929 5781 2098 5854 genus
2119 5765 2354 5822 ferarum
2382 5777 2550 5819 cornu
2574 5761 2810 5827 feriant;
2838 5761 2920 5818 sic
2947 5771 3008 5820 ut
3033 5762 3274 5836 Apostoli
3299 5779 3534 5854 omnese

1925 5844 2319 5938 philosophiam
2343 5857 2580 5916 illiterati
2609 5856 3013 5932 redarguerem.
