3982 6352
504 393 609 449 885
1007 388 1404 446 WA‘LAFRIDI
1443 385 1688 444 STRABI
1721 383 1928 443 'FULD.
1973 379 2139 440 MON.
2181 380 2333 438 OPP.
2377 379 2558 439 PARS
2593 379 2638 436 Ι.
2677 409 2750 425 -
2789 380 3251 440 THEOLOGICA.
3681 377 3808 436 888

572 506 858 562 Diluvium.
897 504 1103 578 (Cass)
1142 504 1323 575 Aquas
1357 501 1632 572 baptismi,
1658 500 1750 571 qui
1771 506 1960 570 purgat
1979 497 2087 552 cri-
2115 500 2164 557 Α
2263 495 2424 550 Vens.
2453 498 2538 550 10.
2565 491 2788 561 -ραω
2831 489 3033 552 utilitas
3079 497 3136 550 in
3181 495 3434 566 sanguine
3475 510 3621 549 meo.
3661 495 3810 570 (1ο.)

503 601 647 656 Inina
675 597 880 654 mundi.
2193 587 2577 644 Necessitatem
2605 589 2841 645 ostendit
2887 604 2985 660 per
3027 604 3193 660 quam
3237 607 3341 646 non
3369 591 3507 647 sinit
3536 605 3670 645 eum
3701 591 3808 647 do-

2189 685 2448 743 scendere
2477 685 2533 740 in
2563 685 2990 757 corruptionem.
3032 686 3171 741 Dum
3201 672 3459 742 timendo
3505 688 3567 741 in
3597 701 3806 743 corru-

2183 781 2434 849 ptionem.
2467 779 2526 835 Si
2549 779 2693 835 enim
2724 781 2906 835 statim
2947 794 3057 835 non
3087 796 3332 849 resurgo,
3357 789 3414 836 et
3440 795 3653 850 corpus
3673 795 3808 836 ωτι

2188 871 2477 942 rumpitur,
2499 871 2702 928 nemini
2725 872 3078 937 annuntiabo,
3105 875 3312 927 nullum
3334 873 3628 928 lucrabor.
3659 871 3810 928 Con-

2187 960 2350 1016 fessio
2376 962 2585 1032 gemina
2609 969 2713 1028 est,
2751 975 3025 1032 nunquam
3065 961 3184 1016 sine
3216 976 3280 1016 ea
3322 963 3494 1018 simus
3519 981 3536 1016 :
3572 961 3808 1032 quando

2185 1054 2325 1108 male
2349 1062 2434 1109 est
2467 1055 2626 1110 nobis
2664 1055 2716 1108 in
2747 1053 3211 1120 tribulationibus,
3254 1054 3634 1110 conﬁteamur
3677 1067 3808 1123 peo-

2181 1155 2304 1203 cata
2335 1158 2517 1204 nostra
2544 1167 2558 1214 ;
2584 1151 2801 1219 quando
2828 1151 2964 1204 bene
3001 1157 3102 1213 est,
3131 1149 3187 1204 in
3234 1149 3615 1205 exsultatione
3635 1150 3808 1220 justi-

2179 1240 2272 1304 tiae
2291 1241 2652 1296 e‘onﬁteamur
2681 1241 2893 1296 laudem
2923 1241 3051 1295 Deo.

2179 1354 2184 1356 ·
2255 1331 2420 1386 Vsus.
2456 1332 2542 1385 11.
2579 1363 2650 1371 -
2675 1331 2886 1386 Audiuit
2933 1331 3211 1388 Dominus.
3263 1331 3471 1405 (CASSI)
3503 1331 3802 1400 Quomodo

2184 1435 2305 1475 eam
2327 1422 2776 1492 accepit,scilicet
2801 1422 3220 1489 dedicationem,
3248 1432 3583 1495 pertractat.
3615 1424 3798 1478 Dixit:

2175 1510 2460 1577 Clamaho,
2509 1511 2864 1582 deprecabor,
2918 1514 3013 1568 sed
3059 1528 3146 1568 me
3195 1513 3592 1584 deprecantem
3631 1529 3803 1569 exau-

1017 707 1336 766 PSALMUS
1375 705 1570 763 XXIX.

572 807 737 861 Vsus.
769 807 820 860 1.
843 835 917 846 -
939 801 1184 857 Psalmus
1210 803 1400 856 cantici
1421 803 1476 856 in
1497 801 1666 856 dedic.
1695 799 1876 872 (Anc.)
1909 798 2086 870 Supra

501 901 568 954 de
589 898 1050 954 consummatione
1073 893 1402 950 tabernaculi
1428 902 1672 964 tempore
1691 891 1816 948 belli
1839 908 1853 946 :
1879 892 1966 946 hic
1991 907 2086 959 au-

499 1001 609 1048 tem
629 1000 709 1045 est
729 989 967 1060 psalmus
984 986 1204 1051 lmtitiaa,
1221 986 1344 1056 quia
1369 987 1559 1040 domus
1583 983 1880 1049 dedicatur,
1907 983 1958 1038 id
1979 991 2084 1050 est,

493 1082 869 1146 conﬁrmatur,
901 1095 1020 1150 quae
1044 1079 1100 1134 in
1130 1085 1334 1132 aeterna
1358 1091 1494 1146 pace
1533 1075 1773 1130 manebit
1802 1093 1814 1128 :
1858 1088 2084 1143 corpore

497 1173 751 1227 innovato
789 1187 892 1226 non
925 1177 1129 1224 tantum
1179 1166 1398 1232 Christi,
1447 1166 1540 1222 sed
1588 1167 1750 1221 etiam
1791 1165 1954 1219 totius
1983 1165 2084 1219 Eo-

490 1265 690 1320 clesim.
723 1263 888 1318 Totus
930 1261 1176 1316 Christus
1209 1258 1448 1328 loquitur
1476 1259 1528 1311 in
1567 1257 1669 1311 hoc
1700 1256 1928 1326 psalmo,
1953 1256 2082 1326 quia

493 1357 738 1426 quaedam
779 1353 957 1422 capiti,
991 1351 1239 1422 quaedam
1285 1349 1520 1420 corpori,
1574 1349 1821 1418 quaedam
1867 1347 2082 1417 utrique

494 1448 840 1502 conveniunt.

489 1557 494 1560 ·
561 1537 682 1610 (1η.)
726 1539 972 1594 Psalmus
1028 1538 1268 1594 breviter
1322 1537 1388 1593 de
1447 1538 1698 1609 passione
1741 1545 1795 1593 et
1841 1551 2083 1593 resurre-

493 1629 708 1685 ctione:
753 1641 811 1685 ut.
843 1631 1021 1702 passio
1071 1646 1175 1685 non
1222 1636 1428 1693 terreat
1473 1643 1609 1700 quos
1657 1645 1780 1700 spes
1830 1644 2079 1684 resurre-

490 1725 686 1778 ctionis
719 1723 970 1779 laetiﬁcat.

565 1816 760 1869 Domus
783 1815 971 1870 David.
991 1813 1193 1887 (Cass)
1211 1815 1381 1871 Totus
1405 1813 1656 1870 Christus
1679 1828 1930 1884 sponsus,
1946 1822 2076 1878 etc.,

491 1923 652 1977 usque
713 1908 780 1961 ad
835 1884 1126 1963 secundum
1170 1884 1372 1964 statum
1406 1905 1646 1962 futurum
1676 1907 1894 1976 quando
1933 1906 1987 1961 in
2018 1920 2078 1961 ea
2109 1884 2156 1946 Β

492 2001 812 2070 quiescitur.

501 2097 520 2104 "
564 2090 765 2162 (Cass)
816 2091 996 2147 Primo
1026 2093 1137 2162 agit
1188 2092 1254 2146 de
1299 2093 1636 2148 dedicatione
1675 2106 1810 2147 sua:
1852 2101 1905 2146 et
1927 2088 2082 2160 jubet

489 2191 706 2238 sanctos
739 2183 878 2237 idem
911 2193 1190 2254 sperantes
1211 2185 1395 2240 laudes
1419 2186 1617 2240 dicere.
2067 2173 2069 2175 ’

559 2274 722 2328 Vnus.
747 2275 1118 2341 5.—Domine,
1157 2276 1293 2332 Deus
1323 2293 1489 2340 meus,
1523 2275 1745 2330 clamavi
1775 2274 1844 2328 ad
1868 2284 1934 2336 te,
1967 2283 2072 2330 etc.

486 2363 670 2436 (Αυο.)
719 2365 986 2434 Christus,
1043 2377 1172 2434 etc.,
1222 2385 1387 2438 usque
1414 2369 1482 2422 ad
1513 2367 1608 2423 sed
1663 2381 1770 2422 non
1829 2366 1882 2420 in
1927 2365 2080 2420 dedi—

486 2458 719 2514 catione.

555 2549 723 2604 Vnus.
752 2551 806 2605 4.
836 2580 908 2591 -
941 2549 1007 2604 1η
1033 2549 1226 2605 lacum.
1272 2550 1479 2623 (llum)
1518 2548 1577 2604 ld
1604 2558 1708 2614 est,
1735 2548 1800 2605 de
1846 2547 1966 2603 lacu
1995 2548 2077 2602 in-

483 2637 644 2707 ferni,
691 2643 781 2696 ubi
813 2645 1010 2698 anima:
1059 2652 1408 2715 peccatorum
1453 2651 1600 2704 sunt,
1655 2658 1743 2708 ne,
1798 2642 1940 2696 sicut
1972 2639 2071 2704 illi,

484 2749 724 2804 praeceps
749 2733 1001 2791 caderem
1032 2737 1085 2791 in
1115 2749 1368 2790 mortem.

555 2823 720 2878 Vsus.
753 2824 806 2878 5.
831 2853 907 2868 --
928 2823 1284 2895 Conﬁtem-im',
1329 2834 1432 2880 etc.
1465 2823 1649 2896 (Aus.)
1687 2823 1825 2891 Quia
1870 2839 1936 2878 ex
1975 2823 2073 2878 bo-

2180 1603 2318 1658 divit
2343 1604 2624 1661 Dominus.

2258 1693 2418 1750 Vsus.
2467 1696 2553 1750 12.
2597 1727 2668 1736 -
2711 1695 3026 1752 Conscidisti
3099 1713 3310 1752 saccum
3364 1713 3565 1751 meum.
3635 1696 3800 1772 (ln.)

2184 1787 2390 1843 Saccus
2426 1789 2596 1843 vestis
2620 1797 2704 1843 est
2739 1803 2958 1858 aspera,
3006 1789 3059 1843 in
3089 1787 3246 1844 usum
3284 1789 3492 1844 laboris
3539 1789 3632 1844 vel
3666 1799 3802 1845 tem-

2183 1893 2314 1949 pore
2343 1879 2578 1935 tristitia:
2607 1895 2890 1945 concessa,
2917 1886 2978 1933 ut
3013 1878 3282 1944 Ninivitis,
3319 1879 3373 1935 id
3395 1888 3504 1945 est,
3535 1896 3680 1935 caro
3708 1882 3802 1935 hu-

2181 1989 2368 2041 mana,
2399 1991 2519 2047 qua:
2541 1976 2708 2031 scissa
2738 1985 2821 2031 est
2854 1975 3134 2032 moriendo
3159 1993 3172 2030 :
3201 1984 3257 2031 et
3299 1975 3504 2046 prodiit
3547 1976 3799 2032 frumen-

2188 2072 2298 2120 tum
2350 2067 2598 2138 gloriosae
2646 2069 3078 2135 resurrectionis,
3142 2066 3229 2122 vel
3285 2067 3620 2122 divinitatis.
3679 2067 3797 2134 Vel,

2181 2169 2340 2226 poena
2370 2159 2598 2228 peccati,
2643 2169 2746 2228 qua
2779 2159 2832 2213 in
2876 2159 3276 2215 resurrectione
3319 2159 3635 2223 destructa,
3664 2175 3796 2230 pro-

2181 2251 2286 2306 lata
2334 2260 2418 2308 est
2447 2253 2704 2308 divinitas
2753 2263 2876 2308 ante
2928 2252 3140 2308 occulta
3172 2271 3185 2306 :
3219 2255 3361 2332 sicut
3405 2254 3558 2324 quod
3593 2267 3797 2308 saccus

2181 2341 2391 2412 integer
2413 2343 2570 2408 celat,
2597 2345 2807 2399 scissus
2836 2345 3028 2414 aperit.
3059 2344 3244 2416 (Auc.)
3273 2343 3478 2399 Saccus
3507 2346 3583 2399 de
3605 2344 3796 2414 capris

2178 2433 2264 2489 vel
2292 2435 2478 2501 haedis,
2509 2436 2852 2501 mortalitas;
2887 2452 3048 2508 quam
3095 2437 3165 2492 de
3209 2437 3594 2507 peccatoribus
3637 2435 3797 2492 Chri-

2178 2533 2294 2581 stus
2327 2528 2492 2581 traxit
2530 2528 2616 2584 vel
2662 2527 2910 2598 accepit;
2961 2530 3145 2584 unde:
3197 2527 3337 2582 Dum
3381 2529 3518 2582 mihi
3575 2529 3794 2585 molesti

2176 2626 2364 2682 essent,
2399 2619 2655 2673 induebar
2682 2619 2853 2675 cilicio
2890 2618 3066 2690 (Psal.
3093 2621 3304 2692 xxxrv),
3354 2629 3414 2675 ut
3439 2620 3593 2694 quod
3636 2622 3792 2679 iul

2183 2717 2321 2773 erat,
2357 2723 2461 2762 non
2495 2709 2759 2765 viderent.
3151 2698 3164 2712 ’⁷

2247 2800 2410 2854 Vnus.
2445 2798 2531 2853 15.
2573 2801 2789 2854 -Νοη
2842 2817 3185 2873 compungar.
3228 2801 3350 2874 (ln.)
3407 2801 3527 2857 Non
3573 2805 3791 2859 moriar

480 2913 651 2972 ,ἤδη
703 2925 760 2970 et
808 2887 1098 2972 sanctiu'te
1145 2887 1278 2981 sua;
1317 2931 1423 2971 non
1473 2887 1670 2971 ‘nostr'a
1700 2887 1926 2970 ςηθιηοι.
1970 2915 2072 2970 [ηπ
2164 2887 2278 2958 jam
2309 2890 2363 2944 in
2405 2889 2586 2944 ﬁnem.
2631 2890 2850 2945 Domine
2891 2891 3054 2954 Deus,
3086 2893 3142 2944 in
3189 2901 3441 2947 eternum
3483 2893 3788 2960 confitebor

479 3006 672 3066 nostri.

491 3141 502 3146 _
552 3096 718 3152 Vens.
756 3096 808 3151 6.
836 3127 908 3139 -—
937 3097 1200 3164 Quoniam
1225 3097 1326 3153 ira.
1371 3099 1493 3172 (10.)
1533 3099 1588 3155 ld
1641 3107 1749 3164 est,
1805 3098 2062 3161 vindicta,

481 3203 587 3260 qua
619 3191 912 3247 vindicavit
934 3192 986 3247 in
1011 3208 1110 3248 nos
1141 3193 1378 3263 primum
1403 3201 1703 3264 peceatum,
1726 3193 1870 3264 quod
1892 3202 2068 3249 morte

478 3278 734 3346 solvistis.
840 3290 842 3292 '

554 3373 635 3428 Ad
679 3389 967 3443 vesperum.
1002 3373 1126 3446 (ln.)
1169 3373 1304 3442 Quia
1343 3375 1447 3442 ira,
1485 3384 1617 3441 etc.,
1680 3391 1842 3445 usque
1883 3375 1953 3428 ad
2013 3375 2067 3429 id

480 3472 584 3530 est,
624 3474 868 3536 tempore
891 3465 1078 3534 gratiae
1108 3473 1231 3536 post
1264 3473 1474 3536 tempus
1495 3473 1623 3520 ante
1653 3464 1850 3535 legem,
1875 3472 1933 3518 et
1965 3463 2068 3518 sub

479 3556 614 3628 lege.

552 3648 758 3721 (llum)
805 3650 888 3704 Ad
914 3667 1198 3720 uesperum.
1233 3649 1370 3719 Quia
1423 3664 1587 3720 passo
1611 3659 1667 3705 et
1693 3650 1904 3720 sepulto
1959 3650 2067 3706 Do—

479 3738 648 3803 mino,
676 3739 918 3809 Apostoli
946 3748 1001 3794 et
1040 3739 1296 3795 mulieres
1318 3739 1372 3794 in
1401 3738 1529 3794 ﬂetu
1556 3749 1612 3795 et
1648 3741 1850 3812 gemitu
1881 3757 2067 3797 mora-

481 3835 696 3884 bantur.
736 3829 804 3882 Et
851 3829 920 3883 ad
972 3831 1290 3884 matutinum
1339 3829 1543 3886 laetitia.
1598 3830 1734 3898 Quia
1768 3847 1929 3886 mane
1977 3846 2068 3885 vc-

483 3919 697 3978 nientes
727 3920 796 3973 ad
821 3920 1145 3990 sepulcrum,
1173 3921 1401 3992 gloriam
1423 3923 1842 3978 resurrectionis
1860 3925 1930 3978 ab
1955 3923 2069 3980 An—

479 4012 612 4084 gelis
639 4022 982 4083 acceperunt.
1015 4011 1221 4068 Fletus.
1249 4012 1448 4086 (Cass)
1485 4015 1866 4071 Demorabitur
1895 4017 2070 4072 homi-

481 4104 643 4172 nibus
669 4103 1082 4173 respicientibus
1123 4105 1189 4158 ad
1217 4119 1526 4175 vesperum,
1573 4121 1680 4176 quo
1704 4105 1878 4162 Adam
1904 4107 2069 4162 decli-

479 4195 648 4262 navit,
679 4201 733 4252 et
759 4210 790 4249 a
814 4194 1062 4265 paradiso
1081 4195 1286 4252 exivit:
1313 4195 1409 4252 sed
1433 4196 1615 4252 laetitia
1643 4198 1749 4252 erit
1771 4198 2066 4270 respicien-

479 4286 622 4341 tibus
649 4286 715 4340 ad
752 4285 1096 4350 matutinum,
1129 4301 1235 4356 quo
1259 4285 1509 4341 Christus
1537 4288 1794 4343 surrexit.

554 4376 715 4432 Vens.
748 4377 799 4431 7.
830 4408 898 4417 --
940 4376 1052 4448 Ego
1103 4389 1298 4432 autem.
1349 4376 1628 4446 Quomodo
1677 4389 1807 4437 ante
1853 4380 2067 4438 dedica-

479 4469 678 4538 tionem
699 4470 872 4540 egerit
896 4477 950 4524 et
975 4485 1094 4525 eam
1119 4471 1402 4526 meruerit.
1429 4469 1611 4543 (Auu.,
1627 4472 1808 4546 Cass.)
1834 4475 2066 4546 Vespere

479 4558 629 4612 facit.
682 4557 788 4613 Sed
816 4574 934 4630 ego,
973 4561 1100 4616 dum
1135 4561 1192 4616 in
1232 4553 1486 4631 paradiso
1523 4571 1670 4617 esset
1713 4564 1844 4619 mihi
1892 4565 2064 4620 abun-

2171 2983 2285 3038 tibi.
2329 2983 2468 3050 Quid
2500 2990 2584 3038 est
2616 3001 2628 3036 :
2674 2983 2733 3036 in
2777 2994 3029 3038 cateruam
3059 2984 3344 3053 conﬁtebor
3367 2985 3515 3039 tibi?
3541 2985 3599 3040 in
3625 2993 3770 3041 teter

2172 3090 2300 3128 num
2321 3074 2555 3129 laudabo
2585 3081 2658 3127 te.

2705 3208 3025 3266 PSALMUS
3065 3207 3232 3263 XXX.

2242 3341 2407 3394 Vens.
2434 3343 2484 3394 1.
2510 3371 2582 3380 -
2603 3339 2670 3394 In
2696 3341 2855 3409 ﬁnem
2879 3342 3133 3412 psalmus.
3184 3342 3367 3415 (Ana)
3407 3342 3664 3398 Exstasis
3685 3341 3787 3400 hi

2174 3431 2440 3502 accipitur
2466 3447 2637 3502 pavor
2679 3433 2982 3502 perturbati
3031 3433 3214 3504 populi
3264 3435 3332 3489 de
3383 3435 3783 3504 persecutione

2171 3523 2412 3577 omnium
2429 3522 2706 3594 gentium,
2735 3530 2792 3576 et
2813 3520 3022 3577 defectu
3057 3522 3180 3578 ﬁdei
3210 3538 3310 3593 per
3337 3522 3548 3578 orbem.

2241 3615 2444 3686 (Cass)
2468 3615 2670 3672 Contra
2696 3631 2956 3688 pavorem
2976 3631 3098 3686 spes
3123 3625 3179 3670 et
3196 3617 3373 3672 oratio
3391 3618 3779 3688 praemittitur,

2169 3716 2300 3774 etc.,
2333 3726 2494 3780 usque
2515 3708 2616 3763 ad:
2633 3708 2806 3762 Erunt
2825 3708 2931 3762 duo
2957 3708 3012 3762 in
3037 3723 3194 3786 carne
3222 3725 3332 3762 una
3359 3707 3614 3780 (Gemit),
3639 3725 3783 3781 ergo

2167 3811 2224 3857 et
2267 3802 2322 3856 in
2371 3816 2505 3857 voce
2559 3816 2684 3856 una.
2724 3800 2906 3874 (Auo.)
2958 3800 3115 3856 Prior
3142 3800 3384 3872 loquitur
3411 3801 3778 3872 Redemptor,

2169 3895 2294 3952 inde
2325 3895 2613 3965 redempti,
2645 3894 2846 3966 gratias
2868 3904 3112 3965 agentes.
3141 3893 3271 3950 lude
3317 3895 3410 3949 diu
3433 3895 3507 3949 de
3548 3905 3778 3965 pertur-

2167 3986 2385 4042 batione
2413 3985 2698 4056 Propheta:
2737 4001 2838 4041 vox
2891 3986 3254 4056 interponitur
3280 4000 3450 4058 prope
3497 3986 3687 4050 tinem,
3715 3996 3780 4044 et

2169 4077 2224 4134 in
2255 4077 2382 4134 ﬁne.
2427 4076 2534 4134 Hic
2585 4077 2914 4134 describitur
2953 4078 3260 4136 humiliatio
3309 4077 3513 4142 Christi
3557 4089 3778 4153 marty-

2167 4184 2396 4239 rumque
2421 4189 2434 4223 :
2469 4169 2614 4225 unde
2642 4171 2888 4241 sequitur
2913 4170 3196 4226 exaltatio.

2241 4257 2403 4314 Vens.
2429 4259 2482 4318 2.
2506 4289 2575 4300 -—
2609 4258 2679 4313 In
2699 4269 2768 4326 te,
2807 4259 3051 4326 Domine,
3093 4261 3318 4332 speravi,
3357 4268 3470 4318 etc.
3503 4261 3634 4334 (1ο.)
3675 4262 3776 4318 Est

2166 4351 2413 4408 confusio
2440 4361 2669 4420 (eterna,
2697 4350 2765 4406 de
2804 4367 2910 4422 qua
2941 4351 3164 4408 liberari
3189 4352 3330 4422 petit
3357 4367 3373 4406 :
3415 4361 3471 4410 et
3513 4363 3604 4410 est
3631 4363 3776 4410 tem-

2165 4447 2366 4518 poralis
2395 4445 2460 4500 ad
2487 4447 2703 4511 horam,
2732 4446 2938 4502 scilicet
2969 4462 3091 4518 quae
3119 4447 3360 4518 prodest.

2236 4536 2400 4592 Vnus.
2429 4537 2484 4592 '5.
2527 4567 2598 4577 —
2628 4536 2894 4592 Accelera.
2925 4537 3049 4611 (11).)
3097 4539 3154 4592 In
3209 4539 3492 4604 faciendis,
3552 4539 3606 4594 in
3655 4541 3770 4596 sol-

476 4647 687 4713 damia’
725 4619 884 4703 dixi".
922 4619 1046 4706 ’Νοη
1093 4619 1352 4708 ωονὲυοι.
1400 4652 1470 4708 ab
1493 4652 1597 4709 hoc
1641 4654 1804 4719 bona,
1833 4619 2064 4713 ω,ὸὰθῶ
2091 4619 2144 4680 D
2169 4629 2360 4683 vendis
2393 4629 2680 4684 animabus
2709 4638 2765 4684 et
2803 4627 3134 4698 huiusmodi,
3164 4637 3223 4684 ut
3256 4645 3419 4686 eruas
3443 4631 3608 4686 tertia
3653 4633 3768 4698 die,

477 4739 693 4794 diabolo
720 4739 954 4794 dicenti:
991 4741 1112 4795 Non
1145 4753 1308 4798 morte
1345 4744 1585 4798 morieris
1615 4742 1765 4808 (Gen.
1795 4745 1901 4818 tu).
1931 4747 2061 4814 Sed,

475 4848 509 4887 ο
537 4829 785 4897 Domine,
817 4832 868 4886 in
893 4832 1156 4888 voluntate
1178 4845 1269 4889 tua
1295 4837 1585 4906 prastitisti
1614 4838 1790 4892 decori
1823 4855 1936 4892 meo
1963 4842 2062 4895 vir-

476 4934 679 4992 tutem;
730 4925 875 4996 quod
921 4934 1024 4992 est,
1057 4942 1163 4980 non
1191 4943 1258 4982 ex
1308 4943 1394 4982 me
1419 4930 1594 4985 bonus
1626 4945 1773 4986 cram
1799 4939 1855 4986 et
1879 4931 2058 4997 fortis,

476 5020 570 5074 sed
594 5036 657 5074 ex
687 5028 758 5075 te.
783 5018 936 5087 Quod
965 5027 1024 5073 ut
1050 5020 1364 5076 OStenderes
1382 5038 1394 5074 :
1414 5023 1653 5078 Avertisti
1677 5024 1866 5094 [aciem
1891 5034 2058 5090 tuam,

475 5115 579 5168 hoc
611 5123 714 5177 est,
746 5113 891 5167 foras
919 5111 1114 5167 misisti
1140 5128 1226 5168 me
1252 5113 1318 5168 de
1355 5116 1606 5184 paradiso
1631 5135 1642 5170 :
1666 5115 1780 5184 jam
1819 5132 1948 5172 vero
1972 5117 2062 5172 hic

475 5207 683 5280 positus
710 5204 948 5260 clamabo
977 5205 1046 5258 ad
1077 5215 1145 5272 te,
1171 5215 1280 5262 etc.

548 5297 710 5353 Vnus.
727 5297 780 5353 8.
797 5298 1144 5353 —Avertisti.
1165 5297 1367 5371 (Cass)
1383 5299 1524 5356 Deus
1545 5315 1576 5355 a
1599 5300 1813 5356 Christo
1841 5300 2058 5368 faciem,

475 5391 796 5462 exponendo
830 5406 955 5446 eum
1008 5391 1249 5463 passioni
1283 5400 1333 5448 et
1365 5393 1564 5458 morti;
1607 5401 1664 5447 et
1703 5394 1783 5448 sic
1809 5392 2061 5450 Christus

478 5486 725 5541 turbatus
747 5494 866 5541 est:
900 5484 1084 5540 Tristis
1119 5495 1194 5540 est
1236 5486 1415 5539 anima
1442 5503 1554 5540 mea
1592 5503 1756 5557 usque
1793 5488 1862 5550 ad
1907 5505 2052 5542 mor-

476 5588 597 5636 tem.
631 5579 841 5652 (Matth.
865 5579 1000 5651 ΠΙ.)
1030 5578 1404 5636 Conturbatus.
1453 5578 1637 5651 (AUG.)
1669 5579 1824 5648 Quod
1847 5589 2058 5650 tempus

476 5673 904 5748 conturbationis
932 5682 988 5728 et
1025 5673 1256 5730 miseriae
1285 5672 1544 5738 recolens,
1574 5683 1628 5729 et
1654 5674 1706 5728 in
1735 5687 1800 5729 eo
1826 5673 2053 5744 positus,

477 5747 638 5828 audio
663 5778 850 5820 vocem
885 5763 1080 5832 capitis
1119 5780 1218 5834 pro
1255 5781 1341 5820 me
1369 5764 1640 5829 morituri,
1679 5747 1944 5820 dicentis:
1973 5763 2054 5816 Ad

477 5864 549 5924 te,
575 5855 810 5926 Domine,
840 5857 1096 5920 clamabo.

2165 4737 2274 4778 non
2299 4721 2520 4776 diﬁ‘eras
2542 4721 2594 4775 in
2637 4736 2978 4777 communem
3011 4723 3502 4796 resurrectionem;
3529 4725 3682 4792 quod
3711 4733 3770 4779 ut

2165 4815 2257 4880 sit,
2299 4823 2416 4871 esto
2455 4815 2590 4869 mihi
2617 4824 2891 4886 protector
2917 4822 3117 4882 tantus,
3166 4824 3432 4885 quantum
3458 4817 3772 4874 decetesso

2165 4907 2354 4964 Deum.
2381 4908 2510 4962 Esto
2534 4909 2682 4962 mihi.
2707 4908 2856 4964 Dixit
2881 4926 2896 4963 :
2924 4907 3202 4964 Justitiam
3226 4909 3314 4976 da,
3340 4919 3475 4976 etc.,
3501 4924 3672 4980 usque
3697 4909 3769 4964 ad

2163 4987 2396 5055 aﬂirmat
2423 4999 2818 5056 liberationem.

2239 5094 2400 5148 Vsus.
2433 5093 2486 5147 5.
2517 5123 2589 5133 ——
2613 5092 2838 5148 Educes.
2869 5091 3072 5165 (Cass)
3095 5092 3172 5150 De
3201 5103 3377 5148 morte
3399 5093 3470 5148 ad
3495 5107 3760 5164 superna,

2163 5192 2224 5236 ut
2255 5182 2458 5238 frustra
2499 5183 2608 5237 sint
2650 5182 2958 5239 Judaeorum
2998 5185 3242 5240 consilia.
3276 5185 3353 5239 De
3389 5184 3580 5256 laqueo
3601 5202 3762 5256 quem

2165 5275 2570 5330 absconderant.
2619 5275 2802 5348 (AUG.)
2837 5277 2940 5338 Per
2980 5277 3114 5333 duas
3137 5287 3326 5348 portas
3357 5278 3610 5336 diabolus
3629 5287 3759 5333 ten-

2164 5375 2264 5432 tat,
2286 5377 2415 5431 etc.,
2445 5385 2607 5438 usque
2633 5368 2704 5422 ad
2729 5370 2904 5423 unde:
2941 5369 3144 5424 Educes
3175 5387 3257 5424 me
3278 5371 3343 5424 de
3365 5369 3573 5442 laqueo.

2236 5461 2398 5516 Vnus.
2431 5458 2484 5514 6.
2507 5491 2578 5500 —-—
2603 5460 2672 5516 In
2698 5478 2904 5518 manus.
2931 5461 3135 5534 (Cass)
3163 5461 3300 5520 Nota
3327 5479 3451 5518 eum
3487 5461 3585 5517 hic
3606 5460 3758 5530 loqui

2163 5555 2257 5625 qui
2303 5555 2357 5609 in
2407 5555 2658 5625 passione
2701 5555 2890 5612 eadem
2941 5558 3109 5612 verba
3159 5556 3402 5627 protulit.
3451 5555 3640 5626 (Atta)
3683 5552 3758 5609 ιιι

2165 5663 2374 5706 manus.
2399 5647 2479 5702 Ex
2504 5648 2590 5703 his
2615 5649 2793 5704 verbis
2819 5665 2940 5719 quae
2966 5649 3021 5703 in
3047 5664 3210 5704 cruce
3235 5649 3390 5714 dixit,
3417 5649 3760 5703 admonet”

2168 5741 2220 5796 in
2245 5741 2347 5797 hoc
2365 5742 2572 5812 psalmo
2594 5742 2828 5798 locutum
2855 5757 2996 5798 esse.

2241 5831 2402 5888 Vsus.
2433 5833 2485 5888 8.
2507 5834 2702 5905 —Ego
2732 5847 2928 5902 autem,
2952 5835 3008 5889 in
3033 5833 3282 5902 Domino,
3309 5843 3416 5891 etc.
3447 5833 3652 5909 (Cum)
3671 5831 3756 5895 De
