3982 6352
511 452 612 508 887

999 417 1391 512 wamrmiu
1427 455 1675 514 STRABI
1712 458 1917 516 rum.
1962 457 2125 515 nos.
2165 456 2314 514 ore.
2357 456 2537 512 PARS
2568 457 2612 513 ι.
2647 485 2716 498 -
2753 454 3210 514 mmmam.

509 585 638 625 num
679 569 766 626 hic
791 571 1031 642 psalmus
1076 573 1382 644 opponitur,
1416 583 1560 643 etc.,
1598 592 1761 648 usque
1800 577 1868 631 ad
1899 577 1952 632 in
1973 592 2080 648 quo
2105 579 2156 638 Α
2182 574 2249 630 ad
2293 575 2553 644 superbos
2596 584 2817 645 peccata
2859 573 3210 630 defendentes
3250 589 3266 628 :
3306 586 3436 644 ergo
3475 586 3598 638 vos,
3627 587 3775 644 quos

507 670 715 717 stantes
741 662 1041 718 conﬁrmat.

579 754 746 810 Vsus.
764 755 815 809 l.
837 785 907 796 —
933 755 1084 812 Beati
1103 774 1324 829 quorum
1347 760 1577 815 remissa?
1599 769 1744 828 sunt,
1762 769 1867 817 etc.
1896 761 2078 832 (AUG.)

510 844 626 902 Non
651 847 704 901 in
733 847 930 917 quibus
966 864 1069 903 non
1098 850 1299 905 invenit
1325 861 1628 920 peccatum,
1660 853 1753 907 sed
1777 853 1970 922 quibus
1995 869 2076 909 re-

510 939 672 993 mitit.
730 938 1060 1009 Iniquitates.
1110 941 1247 996 Dicit
1291 941 1531 1006 fomitem
1580 945 1816 1014 peccati,
1875 946 2082 1001 scilicet

507 1031 1078 1100 concupiscibilitatem
1096 1073 1110 1097 ,
1138 1040 1266 1098 etc.,
1299 1050 1462 1105 usque
1489 1036 1558 1088 ad
1585 1034 1680 1090 sed
1709 1043 1766 1090 ut
1797 1045 2078 1104 peccatum

505 1119 648 1174 ultra
697 1136 801 1176 non
844 1123 932 1176 sit.
966 1121 1239 1194 (HIERON.)
1283 1124 1621 1194 lniquitates,
1665 1137 1790 1184 ante
1821 1127 1979 1183 ﬁdem
2023 1136 2079 1184 et

507 1211 831 1281 baptismum
859 1230 872 1267 :
901 1225 1203 1285 peccatum,
1229 1228 1351 1286 post
1373 1219 1531 1274 ﬁdem
1551 1221 1968 1290 etbaptismum.

579 1304 742 1362 Vens.
792 1306 846 1360 2.
887 1338 956 1348 -—
1001 1307 1196 1362 Beatus
1245 1312 1340 1364 uir.
1387 1310 1660 1383 (Ηιειιοκ.)
1709 1313 1806 1368 Cui
1852 1315 2080 1370 remittit

503 1393 668 1462 Deus,
687 1412 792 1452 non
806 1398 946 1452 enim
961 1414 1059 1468 per
1078 1415 1154 1455 se.
1180 1399 1354 1472 Tegit,
1386 1417 1451 1457 ne
1481 1402 1534 1456 in
1557 1403 1758 1473 judicio
1777 1405 2076 1470 reveletur;

500 1495 558 1542 et
598 1487 676 1542 sic
720 1504 825 1544 non
871 1491 1223 1562 imputabitur
1261 1493 1328 1547 ad
1365 1507 1600 1562 poenam.
1640 1492 1756 1548 Non
1799 1504 1882 1550 est
1927 1495 2080 1551 dolus

502 1577 594 1645 qui
617 1593 675 1633 se
704 1591 921 1636 accusat
951 1598 964 1634 :
997 1583 1161 1637 corde
1185 1593 1330 1638 tenet
1357 1585 1497 1652 quod
1519 1599 1612 1638 ore
1647 1583 1842 1638 fatetur
1872 1585 1977 1640 hic.

573 1668 771 1726 Beatus
807 1689 821 1726 :
863 1674 989 1742 quia
1029 1673 1156 1729 olim
1209 1689 1318 1729 non
1358 1674 1622 1729 conﬁtens
1669 1673 1800 1740 Deo,
1854 1675 1974 1730 veni
2022 1676 2078 1730 in

501 1769 816 1832 peccatum,
849 1763 974 1816 dum
1006 1763 1326 1829 clamarem,
1360 1766 1405 1819 si
1433 1765 1558 1834 quid
1595 1766 1722 1821 boni
1754 1767 1858 1836 egi.

576 1852 738 1908 Vens.
777 1855 831 1909 5.
863 1883 934 1893 —
973 1853 1153 1908 Tacui.
1179 1855 1361 1926 (AUG.)
1402 1854 1502 1922 Qui
1546 1871 1652 1910 non
1691 1855 1804 1910 vult
1832 1855 2076 1912 conﬁteri

2183 665 2370 731 invito,
2401 675 2507 721 etc.
2544 664 2755 737 Equus,
2790 665 3005 736 gentilis
3040 665 3374 731 indomitus;
3422 663 3628 730 mulus,
3666 663 3768 720 Ju-

2181 759 2331 816 daeus
2348 760 2504 830 piger
2523 759 2590 814 ad
2604 758 2952 815 credendum.
2969 757 3174 832 (Cass)
3199 757 3407 829 Equus,
3421 759 3543 814 sine
3556 758 3778 814 discre-

2180 850 2327 906 tione
2353 864 2660 914 sessorum;
2685 848 2878 913 mulus,
2904 847 3154 919 quaelibet
3189 862 3357 904 onera
3377 847 3600 919 accipit,
3633 855 3776 911 etc.,

2182 957 2341 1011 usque
2360 941 2430 994 ad
2455 941 2508 996 id
2532 952 2635 1006 est,
2653 941 2974 1011 jactautiam
3003 942 3070 996 de
3089 940 3294 996 viribus
3317 941 3454 996 suis.
3485 939 3776 995 Masillas.

2183 1032 2299 1098 Vel,
2335 1033 2581 1088 maxillas
2625 1033 2820 1102 quibus
2847 1033 3147 1098 mandunt,
3195 1032 3246 1086 id
3272 1040 3379 1096 est,
3417 1032 3669 1102 parcius,
3704 1032 3780 1086 da

2181 1125 2462 1191 victualia,
2493 1132 2554 1179 ut
2593 1124 2919 1180 necessitate
2938 1123 3130 1179 ’coacti
3169 1123 3416 1178 redeant.
3453 1119 3652 1194 (Auc.)
3675 1119 3779 1176 Vel

2181 1216 2271 1271 hic
2299 1215 2624 1284 confringes,
2678 1225 2733 1270 et
2764 1216 2818 1269 in
2869 1212 3049 1270 futuro
3094 1219 3256 1269 erunt
3308 1211 3480 1267 multa
3531 1209 3776 1281 flagella.

2181 1309 2280 1364 Vel
2309 1328 2321 1362 :
2355 1307 2534 1363 Nolite
2559 1309 2676 1378 ﬁeri
2701 1308 2834 1362 sicut
2861 1323 3042 1378 equus,
3075 1305 3203 1376 quia
3236 1303 3407 1360 multa
3439 1300 3660 1376 ﬂagella
3686 1303 3784 1360 hic

2181 1409 2236 1456 et
2274 1400 2330 1455 in
2379 1399 2579 1454 futuro.
2627 1397 2731 1464 Qui
2775 1414 2878 1453 non
2923 1397 3290 1468 approximant
3334 1395 3404 1449 ad
3445 1403 3518 1449 te.
3561 1392 3780 1466 (Cass)

2183 1490 2322 1547 Sunt
2367 1491 2511 1546 enim
2557 1490 2671 1560 qui,
2721 1490 2768 1544 si
2803 1496 3032 1560 peccant
3075 1488 3256 1544 carnis
3293 1485 3700 1555 imbecillitate,
3744 1502 3782 1542 a

2153 1580 2284 1656 'piis
2320 1584 2574 1655 precibus
2603 1597 2710 1639 non
2749 1583 3030 1638 recedunt.

2251 1639 2418 1733 Ve'ns.
2448 1677 2536 1732 10.
2569 1707 2641 1718 -
2663 1676 2836 1730 Multa
2860 1675 3072 1747 flagella
3095 1639 3406 1747 peccatoris,
3441 1683 3552 1731 etc.
3582 1673 3784 1746 (Auc.)

2180 1767 2310 1823 Post
2333 1766 2547 1822 frenum
2577 1767 2850 1823 adduntur
2875 1766 3083 1838 flagella
3113 1768 3181 1820 ad
3215 1765 3570 1831 domandum,
3603 1780 3683 1820 ne
3707 1765 3782 1819 sit

2184 1859 2250 1915 de
2289 1859 2394 1920 illis
2433 1859 2712 1929 impunitis
2753 1857 2949 1928 quibus
2994 1858 3156 1914 modo
3180 1872 3320 1928 vaga
3345 1858 3510 1913 datur
3551 1855 3782 1914 licentia

499 1953 720 2015 peccata
740 1985 754 2009 ,
797 1944 1007 2000 laborat
1055 1946 1170 2001 sine
1197 1961 1359 2002 causa
1394 1947 1450 2001 in
1474 1947 1783 2003 defensione
1822 1956 2074 2018 peccato-
2102 1935 2152 1994 Β
2182 1950 2281 2005 via:
2302 1964 2413 2005 suae
2441 1963 2458 2004 :
2493 1949 2576 2005 sic
2601 1949 2704 2005 iste
2737 1963 2900 2018 supra
2927 1948 3068 2004 dixit
3100 1963 3160 2005 se
3181 1947 3468 2004 domitum.

501 2051 622 2090 rum
655 2055 667 2090 :
701 2036 753 2090 in
784 2052 891 2107 quo
928 2052 1050 2091 cum
1081 2046 1136 2092 et
1157 2035 1328 2106 jactet
1354 2038 1583 2104 merita,
1625 2038 1854 2108 amplius
1898 2038 2080 2094 deﬁcit

498 2126 778 2182 fortitudo.
806 2126 1004 2197 (Cass)
1032 2127 1226 2183 Beatus
1249 2129 1334 2182 cui
1360 2145 1463 2183 non
1490 2129 1780 2200 imputavit.
1801 2128 1954 2196 Aliis,
1985 2130 2080 2201 qui

497 2219 682 2288 gravia
704 2219 924 2286 habent,
955 2221 1096 2276 Deus
1117 2221 1376 2290 imputat;
1404 2219 1524 2275 aliis
1536 2235 1634 2290 per
1652 2221 2080 2277 misericordiam

497 2325 604 2364 non
637 2311 886 2381 imputat,
908 2311 1011 2366 etsi
1038 2313 1240 2367 habent
1271 2311 1474 2382 aliqua,
1504 2311 1589 2367 his
1619 2311 1826 2368 scilicet
1849 2313 1939 2382 qui
1969 2328 2079 2368 non

494 2401 673 2474 justos
694 2419 750 2460 se
775 2405 1091 2474 praedicant,
1122 2420 1247 2460 cum
1274 2403 1384 2460 sint
1405 2403 1553 2470 mali,
1581 2406 1674 2460 sed
1703 2418 1762 2459 se
1783 2419 2081 2475 agnoscen-

497 2501 579 2548 tes
599 2494 954 2561 satisfaciunt,
987 2497 1146 2551 modo
1177 2498 1280 2552 hoc
1301 2495 1578 2565 proﬁteor,
1610 2497 1704 2551 sed
1732 2496 1861 2551 olim
1891 2513 1904 2550 :
1935 2495 2081 2562 Quo-

497 2591 640 2644 niam
683 2593 847 2656 tacui,
887 2599 993 2646 etc.
1040 2590 1220 2662 (Auc.)
1259 2590 1377 2656 Vel,
1412 2591 1554 2644 tacui
1595 2605 1726 2645 voce
1772 2601 2075 2660 peccatum,

493 2681 619 2735 dum
645 2682 927 2736 clamarem
960 2691 1067 2735 tota
1103 2683 1228 2736 die:
1256 2682 1381 2737 dum
1408 2695 1572 2752 pmna
1608 2681 1839 2751 peccati,
1878 2681 1964 2736 vel
1992 2681 2074 2734 inc

491 2775 662 2831 terior
683 2775 978 2830 excaecatio
1005 2776 1316 2830 ostenderet
1341 2787 1428 2829 me
1451 2782 1816 2844 peccatorem,
1842 2773 1928 2829 vel
1949 2773 2078 2828 dum

492 2884 661 2940 prava
689 2867 801 2922 vita
830 2883 917 2923 me
939 2875 1153 2923 tacente
1175 2867 1474 2936 clamaret,
1508 2868 1553 2924 si
1583 2866 1713 2938 quid
1741 2866 1865 2923 boni
1894 2867 2000 2938 egi.

563 2961 703 3016 Dum
729 2961 1010 3016 clamarem
1034 2971 1143 3015 tota
1171 2961 1274 3029 die,
1303 2968 1408 3017 etc.
1434 2961 1546 3018 Etsi
1580 2976 1686 3016 non
1716 2961 1785 3017 sit
1810 2961 1914 3016 sibi
1943 2977 2074 3016 con-

492 3055 636 3112 scius
682 3055 804 3126 quis
831 3096 846 3121 ,
895 3070 1002 3110 non
1048 3063 1230 3110 tamen
1270 3053 1452 3124 justus
1495 3073 1509 3108 :
1561 3054 1688 3125 quia
1715 3052 1911 3110 delicta
1953 3053 2075 3124 quis

493 3147 783 3216 intelligit?
813 3146 964 3203 Unde
998 3165 1011 3200 :
1043 3146 1137 3201 Est
1147 3147 1329 3217 justus
1357 3147 1448 3218 qui
1472 3147 1606 3216 perit
1632 3147 1690 3200 in
1705 3145 1916 3215 justitia
1951 3162 2070 3200 sua.

490 3239 558 3294 Et
607 3238 895 3309 Apostolus
937 3257 948 3293 :
995 3237 1146 3292 Nihil
1198 3239 1324 3292 mihi
1369 3238 1605 3291 conscius
1637 3252 1776 3300 sum,
1819 3244 1925 3290 etc.

560 3301 726 3386 Vens.
763 3329 818 3384 4.
855 3358 925 3369 -
959 3329 1252 3400 Conﬁgitur
1292 3327 1462 3398 spina.
1498 3325 1696 3398 (Cass)
1730 3325 1918 3396 Spina,
1951 3339 2072 3395 quae
2099 3301 2144 3364 C

489 3429 660 3476 totum
713 3436 911 3492 corpus
947 3421 1135 3492 erigit,
1183 3419 1237 3474 id
1287 3427 1393 3486 est,
1423 3419 1693 3489 superbia.
1727 3416 1908 3490 (Auc.)
1940 3417 2073 3474 [tem

487 3531 744 3579 aerumna,
766 3525 896 3580 etc.,
916 3530 1076 3585 usque
1097 3513 1165 3567 ad
1207 3529 1224 3567 :
1245 3513 1301 3567 in
1325 3511 1566 3567 manibus
1587 3511 1872 3568 temulenti.

557 3607 722 3661 Vens.
755 3607 806 3662 5.
848 3637 917 3646 -—
947 3604 1208 3660 Delictum
1247 3619 1438 3658 meum.
1483 3603 1809 3673 Diapsalma.
1848 3601 2072 3659 Confes-

489 3698 594 3763 sio,
623 3699 766 3752 unde
797 3697 974 3762 venia,
1006 3697 1148 3752 sicut
1169 3710 1333 3764 supra
1361 3695 1426 3750 de
1449 3694 1693 3750 rectione
1721 3692 2065 3749 inveteratio.

486 3787 612 3843 Feci
635 3791 916 3858 cognitum.
951 3786 1153 3859 (Cass)
1179 3784 1305 3840 Dixi
1345 3786 1496 3841 enim
1527 3785 1696 3856 prius,
1739 3791 1868 3849 etc.,
1907 3799 2071 3854 usque

405 3939 414 3948 κ
488 3879 559 3932 ad
585 3885 640 3933 et
675 3877 817 3933 Deus
841 3877 1009 3932 audit.

563 3969 722 4025 Vsus.
773 3968 825 4023 6.
875 3997 947 4008 —
986 3965 1096 4022 Pro
1142 3968 1241 4021 hac
1293 3966 1478 4021 orabit.
1539 3963 1686 4039 (ln.)
1741 3963 2063 4036 Diapsalma.

483 4060 873 4132 paenitudinem
917 4075 1036 4114 com
1054 4059 1322 4125 nendans,
1379 4058 1629 4114 omnibus
1678 4059 1882 4114 sanctis
1934 4056 2068 4113 dicit

482 4166 863 4218 communem;
911 4166 1076 4222 quam
1124 4150 1286 4205 variae
1332 4157 1493 4206 secta:
1534 4157 1824 4220 respuunt,
1875 4157 2066 4205 contra

480 4259 618 4316 quas
652 4243 718 4298 ad
749 4243 918 4298 Deum
956 4241 1173 4314 refugit.
1205 4241 1386 4314 (Αυθ.)
1435 4241 1544 4296 Pro
1595 4243 1714 4297 hac.
1765 4242 1895 4299 Inde
1945 4251 2067 4298 orat

480 4316 660 4390 omnis
689 4342 928 4400 sanctus,
959 4333 1086 4403 quia
1116 4333 1401 4400 dimisisti,
1433 4333 1591 4388 aliter
1623 4347 1730 4388 non
1763 4343 1908 4390 esset
1933 4349 2062 4389 san-

483 4435 623 4484 ctus.
653 4425 922 4497 Tempore,
945 4435 1053 4482 etc.
1081 4426 1315 4497 Tempus
1340 4436 1420 4482 est
1448 4427 1655 4499 gratiae,
1679 4427 1766 4483 lex
1785 4443 2060 4499 premens,

479 4518 807 4573 convincens
845 4533 996 4585 reos,
1038 4520 1214 4589 coegit
1250 4519 1518 4586 clamare,
1549 4519 1722 4590 gratia
1747 4529 1924 4575 sanat.
1962 4517 2062 4574 Ve-

480 4619 773 4664 rumtamen
798 4610 853 4664 in
881 4609 1098 4677 diluvio,
1130 4619 1234 4666 etc.
1279 4609 1460 4682 (Aus.)
1487 4611 1638 4666 Licet
1671 4622 1889 4667 sanctus
1915 4617 2058 4677 oret,

477 4711 608 4768 etc.,
639 4719 800 4774 usque
819 4704 888 4757 ad
901 4713 1120 4759 sanctus
1138 4705 1333 4770 orabit,
1356 4705 1574 4760 dicens:
1595 4703 1672 4758 Tu
1688 4721 1742 4760 es
1770 4705 2052 4776 refugium.

476 4793 560 4849 Ad
606 4787 744 4850 eum.
785 4795 987 4863 Deum,
1037 4804 1209 4850 mutat
1258 4797 1401 4850 enim
1441 4811 1727 4865 personam
1779 4803 1838 4850 ut
1890 4811 2052 4867 saepe.

477 4885 595 4941 Non
631 4888 950 4959 appropiant
989 4887 1081 4958 qui
1113 4887 1298 4942 dicunt
1323 4886 1494 4940 fatum
1524 4885 1656 4941 facit
1691 4901 1938 4956 peccare,
1967 4887 2054 4942 vel

481 4979 695 5036 fortuna
721 5021 736 5046 ,
775 4996 897 5052 qua:
943 4982 1125 5036 omnia
1169 4979 1339 5052 regit,
1383 4979 1468 5036 vel
1507 4994 1639 5051 gens
1679 4981 2048 5048 tenebrarum,

374 5085 378 5088 '
475 5088 596 5144 qum
625 5075 735 5129 Deo
761 5072 1003 5130 rebellat.

547 5166 712 5221 Vens.
734 5166 875 5221 8.—
899 5163 1230 5239 Intellectum
1257 5164 1350 5219 tibi
1376 5163 1531 5220 dabo.
1570 5164 1693 5239 (In.)
1725 5164 2050 5236 Diapsalma.

477 5255 858 5325 Respondetur
892 5235 1176 5327 pmnitenti
1215 5274 1228 5310 :
1269 5235 1598 5312 Intellectum
1625 5257 1716 5310 tibi
1754 5235 1914 5320 dabo,
1944 5263 2049 5309 etc.

475 5347 614 5402 Ecce
658 5348 895 5418 psalmus
935 5346 1317 5419 intelligentiae,
1366 5363 1435 5403 ne
1477 5353 1694 5417 putetur
1743 5345 2052 5416 supplicans

474 5440 695 5512 negligi,
731 5450 868 5497 teste
904 5441 1033 5496 Deo.
1064 5440 1159 5505 Tu,
1197 5458 1340 5496 erue.
1373 5439 1573 5511 (Cass)
1603 5437 1702 5504 Qui
1733 5438 2046 5507 promisisti,

473 5531 791 5587 intellectum
827 5533 919 5588 tibi
945 5532 1098 5587 dabo.
1139 5533 1234 5588 Vel
1272 5527 1562 5598 respondet
1594 5527 1841 5584 Christus
1877 5530 2051 5600 ι)ωηί-

473 5628 608 5681 tenti
644 5646 656 5680 :
686 5627 862 5680 Laetus
889 5626 1032 5700 ﬁnis,
1065 5628 1155 5680 dat
1187 5626 1325 5679 Deus
1351 5622 1678 5678 intellectum
1709 5639 1722 5676 :
1756 5623 1898 5680 unde
1917 5623 2056 5679 alios

469 5721 792 5774 adhortatur
819 5720 884 5774 ad
916 5720 1076 5774 idem.

542 5809 704 5866 Vens.
733 5810 785 5865 9.
823 5841 896 5852 —
931 5809 1107 5865 Nolite
1131 5809 1247 5878 ﬁeri
1279 5809 1411 5863 sicut
1439 5825 1600 5882 equus
1630 5817 1678 5864 et
1708 5807 1902 5874 mulus,
1933 5816 2044 5865 etc.

469 5904 652 5992 (Αυα.)
681 5905 916 5980 Accepto
947 5903 1239 5970 intellectu,
1267 5904 1532 5961 convertit
1557 5920 1614 5960 se
1645 5905 1745 5960 iste
1772 5905 2041 5976 paenitens

2083 4662 2138 4724 D

2692 2081 3016 2139 PSALMUS
3045 2081 3259 2138 XXXII.

2252 2214 2322 2272 In
2347 2216 2525 2286 ﬁnem.
2559 2214 2762 2287 (ωδε.)
2793 2215 2895 2272 Hic
2926 2217 3189 2288 propheta
3218 2214 3523 2288 potentiam
3545 2224 3606 2272 et
3632 2215 3784 2274 facta

2180 2310 2277 2366 Dei
2316 2319 2628 2377 enumerat,
2657 2318 2710 2367 et
2749 2310 2828 2366 sic
2847 2311 2914 2366 ad
2941 2311 3156 2366 laudem
3177 2309 3273 2366 Dei
3294 2311 3530 2377 invitat;
3572 2313 3784 2382 primo,

2176 2405 2356 2477 justos
2403 2415 2458 2460 et
2495 2413 2672 2462 rectos
2713 2415 2900 2462 monet
2944 2403 3187 2472 laudare,
3235 2405 3362 2475 quia
3389 2405 3688 2462 exsultare
3727 2407 3785 2462 in

2185 2498 2278 2557 illo
2303 2499 2406 2555 nisi
2435 2499 2702 2555 laudando
2731 2514 2838 2555 non
2863 2513 3189 2570 possumus:
3216 2505 3417 2566 rectos,
3448 2498 3661 2569 inquit,
3691 2499 3786 2555 de-

2181 2600 2269 2648 cet
2305 2591 2648 2648 collaudatio.

2250 2680 2417 2738 Vens.
2448 2683 2501 2736 l.
2529 2712 2603 2724 —
2630 2681 2929 2748 Exsultate,
2965 2689 3073 2738 etc.
3109 2681 3296 2753 (Auc.)
3337 2678 3559 2738 Curvus
3587 2680 3784 2736 laudat

2179 2775 2352 2831 Deum
2399 2775 2616 2846 quando
2658 2775 2760 2830 sibi
2804 2775 2943 2831 bene
2986 2783 3105 2842 est;
3159 2774 3503 2846 blasphemat
3554 2775 3782 2845 quando

2179 2863 2326 2922 male
2351 2885 2364 2921 :
2398 2876 2579 2924 rectus
2605 2881 2818 2939 semper
2841 2876 2901 2922 ut
2921 2867 3040 2924 Job.

2249 2959 2415 3016 Vsus.
2446 2960 2502 3015 2.
2528 2991 2600 3001 —
2628 2957 2869 3015 Cithara.
2919 2959 3042 3033 an.)
3077 2959 3162 3016 Ab
3191 2959 3434 3017 inferiori
3473 2968 3678 3027 sonat,
3719 2967 3777 3017 et

2177 3065 2245 3108 ex
2280 3059 2424 3106 terra
2453 3059 2565 3116 est,
2593 3049 2739 3106 unde
2779 3049 3079 3118 laudemus,
3111 3051 3164 3107 id
3195 3060 3300 3118 est,
3329 3052 3678 3122 prosperitas
3715 3061 3774 3109 et

2182 3143 2483 3198 adversitas
2503 3182 2518 3208 ,
2554 3157 2676 3213 qua:
2695 3141 2764 3198 ab
2784 3155 2850 3198 eo
2875 3149 3000 3198 sunt
3020 3143 3199 3198 nobis.
3228 3141 3298 3198 In
3323 3141 3596 3212 psalterio.
3626 3143 3773 3198 Dum

2176 3235 2410 3290 attendis
2437 3234 2714 3305 superiora
2757 3249 2878 3305 quat
2906 3234 3004 3291 tibi
3039 3234 3219 3302 dedit,
3261 3235 3543 3292 ctelestem
3573 3237 3772 3292 doctri-

2176 3343 2321 3383 nam.
2363 3326 2469 3383 Per
2506 3327 2766 3381 citharam
2819 3341 2970 3392 caro,
3018 3341 3116 3398 per
3167 3325 3475 3398 psalterium
3521 3327 3772 3384 cluat-itas

2176 3417 2495 3490 intelligitur
2518 3432 2534 3472 :
2556 3417 2624 3474 ad
2649 3433 2770 3488 quae
2794 3417 2980 3474 decem
3002 3425 3273 3490 praecepta
3288 3417 3422 3491 legis
3443 3421 3766 3489 pertinent:

2175 3511 2280 3566 tria
2319 3511 2374 3566 in
2413 3510 2590 3581 prima
2628 3509 2812 3566 tabula
2849 3511 2918 3566 ad
2945 3508 3146 3576 Deum,
3176 3518 3382 3580 septem
3427 3510 3483 3564 in
3521 3511 3770 3568 sealnda

2173 3601 2242 3658 ad
2262 3603 2590 3674 proximum.
2835 3639 2839 3642 -

2242 3691 2408 3749 Vsus.
2446 3692 2501 3751 5.
2531 3723 2604 3734 —
2629 3691 2850 3749 Cantate
2877 3693 2954 3761 ei,
2995 3702 3104 3750 etc.
3131 3693 3334 3762 Quasi,
3361 3693 3493 3763 quid
3523 3694 3650 3765 plus
3680 3695 3768 3752 di-

2171 3786 2326 3842 cam?
2373 3785 2442 3842 de
2483 3785 2853 3842 incarnatione
2897 3785 3205 3857 specialiter
3241 3784 3524 3842 laetemini.
3573 3785 3768 3842 Canti-

2170 3895 2290 3932 cum
2322 3894 2530 3934 uouum.
2576 3877 2782 3951 (Cass);
2822 3878 2956 3946 Quia
2985 3895 3093 3936 non
3121 3877 3348 3945 sufﬁcit,
3379 3880 3486 3934 nisi
3519 3879 3768 3937 abundet

2163 3971 2373 4043 iustitia
2401 3981 2584 4029 vestra
2601 3972 2723 4045 plus
2745 3987 2906 4044 quam
2936 3972 3250 4030 Scribarum
3280 3979 3336 4028 et
3353 3970 3767 4028 Pharisaeorum

2169 4062 2387 4136 (Matth.
2425 4062 2502 4135 v).

2239 4153 2460 4210 Cantate
2480 4155 2743 4210 canticum
2778 4171 2987 4212 nouum.
3020 4155 3098 4212 De
3122 4155 3521 4223 incarnatione,
3558 4155 3632 4214 de
3653 4170 3766 4230 qua

2167 4246 2398 4301 mundus
2425 4245 2682 4312 exsultat,
2708 4245 2776 4302 de
2801 4259 2906 4316 qua
2928 4245 3119 4318 Angeli
3139 4255 3520 4304 cantaverunt.

2241 4335 2412 4392 Vens.
2437 4337 2492 4391 4.
2516 4367 2588 4380 -
2617 4338 2757 4404 Quia
2782 4347 2980 4394 rectum
3007 4349 3104 4394 est.
3141 4339 3358 4396 Modum
3379 4337 3562 4395 laudis
3591 4353 3763 4411 expo-

2163 4428 2274 4486 suit
2319 4447 2333 4483 :
2376 4444 2520 4484 nunc
2567 4445 2666 4485 cur
2713 4429 2787 4485 sit
2827 4429 3158 4486 laudandus?
3209 4430 3280 4485 Et
3333 4431 3514 4485 omnia
3571 4447 3760 4502 opera.

2165 4520 2348 4594 (Auc.)
2392 4519 2469 4578 Ne
2511 4522 2634 4592 quis
2662 4529 2816 4592 putet
2852 4537 2910 4578 se
2958 4523 3166 4578 meritis
3207 4522 3276 4578 ad
3323 4522 3484 4579 ﬁdem
3511 4524 3758 4589 venisse,

2163 4628 2284 4670 cum
2307 4613 2361 4669 in
2384 4614 2490 4670 ﬁde
2519 4615 2626 4670 sint
2646 4615 2828 4669 omnia
2848 4629 3013 4686 opera
3035 4629 3155 4685 qua:
3180 4615 3354 4685 diligit
3375 4613 3544 4680 Deus,
3571 4615 3630 4670 id
3649 4625 3756 4680 est.

2165 4714 2508 4774 remunerat,
2555 4705 2678 4779 (Ῑιι.)
2703 4706 2831 4777 quia
2869 4722 2978 4782 non
3018 4705 3122 4762 nisi
3166 4707 3220 4762 in
3261 4707 3512 4764 ﬁdelibus
3554 4721 3759 4779 (pera-

2163 4805 2277 4863 tur;
2310 4797 2452 4852 unde
2477 4815 2491 4852 :
2523 4795 2684 4851 Fides
2705 4807 2796 4851 tua
2826 4805 2875 4852 te
2893 4796 3092 4852 saluum
3113 4797 3232 4868 fecit
3263 4797 3479 4870 (Matth.
3525 4799 3606 4871 x).
3633 4799 3755 4865 Vel.

2159 4887 2337 4942 omnia
2367 4901 2532 4958 opera
2569 4896 2695 4942 sunt
2735 4896 2903 4955 recta,
2944 4897 3074 4956 etc.,
3115 4905 3278 4960 usque
3312 4890 3381 4943 ad
3408 4889 3538 4960 quia
3571 4905 3757 4944 nema—

2158 4987 2252 5034 net
2279 4979 2518 5050 iniquus,
2538 4988 2594 5035 et
2626 4980 2746 5036 ideo
2772 4981 3018 5052 nequior,
3045 4981 3175 5052 quia
3194 4980 3402 5050 justum
3427 4979 3616 5036 favere
3646 4980 3752 5037 sibi

2157 5071 2322 5127 videt.

2227 5161 2296 5216 In
2323 5163 2446 5232 ﬁde.
2478 5161 2643 5232 Quasi
2669 5163 3048 5227 exterioribus,
3078 5163 3123 5218 si
3146 5177 3305 5219 causa
3328 5161 3556 5234 iustitiae
3580 5161 3748 5219 fuerit

2157 5253 2336 5310 ﬁdelis
2353 5295 2370 5320 ,
2395 5255 2710 5310 interiorem
2737 5253 2899 5310 ﬁdem
2926 5252 3144 5322 adiiciet
3177 5253 3288 5312 ille.
3327 5268 3491 5324 quem
3519 5269 3632 5310 non
3654 5270 3744 5311 co-

2157 5361 2426 5418 gnoscens
2453 5347 2670 5411 timuit;
2709 5348 2889 5404 unde:
2916 5348 3038 5418 quis
3074 5364 3181 5404 non
3213 5347 3363 5402 dabit
3393 5348 3444 5402 ei
3479 5363 3604 5417 quae
3643 5363 3745 5404 sua

2156 5447 2305 5505 sunt,
2345 5439 2437 5510 qui
2469 5439 2524 5494 in
2573 5438 2748 5495 alieno
2795 5441 2968 5496 ﬁdelis
3009 5441 3147 5497 fuit?
3191 5441 3373 5514 (Λυσι.)
3417 5441 3623 5496 Fidelis
3656 5449 3746 5497 est

2155 5532 2298 5588 Deus
2329 5532 2462 5588 dans
2497 5531 2704 5588 homini
2729 5533 2872 5604 quod
2895 5533 3147 5602 promisit
3190 5553 3203 5588 :
3249 5534 3423 5590 ﬁdelis
3447 5542 3535 5589 est
3573 5534 3740 5588 homo

2155 5624 2383 5680 credens
2402 5623 2759 5695 promittenti,
2783 5639 2848 5678 ex
2869 5625 3136 5694 promisso
3153 5639 3282 5680 vero
3305 5625 3448 5680 Deus
3468 5633 3556 5678 est
3575 5623 3740 5678 nobis

2152 5718 2385 5774 debitor.

2221 5812 2387 5868 Vsus.
2412 5812 2466 5868 5.
2485 5843 2558 5854 —
2579 5809 2758 5866 Terra.
2789 5808 2913 5881 (ln.)
2943 5807 3183 5863 Ecclesia
3211 5807 3408 5878 ubique
3439 5815 3735 5862 terrarum.

2219 5903 2382 5960 Vens.
2418 5909 2468 5962 (ἲ.
2513 5939 2582 5948 —-
2639 5899 2818 5957 Verbo.
2871 5899 2929 5957 Id
2961 5907 3045 5958 est
3086 5898 3352 5968 sapientia
3392 5897 3492 5958 Dei
3531 5897 3732 5966 Patris.
