3982 6352
233 472 343 536 889

1219 479 1484 538 GLOSSA
1523 481 1916 538 0RDINARIA.
1957 515 2027 526 -—
2066 485 2191 542 LIB.
2233 485 2479 544 PSALM.

3366 493 3468 549 890

231 586 640 659 Cali.Apostoli
664 588 912 648 instructi
930 570 1055 648 sunt
1073 589 1251 662 plene,
1274 608 1397 648 eum
1414 608 1479 649 eo
1500 593 1661 649 etiam
1685 608 1806 650 cor—
1832 602 1878 660 A
1907 608 2035 664 etc.,
2069 618 2227 673 usque
2255 602 2324 656 ad
2365 602 2528 659 etiam
2557 599 2603 658 si
2625 601 2698 658 sit
2732 600 2786 660 in
2820 599 2988 660 multa
3014 601 3342 676 abundantia
3361 605 3470 660 vir-

228 677 493 752 poraliter
525 682 891 737 conversando
931 699 946 736 :
985 691 1040 738 et
1065 691 1209 753 post,
1239 682 1406 738 omnis
1431 685 1596 739 uirtus
1623 699 1802 739 eorum

229 768 418 825 habita
447 769 699 825 roborata
725 780 810 827 est
843 772 1033 843 spiritu
1062 773 1215 840 Filii,
1242 789 1341 844 per
1367 775 1533 831 caelos
1561 775 1802 830 ﬁrmatos

229 867 528 930 congregat
546 869 602 915 et
632 860 930 917 consolidat
961 862 1014 916 in
1042 863 1248 918 unitate
1280 864 1428 930 ﬁdei,
1452 864 1564 934 spei
1593 873 1647 918 et
1675 865 1802 918 cha-

227 951 428 1007 ritatis.
486 951 630 1018 Uter,
687 955 955 1022 Ecclesia,
1002 957 1056 1011 in
1108 974 1213 1028 qua
1254 968 1340 1015 est
1384 975 1512 1016 caro
1564 968 1796 1015 mortua.

227 1042 410 1097 Etiam
443 1045 674 1115 abyssos,
709 1046 761 1101 id
791 1057 888 1110 est,
916 1048 1208 1118 profundos
1245 1051 1480 1106 tenebris
1522 1051 1796 1116 vitiorum,

223 1137 378 1206 ponit
403 1137 544 1192 inter
570 1154 684 1204 eos,
716 1141 806 1210 qui
832 1151 957 1196 sunt
977 1143 1297 1209 thesaurus,
1322 1145 1463 1200 unde
1495 1145 1628 1201 alios
1661 1145 1797 1200 ditat

225 1228 510 1297 sapientia.
558 1230 739 1304 (Auc.)
781 1231 960 1289 Terra.
991 1234 1122 1291 ϐωιί
1160 1251 1264 1291 non
1305 1236 1546 1308 indigent
1581 1239 1791 1294 miseri-

226 1320 432 1386 cordia,
461 1331 593 1389 etc.,
621 1341 782 1396 usque
809 1327 879 1380 ad
904 1329 1045 1396 quod
1071 1337 1345 1399 operatur.
1391 1329 1566 1386 Virtus
1592 1349 1791 1387 eorum.

224 1406 359 1464 Cum
391 1411 533 1467 inter
561 1411 714 1483 lupos
741 1425 942 1483 essent,
981 1426 1111 1484 etc.,
1144 1436 1306 1491 usque
1330 1421 1398 1474 ad
1425 1420 1662 1477 licentia.

295 1500 458 1556 Vens.
487 1501 788 1559 7.—Sicut
806 1505 860 1560 in
889 1517 1021 1562 utre.
1047 1507 1337 1580 (Cass.)Ad
1363 1510 1596 1567 litteram
1625 1513 1796 1568 :sicut

219 1590 494 1650 littoribus
519 1610 691 1662 mare,
735 1597 938 1654 claudit
964 1600 1020 1655 in
1063 1600 1306 1657 Ecclesia
1341 1601 1660 1660 ﬁuctuantes
1697 1621 1793 1675 po-

219 1683 377 1754 pulos
405 1701 421 1750 ;
461 1695 518 1742 et
549 1687 606 1742 in
640 1689 908 1747 thesauris
934 1691 1213 1761 sapientiae
1248 1709 1358 1749 suae
1394 1695 1545 1765 ponit
1571 1694 1791 1765 profun-

220 1776 318 1832 das
363 1777 707 1847 altitudines,
752 1789 813 1836 ut
849 1781 1041 1853 probet
1079 1784 1202 1854 quis
1231 1783 1539 1854 Scripturas
1576 1785 1794 1854 pietatis

219 1868 400 1924 studio
423 1869 682 1940 inquirat.

1906 693 2052 747 tutis.

1974 780 2135 840 Vnus.
2180 786 2266 841 17.
2295 817 2368 828 -
2394 783 2588 842 Fallax
2613 803 2792 858 equus.
2822 785 3003 858 (Auc.)
3029 785 3265 853 Animal,
3296 787 3350 842 in
3374 802 3470 842 cu-

1895 873 1985 945 jus
2010 874 2292 932 velocitate
2319 876 2404 932 vel
2437 877 2634 932 virtute
2665 875 2955 933 conliditur
2980 917 2996 944 ,
3026 875 3255 948 ﬁgurate
3285 876 3469 948 quaeli-

1899 968 1994 1022 bet
2035 967 2326 1040 amplitudo
2371 969 2550 1025 sazculi
2587 970 2728 1025 unde
2771 969 3124 1040 superbitur:
3178 969 3271 1026 sed
3299 983 3470 1039 quan-

1900 1064 1956 1111 to
1981 1057 2034 1112 in
2067 1074 2131 1113 eo
2156 1059 2315 1114 altius
2340 1061 2582 1131 erigeris,
2627 1068 2777 1116 tanto
2809 1061 3026 1131 gravius
3053 1059 3222 1116 cadis.
3265 1058 3465 1130 (CASS.)

1904 1144 2028 1214 Vel,
2065 1167 2223 1220 equus
2254 1159 2336 1206 est
2373 1165 2566 1220 corpus
2586 1151 2818 1206 hominis
2839 1160 3312 1222 quantumcunque
3347 1165 3471 1223 spe-

1898 1241 2105 1297 ciosum
2129 1249 2182 1294 et
2215 1240 2351 1296 bene
2382 1239 2665 1296 formatum
2689 1283 2706 1307 ,
2739 1251 2918 1296 tamen
2960 1241 3121 1297 fallax
3154 1251 3238 1298 est
3271 1243 3337 1298 ad
3373 1257 3466 1298 sa-

1896 1331 2060 1388 lutem
2108 1331 2474 1402 corporalem,
2525 1331 2877 1402 spiritualem.
2927 1333 3106 1405 (Αυο.)
3147 1331 3261 1399 Vel,
3304 1347 3466 1402 equus

1895 1424 2166 1480 mundana
2187 1422 2435 1488 felicitas,
2461 1438 2580 1494 quae
2600 1425 2846 1479 homines
2874 1425 3040 1489 vehit,
3069 1432 3126 1480 et
3151 1425 3275 1479 dum
3301 1424 3465 1479 nimis

1893 1523 2182 1586 properat,
2233 1513 2378 1568 cadit
2427 1529 2596 1584 equus
2623 1521 2679 1568 et
2711 1528 2976 1569 sessorem
3020 1513 3215 1584 perdit.
3259 1513 3461 1584 Equus,

1895 1606 2130 1660 humana
2152 1604 2435 1674 sapientia.
2471 1601 2654 1676 Gigas,
2682 1604 2943 1676 superbus
2981 1604 3174 1674 aliquis
3201 1605 3464 1662 extollens

1896 1710 1953 1751 se
1980 1703 2171 1750 contra
2199 1694 2388 1749 Deum.

1963 1783 2130 1840 Vens.
2166 1785 2251 1840 18.
2298 1813 2366 1825 —
2394 1782 2528 1838 Ecce
2553 1784 2709 1839 oculi.
2746 1785 2804 1839 In
2843 1801 2938 1840 sua
2972 1785 3025 1839 in
3057 1785 3257 1840 virtute
3282 1784 3463 1843 nullus

1893 1876 2151 1942 salvatur,
2174 1876 2269 1931 sed
2293 1893 2308 1930 :
2336 1875 2473 1931 Ecce
2493 1876 2634 1931 unde
2661 1884 2744 1931 est
2767 1875 2932 1941 salus,
2964 1875 3122 1940 oculi,
3151 1883 3256 1931 etc.
3288 1873 3461 1942 Oculi,

289 1961 456 2018 Vens.
497 1963 551 2019 8.
593 1993 665 2006 —
705 1963 906 2020 Timent
945 1967 1113 2022 omnis
1147 1976 1307 2022 terra.
1343 1965 1488 2039 (In.)
1543 1967 1786 2023 Ecclesia
1815 1964 1864 2025 Β
1890 1977 2168 2038 respectus
2211 1966 2506 2023 divinitatis
2545 1982 2665 2036 quae
2703 1975 2950 2038 proteget
3002 1981 3116 2022 eos.
3179 1964 3463 2021 Metuentes

219 2056 287 2112 de
316 2058 476 2121 mari,
508 2066 616 2114 etc.
638 2099 654 2124 ,
685 2075 847 2131 usque
872 2059 942 2114 ad
975 2061 1067 2116 sed
1093 2060 1379 2116 Dominum
1409 2061 1596 2116 timeat
1621 2069 1786 2116 terra.

219 2148 451 2216 Timeat,
482 2150 590 2207 imo
628 2161 1068 2208 commoveantur
1110 2167 1271 2208 manu
1320 2153 1705 2209 misericordiae
1757 2169 1790 2208 a

218 2239 570 2297 similitudine
599 2242 938 2299 dormientis.
968 2242 1045 2298 Ab
1066 2260 1145 2309 eo,
1171 2243 1296 2313 quia
1319 2242 1433 2314 ipse
1459 2243 1662 2299 creavit
1693 2260 1706 2296 :
1736 2252 1792 2298 et

217 2330 339 2389 ideo
378 2333 586 2391 utiliter
613 2335 987 2404 administrat,
1025 2337 1150 2408 quia
1194 2347 1250 2394 et
1283 2353 1314 2392 a
1341 2338 1554 2394 diabolo
1588 2337 1792 2408 aliquid

216 2437 613 2496 commovetur,
672 2430 766 2486 sed
818 2431 960 2501 quod
994 2447 1025 2486 a
1055 2432 1164 2488 Deo
1199 2430 1428 2498 utiliter,
1463 2431 1582 2486 ideo
1612 2431 1677 2486 ab
1704 2446 1786 2485 eo.

217 2515 665 2576 Commoneantur.
686 2521 870 2595 (Αυς.)
892 2523 1008 2580 Νοη
1028 2525 1324 2580 terroribus
1334 2524 1630 2592 hominum,
1657 2532 1787 2590 etc.,

215 2623 377 2677 usque
403 2609 473 2663 ad
497 2619 820 2682 potestatem
845 2629 952 2670 non
978 2613 1084 2670 nisi
1107 2630 1136 2669 a
1162 2613 1294 2671 Deo.

285 2697 450 2754 Vens.
488 2701 542 2756 9.
571 2730 643 2743 —
665 2701 812 2758 Dixit
839 2714 887 2759 et
911 2705 1054 2774 facta
1083 2715 1224 2759 sunt.
1255 2703 1596 2760 Creationem
1628 2703 1789 2760 simul

213 2795 268 2845 et
292 2787 668 2849 formationem
692 2803 858 2850 notat.
893 2795 1166 2852 Mandavit
1203 2797 1614 2853 recreationem.

285 2876 448 2936 Vens.
477 2882 565 2937 10.
594 2913 667 2923 -
692 2883 924 2956 Dissipat
945 2886 1185 2942 consilia.
1220 2885 1423 2958 (ωδε.)
1454 2885 1532 2941 Ne
1553 2883 1790 2941 habeant

209 2965 462 3025 eﬁ'ectum
485 2971 708 3028 consilia
737 2981 931 3028 contra
960 2989 1039 3040 se,
1069 2983 1127 3030 ut
1161 2975 1489 3039 Iudaeorum,
1519 2983 1574 3030 et
1599 2982 1790 3030 contra

95 3103 100 3106 -
206 3073 356 3118 suos.
389 3059 652 3117 Gentium.
683 3063 819 3120 Dum
844 3063 1201 3130 idololatriam
1229 3067 1514 3122 destruxit.
1551 3063 1788 3135 Populo-

205 3170 347 3211 rum.
382 3153 726 3224 Iudaeorum,
760 3172 989 3228 quorum
1016 3157 1285 3224 voluntas,
1308 3157 1410 3214 etsi
1434 3155 1674 3228 impleta,
1711 3163 1791 3210 ta-

204 3261 332 3302 men
355 3247 760 3314 resurrectione
774 3256 860 3305 est
881 3249 1192 3321 reprobata.
1224 3247 1556 3320 Principum.
1587 3246 1790 3320 Tyran-

208 3350 404 3392 norum
425 3335 513 3392 vel
540 3337 863 3394 daemonum.

276 3431 441 3486 Vens.
479 3430 569 3486 11.
602 3459 675 3471 -
704 3429 992 3486 Consilium
1024 3439 1198 3487 autem
1227 3430 1477 3498 Domini,
1513 3439 1618 3488 etc.
1656 3429 1781 3504 (ιβ.)

203 3521 597 3579 lncarnationis
623 3538 884 3579 arcanum
913 3523 970 3578 in
997 3538 1106 3595 quo
1139 3522 1407 3580 consuluit
1437 3522 1664 3578 homini.

277 3614 458 3671 Manet
477 3617 531 3670 in
558 3624 831 3672 aeternum.
848 3614 984 3683 Quia
1010 3615 1081 3672 ad
1100 3623 1356 3672 eternam
1378 3614 1606 3671 salutem
1625 3613 1783 3671 nobis

203 3707 575 3765 obtinendam.

275 3798 644 3872 Cogitationes.
668 3799 1095 3866 Praedestinatio,
1127 3799 1182 3856 in
1209 3813 1315 3870 qua
1335 3798 1516 3856 omnia
1543 3797 1781 3870 reposita

203 3899 350 3957 sunt,
384 3907 502 3962 qua:
525 3902 581 3949 et
604 3893 684 3949 sic
701 3901 1043 3965 permanent,
1072 3900 1132 3947 ut
1157 3892 1386 3964 praevisa
1418 3900 1567 3947 sunt.

273 3982 442 4040 Vens.
491 3986 578 4041 12.
610 4015 682 4027 -ο
726 3984 894 4040 Beata
926 4001 1070 4056 gens.
1113 3984 1320 4057 (Cass)
1362 3984 1588 4041 Beatum
1623 3983 1778 4054 dicit,

201 4076 295 4147 qui
342 4077 410 4132 ad
452 4075 652 4132 cultum
693 4075 789 4131 Dei
837 4076 1082 4146 pervenit
1121 4093 1135 4130 :
1182 4075 1324 4146 quod
1353 4075 1414 4130 ﬁt
1450 4075 1780 4146 temporibus

201 4167 542 4233 Christianis,
569 4168 623 4223 in
661 4167 857 4238 quibus
886 4175 1074 4238 gentes
1098 4181 1396 4232 conversae,
1418 4166 1474 4221 hi
1501 4173 1626 4222 sunt
1643 4164 1778 4234 justi

200 4268 254 4316 et
277 4262 409 4316 recti
437 4275 572 4330 quos
593 4257 750 4315 decet
791 4257 1046 4314 laudatio.
1081 4256 1264 4331 (Auc.)
1291 4256 1574 4314 Beatitudo
1597 4257 1776 4313 omnis

204 4351 258 4405 in
306 4350 506 4416 animo,
558 4356 688 4416 etc.,
732 4365 894 4421 usque
937 4348 1006 4403 ad
1044 4349 1233 4404 beatus
1276 4347 1507 4419 populus
1551 4347 1618 4403 de
1664 4347 1777 4402 Deo

204 4455 537 4511 possessore.

278 4532 435 4588 Vsus.
485 4531 572 4586 15.
627 4559 698 4571 —-
744 4529 822 4585 De
864 4530 1010 4586 caelo.
1045 4528 1228 4602 (Auc.)
1253 4529 1482 4586 Homine
1534 4531 1770 4587 Christo.

198 4621 482 4692 Prospexit
535 4620 590 4675 in
631 4622 862 4676 adventu
905 4620 1024 4675 Filii
1068 4630 1124 4676 et
1151 4621 1284 4676 vidit
1325 4621 1767 4688 misericorditer,

197 4730 305 4770 non
329 4722 569 4784 peccata,
586 4712 787 4785 (Cass)
809 4727 840 4768 a
869 4711 1062 4783 quibus
1086 4711 1278 4768 faciem
1304 4714 1530 4781 avertit;
1561 4715 1657 4769 sed
1691 4714 1771 4770 vi-

195 4807 278 4864 dit
315 4821 502 4864 omnes
533 4804 674 4862 ﬁlios
717 4806 1024 4870 hominum,
1057 4805 1110 4860 id
1154 4812 1264 4871 est,
1309 4819 1498 4861 omnes
1549 4805 1640 4876 qui
1701 4806 1771 4863 ad

193 4911 391 4952 novam
411 4895 577 4951 vitam
605 4895 792 4951 volunt
812 4894 1043 4950 renasci.
1068 4893 1250 4966 (Auc.)
1275 4893 1553 4962 Quomodo
1576 4895 1771 4968 elegit?

191 4997 329 5053 etc.,
359 5003 521 5059 usque
549 4987 618 5041 ad
646 4987 930 5058 inspiravit
957 5001 1172 5042 omnem
1189 4986 1385 5042 bonam
1415 4987 1768 5046 voluntatem.

267 5077 431 5135 Vnus.
474 5078 559 5134 15.
595 5108 668 5119 -
695 5076 896 5134 Finxit.
947 5078 1128 5151 (Aue.)
1155 5077 1312 5133 Manu
1349 5079 1535 5151 gratiae
1573 5079 1770 5136 forma-

190 5175 291 5230 vit.
307 5173 614 5245 Sigillatim,
637 5172 860 5244 singulis
882 5170 1087 5241 singula
1111 5170 1355 5242 quaedam
1384 5172 1537 5227 dans.
1567 5170 1772 5244 (litem)

193 5267 352 5324 Unde
383 5277 562 5324 tamen
606 5267 782 5322 unitas
825 5265 1100 5336 corporis,
1147 5264 1202 5319 id
1241 5271 1344 5330 est,
1375 5262 1627 5319 Ecclesia:
1655 5261 1769 5318 ﬁat.

191 5354 477 5428 Sigillatim
496 5397 512 5424 ,
553 5357 606 5413 id
633 5365 750 5424 est,
775 5372 883 5412 non
914 5371 982 5412 ex
1023 5355 1215 5421 Adam,
1247 5362 1306 5409 ut
1346 5355 1564 5425 quidam
1587 5354 1775 5410 dicunt

189 5449 428 5504 animam
452 5465 520 5505 ex
540 5448 740 5516 anima,
766 5457 822 5505 et
849 5447 1008 5505 simul
1028 5461 1216 5504 omnes
1241 5446 1538 5519 cognoscit,
1565 5453 1620 5502 et
1648 5461 1768 5502 om-

187 5555 291 5596 nes
311 5551 464 5597 ποίης
483 5556 692 5596 earum.

261 5632 428 5687 Vnus.
459 5633 619 5687 16.-
643 5630 762 5687 Νοη
784 5631 1016 5686 salvatur
1043 5647 1155 5686 rex.
1197 5628 1288 5686 Sic
1321 5629 1456 5685 ﬁunt
1473 5627 1634 5698 justi,
1667 5627 1766 5685 sed

183 5738 292 5778 nec
315 5723 444 5778 lacti
469 5739 564 5779 sua
595 5723 793 5778 virtute
815 5723 1106 5777 salvantur.
1130 5721 1248 5777 Non
1270 5722 1431 5779 modo
1461 5721 1763 5791 spiritualia

183 5817 510 5881 suntaDeo,
539 5818 631 5872 sed
659 5825 714 5872 et
729 5815 1015 5872 exteriora.
1040 5814 1244 5887 (Ηιειι.)
1274 5813 1442 5870 Nemo
1470 5816 1762 5886 quidquam

183 5909 354 5974 habet
381 5909 487 5968 nisi
513 5908 582 5970 ab
606 5924 692 5980 eo,
722 5908 849 6000 quia
875 5923 973 5966 nec
998 5915 1188 5986 potens
1211 5915 1272 5965 ut
1304 5922 1422 5980 rex,
1454 5922 1553 5965 nec
1583 5907 1838 6004 fortis,__"

1891 2074 2029 2113 eum.
2075 2057 2275 2130 (Cass)
2313 2056 2528 2113 Timere
2566 2057 2880 2123 Dominum,
2929 2064 2985 2112 et
3007 2071 3220 2128 semper
3243 2071 3462 2127 sperare

1892 2149 2180 2220 conjuncta
2205 2156 2350 2206 sunt.

1963 2241 2127 2296 Vens.
2161 2241 2248 2296 19.
2287 2269 2361 2282 -
2397 2237 2466 2295 Ut
2499 2248 2683 2306 eruat,
2717 2247 2824 2296 etc.
2854 2237 2988 2307 (11).)
3036 2237 3163 2294 Haec
3199 2238 3304 2294 duo
3339 2243 3465 2292 sunt

1891 2339 2014 2387 vota
2056 2331 2228 2387 ﬁdelis
2259 2349 2272 2386 :
2301 2338 2361 2386 ut
2397 2331 2451 2386 in
2485 2331 2690 2404 judicio
2720 2331 2982 2401 eripiatur
3007 2345 3038 2384 a
3065 2337 3263 2394 morte,
3295 2336 3348 2384 et
3375 2329 3464 2383 hic

1891 2425 2261 2498 spiritualibus
2291 2424 2484 2490 alatur,
2516 2424 2607 2480 ubi
2635 2431 2720 2480 est
2745 2423 3034 2493 indigentia
3063 2437 3269 2479 eorum.

1962 2517 2126 2572 Vens.
2171 2515 2262 2572 20.
2313 2546 2378 2557 -—
2425 2516 2616 2569 Anima
2661 2525 2837 2569 nostra
2883 2514 3102 2569 sustinet
3155 2512 3460 2567 Dominum.

1891 2606 2031 2676 Quid
2053 2609 2119 2664 de
2147 2607 2420 2678 praedictis
2451 2606 2671 2671 sentiat,
2703 2606 2857 2676 quasi
2884 2605 3177 2660 conclusio.

1961 2698 2129 2754 Vens.
2145 2696 2452 2764 2L—Quia
2478 2699 2532 2752 in
2548 2713 2629 2752 eo.
2661 2695 2842 2769 (Auc.)
2865 2695 3002 2764 Quia
3029 2695 3342 2752 absentibus
3363 2707 3464 2767 per

1889 2792 2050 2849 ﬁdem
2080 2793 2230 2847 misit
2258 2805 2455 2846 nomen
2484 2805 2661 2846 suum.

1961 2883 2313 2954 Speravimus.
2347 2880 2457 2937 Nos
2500 2889 2757 2937 venturos
2793 2880 2861 2936 ad
2891 2881 3092 2946 Deum,
3123 2895 3231 2936 non
3254 2877 3466 2936 meritis

1889 2975 2107 3031 nostris.
2149 2974 2346 3044 (Cass)
2391 2974 2525 3042 Quia
2552 2973 2608 3028 in
2633 2988 2697 3028 eo
2723 2987 2792 3028 ne
2825 2971 2946 3042 quis
2973 2971 3222 3026 mussitet
3261 2971 3326 3025 de
3359 2985 3458 3040 pa-

1889 3064 2078 3120 tientia
2095 3104 2110 3130 ,
2138 3062 2353 3131 subjicit
2377 3077 2600 3125 munus,
2639 3060 2844 3117 scilicet
2886 3062 3030 3130 quod
3056 3059 3266 3115 laetatur
3289 3059 3379 3114 hic
3406 3062 3463 3114 in

1888 3154 2136 3210 Domino.
2175 3153 2244 3208 Et
2280 3167 2562 3224 speramus
2590 3152 2644 3206 in
2673 3151 2890 3207 nomine
2917 3150 3144 3217 Christi,
3175 3165 3334 3221 quem
3359 3166 3460 3220 pa-

1892 3249 2089 3305 tienter
2108 3247 2377 3320 Propheta
2403 3246 2558 3302 laetus
2580 3253 2868 3301 venturum
2893 3243 3150 3300 sustinuit
3179 3257 3194 3296 :
3224 3240 3461 3312 Speraui-

1808 3320 1854 3386 (ἶ
1885 3359 2020 3398 mus.
2042 3340 2366 3398 Continuum
2389 3347 2602 3411 tempus
2621 3345 2797 3402 notat,
2819 3336 2944 3407 quia
2969 3349 3075 3390 non
3103 3343 3187 3390 est
3210 3333 3293 3390 l'as
3315 3332 3458 3390 desi-

1883 3451 2038 3503 nere,
2064 3435 2207 3491 unde
2238 3448 2454 3506 semper
2479 3440 2659 3504 potest
2682 3431 2861 3486 anima
2897 3430 3038 3485 fessa
3072 3425 3328 3483 recreari.

1951 3527 2081 3582 Fiat
2123 3526 2485 3582 misericordia
2529 3535 2645 3591 tua,
2697 3523 2942 3589 Domine,
2989 3537 3146 3593 super
3188 3535 3302 3586 nos,
3351 3525 3459 3574 etc.

1881 3620 2318 3676 lncarnationem
2340 3616 2600 3688 compleri
2626 3615 2916 3680 desiderat,
2945 3621 3006 3669 ut
3030 3611 3300 3683 perlectus
3334 3623 3460 3681 pos-

1881 3707 1952 3766 sit
1972 3723 2111 3766 esse.
2139 3708 2208 3764 In
2232 3717 2300 3764 te.
2334 3707 2449 3764 Hoc
2471 3707 2603 3763 dicit
2651 3705 2773 3762 ideo
2817 3713 2878 3762 ut
2928 3703 3106 3761 omnis
3148 3700 3460 3774 superstitio

1879 3816 1937 3864 et
1954 3807 2192 3879 pravitas
2212 3805 2547 3864 excludatur.

2356 3941 2680 4000 PSALMUS
2716 3938 2956 3996 XXXIII.

1949 4082 2116 4139 Vens.
2169 4081 2220 4136 1.
2282 4077 2528 4135 Psalmus
2569 4077 2762 4133 David.
2795 4074 2977 4148 (Auc.)
3005 4073 3270 4146 Loquitur
3295 4071 3458 4130 Chri-

1879 4182 2020 4241 stus,
2050 4182 2106 4229 et
2134 4173 2188 4228 in
2220 4188 2286 4229 eo
2315 4171 2656 4228 Christianus
2687 4190 2702 4224 :
2729 4168 2888 4224 docet
2915 4167 3298 4226 humilitatem.
3325 4166 3455 4220 dum

1879 4262 2222 4322 commendat
2250 4277 2446 4334 corpus
2491 4270 2546 4316 et
2599 4259 2936 4330 sanguinem.
2990 4254 3122 4312 Cum
3161 4254 3456 4309 immutavit

1876 4354 2076 4410 uultum
2103 4351 2373 4416 Christus,
2412 4351 2464 4405 id
2507 4358 2612 4414 est,
2645 4346 2989 4410 sacriﬁcium,
3031 4359 3209 4398 coram
3233 4341 3453 4409 Iudaeis,

1874 4447 1968 4518 qui
2014 4460 2237 4518 regnum
2276 4443 2445 4514 patris
2473 4442 2554 4498 sui
2605 4439 2774 4494 David
2814 4445 2973 4502 sunt,
2995 4435 3148 4507 juxta
3187 4431 3314 4489 illud
3345 4452 3358 4488 :
3385 4433 3454 4488 Et

1875 4537 2020 4591 dabit
2065 4536 2145 4590 illi
2191 4535 2447 4589 Dominus
2489 4531 2660 4587 sedem
2707 4528 2899 4595 David,
2949 4525 3188 4584 Ecclesia
3240 4534 3322 4581 est
3373 4543 3455 4581 rc-

1877 4641 2044 4697 gnum
2071 4625 2268 4680 Patris.

1947 4718 2112 4775 Vnus.
2141 4718 2196 4772 2.
2229 4748 2300 4758 —
2324 4715 2655 4772 Beuedicam.
2684 4709 2884 4784 (Cass)
2912 4709 3160 4767 Psalmus
3185 4709 3451 4765 secundus

1873 4825 1973 4883 per
1991 4811 2336 4881 alphabetum
2363 4806 2756 4879 imperfectum,
2772 4813 2901 4871 etc.,
2915 4818 3077 4876 usque
3089 4801 3158 4856 ad
3185 4800 3452 4874 gloriﬁca-

1877 4913 1964 4960 tur
1991 4919 2113 4960 cum
2141 4903 2278 4974 ipso.

1947 4993 2112 5050 Vens.
2161 4993 2214 5048 5.
2254 5022 2326 5033 -
2362 4990 2431 5047 In
2481 4988 2704 5045 Domino
2742 4986 3047 5041 laudabitur
3081 4985 3258 5039 anima
3311 4999 3446 5036 mea.

1875 5083 2000 5158 (10.)
2042 5083 2152 5139 Sua
2185 5083 2330 5138 enim
2371 5081 2488 5136 laus
2527 5087 2610 5135 est
2643 5077 2952 5150 praedicatio
2989 5074 3199 5130 Domini
3235 5072 3348 5137 sui,
3392 5079 3452 5125 ut

1877 5176 2053 5232 bonus
2095 5173 2329 5229 famulus
2355 5172 2423 5228 de
2464 5173 2603 5228 bona
2649 5170 2791 5225 fama
2817 5166 3027 5224 Domini
3061 5164 3143 5219 sui
3167 5163 3444 5235 glorietur.

1881 5267 2168 5322 Mansueti.
2202 5265 2316 5321 Non
2357 5265 2534 5330 docti,
2559 5278 2666 5318 non
2689 5259 3024 5334 jejunantes,
3050 5257 3176 5327 quia
3200 5264 3325 5312 sunt
3357 5271 3449 5310 su-

1877 5361 2030 5431 perbi
2083 5360 2222 5415 :sed
2273 5359 2560 5424 mansueti,
2601 5357 2726 5427 quia
2775 5351 3186 5424 temperantiam
3248 5349 3447 5404 habent

1875 5455 2116 5510 omnium
2165 5469 2363 5508 rerum.
2416 5451 2702 5516 Mansueti,
2742 5463 2848 5504 non
2895 5447 2962 5502 de
3005 5461 3102 5502 sua
3148 5443 3446 5514 intelligen-

1875 5545 1950 5602 tia
1990 5545 2397 5616 superbientes;
2423 5560 2528 5602 nou
2550 5543 2741 5614 jugum
2767 5540 2898 5608 Dei,
2925 5537 3307 5595 indomitorum
3330 5549 3445 5590 mo-

1873 5652 1954 5704 re,
1982 5637 2238 5694 ferentes.

1943 5727 2107 5785 Vens.
2159 5729 2280 5785 4-6.
2322 5760 2393 5770 —
2423 5726 2758 5798 Magniﬁcate
2807 5723 3106 5778 Dominum.
3138 5717 3445 5793 Spiritualis

1872 5821 2046 5894 gratia
2093 5835 2199 5876 non
2243 5820 2358 5874 vult
2393 5820 2503 5874 sola
2553 5816 2732 5871 facere
2775 5815 2919 5887 quod
2970 5813 3152 5869 multis
3193 5809 3442 5882 proﬁcit;

1873 5913 2016 5970 unde
2036 5919 2193 5969 vocat
2227 5909 2400 5966 alios:
2431 5907 2766 5982 Magniﬁcate
2805 5914 2864 5964 ut
2894 5905 3146 5962 invitatos
3184 5902 3442 5975 traheret,
