3982 6352
483 427 581 485 891

981 419 1376 479 WALAFRJDI
1412 417 1663 476 STRABI
1700 414 1911 474 FULD.
1950 413 2062 471 ΜΟ]

2187 414 2310 474 )ΡΡ.
2351 414 2532 473 PARS
2569 416 2611 472 Ι.
2651 446 2719 457 -
2754 414 3215 473 THEOLOGICA.

482 545 652 609 dicit,
694 554 816 613 qua!
868 539 994 595 inde
1033 539 1176 595 bona
1220 538 1321 594 sibi
1372 556 1386 591 :
1434 534 1705 608 Exquisivi
1755 533 2056 590 Dominum.
2088 536 2136 595 Α
2234 530 2399 589 Vens.
2430 534 2604 589 15.-
2635 533 2839 589 Diverte
2880 552 2912 588 a
2955 533 3118 589 malo.
3161 531 3359 605 (Cass)
3391 531 3506 587 Hoc
3540 532 3769 602 culpam

484 635 570 692 Ea:
599 632 859 691 omnibus.
907 630 1024 687 Non
1053 638 1279 702 possunt
1309 627 1671 700 particulatim
1716 626 1823 682 dici
1861 632 2065 697 quanta

484 727 794 803 impetravit
821 725 911 797 qui
947 739 1054 779 non
1091 722 1235 779 aliud
1260 736 1422 792 quam
1449 723 1617 777 Deum
1655 719 1921 792 quaesivit.
1965 720 2066 774 Ac-

464 794 667 895 l'cedite.
693 794 892 895 (Cass)
926 817 1045 877 Jam
1076 814 1437 889 particulatim
1481 815 1547 871 de
1589 828 1730 869 novo
1769 812 1918 868 vultu
1973 810 2067 866 ad-

461 872 670 973 ﬁdei
693 872 931 973 sanctos.
972 872 1158 978 Quasi,
1193 906 1530 981 Magniﬁcam
1556 923 1576 961 :
1607 914 1664 962 et
1703 905 1747 960 si
1788 904 1843 961 in
1875 903 2067 976 primis

486 1006 857 1079 iniucundum
889 1003 1147 1060 accedite.
1172 1000 1291 1067 Vel,
1320 999 1679 1072 Magniﬁcam,
1708 1005 1763 1053 et
1789 1012 1895 1069 quo
1921 996 2068 1053 ordi-

483 1102 588 1159 ne?
635 1115 764 1157 ecce
805 1116 821 1156 :
850 1096 1089 1152 Accedite
1115 1111 1213 1169 per
1248 1092 1429 1153 ﬁdem.
1462 1090 1643 1176 (Αυο.)
1676 1090 1933 1148 Accedite
1962 1088 2068 1148 tlde

485 1190 820 1257 inltazrendo,
865 1196 920 1245 et
963 1186 1171 1243 duobus
1218 1183 1446 1257 pedibus
1503 1183 1733 1255 geminae
1783 1182 2067 1238 charitatis

484 1283 773 1340 currendo.
819 1276 1021 1352 (Cass)
1060 1275 1367 1337 Prtemissis
1392 1274 1640 1331 laudibus
1664 1316 1678 1340 ,
1720 1274 1787 1329 ad
1826 1288 2070 1329 commu-

484 1374 700 1430 nionem
734 1373 1001 1430 hortatur.
1050 1368 1173 1424 Non
1215 1367 1623 1438 confundantur.
1678 1365 1858 1440 (Anc)
1902 1364 2069 1433 Quid-

484 1463 613 1534 quid
635 1464 726 1519 hic
751 1461 845 1518 tiat
870 1462 1021 1534 justo
1043 1501 1057 1525 ,
1099 1475 1208 1516 non
1238 1458 1530 1524 erubescit,
1563 1457 1689 1527 quia
1726 1471 1938 1526 semper
1979 1472 2068 1511 su-

482 1556 664 1626 perior
727 1553 864 1627 apud
922 1552 1088 1608 Deum
1147 1568 1160 1605 :
1217 1550 1481 1622 superbus
1541 1564 1669 1605 vero
1720 1548 1776 1605 in
1827 1547 2069 1604 adversis

483 1647 775 1712 erubescit,
807 1645 934 1716 quia
962 1646 1029 1700 ad
1052 1644 1221 1700 Deum
1257 1658 1364 1698 non
1387 1640 1638 1697 accessit.

558 1737 719 1794 Vens.
752 1738 804 1792 7.
822 1736 1137 1806 —Pauper.
1165 1732 1365 1807 (Cass)
1392 1733 1501 1788 Iste
1523 1730 1820 1805 spiritualis
1846 1731 1937 1788 hic
1961 1740 2064 1799 est,

483 1831 610 1901 quia
664 1829 875 1886 accedit
917 1837 972 1883 et
1022 1828 1378 1892 illuminatur,
1414 1842 1515 1883 nec
1555 1827 1877 1892 erubescet;
1916 1827 2063 1899 quia,

474 1922 700 1995 .quando
728 1921 944 1987 clamat,
977 1920 1238 1975 liberatur
1278 1919 1346 1974 ab
1376 1919 1628 1974 omnibus
1662 1919 1928 1989 angustiis
1960 1934 2065 1974 sa:-

483 2015 586 2071 culi
614 2015 669 2070 in
695 2014 868 2079 obitu,
894 2013 1021 2070 dum
1040 2010 1155 2080 jam
1178 2012 1376 2068 transit
1401 2013 1468 2067 ad
1492 2013 1682 2068 Deum.

555 2106 717 2160 Vens.
752 2100 803 2160 8.
833 2135 904 2145 —
932 2101 1187 2159 Immittet
1217 2102 1490 2173 Angelum.
1537 2101 1777 2159 Accedite
1800 2145 1815 2164 .
1852 2114 1905 2160 et
1926 2105 2067 2161 sicut

482 2195 584 2257 iste
600 2209 824 2267 ~pauper
856 2190 1108 2250 clamavit
1147 2202 1201 2247 et
1233 2194 1520 2251 exauditus
1555 2206 1658 2260 est,
1692 2195 1879 2250 eodem
1907 2198 2069 2253 modo

480 2286 718 2341 immittet
750 2283 1020 2356 Angelum,
1054 2291 1157 2339 etc.
1178 2280 1633 2354 (Auc.)1mmittet
1670 2283 2069 2357 Angelum.Alil

480 2377 805 2446 interpretes
831 2373 910 2430 sic
934 2373 1329 2428 transtulerunt
1354 2391 1367 2427 :
1390 2372 1694 2429 Circumdat
1707 2374 1934 2446 Angelus
1953 2374 2067 2430 Do-

478 2468 610 2525 mini
659 2467 714 2521 in
767 2482 897 2541 gyro
939 2464 1173 2520 timentes
1218 2482 1357 2520 eum.
1402 2464 1640 2537 Angelus
1674 2466 1950 2535 de~ccelo,
1982 2466 2069 2523 vel

481 2558 659 2622 homo,
699 2557 788 2627 qui
823 2564 908 2611 est
944 2557 1192 2612 minister
1220 2555 1514 2612 voluntatis
1542 2556 1657 2612 Dei.
1698 2557 1944 2615 Mendosi
1966 2574 2064 2615 co-

480 2647 628 2703 dices
651 2648 853 2703 habent
880 2689 893 2701 .
924 2644 1175 2702 Immittet
1204 2647 1459 2718 Angelum
1487 2647 1766 2703 Dominus.

549 2737 716 2793 Vens.
751 2737 806 2794 9.
843 2767 916 2779 —
948 2735 1168 2793 Gustata
1207 2747 1255 2793 et
1296 2738 1480 2793 videte.
1520 2738 1618 2795 Hic
1651 2745 1837 2811 aperte
1885 2737 1953 2795 de
1981 2754 2067 2795 sa-

479 2836 756 2887 cramento
779 2829 922 2901 quod
947 2827 1156 2887 ferebat
1185 2828 1452 2885 manibus.
1488 2825 1704 2886 Gustate
1751 2846 1973 2887 carnem
2011 2838 2067 2887 et

480 2920 801 2992 sanguinem
857 2918 1081 2976 Christi.
1137 2918 1328 2976 Suavis
1383 2930 1460 2977 est
1497 2920 1774 2979 Dominus.
1827 2921 1951 2997 (11).)
1998 2923 2068 2978 Et

479 3016 652 3073 dulcis
680 3033 694 3069 :
723 3015 849 3087 quia
891 3025 976 3075 est
1005 3014 1115 3070 vita
1159 3018 1393 3072 sumenti
1418 3058 1433 3083 ,
1480 3016 1685 3089 pellens
1719 3033 1912 3075 omnes
1943 3033 2064 3073 mo-

478 3109 666 3166 lestias
695 3109 749 3165 in
772 3107 974 3175 futuro,
998 3108 1184 3167 idest:
1206 3107 1431 3181 Sperate
1455 3127 1555 3183 per
1582 3110 1685 3168 hoc
1715 3112 1882 3169 vitam
1907 3119 2065 3168 aeter-

2094 1876 2142 1937 B

2168 625 2323 692 vitat,
2355 635 2485 692 etc.,
2511 644 2673 700 usque
2696 628 2766 682 ad
2795 627 2954 683 aliter
2982 627 3037 683 in
3068 627 3248 683 luturo
3276 642 3382 682 non
3409 627 3691 698 capietur.

2236 718 2402 777 Vens.
2434 719 2521 775 16.
2546 751 2604 761 -
2644 718 2798 776 Oculi
2840 719 3074 788 Domini,
3118 726 3224 776 etc.
3251 717 3373 791 (11).)
3396 718 3477 774 De
3516 718 3770 775 retribu-

2168 812 2405 869 tionibus
2430 815 2691 871 bonorum
2718 818 2774 870 et
2803 812 3089 883 malorum,
3122 829 3190 871 ne
3218 813 3274 870 in
3296 814 3562 887 periculis
3576 814 3773 887 justus

2169 903 2349 975 aliqua
2380 906 2653 962 dubietate
2681 906 2985 963 mollescat.

2240 996 2395 1055 Oculi
2420 998 2652 1057 Domini.
2674 997 2787 1056 Nec
2812 1015 2878 1056 ex
2905 998 3221 1057 inﬁmitate
3243 1008 3337 1057 tua
3366 999 3613 1069 difﬁdas,
3638 1002 3769 1074 qu'n

2168 1090 2327 1147 oculi.
2350 1090 2361 1101 ’

2240 1182 2304 1239 In
2332 1202 2528 1256 preces.
2563 1183 2686 1258 (11).)
2738 1183 3001 1245 Celeritas
3056 1184 3329 1253 audiendi,
3384 1203 3514 1245 cum
3540 1187 3605 1243 in
3636 1186 3773 1259 ipsis

2169 1278 2384 1333 auditor
2403 1279 2637 1335 habitat.

2243 1367 2405 1425 Vens.
2432 1368 2926 1426 l'l.—Memoriam.
2946 1368 3130 1446 (AUG.)
3158 1371 3226 1429 Ut
3251 1386 3352 1429 nec
3372 1374 3615 1442 mentio,
3635 1382 3772 1445 etc.,

2167 1475 2329 1532 usque
2363 1461 2433 1514 ad
2467 1476 2587 1531 qua:
2612 1461 2965 1518 admiserunt.

2240 1549 2402 1605 Vens.
2438 1549 2521 1604 19.
2551 1581 2623 1590 -
2644 1548 2811 1605 Juxta
2846 1560 2920 1607 est
2962 1552 3239 1609 Dominus.
3268 1551 3558 1610 Liberavit
3592 1570 3612 1608 :
3643 1571 3771 1613 nam

2167 1654 2371 1710 pronus
2399 1648 2481 1696 est
2507 1641 2575 1696 ad
2604 1641 2726 1710 hoc,
2768 1642 2893 1713 quia
2914 1644 3075 1714 juxta
3100 1654 3206 1713 est;
3228 1643 3334 1715 vel,
3363 1654 3452 1702 est
3482 1645 3771 1705 allusioad

2169 1730 2481 1787 clamorem.

2238 1821 2404 1878 Vens.
2434 1823 2524 1878 20.
2551 1857 2623 1865 —
2668 1822 2852 1881 Multae
2877 1826 3243 1901 tribulatione:
3263 1828 3565 1901 juslorum.
3614 1831 3775 1891 Sicut

2168 1921 2223 1967 et
2252 1913 2304 1967 in
2336 1911 2484 1969 Novo
2526 1914 2894 1982 Testamento,
2917 1918 3080 1988 juxta
3123 1928 3218 1987 est,
3250 1930 3303 1975 et
3336 1920 3591 1986 saluabit,
3624 1922 3771 1993 quod

2168 2020 2389 2060 necesse
2416 2013 2523 2072 est,
2552 2007 2675 2076 quia
2696 2007 2874 2063 multa:
2898 2009 3282 2066 tribulationes.
3306 1998 3516 2084 (Cass)
3544 2012 3771 2081 Multa;

2169 2112 2200 2151 a
2239 2096 2472 2163 diabolo,
2517 2097 2586 2153 ab
2613 2098 2808 2155 invidis
2847 2100 3175 2165 hominibus,
3205 2112 3260 2158 et
3288 2119 3318 2158 a
3344 2120 3424 2160 se.
3470 2103 3770 2173 Liberabit,

2168 2186 2351 2260 (Αυθ.)
2382 2187 2498 2244 Non
2530 2190 2890 2260 corporaliter
2909 2234 2924 2259 ,
2955 2194 3047 2249 sed
3077 2192 3251 2251 dando
3281 2195 3363 2255 eis
3390 2198 3727 2264 patientiam
3754 2218 3768 2257 ;

2167 2280 2271 2343 vel,
2306 2279 2559 2336 liberabit
2587 2282 2964 2353 spiritualiter.

2239 2364 2408 2425 Vens.
2440 2370 2530 2425 2!.
2554 2402 2624 2412 —
2655 2370 2810 2428 Ossa.
2842 2373 2966 2447 (11).)
2996 2374 3259 2432 Virtutes.
3290 2376 3359 2431 Et
3410 2394 3600 2443 unum,
3632 2391 3769 2451 etc.,

2168 2468 2231 2516 ut
2258 2476 2363 2516 nec
2390 2461 2654 2531 patientia
2677 2472 2882 2535 pereat.

2238 2550 2405 2608 Vens.
2443 2552 2537 2607 Ἡ.
2560 2585 2631 2594 -
2656 2552 2915 2610 Pessima.
2960 2556 3084 2630 (ln.)
3113 2556 3230 2613 Non
3266 2560 3428 2615 modo
3455 2560 3632 2631 mala,
3665 2564 3771 2619 etsi

2166 2646 2224 2707 in
2274 2648 2498 2713 divitiis,
2540 2657 2594 2704 et
2635 2650 2922 2717 odoribus,
2971 2660 3024 2706 et
3062 2651 3311 2711 lamentis
3360 2654 3655 2712 hominum
3709 2657 3771 2712 ﬂ.

2167 2739 2385 2805 niatur,
2413 2748 2593 2795 tamen
2626 2743 2860 2813 pessima
2888 2752 2972 2798 est
2996 2784 3011 2809 ,
3047 2744 3175 2814 quia
3208 2743 3263 2799 in
3306 2747 3554 2819 peccatis
3584 2750 3657 2804 ad
3688 2751 3772 2805 in—

2168 2831 2383 2889 fernum
2408 2835 2598 2892 trahit.

2241 2922 2346 2990 Qui
2378 2925 2618 2981 oderunt.
2643 2922 2920 2994 Quorum?
2944 2924 3061 2982 Non
3099 2926 3364 2996 omnium,
3395 2929 3527 3000 quia
3572 2945 3769 3001 pecca-

2168 3022 2342 3083 tores;
2370 3016 2464 3073 sed
2503 3033 2689 3073 eorum
2716 3017 2807 3089 qui
2833 3015 3064 3074 oderunt
3092 3016 3325 3087 justum,
3356 3022 3448 3093 qui
3466 3023 3769 3094 justiticat,

2168 3108 2222 3165 id
2254 3118 2376 3178 est,
2422 3110 2721 3179 Christum,
2768 3127 2866 3182 per
2905 3127 3065 3185 quem
3098 3112 3188 3185 qui
3234 3129 3339 3169 non
3366 3116 3771 3175 reconciliatur

478 3218 622 3259 nam.
666 3201 868 3277 (Cass)
907 3202 974 3261 Et
1008 3204 1134 3274 quia
1159 3204 1301 3263 Deus
1329 3213 1413 3267 est
1447 3207 1591 3273 vita,
1613 3222 1742 3267 caro
1766 3223 1932 3281 quam
1959 3208 2062 3266 sibi
2091 3252 2139 3318 C
2168 3204 2309 3274 perit
2335 3218 2350 3259 :
2374 3204 2472 3260 sed
2502 3202 2714 3259 redimet
2740 3205 2970 3273 animas,
3002 3204 3296 3261 secundum
3326 3222 3464 3279 quas
3497 3216 3589 3264 est
3616 3224 3769 3267 mors

478 3294 648 3318 .--ἐκει
683 3301 761 3318 Α-ι
788 3292 1111 3318 ..ἕκΞΩΑΑι-ξ..
2169 3297 2394 3318 ---,.ε..--

476 3294 652 3351 univit
680 3301 765 3351 est
788 3292 1134 3350 viviﬁcatrix.

548 3385 713 3444 Vens.
753 3384 841 3442 10.
875 3416 948 3427 -
989 3384 1181 3443 Omnes
1219 3388 1387 3447 sancti
1417 3387 1549 3460 ejus.
1599 3387 1797 3464 (Cass)
1834 3390 2048 3460 Nullus,

476 3477 604 3535 licet
654 3474 793 3532 bene
845 3476 1094 3547 meritus,
1147 3478 1215 3534 ab
1262 3476 1367 3535 hoc
1402 3479 1643 3546 desistet,
1694 3498 1800 3538 non
1849 3484 2056 3541 securi-

477 3580 643 3628 tatem
679 3579 991 3642 praesumat.
1030 3568 1315 3637 Quoniam.
1345 3570 1527 3644 (Auc.)
1581 3574 1844 3630 Pascebat
1873 3576 2077 3632 Domi-.

474 3680 579 3720 nus
602 3671 1038 3723 contemnentem
1060 3680 1135 3727 se,
1163 3671 1217 3721 et
1243 3665 1456 3721 deseret
1497 3666 1795 3723 timentem.
1822 3666 2058 3746 Promit-

476 3755 545 3811 tit
568 3762 748 3811 autem
774 3769 883 3811 non
913 3754 1204 3827 superﬂua,
1235 3757 1329 3813 sed
1359 3757 1685 3813 necessaria.
1723 3756 1844 3815 Non
1868 3770 1944 3816 est
1974 3762 2058 3816 in-

476 3848 618 3920 opia.
657 3846 795 3916 Quia
821 3847 987 3905 etiam
1014 3848 1068 3903 in
1089 3849 1341 3918 praesenti
1369 3849 1571 3905 habent
1600 3860 1863 3921 quantum
1890 3853 2058 3926 exigit

476 3948 693 3996 natura.

554 4027 716 4087 Vnus.
740 4027 830 4089 11.
854 4059 927 4070 -
944 4028 1143 4093 Divites
1164 4041 1415 4101 eguerunt
1436 4042 1485 4088 et
1515 4035 1828 4093 esurierunt.
1856 4036 2056 4110 (Cass)

478 4119 617 4190 Quia
646 4119 809 4177 ﬁdem
848 4134 961 4183 non
1009 4118 1231 4177 habent.
1286 4120 1623 4191 Esurierunt,
1660 4126 1786 4197 quia
1829 4142 2059 4199 corpore

478 4212 689 4270 Domini
721 4226 828 4275 non
859 4210 1143 4271 Satiantur.
1178 4208 1315 4280 Quid
1343 4212 1486 4268 cnim
1516 4213 1741 4281 habent,
1766 4217 1854 4288 qui
1886 4217 2056 4274 Deum

476 4320 587 4362 non
617 4302 851 4363 habent?
872 4299 992 4368 Vel,
1019 4302 1200 4359 divites
1241 4313 1526 4377 eguerunt,
1560 4305 1613 4361 id
1648 4315 1753 4372 est,
1798 4309 2061 4365 carebunt

477 4410 691 4457 summo
718 4395 882 4460 bono,
911 4392 1038 4450 licet
1067 4394 1331 4463 esuriant,
1361 4395 1413 4451 id
1438 4403 1555 4464 est,
1598 4396 1924 4457 desiderent.
1951 4398 2058 4456 Sed

478 4499 596 4547 toto
637 4487 819 4547 studio
857 4495 1162 4559 (placentes
1198 4485 1316 4545 sine
1359 4486 1735 4544 imminutione
1782 4489 2058 4548 habebunt

477 4581 702 4648 bonum,
735 4579 877 4653 quod
898 4587 984 4635 est
1007 4592 1168 4634 omne
1192 4578 1412 4635 bonum.

2169 3297 2424 3368 pessma'
2646 3367 2968 3426 PSALMUS
3013 3366 3253 3426 xx-xrv.

2224 3466 2391 3523 Vens.
2414 3465 2466 3521 1.
2492 3498 2562 3508 -
2588 3466 2808 3537 Judica,
2837 3467 3071 3523 Domine.
3103 3465 3302 3545 (Cass)
3324 3468 3519 3543 Incipit
3545 3476 3619 3529 ab
3638 3489 3767 3529 ora.

2158 3557 2308 3615 tione
2322 3574 2419 3631 pro
2437 3566 2669 3630 utraque
2688 3570 2841 3630 parte
2862 3576 3073 3634 pugnae,
3095 3576 3216 3618 cum
3239 3568 3771 3625 commemoratione

2158 3650 2358 3722 culpae,
2388 3662 2441 3709 et
2470 3662 2590 3709 orat
2634 3654 2923 3735 unicuique
2957 3654 3098 3724 quod
3150 3663 3407 3721 meretur,
3462 3658 3767 3717 ostendens

2157 3753 2357 3814 quanta
2387 3745 2507 3801 tulit
2563 3746 2631 3801 ab
2679 3747 3023 3813 adversariis,
3062 3756 3118 3803 et
3145 3762 3336 3821 pmnas
3362 3764 3487 3821 quae
3527 3751 3616 3809 eis
3663 3767 3769 3823 pro

2158 3836 2442 3907 iniquitate
2465 3837 2841 3893 restituuntur.

2230 3931 2393 3985 Vnus.
2417 3930 2470 3985 Ε)...
2496 3961 2559 3971 -
2585 3930 2749 3985 Arma
2778 3940 2827 3986 et
2869 3939 3075 3987 scutum
3104 3928 3312 4006 (“ll-le.)
3338 3932 3524 3989 Armis
3572 3935 3765 3992 hostes

2160 4024 2412 4096 perculit,
2436 4032 2590 4081 scuto
2612 4039 2711 4081 nos
2730 4025 2985 4099 protegit.
3018 4024 3242 4083 Scutum
3265 4026 3395 4083 alibi
3424 4028 3591 4085 dicit:
3610 4030 3764 4085 bona!

2159 4114 2475 4183 voluntatis;
2512 4131 2663 4173 arma
2718 4132 2817 4171 nos
2845 4133 3054 4184 sumus,
3083 4119 3210 4189 quia
3236 4128 3296 4175 ut
3333 4136 3434 4177 nos
3464 4121 3536 4176 ab
3563 4135 3657 4186 eo,
3688 4121 3763 4179 ita

2161 4206 2276 4279 ipse
2320 4216 2565 4263 armatur
2608 4208 2675 4265 de
2720 4210 2895 4267 nobis.
2926 4208 3106 4283 (Aac)
3140 4211 3261 4277 Vel,
3315 4212 3499 4271 anima
3528 4213 3759 4281 Christi,

2159 4316 2281 4373 qua:
2317 4298 2500 4355 hostes
2531 4300 2850 4369 debellavit,
2882 4318 3003 4375 qua:
3033 4302 3164 4357 nihil
3214 4304 3327 4376 agit
3352 4304 3456 4359 nisi
3488 4305 3639 4363 Deus
3664 4320 3763 4378 pu-

2161 4400 2290 4463 gnet
2320 4392 2386 4447 de
2418 4407 2505 4448 ea.

2232 4486 2395 4541 Arma
2414 4487 2758 4559 apprehende.
2782 4486 2891 4545 Fac
2911 4503 2997 4543 me
3010 4487 3216 4545 habere
3236 4488 3759 4556 arma,doctrinam,

2160 4576 2442 4633 miracula.
2473 4575 2715 4634 Scutum.
2741 4577 3139 4635 Constantiam.

550 4640 717 4728 Vens.
752 4640 839 4727 12.
874 4700 945 4711 -
979 4667 1180 4735 Venite,
1198 4668 1321 4741 filii,
1354 4669 1532 4725 audite
1563 4686 1663 4725 me.
1692 4668 2051 4743 Diapsalmus.
2078 4640 2139 4707 D
2230 4668 2491 4739 Exsurge.
2526 4668 2635 4724 Fac
2664 4670 2740 4724 uti
2770 4671 3023 4741 acceptis.

479 4763 750 4822 Tractatis
762 4762 1016 4819 Ecclesiae
1027 4762 1406 4828 sacramentis,
1420 4762 1673 4818 admonet
1685 4778 1779 4820 eos
1793 4765 1885 4834 qui
1899 4774 2056 4821 extra

478 4865 627 4921 sunt,
652 4855 744 4926 qui
771 4855 947 4925 prima
987 4854 1293 4909 rudimenta
1328 4852 1450 4909 ﬁdei
1483 4854 1718 4925 capiunt,
1761 4873 1829 4913 ne
1858 4870 2055 4913 nomen

480 4947 694 5004 timoris
717 4947 1032 5009 horreatur'
1067 4945 1246 5009 addit:
1276 4945 1480 5001 Docebo
1503 4963 1611 5013 vos,
1640 4945 1779 5004 filios
1808 4949 2055 5015 timorem

478 5038 719 5105 Domini,
746 5044 807 5093 ut
835 5052 948 5093 rem
984 5036 1191 5099 utilem.

552 5125 755 5203 (Cum)
780 5125 903 5189 lam
935 5134 992 5185 et
1015 5126 1330 5199 incipientes
1384 5136 1565 5184 monet
1592 5144 1622 5183 a
1661 5130 1858 5202 quibus
1886 5133 2054 5189 absti-

479 5228 664 5277 neant.

550 5310 715 5367 Vens.
746 5310 834 5368 15.
863 5339 936 5355 -
960 5306 1084 5373 Dies
1103 5308 1274 5385 videre
1298 5309 1476 5366 bonos.
1505 5310 1641 5381 Quia
1672 5327 1862 5369 omnes
1884 5310 2054 5369 faten-

482 5414 570 5461 tur
587 5421 648 5462 se
674 5403 834 5461 velle.

552 5496 717 5555 Vens.
784 5495 872 5551 11.
915 5526 987 5539 -—
1028 5494 1277 5555 Prohibe.
1335 5494 1468 5569 (11).)
1518 5494 1655 5550 Nota
1703 5495 1843 5566 quod
1906 5496 2057 5568 prius

482 5588 725 5643 cohiberi
766 5586 1003 5660 linguam
1050 5586 1199 5651 dicit,
1237 5587 1513 5659 quoniam,
1551 5601 1672 5641 cum
1722 5586 1865 5657 loqui
1904 5589 2056 5645 volu—

482 5694 624 5746 mus,
661 5687 786 5735 ante
808 5696 1212 5737 commovemus
1251 5679 1414 5745 labia,
1451 5694 1569 5749 qum
1604 5696 1728 5737 mox
1757 5689 2058 5752 sequuntur

480 5769 673 5851 linguae
709 5782 902 5830 motus.
936 5770 1164 5829 Prohibe
1195 5772 1288 5844 qui
1319 5774 1485 5828 vitam
1531 5774 1702 5845 cupis.
1740 5775 1880 5831 Ecce
1921 5792 2057 5848 quo-

479 5863 641 5923 modo
679 5864 912 5923 debeant
935 5863 1145 5923 timere.

2236 4760 2400 4816 Vens.
2431 4760 2486 4816 5.
2515 4790 2587 4799 -
2613 4758 2859 4830 E/funde.
2896 4758 2980 4816 Me
3000 4802 3015 4827 ,
3045 4760 3137 4833 qui
3166 4762 3327 4819 modo
3363 4778 3487 4819 sum
3544 4763 3601 4820 in
3656 4765 3759 4822 ob-

2164 4868 2349 4920 scuro,
2392 4851 2632 4909 clariﬁca
2676 4851 2752 4911 ita
2783 4850 3082 4919 evidenter,
3109 4862 3170 4908 ut
3197 4853 3489 4909 concludas
3536 4864 3593 4911 et
3618 4870 3759 4912 con-

2163 4944 2370 5011 vincas,
2408 4961 2477 5001 ne
2506 4945 2739 5000 habeant
2766 4944 2895 5017 quid
2920 4946 3223 5002 oblatrent:
3271 4955 3327 5003 et
3356 4947 3510 5004 dicas
3555 4949 3762 5007 anime

2163 5037 2260 5105 ita,
2291 5045 2352 5092 ut
2378 5053 2569 5093 omnes
2584 5037 2757 5093 sciant
2784 5038 2927 5107 quod
2951 5037 3098 5094 salus
3123 5038 3204 5103 ei;
3229 5047 3418 5095 contra
3446 5039 3577 5107 hoc,
3604 5041 3759 5113 quod

2160 5128 2236 5185 illi
2271 5147 2287 5184 :
2316 5128 2440 5185 Non
2468 5139 2541 5184 est
2584 5127 2725 5184 salus
2756 5129 2854 5201 ipsi
2875 5130 2930 5185 in
2959 5128 3066 5185 Deo
3099 5131 3212 5203 ejus
3245 5128 3418 5204 (Psal.
3449 5131 3562 5206 111.)
3602 5130 3754 5189 Fra-

2161 5234 2351 5277 meam.
2383 5219 2813 5294 (Auc.)Framea
2838 5230 2920 5276 est
2939 5222 3116 5276 anima
3136 5223 3288 5293 justi.
3328 5222 3754 5283 Abundantibus
3793 5286 3805 5302 ,

2153 5311 2336 5383 iustis,
2379 5310 2581 5368 framea
2634 5308 2946 5377 ell'unditur,
2971 5313 3096 5369 dum
3135 5315 3243 5368 vita
3287 5326 3573 5372 coruscat:
3606 5318 3755 5373 unde

2160 5402 2502 5459 concluditur
2536 5402 2709 5458 hostis
2735 5418 2840 5458 non
2870 5404 3073 5460 habens
3101 5404 3168 5463 de
3213 5405 3367 5460 nobis
3398 5406 3543 5461 male
3572 5406 3748 5479 loqui.

2160 5494 2282 5567 (11).)
2342 5492 2629 5565 Prophetia
2674 5503 2758 5551 est
2802 5511 2906 5551 non
2961 5496 3183 5565 optatio,
3215 5494 3300 5551 vel
3342 5497 3449 5555 hoc
3494 5500 3564 5554 de
3611 5514 3749 5555 eon-

2158 5587 2453 5645 vertendis.

2234 5681 2378 5737 Vens
2425 5679 2569 5734 5.—
2594 5678 2773 5734 Fiant.
2800 5674 2924 5751 (11).)
2957 5678 3241 5749 Prophetia
3286 5699 3299 5734 :
3345 5678 3427 5735 vel
3452 5697 3520 5737 eo
3562 5680 3748 5751 modo,

2160 5789 2267 5846 quo
2319 5774 2456 5827 Deus
2508 5771 2659 5837 facit,
2697 5772 2845 5842 justo
2878 5768 3103 5839 judicio,
3150 5787 3258 5826 non
3302 5787 3489 5827 amaro
3535 5773 3744 5828 animo.

2163 5868 2435 5939 Tanquam
2478 5862 2646 5937 pulvis
2702 5872 2821 5918 ante
2844 5861 3031 5935 faciem
3083 5863 3241 5919 venti.
3284 5861 3485 5937 (Cass)
3530 5862 3575 5919 Α
3627 5862 3746 5921 Deo
