3982 6352
1160 380 1427 441 GLOSSA
1461 379 1863 461 QRDINARIA.
1899 411 1972 424 —
2003 378 2135 437 LIB.
2174 378 2426 438 PSALM.

3327 380 3436 440 89d

162 504 447 573 dissoluti,
499 506 687 565 ut'nec
734 506 964 565 invicem
1011 506 1321 565 cohaereant
1340 546 1356 573 ,
1385 520 1524 578 quos
1569 504 1751 561 divina
1779 503 1828 566 Α
1926 504 2091 560 Vens.
2118 504 2203 560 l5.
2227 535 2297 544 —
2317 500 2385 561 Et
2408 502 2704 570 adversum,
2733 510 2837 560 etc.
2861 501 2997 561 Cum
3018 502 3112 579 ple
3127 504 3440 574 contristor,

160 598 340 677 gratia
370 614 479 656 non
503 597 798 657 humectat.

234 690 401 749 Vnus.
431 689 561 747 8.—
584 690 771 748 Veniat
792 689 872 747 illi
892 691 1107 763 laqueus
1126 706 1277 763 quem
1299 690 1526 761 ignorat.
1552 684 1753 761 (Cass)

160 781 264 841 Vel
287 784 342 839 in
360 784 526 851 bono,
548 785 766 858 la‘queus
786 785 1051 855 veritatis,
1066 800 1228 857 quam
1241 790 1493 861 peccator
1514 782 1750 854 ignorat.

162 870 234 935 Et
271 876 443 948 captio
479 893 638 949 quam
672 874 961 933 abscondit.
998 875 1058 932 ld
1084 883 1198 942 est,
1243 874 1554 932 abscondita
1585 888 1751 939 mors,

159 965 375 1022 scilicet
419 964 638 1022 Christi.
690 964 1055 1038 Appreltendat
1100 982 1206 1022 eos.
1260 963 1339 1020 Ne
1382 963 1587 1020 scilicet
1641 963 1754 1019 suis

154 1057 459 1123 sceleribus
489 1058 883 1130 relinquantur.
908 1056 979 1115 Et
1007 1060 1062 1116 in
1085 1059 1327 1132 laqueum
1349 1058 1522 1113 cadat.
1546 1057 1752 1114 Bonum

159 1166 272 1224 quo
308 1166 341 1206 a
372 1151 528 1207 malis
553 1150 927 1207 cohibeantur.
961 1149 1029 1206 In
1076 1151 1263 1221 ipsum.
1312 1148 1370 1204 Id
1403 1159 1509 1213 est,
1539 1162 1606 1203 ex
1634 1147 1753 1219 ipsa

160 1252 359 1300 marte.
390 1241 460 1298 In
481 1244 673 1315 ipsum.
712 1241 895 1315 (Acs)
944 1240 1062 1299 Non
1085 1241 1140 1297 in
1163 1240 1347 1305 alium,
1374 1233 1470 1296 sed
1508 1239 1563 1295 in
1602 1254 1750 1307 eum,

159 1349 325 1407 quem
350 1334 716 1393 tetenderunt.
750 1334 920 1391 Nemo
952 1333 1097 1389 enim
1123 1332 1317 1399 malus,
1347 1330 1441 1404 qui
1472 1344 1579 1387 non
1603 1331 1753 1402 prius

159 1428 265 1486 sibi
289 1438 503 1486 noceat.

230 1521 401 1579 Vsn‘s.
450 1520 598 1578 9.-
631 1520 820 1576 Anima
865 1528 1039 1575 autem
1064 1534 1179 1573 mea
1220 1516 1524 1573 exsultabit.
1573 1512 1748 1589 (Cas)

156 1617 446 1677 Praemisso
470 1630 572 1687 spe
598 1616 722 1673 boni
754 1622 810 1671 et
835 1613 1027 1686 gaudio
1044 1655 1059 1681 ,
1086 1619 1304 1670 enarrat
1329 1625 1493 1680 quam
1524 1606 1752 1677 maligne

158 1725 290 1784 erga
338 1709 630 1781 benignum
677 1714 817 1781 agat.
848 1704 917 1762 In
956 1704 1198 1760 Domino.
1246 1700 1426 1775 (Acs)
1463 1698 1579 1767 Quo
1618 1696 1752 1752 nihil

158 1803 414 1863 suavius:
466 1818 566 1859 nec
595 1800 823 1867 defecit,
873 1799 965 1871 qui
997 1798 1182 1855 omnia
1210 1795 1380 1853 fecit:
1417 1792 1591 1865 ipsum
1619 1802 1750 1862 ergo

155 1908 303 1972 pete,
324 1905 380 1954 et
406 1899 461 1953 in
493 1896 584 1954 illo
610 1895 835 1952 habebis
861 1894 1063 1950 omnia.

232 1992 397 2049 Vens.
438 1989 526 2045 10.
566 2020 637 2033 --—
685 1986 877 2044 Omnia
928 2005 1047 2043 ossa
1092 2004 1207 2041 mea
1246 1986 1437 2041 dicent.
1486 1980 1747 2041 Carnales

157 2098 269 2140 non
299 2082 499 2139 habent
544 2082 767 2137 verbum
802 2076 977 2135 laudis
1002 2088 1056 2135 et
1082 2077 1438 2135 confessionis
1458 2119 1472 2142 ,
1503 2075 1628 2147 quia
1660 2074 1746 2127 in-

158 2175 317 2231 firma
342 2175 483 2247 apud
514 2183 568 2230 te
591 2170 806 2244 penitus
829 2171 1020 2237 silent;
1056 2172 1151 2227 sed
1183 2169 1364 2235 fortia,
1397 2178 1447 2224 te
1491 2182 1748 2239 magnum

154 2266 381 2325 laudant
406 2275 463 2323 et
489 2274 744 2323 tremunt.
777 2263 901 2337 (Io.)
946 2261 1138 2319 Omnia
1194 2280 1333 2319 ossa.
1362 2261 1549 2319 Omnis
1594 2260 1748 2316 forti-

156 2360 291 2416 tudo
316 2358 542 2424 mentis,
590 2358 716 2428 quia
748 2358 851 2412 hoc
874 2356 1013 2411 alius
1042 2354 1223 2411 dicere
1252 2353 1462 2424 nequit,
1498 2350 1742 2409 scilicet:

156 2469 197 2513 ο
227 2452 471 2518 Domine,
522 2451 686 2523 quis?
710 2458 843 2516 etc.,
870 2449 1026 2520 quasi
1052 2447 1229 2505 nullus
1248 2489 1265 2513 ,
1296 2448 1426 2518 quia
1456 2448 1570 2518 ipse
1598 2445 1747 2502 solus

157 2544 623 2619 eripuitzlnopem
645 2545 711 2603 de
737 2561 917 2599 manu.
939 2541 1139 2616 (Cass,
1158 2539 1321 2614 Anc.)
1350 2538 1532 2595 Genus
1558 2539 1748 2595 huma-

156 2654 293 2697 num
339 2637 509 2709 inops,
545 2635 671 2707 quia
706 2635 973 2697 mortale;
1003 2649 1250 2705 egenum,
1298 2630 1424 2702 quia
1453 2632 1506 2685 in
1547 2629 1745 2685 sudore

158 2730 358 2805 quaerit
395 2743 622 2803 panem;
660 2744 876 2800 pauper,
916 2726 1066 2799 quia,
1091 2726 1157 2781 de
1190 2740 1321 2797 pura
1351 2722 1613 2795 sapientia
1651 2722 1746 2778 de-

156 2826 353 2898 iectus,
382 2831 596 2881 tenuem
634 2830 689 2879 et
713 2821 1056 2878 umbratilem
1085 2820 1245 2875 habet
1273 2819 1561 2875 rationem.

230 2917 392 2975 Vens.
426 2917 513 2973 11.
542 2946 615 2959 ——
641 2913 922 2987 Surgentes
945 2924 1097 2970 testes
1122 2913 1308 2984 iniqui.
1340 2911 1541 2985 (Cass)
1572 2911 1742 2969 Dictis

155 3009 558 3070 calamitatibus
584 3006 841 3071 hominis,
891 3020 959 3060 ne
983 3005 1096 3076 ipse
1137 3003 1386 3060 Christus
1424 3002 1630 3058 alienus
1674 3001 1744 3057 ab

154 3103 238 3161 eis
276 3102 547 3165 videatur,
574 3097 882 3168 passionem
917 3110 1069 3152 suam
1098 3094 1337 3165 exponit.
1366 3092 1498 3161 Quae
1538 3093 1746 3163 ignora-

156 3195 295 3250 bam.
331 3191 514 3264 (Aes)
546 3188 774 3246 Peccata
824 3195 972 3254 sunt,
1017 3195 1149 3255 etc.,
1178 3202 1343 3259 usque
1377 3184 1447 3240 ad
1491 3184 1585 3241 sed
1635 3199 1742 3240 non

156 3284 560 3349 committenda.

230 3395 393 3463 Vens,
435 3393 523 3451 12.
554 3422 627 3439 -ς-
650 3388 1048 3449 Betribuebant.
1099 3388 1225 3463 (11).)
1255 3387 1391 3446 Cum
1446 3401 1547 3461 ego
1596 3394 1742 3445 attu-

158 3489 343 3546 lissem
387 3484 789 3550 fecunditatem,
822 3483 923 3555 ipsi
954 3481 1329 3539 retribuebant
1365 3480 1741 3559 sterilitatem:

159 3598 261 3654 ego
291 3582 481 3646 vitam,
511 3578 611 3649 ipsi
638 3584 869 3635 mortem
910 3576 1311 3642 retribuerunt;
1342 3589 1443 3645 ego
1477 3575 1741 3638 honores,

161 3675 265 3747 ipsi
291 3670 678 3737 contumelias;
706 3685 807 3742 ego
836 3667 1182 3737 medicinam,
1225 3666 1327 3741 ipsi
1357 3668 1602 3725 vulnera.
1628 3665 1748 3723 Ste-

161 3764 429 3825 rilitatem.
452 3761 511 3817 ln
547 3760 653 3816 ticu
699 3758 980 3817 maledixit
1004 3757 1284 3825 Dominus,
1317 3756 1407 3812 ubi
1440 3772 1567 3813 cum
1592 3771 1744 3827 quae-

162 3865 307 3914 reret
326 3854 560 3911 fructum
580 3868 687 3909 non
715 3851 943 3917 invenit,
968 3851 1062 3907 sed
1086 3849 1250 3906 folia:
1276 3850 1355 3906 sic
1384 3851 1437 3909 in
1462 3848 1746 3921 Syuagoga

162 3947 323 4007 verba
344 3961 455 4005 non
478 3945 624 4002 facta
645 3960 663 4013 ;
681 3941 855 4003 unde:
888 3941 992 4011 Qui
1014 3942 1274 4015 praedicas
1298 3958 1405 3997 non
1433 3940 1744 4011 furandum,

161 4038 375 4111 furoris.

234 4148 397 4209 Vns.
423 4148 511 4207 13.
542 4176 617 4195 -ι-
648 4145 855 4205 Cilicio.
886 4145 1011 4218 (11).)
1054 4144 1219 4212 Caro,
1244 4142 1505 4211 cilicium,
1522 4150 1748 4215 propter

161 4241 565 4301 similitudinem
596 4239 777 4297 carnis
804 4238 1031 4310 peccati.
1073 4236 1258 4294 Oratio
1280 4253 1415 4295 mea.
1436 4237 1641 4310 (Cass)
1678 4237 1750 4295 Ut

160 4334 329 4393 dixit:
352 4330 478 4389 Pas:
503 4340 670 4389 uestra
687 4330 756 4389 ad
777 4346 864 4387 vos
886 4338 1173 4387 revertetur
1192 4326 1407 4401 (Matth.
1423 4328 1481 4401 ι)
1503 4345 1518 4394 ;
1537 4329 1615 4385 ita
1627 4327 1747 4397 eius

160 4425 361 4492 oratio.
402 4421 605 4481 ludatis
632 4436 741 4481 non
783 4426 1031 4493 accepta,
1062 4420 1132 4476 ad
1161 4434 1287 4479 eum
1316 4419 1497 4477 rediit.
1526 4419 1597 4477 In
1625 4421 1746 4476 sinu

160 4532 297 4573 meo.
327 4513 511 4587 (Acs)
552 4512 713 4570 Sinus
760 4519 844 4568 est
864 4519 1153 4577 secretum,
1196 4510 1383 4582 inquo
1405 4525 1565 4569 orare
1590 4511 1748 4583 jube-

1855 594 2023 651 Judaei
2044 596 2212 666 impie
2238 595 2507 651 laetantur.

1928 688 2092 746 Vens.
2122 690 2206 745 16.
2229 720 2299 731 --
2322 689 2577 761 Dissipati
2597 698 2738 745 sunt.
2771 686 2973 762 (Cass)
3003 686 3278 754 Dissoluti,
3308 688 3443 746 visis

1855 784 2132 843 miraculis
2160 784 2216 840 in
2260 784 2544 857 passione,
2574 800 2667 839 nec
2694 791 2872 840 tamen
2912 797 3026 855 prae
3053 781 3253 839 duritia
3297 799 3442 838 coma

1853 870 2052 953 puncti.

1926 969 2043 1034 Vel,
2082 968 2323 1039 dissipati
2359 984 2458 1041 per
2484 976 2656 1026 totum
2692 968 2910 1023 orbem:
2938 983 3031 1022 nec
3074 977 3253 1024 tamen
3293 982 3439 1022 com-

1852 1062 2033 1136 puncti
2051 1071 2191 1126 sunt,
2210 1060 2264 1117 id
2289 1068 2393 1126 est,
2418 1061 2805 1130 pcenituerunt.
2831 1055 2947 1121 Vel,
2971 1059 3230 1131 dissipati,
3258 1058 3313 1114 id
3333 1066 3439 1127 est,

1854 1154 2044 1211 divisi:
2074 1153 2164 1209 alii
2184 1153 2371 1209 dicunt
2392 1152 2537 1223 quod
2562 1153 2737 1208 bonus
2763 1160 2866 1217 est,
2899 1152 2991 1206 alii
3020 1166 3150 1207 non.

1926 1245 2273 1301 Tentaverunt
2302 1260 2404 1299 me.
2433 1242 2613 1317 (Aes)
2640 1242 2769 1311 Quae
2796 1242 2961 1314 capiti
2998 1243 3053 1298 in
3082 1257 3245 1299 cruce
3270 1242 3437 1313 facta,

1853 1334 2068 1407 corpori
2120 1335 2321 1405 ubique
2364 1334 2519 1391 liunt.
2576 1332 2970 1390 Frenduerunt.
3034 1334 3148 1390 Mos
3195 1334 3434 1401 saevitite,

1851 1428 2068 1503 quando
2089 1427 2227 1483 ratio
2250 1425 2450 1491 deficit,
2483 1426 2732 1482 dentibus
2772 1426 3017 1482 frendet:
3049 1434 3105 1483 et
3132 1425 3277 1501 quod
3301 1427 3439 1496 vult,

1855 1524 2039 1573 tacens
2073 1516 2329 1573 ostendit.
2356 1516 2413 1572 lu
2444 1517 2691 1573 oratione
2717 1517 2836 1572 linit
2863 1518 3009 1575 haec:

1922 1612 2088 1668 Vens.
2153 1612 2239 1667 17.
2283 1643 2355 1653 -
2419 1611 2666 1677 Domine,
2721 1613 2933 1684 quando
2996 1612 3257 1685 respicies.
3312 1608 3439 1686 (lo.)

1851 1705 2078 1776 Quando
2120 1706 2423 1765 videbimus
2450 1707 2741 1762 vindictam
2774 1706 2841 1761 de
2873 1706 2953 1762 eis
2973 1707 3065 1777 qui
3094 1707 3250 1764 nobis
3274 1704 3442 1764 insul-

1852 1807 1989 1855 tant.
2018 1795 2239 1853 Unicam
2262 1814 2452 1853 meam.
2483 1795 2682 1870 (Cass)
2706 1796 2875 1852 Unica
2899 1806 2983 1853 est
3007 1798 3187 1854 anima
3212 1798 3440 1867 Christi,

1774 1858 1829 1923 3
1852 1898 1972 1965 qna:
2001 1888 2113 1944 sola
2144 1888 2402 1944 immunis
2425 1904 2455 1943 a
2484 1898 2726 1961 peccato.

1920 1980 2083 2054 Vens.
2124 1980 2211 2037 18.
2250 2012 2323 2023 —-
2354 1979 2651 2051 Conﬁtcbor
2677 1981 2788 2036 tibi.
2814 1979 2999 2054 (Aes)
3024 1978 3144 2037 lam
3168 1982 3234 2038 de
3259 1981 3439 2039 fructu

1845 2050 2125 2145 praemittit
2152 2050 2547 2126 confessionem
2572 2072 2736 2127 totius
2761 2050 3051 2128 Ecclesia}:
3084 2073 3210 2130 inde
3250 2086 3441 2144 preca-

1850 2172 1960 2229 tur,
1992 2179 2114 2217 cum
2145 2163 2663 2217 commemoratione
2697 2163 2887 2233 culpze,
2918 2160 3288 2220 confusionem
3314 2177 3440 2236 per-

1846 2262 2154 2309 secutorum
2185 2261 2240 2308 et
2266 2253 2680 2309 exsultationem
2710 2252 2968 2310 ﬁdelium.

1916 2344 2082 2400 Vens.
2134 2344 2220 2399 19.
2270 2373 2341 2386 -
2392 2343 2513 2398 Νοη
2562 2345 3000 2415 supergaude’ant.
3054 2344 3180 2421 (11):)
3222 2346 3442 2417 Repetit

1845 2438 1912 2495 de
1924 2438 2196 2509 passione,
2209 2445 2267 2493 ut
2284 2437 2349 2492 de
2369 2450 2528 2508 pinna
2542 2452 2730 2493 eorum
2743 2438 2926 2495 addat.
2942 2440 3216 2495 Annuunt.
3232 2438 3437 2514 (Cass)

1846 2529 2110 2599 Quoniam
2138 2529 2377 2585 vicissim
2429 2543 2487 2584 se
2540 2528 2719 2585 tacitis
2764 2530 2985 2588 nutibus
3032 2531 3325 2589 admonent
3366 2532 3437 2590 ad

1845 2625 2219 2697 decipiendum
2244 2635 2299 2682 et
2329 2627 2666 2683 tentandum.

1916 2717 2080 2772 Vens.
2103 2715 2194 2771 20.
2215 2748 2285 2757 —
2304 2715 2615 2790 Loquentes.
2641 2717 2841 2793 (Cass)
2860 2719 2919 2775 id
2948 2729 3048 2784 est,
3076 2720 3203 2779 dum
3250 2721 3436 2794 loque-

1845 2806 2289 2879 renturpucilice.
2310 2807 2686 2865 Iniracundia.
2704 2809 2759 2866 ld
2772 2819 2874 2877 est,
2893 2811 3203 2868 exitialitcr.
3219 2810 3436 2885 Cugitat

1843 2899 1989 2956 enim
2017 2900 2139 2970 quis
2178 2898 2361 2955 dolum
2383 2902 2473 2971 qui
2519 2915 2626 2955 non
2655 2901 2771 2956 vult
2796 2902 3078 2958 occidere:
3109 2903 3205 2959 sed
3232 2902 3326 2960 isti
3355 2905 3455 2961 sic»
3546 2944 3563 2955 .

1843 2992 2185 3064 cogitabant,
2214 2991 2339 3062 quia
2374 2992 2677 3047 interlicerc
2700 2993 2970 3051 volebant.

1915 3082 2079 3138 Vens.
2135 3082 2224 3135 2i.
2275 3112 2346 3121 -—
2406 3081 2475 3135 Et
2513 3082 2884 3139 dilatauerunt.
2945 3085 3069 3160 (11).)
3118 3086 3282 3146 Prius
3337 3105 3436 3147 an-

1846 3184 2092 3238 nuentes,
2110 3174 2414 3246 cogitantes
2435 3174 2585 3230 dolos
2598 3173 2962 3233 dilataverunt
2985 3194 3048 3235 os
3073 3194 3249 3249 suum,
3266 3182 3457 3249 liberat

1847 3276 1904 3323 et
1960 3274 2143 3338 aperta
2196 3280 2326 3321 voce
2378 3274 2609 3322 mortem
2678 3267 3074 3335 inclamantes:
3140 3248 3457 3347 Crucilige,‘

1847 3357 2123 3428 cruciﬁge.

1917 3449 2082 3505 Vens.
2116 3449 2206 3504 ‘22.
2249 3481 2321 3490 —
2377 3448 2581 3515 Vidisti,
2636 3448 2874 3507 Domine.
2909 3452 3034 3525 (ln.)
3058 3454 3176 3513 Hoc
3213 3456 3434 3528 dicitur,

1847 3545 2064 3615 quando
2119 3542 2324 3612 aiiquid
2372 3542 2427 3599 in
2481 3538 2797 3600 memoriam
2848 3561 3106 3604 revocare
3142 3549 3432 3610 'volumtts:

1849 3635 2026 3691 vidisti
2063 3635 2315 3705 quoniam
2342 3635 2586 3692 crudeles
2605 3677 2622 3702 ,
2657 3652 2725 3694 ne
2753 3638 2938 3706 sileas,
2966 3654 3035 3696 ne
3058 3638 3280 3700 dilferas
3302 3645 3435 3704 dare

1847 3732 2194 3786 sententiam.

1916 3822 2083 3878 Vens.
2105 3822 2197 3878 23.
2231 3853 2302 3863 —
2324 3820 2564 3879 Intende.
2589 3824 2715 3899 (lo.)
2736 3828 3029 3886 Reddendo
3053 3844 3253 3887 nomen
3273 3843 3440 3903 super

1847 3926 2007 3969 omne
2039 3928 2255 3982 nomen,
2287 3924 2346 3970 ut
2376 3932 2474 3989 ego
2500 3917 2743 3976 intonsus
2779 3921 3073 3979 immerito.
3124 3921 3195 3980 In
3218 3938 3437 3981 causam

1845 4014 2036 4059 meam.
2066 4004 2255 4079 (Ibid.)
2280 4006 2446 4064 Poena
2473 4009 2665 4066 similis
2693 4008 2935 4079 sceleris,
2968 4014 3066 4071 sed
3098 4030 3204 4071 non
3233 4028 3433 4075 causa:

1847 4107 2143 4172 martyrem
2173 4098 2315 4155 enim
2344 4114 2452 4157 non
2481 4101 2611 4159 facit
2646 4118 2828 4176 poena,
2860 4105 2957 4163 sed
2986 4122 3173 4164 causa.

1917 4188 2197 4244 Vensﬁd.
2236 4220 2307 4231 —
2348 4190 2535 4261 Tuam,
2570 4192 2793 4250 Domine
2826 4190 2989 4252 Deus.
3035 4198 3159 4272 (lo.)
3202 4199 3333 4267 Qum
3378 4198 3439 4259 in

1847 4294 1906 4337 se
1924 4290 2029 4346 est,
2050 4280 2133 4337 vel
2164 4297 2325 4354 quam
2347 4284 2398 4339 ei
2418 4284 2580 4341 dedit.
2607 4285 2732 4342 Non
2745 4278 2901 4359 super
2927 4291 3212 4359 gaudeant.
3232 4288 3436 4366 (Cass)

1847 4371 2017 4443 Magis
2043 4373 2306 4441 deﬂeant,
2335 4392 2496 4446 quam
2523 4377 2792 4448 gaudeant
2814 4380 3067 4451 implesse
3091 4384 3254 4440 mala.

1916 4468 2081 4524 Vens.
2102 4469 2194 4524 25.
2216 4500 2287 4511 —
2306 4469 2643 4525 Devoramus.
2678 4468 2860 4546 (Acs)
2885 4472 3222 4534 Devorantur
3250 4478 3433 4538 incor-

162 4623 307 4665 mur.
328 4562 613 4665 ‘Secreltttnt
640 4618 772 4661 vero
790 4601 1018 4671 Christi,
1040 4562 1315 4669 divinitas:
1340 4603 1410 4661 ad
1438 4562 1746 4675 quaniouat
1770 4599 1827 4662 D

162 4699 493 4759 humanitas.

238 4814 402 4873 Vens.
431 4813 519 4869 16.
538 4843 613 4856 -
634 4811 801 4880 Quasi
820 4811 1117 4883 proximum
1136 4818 1185 4864 et
1204 4809 1356 4881 quasi
1376 4808 1617 4879 fratrem,
1635 4816 1744 4865 etc.

161 4907 336 4965 Cum
360 4920 460 4977 pro
485 4920 637 4962 essu.
664 4903 828 4973 Quasi
852 4922 869 4958 :
891 4904 960 4959 de
983 4902 1234 4975 proximo
1258 4900 1512 4958 etii-mre
1538 4912 1745 4970 nostro,

165 5000 245 5055 ita
288 4998 421 5055 mihi
468 4996 895 5067 modum,
923 4996 977 5052 id
1019 5003 1122 5060 est,
1150 4994 1219 5050 de
1240 5010 1436 5051 eorum
1486 4994 1755 5052 auiditate

163 5091 486 5163 gaudebam,
540 5089 632 5159 qui
660 5103 749 5144 me
778 5088 1219 5157 insequebantur.
1258 5086 1398 5144 Ecce
1446 5087 1620 5158 gratia
1646 5102 1750 5158 pro

164 5183 313 5249 odio,
360 5182 685 5240 beneﬁcium
724 5192 824 5251 pro
847 5179 1083 5236 Iasiona.
1135 5180 1319 5253 (Abs)
1362 5178 1531 5246 Quasi
1562 5180 1750 5251 prosi-

162 5288 333 5330 unum.
362 5274 477 5331 Hoc
502 5274 683 5330 dicere
726 5272 981 5331 convenit
1024 5274 1407 5345 propinquanti
1458 5273 1528 5329 ad
1553 5273 1748 5341 Deum,

162 5375 223 5422 et
247 5366 525 5439 gaudenti,
556 5367 649 5436 qui
678 5366 856 5439 placet
868 5366 1002 5432 Deo,
1031 5367 1184 5437 quasi
1212 5366 1368 5422 fratri
1392 5375 1453 5423 et
1477 5358 1759 5438 proximo.

240 5478 409 5545 Quasi
435 5478 634 5550 lugens.
661 5478 862 5551 (Cass)
884 5478 989 5533 Alii
1031 5478 1369 5548 interpretes,
1396 5480 1549 5547 quasi
1569 5477 1751 5549 lugens

163 5580 338 5628 mater
383 5569 573 5640 filium,
626 5570 942 5625 incurvabar
982 5586 1138 5641 super
1183 5582 1290 5625 eos.
1353 5570 1517 5636 Quasi
1550 5570 1754 5643 lugens.

164 5662 304 5721 Cum
332 5663 450 5718 haec
471 5662 652 5718 omnia
684 5661 943 5729 facerem,
970 5670 1147 5718 tamen
1182 5661 1439 5718 nolebant
1476 5667 1753 5732 converti;

165 5767 226 5815 et
250 5764 433 5812 tamen
454 5756 1068 5820 cumnollentcunverti,
1094 5756 1173 5812 sic
1201 5757 1544 5827 humiliabar,
1572 5761 1624 5815 id
1647 5770 1751 5827 est,

165 5848 417 5910 dulcium
433 5889 450 5917 ,
475 5848 616 5907 sicut
641 5857 795 5921 pater
821 5848 1010 5923 lugens
1037 5849 1228 5906 filium.

1924 4650 2089 4708 Vens.
2148 4651 2239 4708 26.
2295 4684 2366 4694 --
2414 4653 2742 4711 Erubescant
2786 4667 2835 4712 et
2876 4668 3207 4716 revereantur
3255 4660 3436 4720 simul.

1854 4744 2054 4819 (Cass)
2102 4745 2288 4802 Potius
2335 4746 2658 4802 erubescant
2686 4748 2739 4804 in
2766 4746 3153 4808 clarificatlone
3196 4768 3442 4811 resurre-

1853 4835 2071 4901 aionis,
2098 4845 2153 4891 et
2181 4846 2545 4900 revereantur,
2580 4837 2633 4893 id
2663 4846 2766 4905 est,
2798 4840 3023 4896 timeant
3060 4857 3270 4912 ptenas.
3298 4842 3442 4898 Eru-

1856 4929 2080 4984 bescant.
2106 4926 2207 4996 Qui
2234 4930 2523 4994 erubescit,
2566 4940 2719 4987 actus
2759 4946 2885 4989 suos
2910 4934 3127 5006 propria
3157 4934 3442 4991 existima-

1857 5021 2002 5076 tione
2046 5022 2265 5076 damnat
2299 5040 2312 5075 :
2345 5020 2439 5076 sed
2464 5030 2640 5093 potest
2673 5026 2994 5082 erubescene
3023 5026 3117 5097 qui
3144 5032 3251 5082 non
3276 5027 3442 5083 habet

1853 5114 2242 5183 reverentiam;
2286 5115 2407 5171 ideo
2440 5116 2588 5170 addit
2613 5134 2627 5171 :
2652 5120 3011 5185 reverentiam,
3038 5127 3098 5173 ut
3127 5119 3442 5175 conversio-

1854 5218 1977 5261 nem
2007 5212 2177 5260 notet.
2206 5204 2531 5261 Reverentia
2560 5215 2645 5263 est
2668 5208 2832 5263 timor
2850 5207 3061 5262 Domini
3082 5222 3206 5264 cum
3229 5220 3436 5263 amore.

1856 5296 2164 5352 Indutmtur
2201 5297 2510 5367 confusione
2555 5306 2605 5354 et
2652 5301 2953 5355 reverentia.
2997 5297 3211 5354 Pudore
3235 5340 3250 5366 ,
3279 5298 3439 5371 quasi

1856 5386 2031 5444 cilicio
2060 5389 2391 5460 poenitentia:
2434 5398 2488 5446 et
2522 5400 2676 5447 veste
2720 5390 2955 5460 lugubri.
3008 5386 3214 5457 Pudor,
3245 5399 3441 5448 contra

1860 5479 2141 5536 audaciam
2195 5494 2360 5550 quam
2426 5480 2732 5538 habuerunt
2784 5480 3055 5545 furentes;
3118 5481 3438 5549 maerentia,

1859 5583 2047 5629 contra
2078 5572 2463 5644 impudentiam
2492 5572 2765 5637 falsitatis,
2794 5578 2856 5626 ut
2876 5572 2962 5628 his
2985 5570 3074 5627 illa
3097 5578 3313 5627 curent.

1932 5666 2096 5721 Vens.
2121 5668 2211 5723 27.
2247 5698 2320 5709 -—
2366 5667 2641 5721 Exsultent
2684 5675 2731 5720 et
2769 5665 3029 5734 (tutentur.
3064 5662 3187 5738 (11).)
3238 5662 3297 5718 lu
3345 5676 3445 5733 spe

1860 5778 2048 5833 magna
2104 5762 2338 5817 litlclium
2368 5762 2489 5816 linis
2510 5802 2525 5825 ,
2556 5759 2696 5815 sicut
2726 5758 2814 5814 alii
2846 5759 2913 5814 de
2940 5757 3210 5831 passione.
3247 5754 3442 5812 Exsul-

1860 5865 2035 5911 tentet
2074 5850 2334 5911 lm’tentur.
2376 5854 2457 5911 llli
2501 5853 2708 5922 dicunt,
2756 5867 2895 5928 euge
2933 5852 3128 5909 animae
3162 5864 3275 5908 sua
3319 5865 3441 5928 qua
