3982 6352
551 340 657 397 895

1080 331 1478 390 WALAFRIDI
1520 329 1766 388 STRABI
1801 329 2006 388 FULD.
2050 328 2216 389 MON.
2260 330 2410 390 OPP.
2451 330 2655 388 PARS.
2691 329 2738 386 l.
2779 355 2848 372 --
2885 329 3345 414 THEOLOGICA.

3733 335 3844 393 896

551 454 740 512 laetitia
767 453 924 526 fugit,
955 451 1045 539 isti
1065 467 1172 508 non
1199 466 1308 506 suae
1332 449 1556 515 animai,
1603 448 1698 504 sed
1721 456 1845 503 vota
1869 447 1938 502 ad
1965 447 2134 502 Deum
2161 457 2210 520 Α
2240 453 2418 501 tamen
2439 428 2698 516 ut'rosque
2717 445 2911 511 salvas,
2943 445 3043 501 hos
3069 443 3424 516 corporaliter
3443 453 3690 513 tantum,
3718 447 3842 505 illo;

551 552 893 610 convertunt,
921 551 977 599 et
1005 537 1062 598 in
1088 542 1205 612 ejus
1228 542 1501 606 laudibus,
1533 555 1640 595 non
1675 539 1730 594 in
1756 554 1839 606 se,
1869 553 2022 594 suam
2044 537 2134 592 lae-

551 639 724 695 titiam
751 644 980 708 ponunt,
1009 650 1128 704 quae
1155 643 1237 690 est
1256 643 1534 705 perpetua.

620 731 782 786 Vsus.
811 728 900 784 28.
935 758 1004 768 —
1027 727 1096 780 Et
1142 726 1323 796 lingua
1347 741 1461 778 mea
1513 723 1850 779 meditabitur
1864 721 2132 792 justitiam

548 836 714 880 tuam.
739 821 923 895 (Aue.)
947 821 1060 876 Hoc
1090 819 1204 884 ﬁat,
1235 826 1290 874 et
1307 818 1412 873 mei
1449 817 1830 888 prardicatores
1859 827 1926 868 ex
1953 813 2132 869 studio

546 914 871 970 nuntiabunt
928 910 1200 980 tejustum
1227 950 1242 975 ,
1298 909 1391 980 qui
1439 907 1704 980 promissa
1763 904 2026 976 implesti,
2077 911 2132 959 et

543 1006 726 1061 omnia
753 1002 1129 1058 universaliter
1153 1001 1207 1055 in
1228 999 1424 1071 quibus
1449 997 1767 1052 laudandus.
1787 995 1985 1068 (Cass.)
2009 993 2131 1049 Lin-

541 1112 646 1167 gua
667 1111 800 1148 mea.
832 1093 1036 1164 Lingua
1059 1092 1176 1163 ejus
1207 1091 1461 1144 meditata
1495 1098 1576 1143 est
1601 1087 1887 1157 justitiam,
1913 1086 2128 1158 quando

540 1189 749 1246 Novum
780 1189 1182 1244 Testamentum
1221 1183 1430 1255 populis
1454 1181 1780 1253 praedicavit.

1050 1323 1370 1381 PSALMUS
1397 1320 1614 1378 XXXV.

608 1467 776 1526 Vsus.
805 1467 856 1522 1.
882 1463 1034 1518 -Ῑη
1082 1463 1238 1533 ﬁnem
1285 1477 1473 1516 sei-mo.
1522 1455 1722 1528 (CAss.)
1763 1455 1886 1527 Agit
1924 1455 2012 1510 hic
2056 1454 2123 1510 de

535 1575 720 1618 errore
767 1557 1144 1630 quorumdam,
1177 1564 1304 1620 etc.,
1331 1568 1494 1624 usque
1534 1552 1602 1606 ad
1624 1549 1715 1620 qui
1740 1557 1917 1604 tamen
1943 1546 2121 1602 immi-

531 1665 624 1712 net
653 1654 922 1711 omnibus.

602 1745 718 1800 Non
744 1753 828 1799 est
857 1743 1020 1798 timor
1040 1749 1166 1794 ante
1189 1737 1374 1794 oculos
1394 1753 1407 1790 :
1429 1735 1554 1804 quia
1576 1734 1750 1795 dolus,
1774 1733 1824 1787 id
1852 1741 1954 1799 est,
1988 1733 2114 1802 quia

2235 543 2290 590 et
2319 537 2690 607 spiritualiter,
2728 538 2782 592 in
2808 553 2916 608 quo
2937 553 3129 612 magna
3168 537 3559 594 misericordia.

2304 628 2467 686 Vsus.
2490 631 2543 686 8.
2565 663 2635 673 —
2655 629 2928 698 Homines,
2965 638 3070 687 etc.
3102 631 3278 686 Etiam
3314 631 3644 703 temporalia
3665 647 3700 688 a
3723 633 3840 692 Deo

2232 739 2351 782 esse
2381 725 2638 781 ostendit.
2788 773 2789 776 η

2301 816 2464 874 Vens.
2514 817 2566 874 9.
2612 847 2682 858 —
2715 817 3144 874 Inebriabuntur.
3192 818 3316 892 (ln.)
3356 818 3476 877 Non
3510 829 3704 891 potest
3753 838 3839 880 res

2229 911 2480 982 exprimi,
2511 910 2605 966 sed
2637 925 2738 982 per
2759 911 2901 968 hanc
2923 913 3329 969 similitudinem
3361 912 3563 979 innuit,
3597 921 3664 968 ut
3687 913 3838 985 pleni

2227 1010 2464 1058 mentem
2512 1002 2764 1072 perdant,
2816 1020 2884 1060 ne
2927 1020 3056 1061 suos
3100 1005 3213 1077 jam
3266 1013 3568 1076 agnoscant
3623 1014 3836 1075 patres,

2225 1096 2397 1164 filios,
2427 1106 2758 1168 caeterosque
2785 1099 3008 1156 amicos.
3040 1099 3157 1166 Vel,
3190 1107 3320 1154 tunc
3345 1100 3398 1153 in
3443 1114 3505 1154 re
3536 1099 3714 1164 ebrii,
3743 1101 3832 1168 qui

2225 1189 2385 1244 modo
2410 1199 2651 1259 sperant.
2695 1186 2963 1244 Torrente.
2997 1189 3160 1258 Quasi
3189 1208 3202 1244 :
3233 1190 3472 1260 Impetus
3507 1191 3622 1244 erit
3646 1191 3834 1260 gratia

2223 1287 2278 1334 et
2307 1279 2691 1335 misericordiae
2730 1279 2798 1334 ad
2836 1279 3198 1337 inebriandos.
3235 1280 3356 1352 (In.)
3391 1280 3676 1336 Torrente.
3721 1280 3834 1337 Non

2222 1383 2283 1430 ut
2309 1374 2616 1429 transitoria
2640 1375 2711 1430 sit
2732 1375 3034 1441 beatitudo,
3053 1377 3144 1432 sed
3167 1375 3404 1447 c0piosa.
3425 1375 3551 1440 Vel,
3573 1375 3832 1432 voluntas

2222 1473 2311 1518 tua
2335 1464 2386 1518 in
2413 1463 2630 1520 homine
2659 1464 2840 1520 omnia
2868 1466 3066 1536 rumpit
3088 1464 3384 1520 obstacula.
3403 1463 3530 1532 Vel,
3555 1467 3830 1536 sapientia

2219 1555 2420 1612 Christi
2443 1563 2675 1621 torrens,
2699 1557 2826 1626 quia
2853 1557 3028 1612 subita
3059 1565 3113 1612 et
3143 1558 3346 1629 rapida.

2290 1645 2452 1701 Vens.
2486 1646 2574 1701 10.
2605 1677 2677 1689 ——
2702 1644 2965 1712 Quoniam
2994 1647 3136 1718 apud
3161 1657 3209 1701 te
3228 1657 3302 1702 est
3329 1646 3449 1716 fons
3471 1646 3617 1702 uitta.
3656 1646 3826 1718 (Cas)

2217 1736 2370 1809 Apud
2395 1746 2458 1801 te,
2492 1735 2725 1802 Christe,
2755 1746 2830 1792 est
2852 1737 2987 1807 fons,
3011 1737 3064 1792 id
3086 1746 3188 1803 est,
3221 1737 3431 1792 initium
3455 1736 3652 1792 omnis
3671 1737 3824 1802 boni;

527 1837 683 1894 carni
709 1835 894 1890 obedit
915 1849 1020 1887 non
1045 1831 1176 1896 Deo,
1201 1845 1323 1884 cum
1355 1827 1494 1881 ratio
1521 1823 1666 1878 aliud
1689 1825 1948 1888 insinuet,
1970 1822 2114 1892 quod
2141 1830 2190 1892 Β
2216 1837 2270 1882 et
2297 1830 2352 1884 in
2375 1837 2465 1882 tuo
2503 1828 2729 1896 lumine,
2769 1829 2894 1898 quia
2918 1845 3014 1899 per
3040 1829 3154 1900 ejus
3184 1830 3642 1901 praedicationem
3674 1831 3823 1887 vide

528 1929 714 1984 videat
739 1928 880 1982 Deus
927 1924 1029 1980 etsi
1075 1937 1183 1977 non
1210 1921 1375 1974 alius:
1408 1918 1511 1984 vel,
1543 1915 1688 1988 quod
1713 1915 1860 1970 videt
1889 1915 2002 1984 ipse
2027 1914 2111 1968 in-

524 2019 724 2092 iustus,
753 2034 782 2072 a
816 2018 927 2072 Deo
948 2015 1071 2080 scit,
1103 2021 1164 2068 ut
1190 2011 1496 2066 inveniatur
1521 2008 1729 2078 ab'ipso
1754 2007 1945 2062 eodem
1971 2005 2115 2075 quod

527 2113 786 2182 iniquitas
815 2124 909 2166 sua
929 2116 1013 2164 est
1033 2106 1278 2162 habenda
1314 2102 1436 2158 odio
1458 2101 1598 2173 apud
1632 2099 1802 2155 Deum
1844 2107 1900 2155 et
1924 2113 2115 2156 omnes

524 2205 794 2262 homines.

593 2295 720 2368 (ιν.)
745 2293 948 2361 Primo,
971 2291 1167 2348 asserit
1188 2289 1326 2344 mala
1351 2303 1471 2345 esse
1498 2303 1567 2344 ex
1591 2286 1829 2343 homine.

592 2389 756 2446 Vens.
781 2389 838 2444 2.
865 2419 935 2430 —
956 2387 1104 2442 Dixit
1135 2384 1394 2455 injustas,
1435 2391 1542 2438 etc.
1595 2380 1795 2454 (Cass.)
1841 2378 1956 2435 Duo
1989 2385 2115 2434 sunt

521 2497 718 2556 genera
757 2477 1130 2553 peccantiumlz
1172 2478 1297 2550 quia
1329 2475 1414 2533 vel
1445 2475 1757 2530 inﬁrmitate
1795 2471 1976 2529 carnis
2003 2487 2112 2528 non

519 2580 747 2644 possunt
775 2571 929 2643 sequi
967 2569 1116 2639 jussa
1145 2567 1307 2640 legis;
1350 2565 1434 2620 vel
1467 2562 1767 2633 blasphemi
1809 2561 1902 2632 qui
1943 2561 2113 2617 libere

518 2670 766 2736 peccant,
796 2661 950 2732 quasi
979 2660 1122 2715 Deus
1142 2674 1248 2715 non
1273 2665 1425 2712 curet
1446 2655 1580 2720 hoc;
1623 2654 1765 2710 unde
1789 2661 1871 2709 est
1899 2667 1914 2707 :
1938 2651 2109 2720 Dixit,

2217 1937 2341 1977 mus
2371 1921 2551 1977 lumen
2595 1919 2775 1977 Patris
2807 1930 2863 1976 et
2910 1919 3147 1992 Spiritus
3193 1921 3388 1989 sancti,
3439 1929 3497 1978 et
3531 1921 3664 1977 ideo
3697 1939 3824 1994 pra-

2215 2014 2388 2082 tende,
2425 2023 2486 2070 ut
2513 2015 2567 2070 in
2593 2015 2699 2070 hoc
2720 2013 2919 2070 seeculo
2958 2014 3124 2070 tutius
3155 2021 3329 2070 eatur.

2710 2146 3034 2204 PSALMUS
3065 2145 3306 2203 XXXVI.

2285 2282 2485 2356 (Cass.)
2513 2281 2760 2340 Psalmus
2791 2283 3006 2351 tertius,
3029 2283 3297 2356 alphabeti
3327 2282 3682 2357 imperfectio
3709 2303 3723 2341 :
3747 2299 3820 2344 to-

2217 2381 2304 2428 tus
2335 2375 2402 2429 de
2428 2375 2762 2430 correctione
2798 2390 3030 2431 morum.

2281 2465 2448 2522 Vsus.
2483 2467 2536 2522 1.
2566 2497 2636 2508 -
2660 2465 2907 2523 Psalmus
2936 2467 3127 2525 David.
3156 2467 3404 2527 Psalmus
3429 2470 3524 2527 hic
3555 2478 3644 2528 est
3664 2472 3816 2543 quasi

2211 2559 2376 2615 vestis
2400 2558 2624 2628 Christi,
2667 2576 2787 2632 qua:
2815 2569 2986 2618 totum
3028 2577 3223 2634 corpus
3251 2563 3367 2636 ejus
3408 2567 3631 2637 operiat
3669 2582 3808 2637 pre-

2213 2653 2405 2724 eeptis,
2435 2662 2492 2709 et
2512 2663 2760 2728 protegat
2782 2657 2849 2711 ab
2878 2656 3145 2724 adversis,
3172 2667 3227 2714 et
3256 2660 3411 2729 quasi
3447 2660 3574 2715 sinu
3604 2661 3814 2718 consilii

517 2764 626 2812 etc.
652 2754 834 2828 (Λυα.)
863 2753 1168 2823 Descriptio
1197 2751 1366 2820 iniqui
1396 2749 1516 2803 viri.
1550 2747 1673 2803 Non
1702 2757 1778 2802 est
1808 2746 1966 2802 timor
1987 2745 2106 2800 Dei.
2177 2738 2408 2801 \foveat.
2432 2744 2586 2803 Potio
2599 2755 2790 2804 contra
2812 2747 2931 2804 illos
2959 2748 3054 2818 qui
3082 2759 3424 2806 murmurant
3449 2752 3517 2808 de
3547 2751 3688 2808 ﬂore
3707 2769 3812 2809 ma-

519 2847 693 2922 (Cas.)
730 2847 869 2916 Quia
897 2847 1052 2904 dolus
1091 2845 1263 2902 noluit
1285 2843 1502 2901 studere
1528 2842 1654 2916 legi,
1686 2857 1792 2914 qua
1820 2857 1920 2914 per
1959 2842 2110 2915 igno-

517 2943 755 2998 rantiam
797 2950 1107 2997 excusetur.

586 3033 753 3089 Vsus.
776 3033 830 3088 3.
852 3061 924 3074 --
941 3031 1202 3099 Quoniam
1225 3030 1421 3086 dolose.
1450 3026 1634 3101 (AUG.)
1655 3025 1805 3083 Multi
1829 3026 2110 3098 inquirunt

2209 2838 2404 2907 lorum,
2430 2838 2614 2896 labore
2628 2840 2916 2909 bonorum,
2938 2843 3091 2913 quasi
3115 2843 3295 2898 omnia
3317 2858 3450 2899 casu
3472 2855 3738 2915 agantur,
3759 2855 3813 2901 ut

2208 2934 2430 3000 mundo,
2459 2942 2640 3005 spreto
2670 2935 2803 3002 Deo,
2839 2934 3171 2991 adhaereant.
3221 2933 3404 2992 Monet
3428 2936 3604 3008 igitur
3627 2937 3810 2994 Eccle-

2209 3029 2288 3084 sia
2316 3043 2386 3085 ne
2410 3028 2533 3099 quis
2557 3028 2920 3100 malignantes
2958 3028 3219 3097 imitetur,
3258 3029 3356 3086 sed
3383 3031 3653 3102 quidquid
3687 3031 3809 3088 boni

516 3125 830 3197 iniquitates
877 3141 1038 3193 suas,
1069 3135 1198 3192 etc.,
1229 3138 1392 3196 usque
1431 3121 1501 3177 ad
1528 3135 1634 3180 nec
1673 3130 2002 3178 excusantur
2039 3120 2108 3178 de
2147 3193 2173 3197 _
2209 3129 2499 3192 speratur,
2552 3135 2588 3176 a
2633 3117 2864 3177 Domino
2899 3120 3207 3191 postuletur
3232 3162 3250 3190 ,
3297 3123 3389 3194 qui
3419 3122 3710 3195 profutura
3759 3134 3811 3180 et

516 3220 844 3294 ignorantia.

584 3309 749 3367 Vens.
789 3309 846 3365 4.
885 3339 956 3351 —-
1009 3307 1198 3364 Verba.
1257 3306 1379 3381 (In).
1428 3305 1680 3365 Ostendit
1728 3304 2104 3377 iniquitatem,

515 3413 644 3471 etc.,
669 3419 832 3475 usque
857 3402 927 3457 ad
971 3409 1032 3456 ut
1053 3401 1191 3457 bene
1210 3407 1416 3473 ageret.

583 3493 747 3551 Vsus.
779 3494 835 3550 5.
857 3524 924 3535 —
946 3493 1017 3548 In
1040 3491 1218 3548 cubili.
1248 3492 1307 3549 ld
1343 3499 1445 3559 est,
1473 3491 1533 3548 in
1555 3491 1740 3560 corde,
1782 3491 1837 3547 in
1867 3505 1978 3564 quo
2001 3491 2104 3548 sibi

514 3588 1035 3660 complaeentopera
1076 3586 1246 3653 mala;
1280 3594 1336 3642 et
1379 3586 1481 3642 hoc
1499 3592 1600 3653 est,
1631 3585 1795 3641 astitit
1821 3586 1962 3641 omni
1985 3586 2099 3653 vite,

513 3697 634 3740 cum
649 3681 826 3738 studio
839 3690 894 3736 et
907 3696 1078 3736 mora:
1097 3679 1302 3736 invenit
1313 3678 1556 3750 quidem,
1567 3687 1623 3734 et
1638 3676 1796 3734 scivit
1808 3692 1929 3734 esse
1940 3676 2100 3744 mala,

514 3775 606 3832 sed
631 3783 812 3831 tamen
837 3789 946 3830 non
985 3773 1175 3829 odivit.
1217 3771 1425 3827 Noluit.
1454 3771 1637 3844 (Auc.)
1673 3769 1792 3826 Non
1830 3771 1976 3842 quod
1995 3785 2104 3827 non

513 3867 716 3940 potuit;
753 3867 1109 3937 perniciosius
1146 3865 1259 3938 agit
1302 3874 1490 3922 contra
1535 3866 1772 3936 seipsum
1823 3865 1916 3936 qui
1959 3864 2106 3936 quod

513 3967 689 4031 potest
709 3974 818 4014 non
841 3961 970 4015 vult.
995 3959 1135 4016 Sunt
1155 3960 1300 4014 enim
1320 3959 1564 4028 quaedam
1589 3974 1728 4030 quae,
1760 3958 1864 4014 etsi
1892 3957 2102 4026 volunt.

513 4068 619 4109 non
645 4052 944 4123 intelligere
963 4053 1209 4108 homines
1228 4059 1476 4122 possunt,
1499 4059 1588 4106 ut:
1616 4050 1686 4106 In
1709 4053 1968 4124 principio
1988 4060 2103 4107 erat

517 4145 763 4214 Verbum,
821 4155 877 4203 et
906 4155 966 4202 ut
993 4157 1171 4203 tamen
1197 4147 1334 4203 bene
1361 4155 1608 4218 agerent,
1644 4147 1948 4220 intelligere
1975 4163 2103 4220 pos-

510 4249 654 4296 sunt.
679 4239 747 4294 In
780 4239 939 4295 cubili
968 4256 1084 4294 suo.
1116 4237 1238 4312 (ln.)
1280 4237 1337 4294 Id
1367 4246 1470 4304 est,
1501 4239 1684 4306 corde,
1715 4239 1808 4296 ubi
1848 4241 2107 4312 praecepit

511 4332 769 4388 Dominus
792 4346 954 4388 orare
977 4331 1163 4388 clauso
1184 4332 1343 4396 ostio,
1371 4340 1502 4398 etc.,
1533 4349 1696 4405 usque
1717 4334 1787 4390 ad
1815 4336 2101 4407 sapientia,

511 4428 722 4485 scilicet
748 4428 948 4491 carnis,
977 4443 1096 4497 qua:
1117 4436 1201 4482 est
1228 4426 1446 4483 inimica
1471 4429 1603 4485 Deo.

585 4519 752 4576 Vsus.
793 4520 932 4575 6.—
954 4519 1191 4585 Domine,
1222 4522 1274 4576 in
1311 4521 1459 4576 caelo.
1494 4523 1695 4596 (Cass.)
1719 4524 1869 4580 Bona
1897 4541 1965 4581 ex
1989 4527 2098 4582 Deo

510 4625 606 4682 per
642 4610 1089 4666 misericordiam.
1120 4609 1280 4677 Quasi
1331 4612 1503 4668 dicat:
1535 4612 1672 4668 Mala
1712 4623 1838 4670 sunt
1885 4630 1951 4669 ex
2001 4615 2098 4670 ho-

509 4703 676 4766 mine,
705 4702 797 4756 sed
836 4702 975 4757 bona
1006 4717 1075 4756 ex
1114 4703 1502 4758 misericordia.
1527 4703 1571 4760 0
1605 4703 1853 4770 Domine,
1898 4705 1950 4759 in
1987 4704 2095 4772 his,

509 4797 598 4866 qui
629 4794 811 4850 caelum
842 4804 988 4862 sunt,
1019 4795 1071 4851 id
1100 4805 1204 4861 est,
1233 4812 1433 4852 arcana
1469 4797 1721 4863 scientes,
1757 4807 1842 4853 est
1884 4799 2098 4854 miseri-

510 4870 691 4941 cordia
719 4894 807 4941 tua
836 4906 847 4941 :
877 4897 932 4943 et
954 4887 1096 4958 quod
1128 4887 1228 4959 ipsi
1257 4897 1382 4944 sunt
1412 4887 1592 4953 nubes,
1632 4895 1716 4943 est
1747 4901 1777 4940 a
1806 4893 1877 4941 te.
1911 4886 2094 4962 (Auc.)

509 4974 610 5031 Vel
631 4977 685 5030 in
712 4976 859 5043 caelo,
887 4977 939 5033 id
975 4987 1076 5044 est,
1105 4978 1494 5043 misericordia,
1521 4986 1648 5044 etc.,
1676 4995 1839 5050 usque
1864 4977 1934 5032 ad
1959 4996 2096 5036 nun-

513 5070 611 5122 tiat
631 5085 762 5124 vero
788 5071 951 5125 missa
975 5069 1201 5124 veritate
1229 5085 1348 5124 sua.

585 5157 755 5232 Usque
794 5161 863 5214 ad
911 5162 1088 5215 nubes.
1130 5161 1186 5215 ld
1225 5170 1309 5216 est
1354 5163 1762 5231 praedicatores,
1808 5178 1906 5234 per
1961 5178 2100 5234 quos

513 5259 664 5326 tonat
708 5252 848 5306 Deus
878 5252 1191 5317 nuntiando,
1216 5264 1470 5310 coruscat
1503 5255 1800 5323 miraculis,
1834 5255 1971 5326 pluit
2007 5255 2096 5310 do-

511 5344 722 5402 ctrinis.
751 5345 850 5414 Qui
893 5355 1017 5402 sunt
1049 5346 1212 5402 etiam
1239 5357 1470 5413 montes,
1495 5363 1633 5417 quos
1668 5348 1820 5418 prius
1858 5346 1938 5402 sol
1978 5345 2097 5403 luce

509 5437 692 5502 vestit,
725 5451 844 5506 qua:
877 5446 1018 5507 post,
1045 5437 1110 5492 de
1145 5438 1224 5494 eis
1244 5447 1300 5494 et
1337 5439 1382 5493 si
1415 5455 1520 5492 non
1559 5438 1628 5494 ab
1662 5438 1763 5500 eis,
1796 5438 1861 5491 ad
1909 5436 2096 5494 intima

509 5526 726 5581 vallium
758 5527 1067 5584 descendit:
1093 5529 1328 5584 ministri
1363 5528 1509 5583 enim
1537 5535 1666 5582 sunt
1693 5527 1974 5594 doctrinm,
2001 5527 2097 5583 sed

508 5614 655 5675 Deus
693 5618 977 5676 illuminat.

585 5707 744 5766 Vnus.
785 5711 837 5766 7.
861 5713 1160 5767 -—Jndicia
1199 5723 1310 5768 tua.
1347 5711 1526 5785 (And)
1570 5711 1722 5779 Quod
1761 5713 1952 5768 horum
1995 5710 2094 5766 mi-

517 5805 739 5873 Sereris,
770 5807 869 5862 hos
897 5822 1173 5874 exeaecas;
1200 5807 1333 5864 nulli
1363 5807 1721 5880 sunt-penitus
1742 5807 2089 5864 scrutabilia:

2129 3193 2176 3258 (ἶ
2206 3222 2408 3272 aeterna
2442 3214 2555 3270 dat.

2281 3305 2450 3362 Vens.
2498 3307 2556 3362 2.
2605 3335 2676 3348 —
2719 3304 2883 3364 Olera
2930 3306 3230 3364 herbarum.
3290 3305 3474 3381 (Αυε.)
3512 3307 3682 3366 Modo
3729 3319 3806 3366 ea

2207 3401 2405 3466 hiems,
2439 3407 2575 3468 etc.,
2625 3415 2792 3472 usque
2838 3399 2910 3456 ad
2935 3400 3063 3472 quia
3091 3401 3332 3458 nondum
3361 3403 3622 3474 apparuit
3665 3405 3809 3475 quod

2205 3509 2430 3551 erimus.

2276 3584 2459 3658 (Auc.,
2490 3585 2672 3659 Cass.)
2701 3585 2863 3644 Olera
2895 3602 3003 3643 non
3037 3587 3340 3657 hortorum,
3364 3589 3462 3646 sed
3488 3589 3809 3659 herbarum,

2204 3679 2259 3736 id
2276 3688 2382 3748 est,
2395 3679 2680 3748 vilissima,
2701 3696 2822 3752 qua:
2841 3696 2940 3753 per
2951 3695 3111 3754 agros
3131 3691 3324 3753 sponte
3348 3683 3805 3750 nascunturJ’e-

2205 3789 2354 3840 num,
2397 3772 2626 3839 nobiles,
2673 3773 2765 3845 qui
2813 3773 2973 3830 facile
3017 3774 3347 3845 proﬁciunt;
3392 3776 3563 3840 olera,
3595 3779 3801 3836 medio-

2204 3881 2331 3923 cres
2358 3884 2372 3919 :
2406 3865 2502 3922 sed
2527 3873 2583 3922 et
2603 3865 2680 3922 illi
2710 3866 2820 3922 cito
2845 3875 3116 3933 arescunt,
3145 3874 3200 3922 et
3225 3866 3280 3922 hi
3307 3866 3590 3923 decidunt.

2275 3957 2440 4014 Vens.
2472 3958 2526 4013 8.
2552 3989 2622 4000 ——
2654 3957 2868 4014 Desine.
2900 3956 3083 4031 (Aue.)
3115 3957 3200 4014 Ira
3244 3958 3457 4026 subita,
3489 3959 3650 4017 furor
3687 3963 3806 4017 diu.

2202 4051 2388 4114 tinus;
2431 4050 2526 4106 sed
2563 4059 2792 4121 utraque
2840 4052 3140 4109 deserenda
3165 4092 3181 4120 ,
3231 4067 3330 4122 per
3357 4067 3480 4123 qua:
3519 4065 3803 4124 peccatur.

2203 4141 2406 4215 (ωδε.)
2437 4140 2551 4196 Hoc
2573 4142 2770 4198 dicitur
2791 4142 2842 4198 ei
2859 4143 2952 4213 qui
2983 4143 3160 4200 adhuc
3184 4142 3452 4211 infirmus,
3482 4154 3620 4213 etc.,
3643 4165 3806 4220 itaque

2203 4236 2274 4290 ad
2296 4233 2545 4290 faciendo
2569 4235 2638 4289 ad
2667 4243 2878 4305 tempus
2903 4233 3079 4292 lloret.

2274 4327 2438 4382 Vens.
2483 4325 2569 4381 10.
2595 4357 2668 4367 --
2693 4325 2760 4380 Et
2788 4327 2961 4381 adhuc
3001 4329 3275 4400 pusillum,
3305 4337 3412 4386 etc.
3445 4330 3640 4404 (Auc.)
3680 4334 3807 4389 Pist

2202 4424 2362 4480 istam
2377 4422 2541 4478 vitam
2571 4437 2811 4494 parvam,
2839 4430 2970 4489 etc.,
2999 4439 3161 4496 usque
3189 4423 3259 4479 ad
3274 4439 3376 4482 nec
3399 4439 3654 4483 vermem
3677 4445 3806 4484 eon-

2203 4517 2446 4574 scientize
2474 4516 2816 4573 corrodentis
2843 4516 3135 4574 sentiebat.

2273 4610 2438 4667 Vens.
2469 4611 2556 4666 12.
2587 4642 2658 4653 —
2694 4609 3018 4678 Observabit,
3045 4621 3151 4670 etc.
3185 4613 3385 4688 (Cass.)
3427 4615 3585 4674 Dicto
3605 4661 3622 4684 ,
3663 4620 3804 4692 quod

2198 4699 2323 4758 boni
2353 4716 2458 4756 non
2485 4702 2685 4758 debent
2708 4701 2878 4759 malos
2905 4703 3165 4769 aemulari,
3189 4713 3318 4774 etc.,
3350 4723 3515 4779 usque
3541 4712 3620 4764 ad
3641 4728 3803 4768 cona-

2200 4803 2292 4850 tur
2325 4794 2593 4850 occidere.

2269 4887 2434 4943 Vsus.
2465 4886 2552 4942 15.
2572 4886 2923 4944 —Dominus
2953 4898 3162 4956 autem,
3193 4897 3298 4947 etc.
3325 4890 3450 4963 (ln.)
3484 4893 3580 4950 Sic
3623 4907 3686 4952 et
3711 4913 3806 4956 nus

2193 4978 2440 5035 videntes
2457 4979 2731 5050 perituros
2747 5020 2762 5046 ,
2788 4979 3116 5037 irrideamus
3133 4992 3190 5038 et
3213 4991 3510 5052 praesentes
3525 5025 3542 5050 ,
3574 4989 3807 5057 grandis

2197 5071 2516 5139 consolatio.

2269 5163 2435 5218 Vens.
2470 5163 2556 5218 14.
2593 5194 2666 5204 -
2700 5161 2977 5228 Gladium,
3016 5173 3121 5221 etc.
3170 5163 3292 5237 (ln.)
3333 5166 3392 5222 Si
3437 5183 3622 5238 neque
3659 5171 3802 5226 blan-

2203 5253 2352 5310 ditiis
2379 5269 2554 5324 neque
2583 5254 2745 5310 minis
2765 5263 2908 5326 aget,
2940 5271 3101 5327 pinna
3129 5257 3455 5329 aggreditur.
3505 5258 3566 5314 Si
3591 5275 3704 5316 nec
3727 5262 3802 5317 sic

2201 5346 2455 5418 prolicit,
2508 5346 2793 5402 insidiatur
2849 5347 3021 5413 dolis,
3090 5348 3308 5420 quando
3348 5349 3487 5406 bene
3521 5350 3804 5422 hiquendo

2203 5439 2343 5494 mala
2375 5439 2621 5494 intendit.
2663 5491 2672 5498 ,

2273 5535 2440 5589 Vsus.
2470 5535 2555 5589 16.
2586 5565 2656 5575 -
2682 5533 2874 5590 Melius
2900 5545 3010 5602 est,
3048 5545 3156 5593 etc.
3197 5537 3322 5609 (ln.)
3363 5535 3532 5591 Paulo
3570 5548 3704 5593 ante
3733 5538 3798 5594 th

2203 5628 2410 5683 malitia
2433 5638 2488 5682 et
2511 5629 2830 5684 sustinentia
2858 5647 2869 5680 :
2902 5630 2990 5686 hic
3009 5629 3076 5684 de
3097 5631 3298 5685 divitiis
3325 5639 3378 5685 et
3410 5641 3761 5699 paupertate.

2273 5719 2435 5774 Vens.
2466 5721 2547 5775 17.
2578 5751 2649 5760 ——
2677 5718 2964 5790 Conﬁrmat
2996 5731 3190 5788 autem,
3212 5733 3316 5777 etc.
3348 5722 3527 5793 (Αυε.)
3558 5721 3796 5776 Maxime

2199 5827 2298 5884 per
2325 5813 2631 5886 exemplum
2677 5814 2856 5870 crucis
2891 5829 3021 5870 suae.
3071 5814 3218 5870 Crux
3238 5815 3382 5870 enim
3405 5814 3608 5870 Christi
3631 5814 3790 5869 ﬁnita
