3982 6352
192 354 299 448 897

1227 378 1496 440 CLOSSA
1534 374 1932 437 ORDINARIA.
1971 407 2042 418 —
2077 375 2205 432 LIB.
2246 373 2493 433 PSALM.

190 509 280 559 est
323 499 379 556 in
401 513 585 570 poena,
616 505 674 556 et
695 503 879 554 manet
919 495 974 551 in
1020 492 1192 566 gloria
1219 507 1234 547 :
1264 507 1294 547 a
1323 491 1457 548 locis
1475 490 1622 547 enim
1646 505 1771 561 sup-
1794 497 1849 557 Α
1873 489 2124 554 attendit,
2155 489 2248 544 sed
2277 489 2594 555 novissima,
2629 495 2759 555 etc.,
2787 504 2949 561 usque
2993 489 3062 544 ad
3090 491 3179 546 cui
3207 489 3325 550 haec
3343 494 3457 552 vir-

188 591 479 665 pliciorum
516 589 706 644 transit
736 587 803 642 ad
833 585 1036 643 frontes
1059 585 1462 654 imperatorum.

264 680 429 736 Vens.
463 681 546 737 18.
568 709 640 722 -—
659 677 727 732 In
747 677 925 732 diebus
945 674 1121 747 famis.
1148 671 1349 745 (Cass.)
1379 672 1437 726 Id
1461 679 1566 738 est,
1595 670 1650 726 in
1672 669 1774 726 hac

189 777 327 848 vita,
354 784 486 842 etc.,
516 789 678 845 usque
715 771 784 825 ad
813 777 1014 840 quanto
1041 767 1164 839 plus
1196 765 1497 832 elevantur,
1523 771 1673 820 tanto
1697 763 1775 820 ci-

193 869 301 927 tius
328 876 389 923 ut
420 864 602 920 fumus
627 861 894 919 deﬁcient.

261 960 426 1016 Vens.
482 955 572 1010 21.
632 983 703 995 -
755 949 1104 1006 Mutuabitur.
1153 946 1297 1021 (11).)
1342 945 1503 1002 Audit
1547 945 1772 1002 verbum

189 1051 309 1116 Dei,
336 1065 444 1106 non
484 1045 660 1102 reddit
693 1041 963 1116 operibus.
1004 1040 1074 1096 Et
1103 1056 1208 1095 non
1231 1037 1407 1094 solvet.
1443 1037 1501 1092 1d
1529 1047 1640 1101 est,
1666 1050 1773 1090 non

188 1140 372 1201 reddit
412 1136 668 1209 operibus
713 1133 855 1204 quod
895 1132 1078 1187 auditu
1109 1129 1366 1200 percepit.
1420 1127 1700 1182 Miseretur
1723 1133 1774 1181 et

189 1232 460 1296 retribuet,
493 1237 600 1285 etc.
646 1227 724 1284 De
751 1225 837 1282 his
856 1240 975 1296 qua:
1000 1223 1215 1296 accipit,
1246 1230 1374 1288 etc.,
1402 1235 1562 1293 usque
1587 1220 1656 1275 ad
1685 1232 1773 1275 se-

190 1323 380 1394 quitur
412 1319 656 1391 largitas.

261 1413 428 1468 Vens.
454 1411 545 1467 25.
569 1441 642 1452 —
669 1408 911 1464 Crassus.
957 1404 1083 1480 (11).)
1129 1403 1232 1474 Qui
1278 1419 1375 1474 per
1407 1418 1467 1461 se
1509 1403 1774 1470 tortuosi,

189 1503 318 1576 quia
346 1503 400 1558 in
431 1501 670 1572 peccatis
709 1499 843 1554 nati.
907 1495 1054 1551 Viam
1077 1495 1210 1567 ejus.
1259 1493 1440 1567 (Αυθ.)
1469 1493 1570 1550 Via
1615 1502 1776 1550 terra:

189 1611 302 1653 non
328 1596 485 1660 dura,
538 1591 634 1648 sed
677 1589 978 1646 latronibus
1005 1588 1162 1658 plena
1189 1595 1310 1643 est:
1361 1585 1468 1654 vel,
1511 1585 1655 1640 viam
1678 1585 1776 1640 ho-

191 1691 356 1747 minis
382 1689 529 1745 volet
549 1688 711 1744 Deus.

263 1782 430 1839 Vens.
475 1780 568 1836 25.
608 1809 682 1821 --
715 1777 910 1834 Junior
958 1775 1060 1847 fui,
1103 1783 1209 1832 etc.
1254 1771 1380 1849 (11).)
1423 1770 1645 1829 Tractat
1683 1771 1775 1828 hic

1876 588 1963 636 tus
1984 589 2086 646 est,
2115 581 2234 638 loco
2254 581 2399 637 beati
2424 583 2661 652 ponitur.

1867 675 1873 680 ’
1944 673 2106 728 Vens.
2140 672 2229 728 57.
2252 703 2325 714 -
2352 671 2626 744 Reliquiae.
2654 673 2800 730 Bona
2823 690 2943 745 quae
2963 683 3085 745 post
3118 677 3259 734 hanc
3286 677 3455 739 vitam

1872 764 2262 836 relinquentur,
2289 765 2373 820 vel
2399 765 2659 821 memoria
2690 765 2829 821 bona
2851 775 2975 837 post
3004 767 3228 824 obitum.

1945 854 2110 911 Vens.
2159 856 2248 912 59.
2295 887 2368 897 —
2411 855 2568 912 Salus
2613 867 2786 915 autem
2810 859 3079 930 justorum
3129 877 3162 914 a
3205 859 3451 918 Domino.

1874 945 2002 1003 Haec
2038 947 2218 1004 omnia
2261 946 2442 1018 iustis,
2483 957 2652 1006 totum
2683 959 2863 1006 tamen
2905 967 2937 1007 a
2966 953 3098 1020 Deo,
3149 963 3204 1010 et
3242 953 3452 1028 colligit

1875 1039 2208 1094 summatim.

2355 1131 2674 1192 PSALMUS
2711 1133 2972 1192 XXXVII.

1948 1225 2112 1281 Vens.
2145 1225 2196 1280 1.
2220 1255 2291 1267 ——
2327 1225 2575 1282 Psalmus
2618 1226 2790 1282 David
2833 1231 2889 1284 in
2917 1233 3343 1289 rememoratione
3389 1235 3454 1290 de

1875 1315 2110 1372 sabbato.
2153 1315 2348 1390 (Aue.,
2381 1316 2558 1392 Cass.)
2589 1317 2660 1374 Ut
2685 1330 2966 1389 peccatum
2993 1362 3008 1389 ,
3057 1323 3199 1394 quod
3227 1341 3454 1396 prorsus

1875 1405 2063 1480 fugere
2091 1409 2396 1478 nequimus,
2423 1423 2636 1481 semper
2666 1411 2722 1466 in
2745 1412 3007 1469 memoria
3047 1413 3365 1481 habeamus,
3393 1424 3457 1472 ut

1875 1515 1976 1557 nos
1999 1501 2068 1556 ab
2095 1516 2161 1557 eo
2189 1501 2380 1557 saltem
2402 1511 2785 1574 temperemus,
2813 1505 2904 1560 hic
2942 1506 3273 1575 poenitentiae
3298 1507 3454 1564 indu-

1875 1591 1950 1646 cit
1975 1591 2158 1646 multis
2183 1591 2358 1648 modis
2383 1592 2684 1649 cruciatum
2706 1635 2722 1661 ,
2767 1595 2842 1649 ita
2870 1603 2930 1651 ut
2957 1595 3130 1666 ipsum
3149 1595 3249 1653 Job
3271 1597 3454 1654 videa-

1875 1688 1965 1736 tur
1986 1696 2290 1753 proponere
2334 1682 2603 1740 tironibus
2632 1684 2688 1740 in
2714 1685 3043 1757 exemplum,
3087 1696 3146 1742 ut
3184 1687 3453 1744 cruciatus

1877 1771 2288 1843 amplectantur,
2340 1774 2578 1830 minores
2621 1775 2837 1845 quidem
2885 1777 3112 1844 merit-is,
3152 1773 3349 1850 quibus
3385 1780 3454 1836 ab

186 1874 394 1946 iustum
418 1886 696 1943 nunquam
729 1867 924 1934 deseri,
948 1866 1171 1940 praemia
1198 1866 1462 1922 bonorum
1484 1871 1540 1919 et
1581 1875 1774 1935 poenas
1803 1853 1851 1916 Β
1875 1872 2076 1919 aeterna
2121 1878 2282 1935 paena
2333 1863 2646 1921 liberamur.
2697 1866 2894 1939 (Anc)
2918 1866 3214 1924 Sabbatum
3252 1879 3337 1926 est
3368 1885 3458 1926 re-

191 1965 459 2020 malorum
511 1961 866 2018 commiscens
919 1973 1042 2013 cum
1091 1956 1388 2028 interiectis
1435 1953 1772 2010 adhortatio-

189 2055 372 2111 nibus.
423 2051 608 2126 (Auo.)
655 2049 898 2106 Ecclesia
927 2048 1083 2120 quasi
1136 2041 1276 2102 unus
1321 2048 1484 2102 homo
1512 2045 1772 2116 loquitur,

189 2159 314 2216 qua:
341 2145 396 2199 in
425 2141 617 2214 primis
639 2140 976 2212 temporibus
998 2138 1183 2210 iunior
1204 2136 1335 2201 fuit,
1370 2136 1424 2191 in
1456 2137 1564 2189 line
1593 2133 1774 2190 saeculi

192 2234 395 2302 senuit,
425 2234 481 2287 in
515 2242 724 2288 senecta
761 2229 929 2297 uberi,
969 2229 1094 2299 quia
1132 2243 1231 2298 per
1256 2239 1446 2282 omnes
1484 2232 1672 2297 gentes
1693 2223 1774 2279 di—

189 2332 378 2389 latata.
421 2328 564 2403 (11).)
599 2329 794 2384 Iunior
826 2327 924 2398 fui.
964 2326 1108 2382 Puer
1145 2325 1200 2381 in
1235 2325 1410 2390 Abel;
1457 2324 1510 2379 in
1542 2323 1776 2396 prophe-

189 2425 262 2480 tis
290 2433 345 2480 et
365 2421 693 2496 patriarchis
714 2419 968 2490 juvenis;
1021 2426 1261 2488 tempore
1290 2411 1775 2498 martyrumoquasi

191 2531 396 2583 senex;
455 2517 512 2571 in
558 2513 664 2569 line
713 2511 899 2576 mundi
951 2510 1107 2582 quasi
1164 2511 1220 2564 in
1263 2507 1542 2579 decrepita
1592 2516 1770 2562 aetate.

193 2607 396 2682 (Cass.)
421 2605 636 2672 Iunior,
663 2605 878 2676 quando
901 2603 1054 2658 initia
1078 2602 1211 2674 legis
1240 2603 1296 2658 in
1316 2601 1490 2656 Adam
1519 2599 1769 2671 suscepi;

191 2701 362 2767 απαξ,
399 2714 521 2755 cum
548 2698 604 2754 in
629 2693 938 2753 honorabili
961 2702 1130 2750 astate
1170 2693 1241 2750 ad
1269 2691 1522 2748 ultimum
1557 2688 1773 2761 suscepi

192 2792 489 2850 Christum.

265 2905 428 2960 Vens.
458 2901 552 2958 26.
585 2932 657 2944 —
693 2898 824 2956 Tota
852 2900 939 2955 die
965 2898 1257 2955 miseretur.
1300 2896 1420 2962 Vel,
1451 2896 1517 2953 de
1541 2894 1774 2951 eleemo-

187 3011 329 3070 syna
353 2996 506 3061 dicit,
534 3009 654 3065 quae
701 3009 732 3048 a
763 2991 1134 3048 misericordia
1175 2989 1385 3060 incipit,
1426 2996 1482 3043 et
1510 2995 1632 3058 post
1659 3001 1773 3040 ma-

187 3105 322 3146 num
345 3087 520 3158 aperit
548 3102 562 3139 :
608 3083 710 3151 vel,
743 3083 814 3140 de
837 3081 1224 3154 spiritualibus.

260 3199 429 3256 VBBS-
478 3196 567 3254 93-
612 3225 685 3294 ξς
719 3193 1167 3294 Αφίξί-Ῑυάίθέωη
1215 3199 1264 3245 ⁸³
1305 3187 1615 3294 non_d,erel.i
1618 3196 1771 3294 m1“?
1801 3215 1848 3279 C
1878 3187 2101 3294 iusim-1';

187 3300 398 3348 sanctos
427 3305 570 3346 suos.
608 3287 808 3360 (Cass.)
835 3286 960 3343 ldeo
985 3304 999 3340 :
1030 3292 1085 3341 et
1116 3293 1173 3340 tu
1208 3297 1361 3352 ama,
1387 3291 1448 3338 ut
1481 3281 1638 3338 bonis
1667 3281 1774 3338 tuis

190 3385 450 3459 gaudeas.

265 3500 426 3556 Vens.
485 3498 573 3554 51.
625 3527 696 3539 -—
751 3493 1257 3566 Supplantabuntur.
1314 3490 1458 3563 (11).)
1513 3487 1776 3560 Supplan-

190 3602 341 3659 tare,
371 3600 456 3649 est
480 3591 677 3662 plantis
708 3588 892 3644 foveas
919 3586 1238 3644 insidiarum
1274 3585 1629 3656 praetendere.

264 3707 427 3762 Vens.
486 3704 575 3760 55.
635 3733 707 3745 -
753 3701 1008 3755 Dominus
1063 3707 1236 3752 autent
1284 3696 1410 3770 (11).)
1463 3692 1776 3751 Consolatio

189 3800 355 3873 iusti.
395 3799 462 3854 In
489 3796 730 3852 manibus
765 3795 901 3865 ejus.
931 3791 1113 3865 (Auc.)
1152 3789 1252 3846 Job
1289 3797 1435 3845 terra
1466 3788 1664 3843 tradita
1692 3795 1777 3844 est

190 3893 249 3950 in
280 3906 474 3947 manus
496 3889 668 3960 impii,
700 3887 753 3943 id
775 3895 883 3953 est,
913 3899 1042 3942 caro
1073 3901 1086 3938 :
1130 3883 1224 3938 sed
1245 3882 1483 3937 animam
1511 3881 1774 3936 invictam

189 3981 374 4040 educit
399 3980 544 4036 Deus
563 4019 578 4046 ,
619 3992 688 4033 ne
717 3975 894 4033 cedat.
1685 4049 1690 4062 ι

265 4070 397 4127 Cum
417 4069 766 4142 judicabt'lttr.
803 4065 1000 4140 (Cass.)
1033 4064 1155 4129 Vel,
1187 4079 1294 4121 non
1318 4063 1584 4136 permittit
1625 4061 1776 4118 dam-

189 4164 312 4234 nari
344 4163 548 4232 iustum
579 4175 702 4216 cum
719 4158 1054 4229 iudicabitur
1081 4157 1172 4213 ille
1199 4157 1266 4212 ab
1294 4155 1497 4227 impio;
1545 4153 1648 4220 vel,
1699 4153 1774 4209 illi

188 4253 380 4326 impio,
410 4252 620 4308 scilicet
643 4251 712 4306 ad
740 4249 941 4304 malum
970 4247 1104 4318 eius.

262 4345 426 4401 Vens.
475 4341 566 4398 54.
607 4358 681 4384 —'-
720 4340 792 4396 Et
829 4339 1100 4396 exaltabit.
1153 4336 1278 4411 (11).)
1329 4336 1467 4405 Quia
1511 4351 1621 4393 non
1669 4337 1774 4392 nisi

188 4439 457 4497 exaltatus
509 4436 786 4493 caelestem
823 4441 1002 4506 potest
1054 4431 1320 4489 habitare.
1376 4427 1586 4485 Videbis
1630 4427 1772 4502 (11).)

1875 1955 2030 2027 quies
2081 1956 2422 2023 aeternitatis,
2469 1971 2629 2028 quam
2675 1959 2903 2030 perdere
2951 1958 3203 2016 formidat
3247 1959 3456 2030 peccati

1876 2044 2145 2114 conscius,
2187 2054 2244 2103 et
2266 2045 2470 2103 habere
2493 2048 2765 2105 desiderat
2791 2050 3031 2120 graviter
3055 2051 3304 2107 aictus.

1945 2136 2109 2193 Vens.
2147 2137 2201 2192 2.
2229 2169 2302 2179 —
2323 2138 2576 2206 Domine,
2608 2157 2672 2196 ne
2713 2142 2770 2196 in
2795 2141 2974 2211 furore
3016 2151 3108 2198 tuo
3131 2159 3325 2214 arguas
3348 2160 3452 2200 me.

1874 2227 2138 2296 Primum,
2187 2237 2373 2302 captat
2418 2231 2846 2288 misericordiam
2897 2247 2995 2303 per
3047 2247 3240 2305 pinnas
3302 2251 3456 2292 sum-

1875 2320 2084 2375 matim.
2112 2319 2321 2391 Arguas
2343 2337 2444 2377 me.
2480 2319 2680 2394 (Cass.)
2722 2320 2795 2378 Ut
2813 2337 2975 2392 poena
2999 2323 3122 2378 sita
3151 2323 3459 2382 misericor-

1877 2410 1966 2467 dia
1993 2411 2064 2466 ad
2089 2411 2502 2478 correctionem,
2526 2427 2636 2470 non
2661 2413 2730 2468 ab
2750 2413 2832 2468 ira
2861 2413 2928 2469 ad
2947 2413 3228 2472 ultionem.

1948 2503 2110 2560 Vens.
2139 2505 2195 2561 5.
2218 2535 2294 2547 -
2313 2501 2550 2577 Sagittae.
2589 2503 2771 2578 (Aue.)
2814 2503 3076 2562 Vindictae
3103 2523 3242 2578 quas
3277 2509 3470 2566 mina-.

1873 2596 2022 2653 baris
2063 2594 2214 2664 Adze,
2243 2597 2476 2654 dicenst:
2524 2595 2596 2653 1n
2631 2613 2956 2670 quacumque
2992 2599 3079 2656 die
3106 2599 3454 2669 comederit“,

1874 2699 2042 2745 morte
2068 2691 2382 2746 moriemini.
2441 2689 2579 2758 Quia
2603 2691 2869 2759 comedit,
2906 2691 3086 2748 inlisas
3111 2702 3239 2750 sunt
3277 2703 3333 2750 et
3365 2709 3459 2750 no-

1873 2782 1997 2848 bis;
2030 2789 2215 2838 etnon
2239 2781 2308 2837 ad
2336 2782 2548 2848 horam,
2593 2783 3058 2853 sed'conﬁrmasti,
3103 2791 3164 2840 ut
3189 2785 3264 2840 sit
3285 2801 3462 2856 usque

1874 2875 1929 2931 in
1955 2874 2118 2931 linem
2146 2873 2349 2930 saeculi.
2381 2873 2562 2946 (Aue.,
2601 2873 2780 2948 Cass.)
2808 2874 3070 2940 Quoniam
3089 2876 3314 2947 sagittae.
3341 2874 3454 2930 Nu-

1874 2974 2192 3034 meratquas
2215 2965 2440 3035 patitur,
2471 2972 2603 3031 etc.,
2639 2980 2803 3036 usque
2827 2964 2898 3020 ad
2939 2966 3084 3036 quod
3127 2965 3319 3023 leviter
3355 2981 3455 3038 ρος

1875 3064 1981 3113 test
2013 3057 2155 3112 laedi.

1944 3145 2110 3203 Vens.
2133 3145 2187 3201 4.
2213 3177 2285 3188 -
2307 3147 2432 3202 Non
2463 3155 2538 3203 est
2565 3149 2795 3214 sanitas,
2827 3155 2932 3205 etc.
2957 3148 3147 3218 (Auc.,
3173 3150 3349 3222 Cass.)
3374 3151 3459 3208 ΔΙ)

2106 3253 2136 3292 a
2158 3238 2474 3294 vindictaain
2488 3238 2659 3293 Adam
2681 3247 2901 3295 exertae.
2925 3238 3043 3306 Vel,
3063 3241 3254 3296 timore
3266 3240 3460 3298 futura

1876 3332 1974 3387 ira:
2017 3339 2272 3398 terretur,
2323 3331 2402 3387 sic
2440 3339 2629 3387 utnon
2653 3331 2726 3387 sit
2747 3331 2952 3387 sanitas
2990 3332 3046 3386 in
3073 3347 3274 3388 carne:
3305 3347 3458 3388 more

1873 3424 2188 3490 verecundi,
2233 3424 2326 3495 qui
2370 3423 2567 3479 futuris
2614 3422 2840 3496 ﬂagellis
2875 3422 2988 3494 iam
3015 3423 3290 3497 afﬂigitur.
3339 3423 3455 3492 Vel,

1875 3533 1907 3572 a
1934 3518 2071 3588 facie
2097 3519 2215 3584 ine,
2245 3519 2372 3588 quia
2412 3517 2636 3588 prmvidi
2681 3517 2876 3574 faciem
2915 3517 3030 3585 iraa,
3076 3518 3132 3573 id
3173 3527 3278 3585 est,
3312 3518 3459 3589 quod

1874 3609 2120 3676 minaris,
2151 3625 2219 3666 ne
2245 3610 2459 3666 videam
2491 3610 2647 3664 iram.
2683 3609 2806 3664 Non
2831 3619 2907 3664 est
2933 3625 3061 3682 pax.
3091 3609 3284 3666 Gravis
3306 3611 3459 3668 dolor

1844 3763 1856 3770 κ,
1875 3701 1945 3756 ad
1973 3700 2233 3756 interiora
2263 3701 2510 3772 pervenit
2534 3717 2565 3756 a
2593 3700 2730 3758 facie
2771 3710 3151 3773 peccatorum,
3180 3704 3307 3774 quia
3335 3718 3460 3759 san-

1875 3801 1994 3848 ctus
2015 3808 2178 3863 super
2201 3805 2391 3863 poenas
2416 3793 2658 3864 corporis
2685 3791 2938 3863 amigitur
2965 3793 3225 3863 peccatis,
3258 3803 3457 3864 putans

1875 3899 1934 3940 se
1959 3885 2206 3956 graviora
2236 3887 2454 3940 mereri.
2506 3883 2631 3938 Non
2651 3892 2726 3939 est
2771 3887 2993 3940 sanitas.
3027 3884 3230 3958 (Cass.)
3261 3886 3457 3958 Captat

1874 3977 1966 4033 hic
1985 3977 2414 4033 misericordiam
2447 3992 2476 4030 a
2506 3984 2772 4047 potestate
2791 3976 2991 4045 iudicis
3016 4018 3032 4044 ,
3063 3987 3120 4033 et
3146 3979 3214 4034 ab
3239 3978 3456 4034 infirma

1872 4080 2125 4136 persona.
2190 4066 2314 4121 Non
2362 4077 2436 4122 est
2487 4083 2593 4137 pax
2655 4067 2875 4121 ossibus.
2919 4067 3130 4138 Accipit
3183 4083 3307 4125 ossa
3357 4084 3458 4140 pro

1875 4171 2058 4212 carne.
2101 4156 2168 4212 Et
2197 4158 2420 4228 esponit
2443 4158 2585 4230 quod
2614 4159 2843 4226 dixerat,
2879 4159 3023 4215 aliud
3059 4160 3263 4215 addens
3301 4178 3314 4215 :
3351 4161 3455 4215 sci-

1873 4247 2001 4305 licet
2027 4265 2058 4304 a
2087 4248 2223 4318 facie
2244 4261 2597 4320 peccatorum.

1947 4340 2112 4398 Vens.
2145 4340 2201 4396 5.
2232 4370 2303 4384 —-
2333 4340 2698 4411 Supergressw
2724 4349 2867 4395 sunt.
2900 4338 3082 4411 (Aue.)
3130 4337 3226 4394 Vel
3275 4348 3455 4400 sustu-

1874 4436 2072 4502 lerunt,
2110 4435 2164 4490 id
2189 4443 2290 4499 est,
2329 4433 2457 4502 quia
2505 4432 2762 4502 iniquitas
2787 4432 3017 4488 elevavit
3045 4444 3207 4502 caput
3235 4433 3451 4504 superbi

186 4529 344 4600 Quod
392 4529 554 4586 modo
595 4527 805 4592 credis;
836 4525 1142 4598 dupliciter
1177 4531 1331 4579 notat
1361 4523 1556 4594 gaudia
1604 4523 1774 4578 bono-
1803 4575 1850 4600 ,ι
1877 4535 2066 4582 contra
2085 4524 2277 4589 Deum,
2301 4523 2444 4578 Deus
2473 4515 2736 4596 gravavit,
2768 4530 2828 4578 ut
2847 4521 3020 4590 fasce,
3054 4529 3112 4579 et
3135 4525 3456 4598 compressit

186 4640 312 4682 rum
339 4640 354 4690 ;
391 4622 591 4694 primo,
621 4621 748 4692 quia
793 4629 920 4675 tunc
952 4617 1190 4673 sentient
1226 4615 1281 4670 in
1310 4615 1528 4684 quantis
1551 4613 1662 4669 sint
1680 4615 1769 4684 iu-

188 4713 577 4772 cunditatibus.
619 4712 770 4777 Inde,
797 4710 920 4781 quia
951 4708 1210 4764 videbunt
1229 4720 1416 4777 pmnas
1437 4705 1764 4774 iniquorum,

188 4809 333 4866 unde
375 4805 580 4879 gratior
628 4813 712 4861 est
755 4802 1032 4860 beatitudo
1059 4799 1305 4858 liberatis
1347 4798 1416 4854 ab
1458 4797 1768 4868 huiusmodi

189 4899 427 5047 militis.
461 4989 552 5046 55.
595 5017 663 5033 υ-
707 4986 828 5042 Vidi
875 4988 1094 5059 impium
1131 4983 1595 5059 superexaltatum.
1640 4984 1764 5058 (11).)

187 5068 392 5142 Contra
419 5082 541 5148 hoc,
585 5092 696 5138 etc.
716 5120 732 5148 ,
772 5097 935 5152 usque
981 5080 1052 5134 ad
1082 5079 1170 5136 cui
1213 5077 1438 5150 religato
1475 5076 1626 5134 locus
1671 5092 1770 5134 no-

186 5174 346 5232 cendi
370 5183 456 5231 est
481 5173 711 5230 ablatus.

259 5270 425 5327 Vens.
469 5269 559 5324 56.
587 5298 659 5309 -
687 5265 947 5322 Transiui.
979 5263 1256 5331 Mundum,
1304 5261 1516 5319 meliori
1543 5276 1768 5318 conver-

185 5363 399 5421 satione
424 5362 493 5418 ad
523 5362 692 5417 Deum
737 5359 960 5416 tendens
989 5377 1004 5414 :
1033 5367 1088 5414 et
1110 5357 1220 5414 vidi
1259 5355 1392 5412 nihil
1421 5371 1612 5428 posse,
1641 5370 1764 5411 cum

183 5461 325 5518 nihil
348 5460 530 5516 omnia
551 5457 661 5515 sint
697 5457 750 5512 in
775 5455 970 5526 quibus
991 5455 1155 5510 homo
1185 5451 1462 5524 gloriatur.
1514 5450 1762 5517 Quasivi.

183 5554 246 5611 In
281 5553 601 5610 memoriam
637 5551 864 5607 reduxi:
896 5548 1023 5620 quia
1065 5546 1195 5603 boni
1232 5553 1362 5600 tunc
1389 5544 1560 5616 magis
1587 5542 1770 5599 dolent

184 5648 256 5706 de
291 5646 490 5719 impiis,
533 5645 676 5718 quod
702 5647 770 5701 ab
795 5644 874 5700 eis
908 5650 1033 5699 sunt
1066 5638 1325 5711 separati,
1355 5652 1476 5693 cum
1497 5637 1552 5692 in
1578 5637 1770 5694 melius

186 5739 564 5796 immutantur.
600 5737 783 5792 Lacus.
817 5735 1018 5790 Eorum
1046 5731 1280 5788 mundus
1323 5737 1440 5794 est,
1468 5730 1560 5800 qui
1580 5738 1634 5785 et
1656 5729 1769 5786 dis-

188 5830 448 5890 solvetur.
474 5828 733 5888 Transivi.
747 5825 930 5902 (Αυθ.)
947 5824 1186 5894 Transit,
1198 5823 1291 5897 qui
1303 5822 1642 5897 prasentiam
1663 5838 1770 5882 non

1800 4575 1850 4635 υ

1874 4634 1944 4676 ne
1964 4617 2079 4688 iam
2111 4617 2370 4686 erigatur.

1945 4710 2108 4768 Vens.
2141 4711 2195 4767 6.
2227 4742 2299 4753 -—
2335 4709 2679 4765 Putruerunt.
2714 4709 2912 4784 (Cass)
2936 4710 3202 4780 Narratio,
3251 4715 3306 4770 in
3349 4731 3455 4787 qua

1871 4814 2257 4864 enumerantur
2299 4805 2552 4862 miseriae.
2607 4802 2885 4859 Cicatrices
2931 4823 3077 4861 mete.
3134 4807 3315 4881 (Aura)
3357 4809 3454 4868 Vel

1871 4901 2060 4956 livores
2099 4900 2236 4965 mei;
2285 4898 2388 4952 alia
2417 4897 2615 4962 littera,
2657 4897 2708 4952 id
2735 4906 2837 4964 est,
2878 4909 3098 4970 peccata
3137 4916 3278 4957 mea.
3334 4900 3452 4957 Non

1871 5002 1956 5050 est
2004 5009 2167 5049 sanus
2201 4991 2293 5062 qui
2335 4990 2616 5046 cicatrices
2653 4990 2840 5056 habet,
2893 5008 3013 5064 quas
3047 5002 3370 5065 putruerunt
3399 5003 3455 5050 et

1869 5084 2077 5141 fetent:
2104 5090 2162 5137 ut
2189 5082 2258 5136 ab
2285 5081 2365 5161 eis
2384 5080 2557 5136 aversi
2585 5081 2872 5137 adoremus
2885 5083 3454 5154 sabbatum,etgema-

1869 5195 1992 5234 mus
2011 5193 2026 5232 :
2047 5176 2322 5232 Currentes
2343 5191 2458 5230 eum
2481 5191 2670 5244 sponso
2689 5185 2801 5246 post
2819 5175 3030 5229 odorem
3047 5185 3450 5244 unguentorum.

1941 5269 2108 5326 Vens.
2139 5268 2191 5322 7.
2225 5297 2298 5310 -—
2331 5266 2494 5322 Miser
2542 5266 2714 5337 factus
2753 5283 2890 5321 sum.
2933 5264 3054 5335 (lo.)
3092 5265 3247 5323 Dicto
3275 5266 3452 5337 quali-

1869 5362 1994 5418 liter
2019 5359 2330 5430 iniquitates
2356 5373 2720 5430 supergressa;
2744 5398 2759 5424 ,
2790 5356 2921 5412 dicit
2945 5356 3214 5426 quomodo
3261 5371 3451 5428 aggra-

1867 5466 2028 5510 vataa.

1941 5544 2106 5600 Vens.
2128 5541 2544 5609 8.——-Quoniam
2565 5540 2746 5595 lumbi.
2782 5536 2986 5608 (Cass.,
3025 5536 3185 5610 Ave.)
3217 5536 3335 5594 Non
3364 5553 3450 5594 so-

1870 5636 1981 5692 lum
2035 5650 2154 5692 mea
2210 5633 2523 5690 inﬁrmitate
2554 5647 2739 5704 pecco,
2796 5631 2890 5686 sed
2944 5639 2998 5687 et
3035 5629 3298 5694 diabolus,
3351 5629 3446 5700 qui

1869 5743 2066 5798 corpus
2091 5725 2282 5798 afﬂigit
2327 5732 2382 5782 et
2421 5724 2657 5780 animam
2686 5722 2878 5794 fatigat
2915 5723 3067 5778 vanis
3111 5721 3450 5794 imaginatio-

1871 5821 2069 5890 nibus;
2113 5828 2170 5876 et
2184 5832 2282 5892 per
2306 5818 2410 5877 hoc
2435 5832 2544 5875 non
2585 5823 2672 5874 est
2696 5815 2892 5874 iterum
2937 5815 3166 5884 sanitas,
3214 5814 3357 5872 sicut
3391 5823 3450 5874 et
