3982 6352
501 378 615 445 899

991 383 1384 444 WALAF'RIDI
1425 384 1671 443 STRABI
1707 386 1909 444 FULD.
1949 380 2111 439 MON.
2152 378 2300 438 OPP.
2337 380 2516 440 PARS
2550 384 2593 442 Ι.
2635 414 2708 427 —-
2742 385 3208 447 THEOLOGICA.

3650 388 3769 451 900

499 512 663 578 supra
688 518 787 577 per
830 501 1075 574 sagittas.
1119 500 1300 574 (Ασρ.)
1348 500 1554 566 Lumbi,
1605 501 1707 567 vel,
1754 502 1931 556 anima
1970 500 2070 554 im-
2096 502 2147 561 Α
2170 510 2293 553 cum
2327 512 2393 554 eo
2415 498 2726 568 cruciﬁxus,
2753 500 2844 557 hic
2876 512 3057 557 autem
3086 504 3141 558 in
3172 516 3404 577 persona
3429 506 3663 578 propria
3690 508 3771 565 ιο-

496 595 645 669 pleta
666 605 771 663 est,
800 601 929 660 etc.,
974 609 1137 664 usque
1184 593 1254 648 ad
1282 608 1401 649 cum
1441 591 1742 650 videbimus
1787 593 2071 648 veritatem

369 717 391 737 .
499 684 692 742 etest.

571 796 736 853 Vens.
770 792 824 853 9.
848 827 919 838 —
941 794 1226 868 Rugiebam
1255 812 1288 850 a
1320 796 1531 867 gemitu.
1565 792 1763 869 (Cass,
1786 796 1946 870 Anc.)
1976 794 2071 854 Geo

502 888 661 944 mitur
682 887 868 953 corde,
892 888 1094 959 rugitus
1114 900 1245 941 voce
1271 904 1283 939 :
1315 901 1347 940 a
1375 885 1725 943 similitudine
1748 886 2069 953 bestiarum,

502 980 696 1051 quibus
718 992 776 1034 se
805 984 1084 1048 comparat
1111 965 1127 1029 ἑ
1152 983 1211 1030 ut
1235 974 1426 1031 fortior
1454 975 1684 1046 gemitus
1710 974 2027 1031 ostendatur
2052 992 2064 1028 :

499 1070 671 1125 virtus
696 1068 970 1140 patientiae
999 1065 1215 1141 quodin
1239 1066 1516 1137 gemitum,
1545 1080 1652 1123 non
1679 1066 1733 1121 in
1760 1065 1922 1120 verba
1947 1078 2045 1134 pro

500 1160 722 1231 rumpit.
2012 1214 2015 1221 ,

570 1264 736 1324 Vsus.
769 1264 855 1325 10.
884 1297 957 1310 -
985 1267 1118 1324 Ante
1137 1277 1186 1322 te
1211 1283 1382 1323 omne.
1411 1265 1613 1340 (Cass)
1640 1265 1770 1323 Tale
1796 1275 1899 1335 est,
1924 1266 2071 1337 quod

497 1366 737 1417 meretur
763 1374 884 1415 esse
903 1366 1028 1417 ante
1051 1366 1124 1426 te,
1152 1360 1274 1431 quia
1322 1375 1420 1430 pro
1448 1359 1693 1430 peccatis,
1706 1360 1857 1431 petit.
1888 1358 2071 1430 (Auc.)

497 1460 555 1508 et
581 1452 702 1508 ideo
753 1467 859 1507 non
900 1460 977 1506 est
1018 1450 1374 1517 absconditus,
1417 1451 1510 1507 sed
1558 1451 1772 1506 auditus
1817 1451 2070 1523 gemitus,

496 1542 624 1621 quia
658 1540 779 1615 pius
827 1550 911 1599 est
956 1556 1055 1614 pro
1098 1542 1412 1599 liberatione
1445 1544 1639 1599 animae
1695 1562 1707 1596 :
1776 1542 1912 1599 alios
1963 1555 2072 1598 non

497 1644 655 1692 curat
680 1633 844 1693 Deus.
881 1633 1211 1689 Desiderium
1240 1652 1429 1691 meum.
1465 1635 1590 1707 (10.)
1621 1636 1718 1691 Est
1754 1635 1945 1701 oratio,
1974 1649 2073 1691 nec

495 1743 735 1799 unquam
761 1727 961 1785 desinit
983 1741 1141 1783 orare
1170 1728 1259 1797 qui
1288 1743 1394 1783 non
1418 1728 1616 1783 desinit
1641 1742 1825 1783 amare
1850 1745 1863 1782 :
1890 1727 2069 1787 chari-

497 1829 581 1878 tas
601 1820 803 1877 clamor
826 1828 932 1876 est.

2100 1848 2159 1913 Β

2168 588 2368 659 quitur.

2624 682 2849 741 PSALM
2860 684 2945 742 US
3002 684 3289 744 XXXVIII.

2234 794 2399 854 Vsus.
2447 799 2500 854 i.
2542 827 2614 840 —-
2661 797 2732 854 1n
2776 800 2956 870 ﬁnem.
3015 800 3199 875 (Auc.)
3242 801 3379 871 Quia
3428 802 3521 861 hic
3568 814 3663 861 est
3698 805 3772 863 de

2166 896 2369 944 aeterna
2396 890 2748 958 beatitudine,
2773 908 2871 965 pro
2896 907 3004 963 qua
3019 893 3318 965 jucundum
3342 902 3429 951 est
3456 895 3765 959 transilire,

2165 978 2269 1058 etsi
2297 996 2460 1052 grave
2486 984 2558 1038 sit
2587 982 2757 1038 carni.
2790 980 2959 1040 Docet
2980 992 3163 1040 autem
3201 985 3327 1041 inde
3366 986 3433 1041 de
3455 986 3667 1043 mundo
3694 989 3767 1043 ad

2166 1069 2335 1126 Deum
2366 1072 2617 1128 transire.
2660 1070 2984 1130 Transilitor
3012 1084 3191 1132 autem
3227 1074 3295 1131 de
3328 1075 3472 1131 bona
3499 1076 3769 1146 opinione

2166 1176 2378 1231 semper
2404 1162 2950 1220 contrahitinvidiam
2980 1162 3288 1236 iniquorum
3313 1174 3369 1221 et
3390 1165 3763 1222 calumniam:

2168 1251 2309 1307 unde
2336 1251 2597 1308 deliberat
2641 1254 2783 1309 inter
2832 1254 3004 1311 malos
3060 1266 3262 1323 tacere,
3313 1273 3383 1313 ne
3430 1256 3570 1330 quid
3618 1259 3767 1316 dicat

2167 1341 2325 1397 male.
2368 1340 2606 1398 Idithun.
2652 1343 2785 1417 (11).)
2818 1344 3153 1402 Transiliens
3182 1361 3297 1412 eos,
3323 1346 3380 1402 id
3413 1356 3521 1413 est,
3586 1364 3769 1404 rema-

2168 1442 2360 1488 nentes
2402 1435 2456 1489 in
2502 1436 2721 1491 mundo.
2765 1434 2962 1509 (Cass)
2993 1432 3051 1492 In
3091 1438 3281 1507 primis
3325 1439 3393 1495 de
3420 1439 3765 1495 continentia

2170 1521 2364 1592 lingua:
2403 1524 2545 1580 inter
2578 1525 2920 1597 blasphemas
2964 1536 3020 1584 et
3044 1526 3473 1587 -calumniosos:
3520 1530 3678 1587 unde
3716 1540 3771 1589 α

2171 1624 2321 1686 Optat
2345 1630 2572 1672 noscere
2604 1617 2788 1681 finem,
2817 1619 2907 1675 ubi
2935 1620 3052 1676 haec
3076 1636 3183 1676 non
3212 1630 3359 1677 sunt.

2241 1728 2407 1785 Vens.
2454 1731 2513 1785 2.
2554 1760 2626 1773 —-
2668 1730 2795 1787 Dixi
2837 1748 2857 1789 :
2903 1732 3214 1789 Custodiam
3262 1735 3372 1789 uias
3420 1750 3611 1801 meas,
3658 1744 3765 1792 etc.

2176 1818 2355 1891 (Auc.,
2385 1820 2562 1892 CASS.)
2593 1820 2773 1881 Monet
2796 1823 2887 1879 hic
2925 1824 3165 1895 psalmus
3213 1825 3354 1881 inter
3386 1825 3767 1898 blasphemus.

567 1929 731 1989 Vm
764 1930 850 1989 η,
872 1961 947 1973 __
972 1929 1078 1989 εον
1115 1948 1291 1988 mm
1313 1932 1676 1989 unum),an
1712 1941 1811 1991 αι,
1842 1931 2075 2005 (αλκ.)
2100 1910 2139 1913 “
2176 1910 2413 2005 iniquos,
2442 1924 2496 1971 et
2525 1913 2887 1971 calumniosos
2906 1914 3105 1987 lingua:
3131 1917 3545 2004 continentiam,
3586 1928 3767 1973 certa-

496 2021 735 2092 Exponit
752 2021 969 2085 dolores
990 2022 1179 2089 animi,
1201 2022 1326 2093 quia
1344 2023 1518 2081 virtus
1536 2023 1807 2092 κωπίω
1827 2023 2063 2094 reliquit.

498 2112 900 2182 Conturbatum,
950 2114 1077 2185 quia
1126 2129 1279 2171 mens
1334 2115 1617 2173 succidunt
1659 2115 1899 2186 passioni
1933 2128 2062 2173 suae.

495 2202 716 2269 Lumen,
750 2204 811 2261 id
828 2212 931 2273 est,
960 2204 1098 2261 ratio
1127 2219 1298 2275 nuper
1327 2204 1560 2273 turbata,
1587 2221 1751 2276 quam
1773 2221 1885 2263 non
1902 2206 2069 2265 habet

495 2310 681 2354 secum
706 2309 813 2367 pro
837 2293 1145 2367 ingentibus
1166 2294 1446 2355 melesnis.

565 2406 857 2463 Vnum-ie.
892 2432 964 2449 --
1000 2404 1169 2459 Amici
1225 2407 1325 2459 mei
1388 2414 1441 2461 et
1490 2406 1737 2476 prosunt.
1801 2405 1951 2479 (ιο.)
2002 2405 2073 2461 Et

493 2513 596 2572 pro
623 2498 711 2555 bis
746 2498 963 2559 duobus
982 2496 1189 2553 sohtiis
1218 2498 1414 2568 gaudet
1456 2498 1789 2563 humanitas,
1817 2498 1913 2553 sed
1940 2498 2068 2553 huic

493 2603 627 2649 sm
646 2592 1201 2664 Μδμδθίοιήει
1229 2593 1437 2665 (Anth)
1460 2594 1628 2648 Amici
1646 2595 1769 2648 mei.
1798 2592 2071 2649 Hactenus

495 2679 778 2738 confusi-
805 2690 891 2737 est
911 2694 1032 2751 qun
1050 2681 1255 2752 patitur
1281 2698 1317 2736 ι
1339 2697 1401 2737 se
1435 2682 1601 2750 intus,
1630 2690 1762 2749 etc.,
1801 2698 1963 2754 usque
1999 2684 2069 2737 ad

493 2780 559 2830 et
589 2773 708 2829 huc
738 2772 902 2829 etiam
932 2773 1391 2844 eniqmvcmanti
1419 2774 1561 2830 inter
1597 2774 1845 2830 homines
1866 2787 2067 2829 conve-

492 2862 597 2921 nit.

563 2969 732 3029 Vens.
761 2970 926 3027 Mr.—
946 2966 1217 3044 Tauq‘uam
1238 2972 1431 3027 surdus
1455 2990 1559 3028 non
1578 2972 1879 3040 audiebam,
1893 2984 1942 3030 et
1961 2976 2066 3031 sic-

492 3072 553 3119 ut
596 3071 774 3118 mutus
800 3080 905 3119 non
931 3065 1165 3136 aperiens
1200 3080 1257 3120 os
1278 3081 1452 3120 suum.
1477 3064 1675 3138 (Cass)
1704 3066 1787 3121 Ad
1814 3066 2069 3138 iniquita-

494 3163 603 3213 tem
628 3156 1021 3213 amsulemium
1046 3168 1155 3213 non
1181 3156 1448 3227 aperiens,
1484 3167 1619 3226 etc.,
1646 3175 1807 3231 usque
1836 3158 1905 3214 ad
1935 3174 2065 3215 con-

494 3257 582 3305 tra
608 3248 825 3306 doiores
842 3249 1087 3320 corporis
1126 3248 1391 3321 rugiebat.

563 3356 727 3415 Vens.
760 3356 848 3415 16.
873 3387 946 3399 —
969 3356 1230 3425 Quoniam
1258 3358 1314 3412 in
1338 3366 1411 3424 te,
1430 3354 1669 3425 Domine,
1692 3358 1916 3429 speravi,
1956 3366 2061 3413 etc.

494 3448 639 3524 (Ῑο.)
667 3448 802 3520 Quia
840 3451 983 3506 inter
1026 3457 1108 3506 tot
1154 3449 1294 3506 mala
1347 3450 1583 3522 speravit
1615 3453 1670 3507 in
1700 3450 1946 3518 Domino,
1980 3450 2065 3507 af-

494 3542 678 3602 ﬁrmat
719 3560 779 3601 se
807 3542 1130 3601 audiendum
1168 3542 1225 3599 in
1253 3544 1764 3619 commemoratione
1804 3544 2067 3603 emenda-

497 3622 677 3690 tionis.
721 3630 953 3703 Speraui.
997 3630 1265 3688 Salutaris
1291 3630 1556 3690 medicina
1600 3632 1777 3701 malis,
1824 3644 2063 3703 sperare,

492 3736 603 3781 non
630 3723 880 3781 deiicere.
923 3718 997 3779 [π
1033 3730 1105 3791 te,
1151 3718 1393 3791 Domine,
1423 3723 1517 3796 qui
1560 3730 1737 3779 mutas
1785 3723 1963 3779 tristia
2010 3724 2064 3779 in

492 3814 638 3872 laeta.

565 3932 731 3989 Vens.
775 3931 863 3987 i7.
908 3962 981 3974 —
1015 3930 1154 4000 Quia
1187 3931 1299 3989 dixi
1320 3945 1339 3984 :
1387 3929 1473 3988 Ne
1516 3931 1729 4004 quando
1773 3948 2065 4009 eupergau-

493 4024 650 4082 deant
679 4024 806 4079 mihi
833 4024 1031 4080 inimici
1057 4024 1177 4083 mei.
1205 4021 1412 4098 (Auc.)
1446 4016 1581 4079 Item
1620 4033 1781 4099 caput
1819 4026 1886 4083 de
1910 4025 2067 4083 inﬁr-

493 4119 600 4177 mis
633 4119 877 4191 pedibus,
925 4133 1049 4176 cum
1097 4118 1171 4174 sit
1219 4119 1275 4175 in
1318 4118 1478 4177 casio.
1528 4118 1649 4174 Non
1691 4121 1890 4177 deserit
1937 4121 2069 4179 illud

492 4211 637 4283 quod
664 4208 823 4266 habet
849 4209 905 4265 in
945 4218 1109 4266 terra.
1156 4208 1297 4264 Dum
1331 4219 1715 4266 commoventur
1752 4211 1904 4283 pedes
1942 4214 2064 4268 mei.

493 4300 717 4376 (Cass)
740 4300 800 4359 Si
827 4307 1229 4361 commoventur
1252 4299 1539 4372 aliquando
1567 4300 1807 4363 humana
1832 4302 2064 4359 inﬁrmi-

493 4404 625 4461 tate,
654 4395 880 4451 irrident
902 4393 1054 4467 impii
1074 4395 1214 4451 unde
1235 4394 1418 4455 dolent
1445 4394 1542 4467 pii.

2170 2003 2335 2069 mina,
2366 2005 2530 2070 rixas,
2559 2004 2955 2074 comprimere:
2987 2005 3092 2061 hoc
3119 2006 3265 2061 enim
3302 1995 3589 2061 silentium
3637 2005 3769 2061 mul-

2172 2103 2288 2153 tum
2316 2103 2398 2153 est
2428 2097 2579 2152 utile.
2613 2096 2811 2169 (Cass)
2842 2097 2962 2153 Dixi
2988 2116 3003 2154 :
3027 2099 3082 2154 in
3106 2099 3270 2155 corde
3293 2097 3599 2155 deliberavi
3630 2118 3647 2154 :
3679 2100 3769 2156 ubi

2170 2187 2443 2257 sapientes
2490 2187 2640 2257 prius
2689 2188 3010 2257 deliberant,
3056 2205 3217 2259 quam
3257 2187 3576 2259 loquantur.
3642 2187 3768 2243 γεω

2171 2277 2379 2350 (illam)
2416 2277 2473 2333 ω
2496 2288 2603 2344 est,
2644 2280 2885 2335 actiones
2914 2287 2970 2335 et
2992 2280 3173 2335 verba.
3205 2278 3276 2337 Ut
3302 2295 3411 2337 non
3436 2279 3766 2350 delinquant

2170 2386 2268 2442 per
2300 2368 2473 2437 fatua,
2497 2369 2583 2426 vel
2603 2372 2798 2429 otiosa.

2243 2462 2313 2517 In
2338 2461 2536 2534 lingua.
2568 2462 2749 2534 (Auc.)
2784 2462 2901 2518 Non
2929 2461 3132 2519 frustra
3152 2471 3238 2519 est
3259 2461 3442 2534 lingua
3463 2462 3525 2517 in
3546 2464 3765 2520 verbo:

2172 2556 2299 2626 quia
2329 2554 2488 2611 facile
2514 2555 2730 2611 labitur.
2772 2551 2937 2609 Ροευὶ
2960 2555 3041 2609 ori
3070 2568 3205 2610 mea.
3248 2553 3551 2625 Postquam
3577 2562 3767 2611 trans-

2173 2649 2249 2706 ivi
2296 2658 2542 2707 terrenas
2582 2648 2997 2717 delectationes,
3044 2657 3179 2713 etc.,
3228 2664 3391 2718 usque
3436 2647 3513 2701 ad
3557 2647 3764 2704 docens

2167 2759 2268 2801 nos
2310 2758 2505 2799 cavere
2534 2745 2637 2799 boc
2671 2758 2777 2797 non
2804 2742 3026 2797 imitari.
3055 2740 3252 2815 (Cass)
3295 2737 3459 2795 Parui
3486 2754 3673 2811 usque
3696 2754 3764 2796 eo

2167 2836 2314 2908 quod
2335 2834 2601 2903 obmutui,
2639 2842 2769 2901 etc.,
2799 2850 2963 2907 usque
2983 2833 3054 2888 ad
3075 2833 3169 2905 qui
3189 2847 3408 2889 causam
3442 2833 3760 2889 contentio-

2167 2927 2255 2983 nis
2292 2925 2505 2995 quaerit.

2238 3015 2404 3073 Vens.
2450 3015 2506 3071 5.
2536 3045 2605 3056 -
2656 3014 2701 3068 Α
2731 3015 2899 3083 bonis,
2950 3023 3001 3071 et
3050 3014 3204 3073 dolor
3252 3028 3422 3082 meus,
3468 3022 3579 3071 etc.
3626 3008 3759 3085 (13.)

2165 3108 2584 3174 Annuntiandis,
2621 3116 2752 3174 etc.,
2782 3125 2943 3178 usque
2970 3108 3045 3162 ad
3070 3107 3125 3163 id
3160 3115 3266 3173 est,
3296 3106 3751 3173 transiliendum,

2088 3199 2384 3286 G‘locutus
2424 3214 2564 3255 sum.
2600 3197 2781 3271 (Αυσ.)
2827 3196 2985 3265 Quod
3010 3207 3115 3264 est,
3159 3198 3321 3254 malis
3344 3198 3559 3254 invitus
3600 3197 3755 3264 ﬁli,

2165 3298 2295 3356 etc.,
2326 3306 2489 3363 usque
2506 3292 2579 3346 ad
2600 3299 2659 3346 et
2680 3292 2727 3347 si
2750 3302 2907 3348 actus
2925 3290 3279 3347 transilienda
3303 3289 3511 3361 aliquid
3530 3296 3687 3346 om.

2238 3385 2402 3440 Vens.
2434 3382 2489 3437 4.
2516 3413 2588 3424 —
2622 3380 2900 3438 Concaluit
2928 3398 3021 3439 cor
3057 3399 3231 3438 meum
3259 3383 3403 3437 intra
3428 3397 3539 3437 me.
3566 3381 3761 3453 (ιιι.)

2170 3477 2237 3534 Si
2264 3475 2613 3533 damnabitur
2638 3474 2815 3547 piger,
2843 3482 2981 3541 etc.,
3021 3490 3186 3548 mea
3208 3462 3283 3531 ad
3306 3472 3369 3529 iit
3397 3487 3602 3535 amas
3636 3473 3761 3530 di-

2166 3578 2453 3642 pensator.

2239 3662 2387 3719 Vsus
2427 3661 2481 3718 5.
2513 3690 2587 3703 --
2613 3659 2844 3717 Locutus
2869 3677 3007 3719 sum.
3061 3656 3186 3735 (ln.)
3212 3656 3329 3714 Non
3361 3657 3601 3715 auditori
3625 3672 3761 3714 ern-

2165 3754 2383 3821 diendo,
2426 3753 2519 3809 sed
2543 3752 2848 3808 exauditori
2874 3751 3011 3817 Deo,
3043 3765 3074 3805 a
3100 3765 3207 3821 quo
3248 3750 3394 3807 intus
3433 3748 3646 3804 audior.
3689 3746 3765 3803 Et

2166 3860 2442 3901 numerum
2462 3843 2670 3899 dierum
2698 3857 2955 3898 meorum.
2988 3837 3195 3917 (Ηιειι.)
3228 3837 3497 3897 Numems
3517 3838 3759 3906 dierum,

2166 3936 2260 4007 qui
2298 3934 2459 3991 modo
2486 3941 2635 3997 sunt;
2663 3948 2774 3988 non
2815 3940 2900 3988 est
2936 3947 3069 3988 vere
3112 3930 3477 3997 transilienti;
3522 3930 3761 3989 hamati

2166 4038 2349 4085 autem
2379 4040 2501 4083 esse
2530 4024 2765 4081 videtur.

2237 4137 2402 4194 Vens.
2449 4138 2502 4193 6.
2523 4167 2597 4179 —
2615 4134 2753 4193 Ecce
2776 4132 3173 4192 insanabiles.
3196 4131 3397 4208 (Cass)
3421 4132 3614 4201 Quasi,
3630 4144 3765 4192 noto

2167 4232 2295 4297 ﬁne,
2342 4239 2397 4286 et
2425 4231 2616 4286 diebus
2639 4231 2733 4302 qui
2778 4237 2927 4295 sunt,
2952 4227 3188 4287 attendit
3224 4228 3295 4285 ad
3338 4229 3457 4287 hac
3477 4242 3605 4299 qua
3634 4228 3765 4287 reli-

2166 4324 2306 4395 quit,
2333 4332 2390 4377 et
2415 4330 2696 4393 comparat
2710 4321 2966 4377 invicem.
2992 4320 3062 4377 Et
3086 4320 3405 4385 substantia,
3428 4327 3538 4379 σω.
3572 4318 3762 4391 (Ana)

2167 4414 2271 4483 Qui
2299 4414 2449 4469 videt
2478 4413 2610 4469 nihil
2638 4428 2763 4470 esse
2796 4412 2939 4473 hanc
2978 4410 3375 4476 autem.
3415 4419 3551 4477 etc.,
3597 4427 3763 4483 squ

566 4508 731 4565 Vna.
759 4506 847 4563 i8.
874 4534 945 4555 -ν-
969 4505 1204 4563 Paratus
1232 4522 1367 4563 sum.
1417 4505 1567 4580 (ιι.)
1595 4506 1787 4564 Sciens
1834 4520 1926 4565 me
1970 4506 2066 4565 de-
2095 4576 2137 4580 ~
2169 4508 2239 4561 ad
2264 4520 2387 4577 quae
2417 4514 2543 4561 ante
2576 4516 2627 4562 te
2652 4507 2780 4563 erit.

494 4597 738 4668 liquisse.
779 4595 964 4663 Dolor,
1004 4595 1129 4665 quia
1154 4595 1380 4667 deliquit
1404 4576 1437 4650 ι’
1470 4576 1670 4668 impius
1694 4612 1757 4657 se
1793 4596 2064 4665 defendit;
2092 4576 2149 4638 Β
2242 4616 2408 4673 vus,
2450 4617 2501 4671 7,
2534 4646 2604 4658 .-.
2635 4614 2825 4671 vomu
2854 4625 3048 4670 tamen.
3081 4612 3287 4687 (Cass)
3311 4612 3520 4671 Vidua
3538 4617 3759 4673 adm-

487 4688 669 4761 justus
686 4695 875 4745 contra
895 4701 954 4743 se
982 4687 1255 4743 irascitur.

569 4779 731 4837 Vsus.
773 4777 860 4833 i9.
886 4807 958 4819 -—
990 4776 1256 4844 Quoniam
1300 4776 1626 4848 iniquitatem
1678 4793 1869 4835 mam.
1921 4778 2069 4853 (19.)

493 4870 615 4927 Duo
640 4869 783 4925 modi
808 4866 1063 4941 perfectae
1086 4869 1441 4941 pauitantia,
1469 4869 1743 4927 confessio
1781 4884 1839 4927 et
1876 4886 2066 4929 emen-

494 4962 666 5030 datio,
696 4976 792 5033 per
812 4959 991 5029 ﬂetus,
1014 4960 1405 5033 eleemosynas,
1440 4970 1496 5017 et
1524 4961 1850 5033 huiusmodi.

572 5055 731 5113 Vsus.
768 5054 861 5112 20.
903 5084 975 5096 —-
1011 5053 1220 5110 Vivum.
1250 5054 1269 5127 (
1298 5055 1483 5127 Anc.)
1528 5054 1803 5113 Fruuntur
1840 5058 2062 5125 mundo,

496 5146 695 5203 firmati
719 5147 777 5205 in
797 5146 1100 5212 mundanis,
1128 5154 1185 5205 et
1206 5147 1446 5217 quotidie
1482 5134 1662 5220 plures
1689 5150 1846 5206 ﬁunt.

570 5239 732 5296 Vns.
774 5239 865 5295 22.
901 5260 974 5283 ά-
1006 5239 1091 5295 Ne
1135 5239 1481 5313 derelinquas.
1534 5243 1685 5316 (ln.)
1726 5243 1802 5303 De
1838 5253 2064 5314 printer-

496 5332 592 5390 itis
610 5332 902 5399 absolutus,
916 5347 1037 5391 cum
1063 5332 1277 5391 actione
1300 5335 1596 5406 gratiarum
1619 5345 1896 5393 auctorem
1922 5336 2066 5395 salu-

495 5426 568 5483 tis
594 5425 852 5498 proiltens
876 5426 1068 5493 Deum,
1084 5425 1237 5482 laetus
1258 5426 1523 5482 exclamat
1547 5441 1617 5482 ne
1646 5427 1760 5496 jam
1794 5430 2061 5502 relinqua-

498 5526 608 5576 tur.
635 5516 991 5593 (Cass)Quia
1003 5520 1219 5592 gravior
1230 5518 1456 5578 odensio
1466 5527 1589 5592 post
1604 5523 1839 5579 veniam.
1864 5524 2020 5595 (And.
2042 5528 2061 5599 )

498 5608 832 5668 Bawltativa
862 5612 1158 5679 conclusio,
1189 5620 1248 5669 ut
1273 5620 1420 5669 certa
1462 5626 1589 5684 spes
1608 5612 1680 5669 sit
1706 5615 2060 5675 imitantibus.

572 5702 655 5758 Ne
693 5703 987 5760 discesseris
1033 5721 1066 5759 α
1115 5720 1217 5761 me.
1264 5703 1543 5773 Quomodo
1586 5719 1713 5777 ergo
1758 5722 1919 5779 supra
1954 5708 2063 5765 :Ut

494 5794 727 5864 quidm
764 5795 1125 5873 dereliquisti?
1158 5795 1271 5853 Vox
1320 5803 1404 5851 est
1447 5786 1644 5853 veteris
1700 5797 1930 5855 hominis
1972 5806 2065 5871 qui

2102 4762 2105 4765 λ
2171 4719 2288 4767 tum
2313 4709 2536 4777 Christi,
2582 4710 2721 4765 redit
2750 4710 2821 4764 ad
2865 4706 3235 4765 inﬁrmitatem
3261 4722 3426 4779 quam
3472 4709 3622 4765 inter
3655 4710 3763 4764 vir»

2172 4810 2317 4859 tetes
2340 4801 2524 4857 habet.
2556 4800 2737 4872 (Αυθ.)
2764 4798 2957 4870 Magna
2984 4806 3112 4855 sunt
3140 4814 3261 4869 quae
3283 4799 3609 4859 dixi-eset
3639 4814 3765 4855 cro-

2169 4894 2384 4960 dimus;
2414 4893 2509 4948 sed
2549 4901 2729 4947 tamen
2758 4908 2864 4948 non
2893 4900 2978 4948 est
3005 4890 3136 4948 illud
3170 4900 3456 4959 aeternum,
3498 4892 3601 4949 sed
3636 4893 3762 4949 d-

2166 4998 2329 5041 vorsa
2356 4985 2586 5039 vanitas.
2620 4982 2689 5037 Et
2716 4998 2816 5054 pro
2857 4980 3217 5043 mutlbiiltate
3238 4982 3565 5039 desiderans
3594 4992 3761 5040 alet»

2171 5091 2321 5142 nam,
2351 5076 2642 5147 exprobrat
2666 5075 2915 5130 humana:
2956 5074 3101 5140 vita,
3129 5074 3217 5131 cui
3243 5075 3452 5142 subest,
3474 5076 3635 5146 quod
3668 5074 3757 5130 ἂ-

2170 5167 2265 5223 cit.
2303 5166 2382 5222 Ne
2417 5165 2539 5236 quis
2566 5172 2718 5235 putet
2746 5172 2964 5221 sanctos
3011 5180 3043 5219 a
3091 5160 3481 5221 mutationibus
3520 5165 3753 5223 alienas

2169 5260 2291 5326 Vel,
2312 5259 2441 5315 licet
2473 5258 2866 5315 mean
2888 5258 3037 5324 dies,
3056 5257 3185 5314 licet
3221 5257 3551 5326 substantia,
3571 5258 3749 5316 liii:

2170 5362 2351 5410 tamen
2391 5352 2642 5408 universa
2698 5351 2910 5407 vanitas
2953 5359 3040 5406 est
3081 5351 3139 5406 in
3173 5351 3425 5408 rationali
3469 5363 3753 5419 mn,

2169 5458 2292 5517 qua:
2318 5443 2614 5500 secundum
2646 5442 2893 5499 diversos
2935 5442 3244 5499 universam
3286 5442 3494 5515 appetit
3536 5452 3754 5501 matu-

2169 5546 2309 5592 ram.
2371 5532 2762 5591 Verumtamen.
2820 5533 3078 5613 Quamvis
3124 5534 3345 5592 mentis
3392 5536 3575 5606 initior
3616 5549 3753 5604 etc.,

2167 5641 2332 5696 usque
2359 5624 2429 5679 ad
2448 5623 2601 5694 cujus
2634 5625 2975 5683 conversatio
2990 5625 3045 5682 in
3066 5625 3221 5684 culis
3236 5634 3341 5683 est.
3365 5625 3553 5687 Olmie
3572 5631 3749 5687 homo.

2171 5714 2352 5786 (Αυσ.)
2380 5714 2435 5769 Si
2471 5714 2667 5781 maius,
2698 5714 2753 5770 in
2786 5715 3136 5773 saeuiaribns
3182 5730 3359 5778 vanus
3403 5728 3529 5786 est;
3558 5721 3603 5776 ai
3650 5720 3749 5775 bo-

2170 5824 2292 5872 nus,
2338 5822 2460 5863 eum
2488 5807 2707 5863 Christo
2755 5808 2957 5865 volenti
3004 5825 3149 5882 esse,
3178 5828 3316 5870 vana
3344 5824 3428 5870 est
3458 5815 3588 5869 rita.
