3982 6352
190 319 289 378 901

1240 312 1508 377 GLOSSA
1540 310 1931 371 0RD1NAR1A.
1968 342 2041 355 --
2065 314 2195 375 LIB.
2234 295 2502 375 Psam.’

270 428 654 486 Verumtamen.
681 424 1241 501 (Aue.)Diapsa1mus.
1266 426 1545 495 Quomodo
1566 442 1755 483 omnes
1780 429 1833 491 Α
1857 442 2000 491 eum,
2021 428 2168 484 etab
2214 442 2280 483 eo
2328 425 2534 485 Novum
2570 424 2997 489 Testamentum,
3028 425 3171 497 quod
3194 435 3255 483 et
3274 426 3433 487 multi

193 524 292 580 sub
317 521 555 577 vanitate
593 528 651 575 et
679 536 837 586 casu;
868 529 923 575 et
948 520 1070 576 inde
1091 521 1313 590 opponit
1341 536 1403 577 se
1445 528 1759 595 exspectare

192 614 497 678 Dominum,
521 619 577 669 et
618 612 755 684 petit
796 612 1037 669 liberari.
1093 610 1161 667 In
1196 613 1420 684 imagine
1452 614 1758 684 pertransit.

196 706 319 776 (1b.)
380 702 637 773 Quamvis
698 704 773 758 ita
838 703 1049 759 studeat
1108 704 1349 767 vanitati,
1410 712 1540 771 ctc.,
1601 720 1762 775 usque

196 799 263 854 ad
312 797 439 868 quia
481 811 605 852 cum
644 795 865 851 miseria
916 803 973 852 et
1025 794 1211 852 labore
1264 797 1468 867 appetit
1519 805 1759 853 terrena.

198 890 551 946 Thesaurisat.
602 887 727 960 (ιο.)
776 888 852 943 De
879 888 1092 945 casteria
1118 888 1266 945 vitiis
1304 888 1467 960 elegit
1494 889 1763 958 Propheta

1859 517 2098 573 secuturi
2116 525 2240 572 sunt
2271 534 2283 569 :
2312 516 2454 573 unde
2481 515 2715 586 percutit
2736 530 2925 573 omnes
2943 515 3357 586 superstitiones
3373 522 3437 576 et

1860 609 2051 665 invitat
2099 609 2166 663 ad
2208 607 2473 663 mirabilia
2513 606 2629 662 Dei.

1931 698 2053 771 (1a.)
2083 696 2183 753 Hic
2209 697 2456 753 Christus
2490 712 2555 752 ex
2585 695 2862 753 membris.

1932 791 2096 845 Vens.
2124 789 2180 843 2.
2231 818 2302 828 -
2345 787 2668 859 Easpectans
2711 787 3021 858 exspectaui.
3076 786 3205 859 (1).)
3230 787 3435 861 Exspe-

1861 893 1998 949 ctat,
2021 892 2077 939 et
2096 883 2340 955 ingratus
2367 899 2380 935 :
2405 882 2499 937 sed
2529 888 2853 951 exspectans
2903 890 3201 951 exspectat.
3250 880 3435 956 (Auct)

196 982 494 1046 avaritiam,
522 980 590 1036 ad
616 979 1003 1035 ostendendam
1022 979 1169 1050 ιμωά
1191 979 1418 1037 attendit
1441 997 1459 1033 :
1489 979 1763 1050 ipsaeni'm
1859 972 2171 1029 Auctoritas
2190 973 2261 1031 ab
2280 971 2517 1041 εωῑὶῑμιὶε
2538 971 2593 1024 in
2619 970 2893 1029 Abraham
2920 977 2981 1026 et
3017 970 3254 1038 caeteris,
3295 979 3430 1038 ete.,

197 1082 277 1127 cst
310 1069 463 1126 radix
487 1069 729 1125 omnium
768 1069 1053 1127 malorum.

270 1162 427 1217 Vens.
479 1158 535 1215 8.
561 1188 633 1200 —
678 1158 1035 1230 Exspectatio.
1083 1159 1207 1232 (1ο.)
1265 1158 1433 1215 Primi
1478 1161 1762 1226 adventus,

196 1254 279 1312 vel
316 1252 557 1317 secundi,
578 1259 707 1317 ctc.,
736 1267 901 1323 usque
919 1252 989 1307 ad
1011 1266 1119 1309 non
1144 1253 1199 1308 in
1224 1252 1453 1308 saeculis
1472 1252 1694 1308 nostris.

264 1344 429 1400 Vens.
452 1344 506 1400 9.
521 1372 593 1384 --
616 1343 694 1398 Ab
708 1343 947 1398 omnibus
970 1341 1331 1414 iniquitatibus
1361 1343 1491 1398 meis
1520 1359 1643 1399 erue
1660 1359 1763 1399 me.

201 1434 401 1509 (Cass)
422 1433 541 1490 Non
561 1433 733 1489 solum
756 1433 824 1489 ab
842 1434 945 1498 eis,
964 1449 1030 1490 ne
1046 1433 1286 1489 revolvat
1308 1433 1363 1487 in
1385 1448 1450 1489 ea
1470 1449 1590 1504 qua:
1620 1442 1769 1490 uan-

201 1525 358 1591 silivi,
382 1524 475 1581 sed
507 1524 575 1579 ab
596 1524 847 1580 omnibus
877 1524 1118 1581 omnino.
1148 1523 1659 1593 lmpcrieetusenim
1686 1530 1770 1581 est

201 1620 360 1676 homo
384 1636 399 1673 :
428 1617 553 1689 quia
579 1631 684 1673 non
721 1616 928 1687 accepit
953 1616 1097 1687 quod
1138 1624 1325 1685 optat;
1356 1615 1645 1687 perfectus,
1675 1615 1766 1686 qui

201 1712 303 1768 scit
330 1711 432 1766 huc
458 1710 633 1782 ipsum
663 1710 804 1779 quod
833 1709 936 1764 sibi
962 1708 1165 1767 deﬁcit.

1862 1064 2109 1136 usquead
2138 1063 2230 1133 qui
2260 1071 2444 1118 noster
2468 1069 2552 1116 est
2598 1076 2696 1131 per
2742 1061 2966 1127 cultum,
3012 1074 3120 1118 non
3182 1062 3434 1120 aliorum.

1932 1158 2233 1214 Dominum.
2264 1156 2385 1229 (10.)
2413 1154 2529 1211 Non
2565 1157 2859 1223 bonrinem,
2900 1158 2992 1227 qui
3030 1166 3208 1228 potest
3250 1157 3441 1215 fallere

1863 1258 1920 1306 et
1944 1249 2080 1315 falli,
2104 1259 2159 1305 et
2185 1251 2277 1319 qui
2314 1263 2526 1305 mecum
2556 1248 2781 1320 indiget.
2825 1247 3079 1304 Incendit.
3122 1247 3247 1322 (Ιυ.)
3284 1248 3441 1319 Mihi,

1863 1348 1925 1395 ut
1948 1341 2229 1409 prodesset
2253 1358 2265 1394 :
2296 1354 2403 1395 non
2430 1354 2537 1404 me,
2564 1347 2621 1393 ut
2646 1348 2701 1395 et
2722 1339 2910 1396 malos.

1934 1431 2097 1487 Vens.
2133 1431 2185 1484 ὅ.
2241 1458 2310 1472 --
2361 1430 2527 1487 Lacu.
2578 1429 2721 1504 (11).)
2766 1430 3027 1488 Tenebras
3078 1432 3443 1504 iniwtetum,

1866 1521 2198 1579 infidelitatis
2220 1521 2427 1577 scilicet
2451 1529 2505 1576 et
2534 1522 2866 1592 ignorantia),
2891 1530 3019 1587 ctc.,
3046 1537 3241 1595 usque:
3259 1523 3329 1578 ad
3357 1540 3446 1593 pe-

1866 1622 1953 1669 tra
1972 1620 2160 1669 contra
2178 1612 2370 1668 lutum.
2398 1612 2603 1685 (Ηιεκ.)
2630 1614 2689 1668 1n
2707 1612 2831 1668 lace
2853 1626 2985 1671 vero
3011 1623 3065 1669 et
3085 1615 3140 1670 in
3160 1615 3295 1680 luto,
3316 1628 3447 1687 gen-

1869 1714 1955 1762 tes
1977 1706 2119 1762 idola
2158 1705 2397 1761 colentes
2421 1724 2434 1759 :
2465 1705 2575 1771 vel,
2601 1721 2793 1761 omnes
2818 1716 3033 1762 terrena
3073 1717 3338 1763 amantes.

269 1802 437 1879 Vsps.
485 1800 574 1856 10.
599 1829 672 1843 —-
701 1798 970 1856 Obmutui.
1012 1798 1138 1871 (10.)
1180 1797 1407 1857 Habitus
1457 1798 1764 1870 opprobrio,
1794 1788 1853 1850 B
1890 1838 1915 1867 ,
1942 1799 2106 1855 Vens.
2133 1799 2186 1854 4.
2214 1828 2285 1840 -
2307 1797 2552 1853 Carmen.
2583 1797 2795 1870 (Ηιικ.)
2814 1798 2931 1854 Non
2960 1807 3139 1869 turpe,
3163 1815 3273 1855 non
3298 1800 3449 1855 thea-

202 1902 329 1959 etc.,
358 1908 521 1965 usque
547 1891 617 1946 ad
652 1902 708 1947 et
734 1905 953 1947 necesse
982 1898 1087 1957 est,
1112 1890 1239 1961 quia
1261 1888 1450 1947 deieci.

268 1986 461 2040 Amore
482 2000 514 2039 a
536 1999 617 2038 me
647 1982 833 2054 plagas
857 1992 995 2039 tuas.
1020 1982 1202 2054 (Auo.)
1229 1981 1364 2050 Quia
1389 1990 1449 2036 tu
1474 1980 1641 2050 fecisti
1660 1995 1775 2048 me,

204 2076 311 2131 noli
338 2075 738 2142 exterminare;
769 2082 977 2131 tantum
1001 2073 1135 2130 cede
1160 2082 1216 2130 ut
1238 2074 1546 2145 producat;
1582 2088 1692 2131 non
1710 2080 1774 2129 ut

205 2166 540 2225 comminuar

273 2259 440 2315 Vens.
471 2259 557 2315 11.
589 2288 659 2300 -
688 2257 1140 2329 Increpationibus
1179 2267 1389 2330 propter
1422 2258 1771 2330 iiriquuetem.

205 2349 408 2419 Quibus
426 2348 720 2405 humanum
746 2361 915 2418 genus
938 2346 1255 2417 increpuisti
1282 2364 1295 2400 :
1330 2346 1473 2417 quod
1505 2354 1688 2403 tamen
1706 2360 1774 2403 ex

204 2439 398 2496 merito
427 2445 630 2501 nostro,
668 2445 892 2508 propter
922 2436 1234 2506 iniquitates
1263 2448 1480 2507 nostras
1508 2436 1776 2507 increpui-

205 2533 301 2605 sti,
328 2545 445 2603 quae
468 2538 594 2586 sunt
614 2529 681 2585 ad
701 2528 1127 2594 correctionem;
1160 2528 1319 2587 aliter
1346 2528 1493 2587 enim
1518 2528 1777 2599 iniquitas

206 2621 505 2676 incorrecta
534 2626 892 2690 permaneret.
945 2616 1257 2688 Corripuisti
1290 2618 1564 2675 hominem.
1594 2617 1779 2691 (Αυο.)

206 2710 301 2767 Est
323 2710 474 2766 dolor
501 2708 749 2789 informis
773 2710 864 2779 qui
907 2724 1015 2765 non
1041 2710 1294 2767 emendat
1325 2727 1338 2764 :
1371 2708 1654 2777 formatus,
1683 2710 1775 2780 qui

204 2800 595 2857 eruditionibus
614 2800 844 2857 formam
872 2808 1113 2871 praestat.
1141 2800 1209 2857 Et
1231 2800 1353 2859 talis
1370 2801 1523 2857 dolor
1541 2809 1624 2859 est
1642 2814 1777 2871 pra)-

204 2900 443 2965 ccptum,
469 2893 523 2949 id
544 2900 645 2956 est,
679 2891 853 2947 vicem
881 2900 937 2946 et
958 2893 1245 2963 imaginem
1285 2894 1543 2964 praecepti
1593 2894 1775 2949 habet.

280 2984 447 3041 Vsns.
476 2984 565 3039 12.
584 3012 654 3025 —
675 2982 744 3039 Et
769 2983 1028 3040 tabescere
1048 2986 1221 3055 fecisti
1239 2988 1375 3042 sicut
1388 3000 1637 3043 cremant
1658 2989 1777 3042 ani-

204 3089 369 3129 mam.
396 3072 519 3144 lin.)
548 3071 821 3131 Siccatam
864 3074 933 3129 ab
979 3087 1167 3139 amore
1190 3074 1470 3141 virtutum,
1516 3083 1573 3132 et
1602 3078 1781 3145 cogni-

1874 1891 2032 1956 trale,
2080 1890 2173 1945 sed
2226 1904 2325 1959 per
2378 1887 2583 1944 Novum
2655 1887 3083 1945 Testamentum.
3165 1888 3444 1945 Videbunt.

1872 1979 2081 2054 (li-ass.)
2107 1979 2373 2035 Mirabilia
2402 1988 2643 2048 tempore
2662 1979 3061 2035 incarnationis
3076 1981 3236 2035 facta.
3267 1979 3448 2053 (Λεία.)

1871 2068 2164 2133 Videbunt,
2195 2070 2299 2125 hoc
2326 2068 2469 2137 quod
2496 2068 2670 2137 primo
2708 2069 2775 2125 de
2803 2068 3075 2139 prioribus
3096 2070 3267 2137 dixit,
3298 2071 3451 2127 vide-

1870 2163 2007 2220 bant
2032 2162 2187 2216 multi
2223 2160 2407 2232 populi
2450 2160 2674 2229 posteri.
3468 2204 3475 2215 .

1945 2253 2109 2311 Vens.
2161 2254 2213 2309 5.
2267 2284 2336 2294 —
2392 2252 2618 2308 Nomen.
2668 2251 2797 2324 (1ο.)
2848 2252 3002 2321 Quod
3056 2262 3147 2310 est
3194 2253 3471 2311 salvator.-

1872 2347 2039 2417 Quasi
2068 2367 2083 2403 :
2121 2346 2341 2413 Beatus,
2367 2354 2497 2413 ctc.,
2529 2346 2621 2415 qui
2652 2361 2757 2402 non
2798 2345 3115 2418 temporalia
3152 2355 3341 2417 sperat
3384 2346 3455 2403 ab

1872 2455 1961 2507 eo,
1980 2440 2073 2496 sed
2088 2439 2335 2502 salutem,
2359 2439 2503 2509 quod
2523 2437 2640 2508 ejus
2656 2446 2853 2494 nomen
2871 2437 3092 2494 indicat.
3122 2437 3179 2495 in
3206 2437 3457 2496 Hebraei

1875 2548 2017 2605 sape
2057 2534 2403 2604 duplicantur
2440 2533 2545 2587 hoc
2590 2532 2750 2587 modo
2787 2532 3008 2603 genitivi
3042 2551 3054 2587 :
3100 2531 3207 2599 vel,
3250 2533 3453 2600 beatus,

1875 2634 1959 2682 est
1976 2625 2062 2680 cui
2083 2632 2403 2688 estnomen,
2426 2622 2482 2677 id
2500 2622 2956 2693 est,quoestlaus
2977 2622 3107 2690 Dei,
3119 2630 3183 2679 ut
3198 2624 3266 2679 ab
3285 2638 3353 2680 eo
3368 2639 3460 2683 so-

1892 2717 2138 2783 o-credat
2177 2717 2429 2782 salutem,
2471 2715 2615 2771 Inde
2652 2724 2739 2772 est
2764 2726 2821 2771 et
2855 2731 2981 2788 spes
3014 2712 3150 2786 eius.
3178 2715 3450 2773 lemnius.

1877 2808 2081 2881 (Cass)
2119 2806 2284 2869 ldola,
2321 2820 2442 2875 quae
2464 2803 2659 2861 fallunt
2684 2820 2715 2859 a
2752 2806 2982 2861 veritate
3024 2805 3179 2872 :vel,
3207 2806 3453 2872 insanus,

1876 2899 1933 2953 in
1955 2896 2279 2968 spectaculis
2306 2895 2605 2952 fallacibus.
2640 2896 2765 2952 ideo
2783 2895 3095 2967 pluraliter,
3113 2904 3173 2953 ut
3198 2897 3265 2955 de
3282 2897 3459 2955 omni-

1874 2988 1978 3044 bus
2005 2987 2320 3056 accipiatur.
2352 2986 2479 3042 Haec
2505 2985 2663 3051 falsa,
2706 2986 2800 3043 sed
2833 3001 2998 3057 opera
3027 2996 3117 3043 tua
3161 2986 3459 3058 mirabilia,

1881 3078 2101 3142 coelum,
2128 3085 2296 3143 terra,
2325 3076 2478 3131 elidit
2519 3076 2955 3147 superstitiones.

204 3164 394 3220 tionis.
428 3164 579 3218 Sicut
601 3177 800 3218 aranea
826 3163 960 3219 texit
982 3164 1196 3219 inanem
1225 3163 1385 3223 telam
1411 3165 1466 3221 in
1487 3181 1783 3239 eongrega-
1808 3151 1854 3215 (ἶ
1957 3152 2143 3225 Vens.
2164 3167 2217 3223 6.
2241 3196 2312 3208 --
2340 3165 2610 3223 Hirabilia
2636 3177 2747 3227 tua.
2795 3166 2979 3239 (Mm)
3007 3167 3229 3225 Petrum
3273 3170 3464 3227 ambu-

206 3257 357 3312 tione
385 3256 781 3326 temporalium.
823 3255 945 3323 Vel,
975 3258 1105 3312 dum
1124 3257 1360 3315 extrahit
1382 3272 1413 3312 a
1442 3273 1504 3313 se
1530 3258 1784 3330 iniquita-

206 3360 319 3405 tem
339 3347 479 3405 sicut
500 3361 718 3414 aranea,
734 3348 1008 3421 egestione
1028 3347 1293 3403 viscerum
1315 3349 1561 3404 moritur.
1579 3349 1785 3424 (Cass)

207 3440 332 3507 Vel,
349 3455 550 3497 aranea
580 3450 738 3497 tenue
762 3456 957 3512 corpus
980 3442 1167 3509 habet,
1191 3458 1291 3499 nec
1318 3444 1374 3498 in
1408 3454 1572 3509 terra,
1602 3446 1699 3503 sed
1727 3446 1783 3501 in

209 3532 321 3590 alto
349 3539 475 3593 stat.
504 3531 642 3591 telas
663 3534 938 3606 egestione
962 3534 1228 3593 viscerum
1261 3535 1434 3599 texit:
1484 3536 1567 3595 sie
1602 3536 1791 3595 anima

210 3624 457 3680 conversi
486 3635 541 3680 et
583 3622 769 3683 afﬂicti
795 3636 1013 3683 terrena
1060 3626 1281 3693 deserit,
1332 3626 1554 3685 subtiles
1597 3643 1776 3697 opera

212 3718 389 3771 tiones
417 3716 611 3772 timore
639 3702 734 3772 Dei
784 3719 1065 3773 tabeﬁcata
1112 3718 1344 3789 perlicit.
1394 3718 1781 3776 Verumtamen.

212 3810 396 3883 (Λίχα.ο
412 3809 590 3883 Cass.)
611 3811 763 3868 Licet
785 3812 1113 3884 increpetur,
1141 3813 1266 3869 licet
1293 3815 1572 3880 tabeliant,
1606 3823 1783 3871 tamen

210 3903 449 3959 humana
470 3903 785 3961 inﬁrmitate
807 3906 973 3961 variis
1002 3906 1164 3965 rebus
1186 3905 1552 3973 confunditur,
1574 3907 1789 3979 nisiqui

211 3992 386 4051 Deum
424 4009 561 4068 pura
599 4003 778 4051 mente
810 3995 1219 4068 contemplatur.

287 4082 454 4140 Vnns.
485 4082 572 4140 14.
615 4085 924 4141 -Επαυάε
968 4089 1277 4149 orationem.
1303 4087 1499 4160 (Cass)
1547 4090 1788 4162 Diapsai-

214 4176 494 4232 mus.1ter
541 4177 682 4233 mala
712 4178 891 4234 saeculi
939 4180 1074 4250 petit
1098 4180 1200 4236 sibi
1239 4180 1427 4239 adesse
1470 4190 1525 4238 et
1568 4194 1793 4254 peccata

215 4269 448 4337 dimitti,
470 4280 529 4326 ut
560 4287 819 4343 prospero
858 4272 964 4328 ﬁne
989 4281 1168 4331 exeat.
1211 4272 1335 4347 (ιο.)
1384 4274 1493 4331 Sed
1517 4278 1641 4346 quia
1690 4290 1788 4350 ego

215 4360 323 4415 ista
354 4376 461 4417 non
480 4369 625 4431 peto,
653 4369 796 4431 ctc.,
825 4378 987 4433 usque
1014 4363 1083 4418 ad
1118 4364 1437 4422 movendam
1482 4366 1779 4425 misericor-

218 4448 386 4504 diam.
481 4495 491 4503 .

1813 4503 1869 4568 D

1882 3261 1998 3317 lare
2019 3275 2183 3332 super
2206 3275 2375 3329 aquas
2414 3260 2466 3314 in
2496 3260 2669 3330 signo,
2692 3273 2799 3314 non
2816 3257 2871 3313 in
2898 3259 3115 3325 sacculo,
3136 3259 3191 3319 id
3223 3268 3329 3326 est,
3350 3258 3464 3317 fru-

1885 3353 2062 3413 ctibus
2090 3350 2294 3409 saeculi.
2320 3348 2502 3423 (Aue.)
2532 3347 2697 3407 Salus
2715 3365 2907 3418 verax,
2950 3351 3162 3407 insania
3192 3352 3424 3411 nenda:
3444 3392 3461 3420 ,

1884 3461 1993 3505 non
2018 3443 2263 3515 estquod
2288 3451 2526 3513 putatur.
2558 3440 2771 3518 (ΗΕΒ.)
2803 3441 2949 3505 Vana
2972 3450 3107 3503 sunt
3122 3453 3356 3513 terrena,
3377 3445 3467 3505 in-

1886 3538 2071 3605 saniae,
2103 3536 2198 3593 ira:
2231 3544 2287 3592 et
2314 3535 2466 3602 rixae,
2508 3544 2633 3593 etc.-
3368 3592 3371 3595 _

1956 3630 2082 3685 Non
2107 3640 2181 3686 est
2219 3630 2307 3701 qui
2360 3628 2550 3684 sinatis
2572 3627 2685 3683 tibi.
2716 3626 2901 3700 (ΑΜ.)
2924 3627 3069 3685 Nulli
3090 3638 3342 3687 auctores
3375 3642 3466 3686 ar-

1886 3724 2039 3781 tium.
2075 3722 2416 3779 Annuntieei.
2449 3719 2549 3777 llic
2566 3719 2817 3779 Christus
2837 3720 2892 3777 in
2915 3721 3091 3792 capite
3108 3722 3463 3783 etmembris.

1887 3817 2013 3873 Haec
2031 3826 2159 3873 sunt
2177 3815 2314 3872 mira
2349 3814 2467 3881 Dei,
2502 3814 2587 3872 hac
2612 3813 2965 3884 cogitationes
2983 3814 3180 3884 quibus
3204 3829 3365 3873 nemo
3379 3824 3467 3873 est

1887 3909 2097 3966 similis.
2131 3907 2335 3981 (clm)
2368 3907 2510 3964 Ecce
2848 3921 2865 3962 :
2905 3906 3231 3975 incarnatio,
3253 3907 3467 3977 iustitia

1886 4002 2318 4073 praedicationis,
2357 3999 2606 4055 liberatio
2649 3998 2927 4057 hominum
2960 3997 3032 4057 ab
3068 3999 3463 4069 iniquitatibus,

1887 4093 2131 4149 confusio
2145 4092 2506 4157 inimicorum,
2524 4090 2707 4147 laetitia
2720 4091 3074 4162 sperantium.
3089 4090 3292 4157 Primo,
3305 4092 3467 4149 rudes

1887 4193 1943 4240 et
1955 4183 2293 4255 incompositi
2313 4181 2599 4254 praeparati
2614 4186 2759 4247 sunt,
2777 4186 2836 4236 ut
2851 4178 3011 4235 verba
3023 4179 3222 4236 Christi
3238 4179 3465 4235 libenter

1890 4278 2246 4346 susciperent.
2272 4275 2454 4347 (Λιις.)
2493 4273 2631 4330 Vide
2676 4272 2947 4329 mirabilia
2968 4272 3093 4328 Dei;
3132 4272 3467 4329 Amuntiavi

1886 4368 2039 4439 prius
2060 4382 2157 4437 per
2184 4364 2506 4436 Prophetas,
2536 4373 2594 4420 et
2618 4374 2741 4434 post
2760 4363 2971 4419 loeutus
2996 4372 3228 4434 egomet;
3279 4362 3470 4419 Multi-

1891 4457 2068 4530 plicati
2094 4467 2213 4511 sunt
2242 4472 2397 4525 super
2429 4471 2722 4511 numerum.
2754 4452 2959 4526 (11183.,
2980 4452 3149 4527 Astii)
3170 4452 3348 4527 Super
3369 4471 3467 4512 nu-

292 4540 377 4596 Ne
406 4540 580 4607 sileas,
609 4545 854 4615 quoniam
881 4543 1083 4603 adeatur
1123 4562 1216 4617 ego
1241 4563 1377 4602 sum.
1433 4547 1615 4622 (Aue.)
1668 4549 1789 4607 iam
1813 4540 1869 4568 ”
1893 4562 2101 4605 merum
2125 4547 2548 4604 salvandorum-z
2597 4546 2702 4610 vel,
2739 4561 2901 4619 super
2944 4548 3055 4604 hoe
3088 4549 3233 4618 quod
3272 4547 3471 4618 aliquis

216 4631 362 4702 apud
394 4640 463 4698 te,
485 4634 580 4688 sed
603 4633 779 4689 adhuc
807 4633 1103 4705 inquilinus
1134 4654 1148 4693 :
1179 4638 1304 4706 quia
1344 4638 1475 4695 hinc
1528 4642 1789 4698 transitu-

217 4737 317 4777 rus
365 4721 433 4776 ad
460 4730 680 4789 aeterna,
708 4722 797 4779 ubi
821 4739 928 4779 non
954 4740 1048 4783 ero
1075 4724 1386 4796 inquilinus.
1418 4729 1631 4785 Adaeus
1652 4731 1795 4802 apud

218 4822 291 4868 te.
322 4811 525 4884 (Cass)
548 4812 664 4869 Non
693 4814 750 4869 in
779 4814 973 4871 diaboli
1013 4815 1249 4885 civitate,
1279 4819 1373 4875 sed
1414 4820 1467 4874 in
1506 4828 1595 4877 tua
1648 4837 1797 4878 rem—

215 4905 449 4977 ptus,de
469 4900 757 4977 Babylonia
774 4906 843 4963 ad
860 4906 1156 4965 Jerusalem
1176 4910 1489 4967 translatus.
1513 4911 1663 4968 Sicut
1686 4929 1798 4969 om-

221 5015 313 5055 nes
344 5014 534 5070 patres.
567 4999 646 5056 Ne
667 5001 790 5072 quis
817 5003 886 5057 ab
910 5002 1012 5057 hac
1052 5004 1357 5061 conditione
1394 5013 1611 5076 putetur
1634 5022 1793 5065 exce-

219 5098 370 5163 ptus.
392 5090 622 5147 Advena.
647 5090 821 5148 Meum
847 5108 1071 5165 regnum
1090 5109 1190 5165 pro
1210 5103 1302 5153 tuo
1321 5097 1531 5155 desero.
1554 5096 1795 5171 Peregri-

230 5196 346 5237 nus.
380 5181 574 5238 Adhuc
597 5198 703 5239 non
726 5184 929 5256 eligens
947 5185 1078 5243 mihi
1104 5187 1285 5245 sedem
1312 5189 1420 5247 hic.

298 5272 518 5331 Remitte
545 5277 694 5332 mihi.
730 5276 855 5351 (lo.)
878 5278 979 5337 llic
998 5279 1100 5337 sibi
1128 5282 1262 5353 petit
1287 5282 1509 5352 dimitti,
1530 5294 1590 5341 at
1617 5292 1799 5342 certus

260 5365 296 5421 d
318 5365 581 5435 iudicium
605 5368 910 5439 perveniat.

729 5498 1046 5559 PSALMUS
1064 5500 1306 5559 XXXIX.

302 5629 471 5688 Vens.
504 5630 557 5686 1.
577 5659 651 5672 -
672 5628 740 5685 In
760 5629 915 5700 ﬁnem
942 5630 1194 5704 psalmus.
1223 5630 1427 5706 (Cass)
1450 5630 1693 5689 Primum
1722 5635 1801 5689 in-

1891 4652 2209 4695 enumerare
2248 4637 2417 4707 possit
2449 4654 2462 4691 :
2500 4636 2609 4703 vel,
2661 4650 2753 4693 me
2794 4636 3053 4707 loquente
3096 4638 3468 4710 phirequ

1892 4727 2025 4783 olim
2046 4727 2409 4785 crediderunt.

1964 4818 2127 4874 Vens.
2184 4816 2237 4871 7.
2275 4847 2345 4857 —
2377 4815 2710 4887 Sacriﬁcium
2763 4827 2814 4874 et
2866 4815 3186 4875 audiam
3228 4816 3469 4875 noluisti.

1895 4907 2078 4982 (Αυς.)
2105 4907 2176 4964 Ut
2211 4908 2361 4967 venit
2389 4923 2497 4971 res,
2532 4907 2703 4965 noluit
2724 4908 2877 4978 quasi
2893 4907 3058 4965 verba
3080 4907 3472 4977 promittentis,

1898 5009 2219 5073 ctc.,,usque
2242 5002 2311 5057 ad
2336 5001 2430 5059 sed
2459 5000 2564 5065 ille,
2608 4992 2699 5071 qui
2720 4999 2883 5069 fudit,
2927 5000 3145 5065 surdus,
3167 5010 3275 5057 non
3301 4998 3470 5054 audit.

1899 5094 2066 5150 Aures
2086 5103 2259 5148 autent
2284 5091 2547 5164 perfecisti
2745 5090 2805 5151 ω
2825 5100 2931 5159 est,
2947 5088 3184 5162 perfecte
3205 5102 3295 5147 me
3311 5086 3473 5145 intel-

1899 5183 2067 5256 ligere
2096 5183 2270 5240 fecisti
2302 5184 2431 5253 quid
2458 5183 2641 5243 velles.
2680 5181 2770 5241 Vel
2798 5196 2988 5253 corpus
3014 5177 3209 5250 optaui
3237 5179 3390 5246 mihi,
3414 5189 3479 5237 ut

1901 5275 1979 5331 ait
2004 5274 2291 5346 Apostolus
2310 5276 2377 5331 ad
2401 5273 2656 5331 Hebraeos
2704 5273 2867 5346 (θοι.
2890 5271 2971 5345 x),
3024 5270 3081 5327 id
3134 5278 3239 5337 eat,
3281 5283 3477 5341 corpus

1902 5373 2088 5439 aptum
2130 5365 2198 5421 ad
2228 5362 2560 5423 oﬂ‘erendum
2602 5364 2739 5421 mihi
2762 5360 2981 5420 dedisti.

1967 5454 2133 5513 Vens.
2161 5455 2216 5513 8.
2238 5454 2736 5513 —Holocaustum.
2782 5452 3108 5513 Boiocausta
3153 5453 3319 5511 etiam
3367 5466 3475 5508 non

1900 5547 2083 5619 petisti
2112 5562 2208 5617 pro
2228 5556 2474 5618 peccato.
2507 5546 2617 5613 Pro
2646 5555 2878 5618 peccato.
2902 5544 3055 5615 Quod
3074 5558 3239 5615 supra
3267 5542 3483 5599 oblatio-

1903 5654 2044 5706 nem,
2073 5649 2131 5695 ut
2152 5639 2219 5696 de
2246 5640 2395 5695 hirco
2430 5637 2799 5711 ἀποπομπὰιῳ,
2824 5637 2881 5695 id
2907 5645 3013 5705 est,
3047 5634 3353 5701 emissario.
3386 5635 3480 5705 (ιιιὶ

224 5723 382 5781 ducit
428 5723 721 5780 Ecclesiam
750 5732 1089 5795 exspectasse
1126 5724 1501 5794 Dominum,et
1535 5728 1806 5801 accepisse
1906 5742 2028 5784 cum
2051 5728 2289 5800 peccatis
2308 5730 2488 5801 populi
2514 5730 2566 5784 in
2586 5724 3484 5801 desertummittebaturzveldios-
