3982 6352
493 373 599 431 905
982 363 1377 425 WALAFRIDI
1415 359 1661 420 STRABI
1692 309 1898 416 FULD.
1941 351 2108 412 MON.
2151 350 2302 409 OPP.
2342 345 2526 406 PARS
2560 345 2602 402 l.
2641 375 2710 387 —
2737 342 3196 402 THEOLOGICA.
3646 346 3760 405 904

494 497 620 546 sunt
653 500 774 544 esse
797 484 918 541 dum
969 481 1232 538 dictiones
1273 493 1372 550 pro
1425 483 1664 546 peccato.
1720 471 1852 526 Ecce
1897 468 2062 524 venio.
2092 470 2143 532 Α
2169 469 2324 518 catur
2362 475 2430 515 ne
2455 457 2687 513 hominis
2713 456 2996 512 inﬁrmitas
3023 455 3177 511 duris
3204 462 3488 526 superetur
3517 475 3534 524 ;
3567 461 3758 529 quasi,

496 581 696 656 (Cass)
723 577 858 635 Cum
886 573 1151 632 sacriﬁcia
1181 547 1419 636 cessent,
1448 576 1660 624 constat
1690 563 1873 620 venire
1899 559 2060 616 Chri-
2163 556 2335 612 lectus
2375 551 2573 622 quietis
2608 558 2732 606 sunt
2767 550 2884 604 hac
2921 549 3063 604 bona
3095 547 3442 619 temporalia:
3475 552 3575 605 sed
3605 552 3761 608 Deus

494 637 692 728 gtumf
2161 645 2294 700 facit
2322 644 2438 698 haec
2477 639 2752 697 doloribus
2776 639 2953 710 plena,
2985 653 3053 694 ne
3097 637 3154 692 in
3186 638 3268 692 eis
3295 654 3420 708 spes
3455 638 3758 696 habeatur.

566 762 728 817 Vens.
755 757 809 814 9.
831 787 899 796 —
919 754 988 811 In
1016 754 1181 826 capite
1200 751 1318 806 libri
1339 749 1588 820 scriptum
1612 755 1685 800 est
1707 749 1770 798 de
1796 758 1898 798 me.
2161 733 2394 790 Lectum.
2424 729 2608 804 (Auc.)
2636 728 2942 784 Universum
2962 728 3106 784 enim
3125 729 3432 792 stratum,id
3457 739 3567 794 est,
3592 747 3764 786 mun-

497 853 681 912 statim
711 849 866 906 venio
892 855 950 903 ut
971 821 1208 902 facerem
1254 842 1586 897 voluntatem
1637 846 1802 902 tuam,
1835 822 1961 904 quia
2005 831 2064 885 in
2163 826 2356 882 danam
2391 823 2712 912 felicitatem
2753 821 2976 892 provide
3003 823 3275 877 convertit
3320 822 3466 876 Deus
3492 823 3553 876 in
3577 839 3763 894 angu-

497 910 673 1014 capite
697 937 855 1008 hujus
875 935 1016 992 libri.
1037 933 1154 1000 Vel,
1180 932 1258 988 sic
1293 938 1374 986 est
1396 927 1718 1000 praeﬁnitum
1743 922 1884 1014 apud
1896 921 2064 1014 Deum
2163 915 2316 1014 stias.
2348 911 2549 1014 (Cass)
2569 911 2669 967 Hic
2695 910 2933 1014 trepidus
2961 910 3077 980 ipse
3106 911 3538 967 misericordiam
3563 914 3711 982 petit
3743 931 3760 966 :

495 1001 732 1097 Patrem,
758 1001 850 1100 qui
872 1035 955 1082 est
974 1032 1134 1096 caput
1154 1022 1283 1089 mei,
1306 1021 1398 1092 qui
1424 1034 1541 1076 sum
1563 1017 1721 1081 liber,
1749 1013 1802 1070 id
1827 1020 1933 1079 est,
1964 1009 2068 1066 for-
2163 1005 2290 1100 quia
2301 1003 2468 1100 quise
2464 1017 2734 1100 peccasse
2725 1001 2973 1100 sciebat,
2987 1002 3200 1073 bisjure
3217 1003 3352 1057 tradi
3375 1002 3609 1059 timebat
3627 1021 3640 1056 :
3657 1003 3765 1060 sed

498 1138 586 1180 ma
608 1092 835 1194 justiti—te
854 1092 1180 1173 hominibus.
1999 1189 2014 1194 Α
2165 1111 2234 1194 ne
2252 1094 2437 1194 famuli
2464 1093 2562 1149 Dei
2582 1093 2668 1194 his
2687 1092 2868 1194 amicti
2889 1093 3173 1150 videantur
3191 1110 3223 1149 a
3249 1093 3360 1150 Deo
3375 1095 3608 1161 deserti,
3629 1112 3764 1152 cum

569 1183 734 1270 V'nns.
761 1211 846 1267 10.
882 1239 952 1252 --
984 1205 1221 1262 Ecclesia
1267 1219 1477 1274 magna.
1520 1195 1701 1273 (Auc.)
1746 1195 1884 1252 Toto
1937 1189 2068 1249 orbe
2167 1185 2282 1257 ipse
2307 1185 2452 1241 Deus
2465 1183 2690 1274 pertulit
2707 1183 2872 1274 talia;
2900 1183 3042 1274 unde
3061 1183 3459 1274 dicitzlnimici
3479 1186 3589 1240 mei
3607 1186 3764 1242 diu-

497 1313 788 1368 terrarum,
814 1315 920 1356 non
942 1312 1110 1371 parva
1141 1301 1201 1351 ut
1225 1272 1376 1366 prius
1402 1309 1415 1346 :
1441 1301 1496 1347 et
1524 1272 1789 1360 Siquidem
1828 1285 2070 1355 insurget
2167 1284 2308 1329 Tum.
2343 1274 2458 1340 Vel.
2499 1272 2660 1329 lectus
2696 1273 2916 1329 doloris.
2957 1273 3141 1348 (Αυα.)
3178 1274 3355 1343 Caro,
3397 1280 3457 1331 in
3495 1291 3765 1348 quapeo-

500 1399 685 1464 timor,
719 1365 1151 1465 nonprohibebit
1176 1365 1342 1457 loqui.
1365 1383 1621 1448 Domine,
1659 1389 1716 1435 tu
1748 1377 1912 1433 scisti.
1944 1373 2068 1446 (1ο.)
2168 1373 2535 1465 catum,_etc.,_
2558 1381 2719 1465 usque
2747 1365 2817 1419 ad
2855 1365 3071 1435 quando
3103 1365 3279 1421 Adam
3314 1367 3634 1423 inﬁrmatus
3675 1376 3764 1425 at

497 1451 887 1546 babia'sonant
915 1451 1396 1545 hominibus-etc.,
1435 1488 1596 1545 usque
1640 1469 1710 1525 att
1751 1476 1814 1524 ut
1853 1465 1923 1522 ad
1968 1466 2072 1520 hoc
2167 1451 2594 1532 praevaricando.
2621 1456 2784 1528 Opem
2806 1457 2986 1530 (Auc.,
3022 1457 3766 1536 Hisnzﬂninﬁrmitatecar-

432 1600 434 1602 ν
499 1595 605 1637 non
637 1578 741 1634 sim
777 1577 946 1650 piger.
1834 1649 1844 1650 ί
2054 1644 2068 1650 ᾳ
2171 1551 2276 1619 nis,
2299 1565 2428 1650 _qu:e
2453 1558 2642 1622 gravat
2689 1549 2945 1650 animam:
2987 1549 3246 1607 Stratum.
3281 1551 3468 1623 (Αυσ.)
3501 1551 3609 1608 Est
3653 1552 3760 1606 ali-

570 1668 736 1726 Vsns.
761 1639 947 1723 ll:—-
974 1663 1097 1719 Non
1117 1658 1382 1717 abscondi.
1413 1653 1614 1730 (Cass)
1639 1649 1884 1725 (Quando
1920 1644 2073 1720 pomi
2171 1643 2314 1714 quod
2355 1651 2632 1698 terrenum
2674 1641 2816 1712 quod
2846 1639 3117 1708 inﬁrmus,
3165 1649 3297 1708 etc.,
3319 1657 3488 1713 usque
3528 1641 3610 1696 ad
3658 1656 3760 1714 pro

496 1755 774 1832 prodesse)
802 1754 1110 1817 veritatem,
1137 1745 1576 1820 promissionem,
1603 1752 1658 1797 et
1697 1737 2068 1796 salvationem.
2173 1736 2332 1791 domo
2356 1744 2572 1791 eterna:
2596 1733 2964 1790 habitationis.

574 1823 860 1904 Vsus—12.
889 1841 1253 1901 Misericordia
1277 1850 1390 1894 tua.
1417 1834 1596 1911 (Auo.)
1623 1834 1791 1890 Amor
1825 1839 1881 1888 et
1906 1829 2068 1887 timor
2094 1844 2144 1908 Β
2239 1828 2403 1884 Vens.
2437 1828 2491 1881 6.
2517 1856 2590 1867 -—
2611 1825 2822 1880 Inimici
2849 1825 2971 1880 mei.
3010 1823 3212 1898 (Cass)
3243 1825 3508 1881 Dominus
3529 1826 3606 1881 de
3633 1840 3764 1898 pas-

499 1941 803 2015 perducunt
830 1952 916 1992 me
938 1935 1006 1991 ad
1033 1945 1102 1990 te.
2171 1923 2322 1980 sione
2345 1936 2464 1989 sua,
2489 1935 2609 1992 quae
2640 1919 2947 1978 secundum
2971 1932 3201 1992 egenum
3247 1917 3368 1974 fuit.
3403 1917 3599 1990 (Δυε.)
3649 1918 3765 1973 Ini-

571 2033 737 2090 Vens.
783 2029 868 2084 15.
897 2057 970 2070 -—
997 2023 1244 2097 Capillos.
1299 2020 1480 2094 (Αυο.)
1508 2018 1652 2074 Bene
1690 2017 1748 2070 in
1789 2025 2070 2083 compara-
2165 2015 2288 2070 mici
2311 2015 2433 2068 mei.
2465 2011 2592 2068 Haec
2621 2012 2689 2068 de
2716 2010 2932 2067 Christo
2957 2009 3266 2081 specialiter
3301 2009 3444 2065 dicta
3471 2016 3637 2076 sunt,
3666 2009 3761 2065 sed

501 2127 649 2191 tione
677 2121 997 2178 delictorum
1023 2115 1201 2188 capilli
1225 2113 1372 2170 ducti
1399 2119 1545 2166 sunt.
1577 2107 1712 2162 Nam
1732 2105 1853 2160 ideo
1878 2103 1934 2158 in
1959 2101 2065 2191 Ve-
2166 2113 2222 2159 et
2251 2103 2319 2158 de
2358 2102 2616 2158 membris
2643 2101 2751 2157 dici
2790 2110 3046 2172 possunt:
3076 2109 3132 2158 et
3153 2100 3314 2157 hodie
3340 2101 3404 2156 ﬁt
3433 2102 3761 2170 tribulatio,

501 2188 604 2274 tari
635 2215 982 2271 Testamento
1005 2205 1312 2263 sacerdotes
1329 2201 1754 2264 radebantur,ut
1781 2193 1860 2250 sic
1888 2188 2069 2247 carnis
2167 2203 2228 2250 ut
2254 2207 2450 2249 nomen
2497 2191 2701 2248 Christi
2758 2193 3172 2264 exstinguatur:
3225 2193 3321 2249 sed
3367 2207 3472 2263 per
3519 2204 3764 2250 mortem

501 2308 636 2366 vitia
660 2303 972 2375 deposuisse
993 2297 1328 2354 viderentur.
2169 2303 2323 2345 suam
2353 2293 2410 2341 et
2434 2299 2656 2341 suorum
2682 2283 2856 2353 magis
2882 2283 3125 2339 Ecclesia
3147 2284 3340 2339 crevit.

573 2373 746 2456 Vsus:
771 2397 858 2454 14.
876 2425 949 2436 -
968 2391 1318 2462 Complaceat.
1345 2384 1546 2460 (Ossan)
1565 2379 1916 2452 Complaceat,
1943 2374 2069 2432 Tri-
2239 2377 2402 2434 Vsus.
2434 2376 2485 2431 7.
2510 2405 2581 2415 —
2601 2374 2670 2430 Et
2701 2375 2747 2430 si
2768 2373 3174 2446 ingrediebatur.
3207 2374 3408 2447 (Csss.)
3439 2373 3590 2432 Nota
3620 2375 3764 2432 tole-

505 2499 732 2558 nitatem
755 2489 1138 2566 personarum;
1169 2485 1284 2551 tibi,
1315 2479 1660 2552 singulariter
1690 2474 1955 2531 unitatem
1978 2484 2067 2525 es-
2170 2469 2372 2526 randos
2400 2466 2591 2523 malos.

501 2557 691 2647 sentiae
731 2557 928 2654 signat.
961 2576 1144 2653 (Auc.)
1169 2572 1518 2644 Complaceal,
1545 2569 1644 2634 ait,
1671 2580 1780 2622 non
1825 2560 2071 2654 diﬁidens
2241 2563 2364 2637 (Ιυ.)
2386 2560 2502 2617 Non
2529 2559 2702 2617 solum
2725 2559 2898 2630 aperti
2921 2557 3160 2628 inimici,
3189 2557 3284 2614 sed
3312 2566 3370 2614 et
3398 2559 3498 2630 qui
3534 2557 3765 2616 simula.

503 2681 569 2736 de
596 2651 837 2751 potentia
857 2651 985 2739 Dei,
1014 2671 1060 2726 si
1086 2666 1226 2724 adsit
1262 2663 1525 2719 voluntas.
1559 2658 1723 2728 Quasi
1754 2674 1766 2709 :
1799 2655 1859 2710 Si
1884 2663 1940 2708 tu
1964 2651 2069 2716 vis,
2168 2654 2299 2710 bant
2321 2667 2380 2708 se
2408 2653 2630 2710 amicos.

501 2737 677 2844 potes,
707 2766 952 2822 Domine.
971 2737 978 2739 ﬁ
997 2760 1228 2831 Respice.
1255 2752 1454 2827 (Csss.)
1494 2752 1791 2823 Respectus
1824 2745 1941 2818 ejus
1969 2757 2067 2799 no-
2242 2741 2404 2844 Vsus.
2430 2742 2484 2798 8.
2509 2771 2579 2782 --
2605 2738 2986 2812 Egrediebatur
3007 2738 3172 2808 foras.
3222 2737 3270 2793 A
3295 2738 3421 2826 sinu
3467 2739 3756 2806 veritatis,

501 2815 677 2920 :trunti
702 2866 787 2916 est
813 2815 1112 2913 auxilium:
1262 2815 1276 2826 ‘
1433 2815 1448 2827 I
1603 2815 1624 2823 -
1853 2815 1866 2818 ﬁ
2169 2829 2346 2904 malus
2369 2831 2664 2904 ingressus,
2690 2830 2865 2886 malus
2885 2844 3160 2902 egressus.
3191 2829 3258 2884 In
3276 2815 3534 2900 idipium.
3565 2829 3759 2901 (Acta)

575 2956 740 3013 Vsus.
773 2952 859 3008 l6.
892 2979 964 2991 —
989 2947 1092 3016 Qui
1111 2945 1289 3000 dicunt
1318 2941 1478 2996 mihi:
1510 2937 1681 3009 Euge,
1705 2950 1850 3006 euge.
1881 2925 2068 3004 (Auc.)
2167 2921 2227 3016 id
2247 2931 2329 2979 est
2345 2963 2385 3016 ,ι
2406 2938 2513 2980 uno
2545 2922 2772 3016 consilio
2791 2935 3002 3016 Aomnes
3041 2921 3327 2978 adversum
3368 2935 3454 2977 me
3511 2936 3764 2976 susurra-

502 3050 574 3107 Et
600 3011 706 3118 qui
732 3046 875 3101 bona
898 3011 1030 3098 dicil
1071 3037 1212 3094 malo
1253 3034 1459 3100 animo,
1483 3040 1540 3087 et
1576 3029 1670 3101 qui
1717 3026 1857 3082 mala
1887 3022 2070 3079 dolose
2169 3012 2320 3118 bant.
2347 3013 2726 3072 Susurrabant.
2759 3012 2958 3085 (Cass)
2986 3012 3104 3069 Non
3127 3011 3330 3068 audent
3355 3012 3610 3105 detegere
3633 3029 3766 3070 oon-

502 3093 788 3202 laudiindo,
822 3142 1050 3202 uterque
1073 3133 1246 3185 malus
1271 3135 1356 3182 est
1377 3131 1432 3180 et
1444 3093 1748 3180 cavendus.
1777 3117 1854 3172 De
1877 3113 2068 3186 primis
2111 3197 2141 3202 Δ
2171 3108 2348 3164 silium
2363 3149 2378 3176 ,
2402 3109 2526 3180 quia
2554 3108 2610 3163 in
2635 3108 2843 3164 scelere
2863 3107 2992 3161 socii
3018 3115 3147 3163 sunt
3171 3120 3360 3164 omnes
3395 3124 3409 3161 :
3435 3093 3568 3162 eum
3602 3105 3766 3177 pauci

503 3195 670 3291 dixit:
699 3195 800 3298 Qui
821 3195 997 3284 colunt
1021 3223 1148 3280 mihi
1170 3218 1346 3286 mala;
1375 3217 1443 3274 de
1455 3214 1732 3273 secundis:
1766 3211 1869 3280 Qui
1893 3209 2072 3264 dicunt
2098 3197 2144 3262 C
2175 3198 2384 3254 soleant
2410 3213 2530 3254 esse
2560 3208 2799 3253 auctores
2828 3195 3120 3255 scelerum.

505 3288 664 3380 δέ...
692 3288 865 3394 ἑαρε,
889 3335 1036 3390 ευρ..
2244 3294 2406 3349 Vsus.
2456 3292 2528 3394 9._
2548 3321 2637 3394 -.
2655 3291 2931 3362 Nunquid.
2975 3289 3160 3363 (Αυε.)
3197 3288 3300 3360 Qui
3329 3289 3494 3346 habet
3518 3299 3768 3362 potesta-

576 3418 737 3474 Vsns.
756 3384 939 3471 ᾖξα-
957 3384 1029 3465 Iit
1057 3407 1254 3462 dicant.
1283 3400 1482 3480 (Cass)
1511 3399 1639 3456 Haec
1663 3405 1748 3453 est
1771 3411 1960 3452 eorum
1981 3410 2078 3450 ex-
2173 3394 2290 3480 tein
2301 3385 2532 3457 ponendi
2551 3386 2806 3450 animam,
2825 3400 3004 3442 nonne
3015 3384 3180 3441 habet
3199 3391 3256 3440 et
3274 3384 3584 3440 resumendi
3604 3385 3770 3440 eam?

506 3509 761 3568 sultatio:
791 3507 908 3561 haec
931 3502 1076 3559 enim
1105 3476 1372 3572 professio
1397 3494 1456 3551 in
1485 3503 1747 3550 mternum
1778 3488 2075 3561 gaudentes
2208 3477 2408 3572 ΔΥιξιιε.
2458 3478 2544 3572 l0.
2591 3508 2663 3572 -Ϊ
2692 3476 2931 3572 Speraui.
2977 3477 3162 3551 (Aus.)
3209 3477 3270 3532 ln
3316 3477 3598 3543 membris,
3635 3477 3766 3548 quia

505 3601 672 3660 eﬁicit
701 3598 1060 3656 Christianos.
1106 3568 1126 3572 _
2175 3569 2264 3625 alii
2299 3570 2496 3626 fratres
2523 3570 2576 3624 in
2607 3569 2757 3624 illum
2779 3568 2990 3660 aliquid
3018 3569 3332 3640 sperabant,
3353 3568 3481 3640 quia
3509 3569 3634 3624 talis
3680 3570 3764 3621 vi—

576 3691 742 3748 Vens.
772 3689 858 3746 18.
886 3718 956 3731 -
981 3687 1094 3759 Ego
1130 3692 1322 3740 autem.
1353 3675 1554 3752 (Cass)
1587 3675 1702 3733 Hoc
1723 3673 1972 3732 Christus
2009 3686 2076 3728 ex
2175 3662 2405 3759 debatur
2436 3670 2494 3716 ut
2528 3661 2730 3717 caeteri.
2765 3659 2858 3718 Sic
2899 3669 2954 3716 et
2989 3660 3199 3716 esurire
3238 3661 3294 3717 in
3333 3660 3668 3732 pauperibus
3712 3674 3773 3718 se

507 3785 683 3842 forma
709 3781 884 3838 servi:
923 3794 993 3834 ne
1021 3754 1144 3848 quis
1187 3773 1412 3847 gloriam
1452 3769 1722 3844 praedicta:
1747 3765 1948 3822 latitia:
1974 3762 2078 3819 sibi
2176 3754 2325 3848 dicit.

511 3884 808 3948 arrogaret.
837 3843 1132 3936 Mendic-us,
1169 3843 1260 3939 qui
1285 3867 1386 3923 sibi
1410 3843 1520 3920 non
1540 3860 1756 3920 sufﬁcit.
1790 3857 1875 3915 Ne
1896 3859 2080 3948 tarda-5
2253 3844 2410 3948 Vfiﬁs-
2442 3845 2528 3900 H-
2553 3874 2624 3886 —
2657 3843 2736 3900 Tu
2763 3854 2963 3948 autem,
2985 3843 3228 3944 Domine.
3259 3843 3444 3916 (Auc.)
3476 3843 3558 3900 De
3585 3860 3772 3902 reatr-

510 3934 871 4036 ueris‘:(Auc.)
897 3962 1018 4017 Nisi
1056 3934 1268 4015 breviati
1289 3966 1455 4013 essent
1495 3954 1626 4021 dies,
1656 3961 1790 4021 etc.,
1817 3966 1980 4023 usque
2007 3947 2076 4003 ad
2177 3937 2440 4036 ῒθειὶοιξθ.
2472 3949 2609 4036 tum
2643 3943 2727 4036 es:
2775 3934 2946 4005 gloria
2993 3934 3173 4004 egeni,
3225 3934 3292 3989 ad
3337 3934 3772 3991 conﬁrmandam

511 4060 608 4134 qui
629 4025 745 4132 jam
775 4025 1004 4127 quiesita
1028 4052 1293 4108 nutriunt.
2178 4045 2330 4134 spem
2365 4028 2624 4132 ﬁdelium.
2673 4027 2746 4082 Et
2773 4027 3058 4134 retribuam
3086 4028 3183 4082 eis.
3214 4025 3423 4098 (Δηὼ).
3455 4025 3600 4094 Quia
3619 4027 3772 4084 enim

2179 4120 2408 4192 dispersi
2454 4128 2580 4175 sunt
2624 4133 2722 4189 per
2766 4118 3026 4174 mundum
3053 4157 3068 4185 ,
3092 4117 3159 4173 ad
3189 4117 3618 4172 admonitionem
3661 4124 3772 4184 est,

1052 4183 1371 4244 PSALMUS
1408 4183 1500 4240 XL
1925 4187 1930 4192 '
2179 4183 2418 4272 nondum
2444 4215 2512 4270 ad
2535 4183 2963 4270 damnationem.

585 4324 748 4383 Vsus.
790 4321 843 4377 1.
886 4349 958 4362 -—
1003 4318 1072 4376 In
1110 4318 1288 4389 ﬁnem.
1341 4315 1533 4390 (lHlsn.
1558 4316 1577 4389 )
1616 4313 1918 4371 Intellectus
1952 4313 2080 4385 ﬁliis
2251 4308 2413 4364 Vens.
2444 4308 2530 4363 15.
2551 4337 2621 4347 -
2640 4305 2728 4362 Me
2755 4314 2948 4360 autem.
2977 4301 3099 4376 (Ιυ.)
3128 4295 3374 4357 A'ﬁirmat
3400 4302 3551 4374 quod
3573 4303 3774 4359 oravit.

512 4421 667 4487 Core,
691 4425 755 4473 ut
793 4415 1041 4488 quamvis
1069 4427 1276 4485 pauper
1302 4420 1358 4468 et
1400 4425 1608 4484 passus,
1641 4418 1770 4478 etc.,
1804 4426 1966 4482 usque
2011 4408 2080 4463 ad
2253 4401 2417 4457 Vens.
2445 4401 2532 4454 14.
2553 4397 2970 4452 —Benedictus.
2995 4392 3195 4467 (ωδε.)
3219 4393 3520 4449 Laudativa
3545 4393 3772 4449 conclu—

511 4485 771 4582 Apostolo
805 4485 1056 4566 dicente:
1094 4505 1228 4561 Mihi
1250 4514 1444 4572 autem,
1473 4514 1579 4560 etc.
1610 4534 1682 4545 —
1707 4502 1888 4577 (Auc.)
1916 4500 2080 4570 Quasi
2105 4556 2157 4582 ῃ
2182 4493 2294 4560 sio,
2326 4489 2568 4582 exposita
2591 4489 2842 4560 passione
2866 4495 2923 4542 et
2945 4486 3361 4542 resurrectione.
3392 4485 3536 4540 Deus
3577 4485 3772 4540 Israel.

505 4556 672 4674 huius
699 4601 933 4658 hominis
958 4615 1064 4658 vox
1088 4605 1174 4656 est
1199 4598 1392 4669 capitis
1419 4607 1475 4652 el.
1499 4556 1762 4667 corporis.
1869 4556 1886 4576 Ι
1925 4556 1962 4570 η
2103 4556 2158 4618 Ῑ)
2183 4581 2362 4656 (Αυθ.)
2391 4580 2561 4636 Judaei
2589 4556 2717 4636 sunt
2747 4577 2978 4648 capsarii
3001 4575 3202 4644 nostri,
3231 4576 3324 4646 qui
3363 4576 3523 4632 nobis
3556 4575 3775 4631 codices

586 4693 750 4749 Vsus.
779 4690 838 4746 2.
863 4720 936 4732 —
961 4689 1175 4745 Beatus.
1205 4666 1469 4742 Irridetur
1493 4666 1747 4755 quiicolit
1789 4697 2081 4754 pauperem
2180 4683 2433 4748 portant:
2461 4688 2560 4729 nos
2581 4671 2766 4728 Israel.
2788 4671 2957 4725 Aliter
2974 4676 3256 4740 putassent
3284 4667 3479 4738 pagani
3501 4666 3633 4723 ﬁcta
3656 4681 3776 4737 qu:

515 4793 816 4850 mortuum;
846 4781 943 4838 sed
969 4781 1168 4836 beatus.
1194 4776 1374 4850 (Ana)
1397 4776 1667 4846 Propheta
1696 4774 2083 4846 intelligentem
2183 4769 2434 4824 dicuntur
2467 4767 2531 4822 de
2559 4763 2774 4820 Christo
2798 4771 2853 4818 et
2881 4760 3152 4826 Ecclesia,
3183 4759 3281 4816 sed
3310 4760 3604 4816 vincuntur
3626 4759 3779 4815 testi-

517 4893 681 4950 super
718 4889 948 4948 egenum
990 4881 1048 4928 et
1084 4849 1379 4942 pauperem
1426 4868 1788 4924 concelebrat.
1845 4865 2082 4940 (Ηιειι.)
2185 4859 2366 4916 monio
2383 4857 2744 4913 inimicorum.
2765 4851 3040 4920 Ascecalo,
3062 4862 3166 4908 etc.
3199 4849 3398 4923 (ωδε.)
3425 4851 3508 4906 Ex
3522 4865 3638 4922 quo
3662 4865 3782 4906 om-

516 4942 675 5027 Prius
699 4942 972 5038 Propheta
998 4979 1032 5019 a
1058 4977 1136 5030 se,
1158 4970 1282 5032 post
1309 4960 1530 5016 inducet
1547 4958 1842 5016 Christum.
1877 4956 1982 5023 Qui
2001 4957 2087 5010 in-
2184 4952 2276 5008 nia
2303 4958 2480 5021 coepta
2508 4957 2635 5004 sunt
2659 4943 3026 5002 administrari
3057 4959 3229 5014 usque
3255 4942 3311 4998 in
3340 4942 3603 4998 saeculum
3632 4942 3779 4998 futu-

520 5059 722 5131 telligit.
755 5055 940 5129 (Auc.)
979 5052 1118 5110 Nota
1141 5053 1231 5123 qui
1260 5051 1524 5122 intelligit,
1555 5059 1617 5105 ut
1640 5057 1696 5105 et
1716 5063 1824 5105 non
1850 5047 2087 5120 petenti-
2192 5057 2335 5108 rum,
2364 5041 2455 5096 ubi
2485 5039 2663 5096 omnia
2697 5047 2917 5094 aiterua.

507 5124 849 5209 'bus'detur:
882 5124 976 5219 qui
999 5145 1204 5218 petenti
1234 5145 1326 5202 dat
1348 5145 1487 5202 bene
1513 5143 1666 5212 facit,
1692 5144 1790 5215 qui
1818 5151 2086 5199 tacentem
2265 5132 2412 5186 Fiat.
2443 5129 2647 5202 (HIEB.)
2679 5126 2984 5186 Geminatio
3007 5125 3247 5182 ostendit
3285 5125 3390 5181 hoc
3416 5126 3486 5180 ab
3516 5124 3772 5180 omnibus

521 5240 794 5312 intelligit,
825 5215 1019 5296 beatus
1043 5236 1161 5294 sine
1186 5235 1348 5292 dubio
1368 5243 1471 5291 est.
2195 5239 2318 5282 esse
2338 5222 2663 5278 faciendum.
2685 5219 2792 5275 Pro
2815 5219 2932 5288 fiat,
2955 5217 3011 5272 in
3036 5215 3260 5272 Hebraeo
3290 5215 3569 5281 scribitur,
3595 5231 3768 5278 amen,

591 5305 755 5390 Vens.
780 5305 854 5388 ‘3.
883 5361 954 5374 —
985 5331 1239 5386 Dominus
1274 5337 1557 5386 conservet.
1596 5326 1718 5400 (ln.)
1756 5325 1903 5384 Bene
1941 5335 2095 5400 optat

2199 5331 2370 5381 amen,
2387 5313 2532 5384 quod
2550 5311 2765 5383 Aquila,
2789 5325 2923 5374 cere,
2939 5324 3074 5376 vere,
3101 5306 3396 5372 transtulit,
3411 5305 3495 5363 vol
3521 5305 3771 5376 ﬁdeliter.

521 5427 792 5499 Propheta
833 5425 1149 5497 intemgenti
1188 5439 1352 5495 super
1392 5394 1621 5492 egenum
1667 5394 1722 5477 εἰ
1765 5394 2088 5492 ρευρθι-έω,
2198 5405 2267 5460 Ει
2293 5405 2415 5461 ﬁnit
2442 5404 2532 5460 hic
2559 5401 2766 5475 primus
2799 5399 2935 5454 liber
2973 5396 3220 5454 Psalterii
3243 5396 3543 5453 secundum
3578 5394 3774 5454 Hiems

524 5518 668 5590 quod
696 5525 780 5572 est
817 5523 968 5572 certa
991 5514 1304 5587 promissio.
1328 5513 1396 5567 Et
1421 5511 1656 5581 viviﬁcet.
1683 5511 1805 5584 (1ο.)
1832 5510 1890 5566 In
1914 5510 2094 5566 futura
2197 5518 2440 5575 nymum.

523 5560 668 5676 lii?
683 5560 791 5674 ξὲι,
819 5560 1656 5680 ῖιῖοἷεῖ’]ἶιᾩὶῖεξᾷἱίξιζείῌ,”’⁷”’
1832 5560 1890 5566 “’
2237 5560 2255 5575 '
2691 5679 2710 5680 ἑ
2740 5561 3057 5619 PSALMUS
3094 5560 3228 5615 xu.

601 5669 845 5756 Vitam}.
871 5669 951 5741 —:
971 5669 1226 5752 Dominus
1260 5712 1427 5766 opem.
1464 5693 1664 5767 (Cass)
1691 5691 1768 5749 Ne
1791 5699 1944 5764 putes
1969 5692 2098 5748 bea-
2274 5685 2436 5740 Vens.
2481 5685 2530 5739 1.
2569 5712 2637 5722 -
2681 5679 2748 5736 1η
2781 5678 2886 5748 fine
2914 5675 3222 5731 intellectus.
3255 5673 3445 5746 (Cass.
3476 5671 3496 5741 )
3527 5669 3664 5726 Core
3692 5671 3776 5724 in-

529 5800 644 5849 tum
673 5789 910 5860 requiem
935 5787 1026 5844 hic
1051 5785 1252 5860 habere
1275 5765 1301 5839 :7
1317 5765 1529 5857 dolores
1552 5783 1615 5858 ei,
1633 5765 1872 5856 mitigat,
1900 5791 1956 5840 et
1973 5796 2102 5856 pre-
2203 5786 2534 5854 terpretatur
2565 5774 2830 5834 Calvaria.
2865 5770 2991 5830 Filii
3023 5777 3296 5841 ergo,etc.
3317 5809 3333 5838 ,
3370 5781 3534 5840 usque
3557 5767 3662 5836 ad,
3693 5765 3779 5821 cui
