3982 6352
204 425 311 486 905

1198 419 1459 476 CLOSSA
1499 418 1892 474 ORDINARIA.
1934 449 2003 458 —-
2039 417 2162 472 LIB.
2202 416 2446 473 PSALM.

3347 425 3450 480 906

204 536 390 595 obviat
423 536 684 592 malorum
719 534 1013 593 insultatio.
1055 535 1074 606 (
1102 534 1259 588 llina.
1289 535 1308 606 )
1346 531 1475 588 Filii
1508 533 1678 598 Core,
1721 532 1773 586 id
1800 523 1852 594 Α
1879 529 2012 584 ﬁunt
2042 524 2186 584 terra
2217 509 2511 585 fructifera.
2544 529 2765 604 (Cum)
2801 507 3007 588 Horum
3050 550 3257 592 memor
3298 539 3455 594 malis

205 641 324 695 est,
373 629 472 697 ﬁlii
513 627 674 690 calvi,
710 635 852 690 etc.,
891 641 1049 694 usque
1098 625 1167 678 ad
1215 626 1438 681 verbum
1489 636 1778 694 puerorum

209 719 569 776 deridentium
599 716 860 772 Eliseum.

281 809 445 864 Vens.
475 807 531 861 2.
557 837 627 847 -
653 804 1102 872 Quemadmodum
1136 802 1417 867 desiderat,
1453 809 1561 857 etc.
1599 801 1779 873 (Anc)

209 901 324 956 Vox
363 900 479 954 btet:
514 896 764 952 convenit
803 894 1226 960 catechumenis,
1253 903 1308 949 et
1340 894 1505 948 etiam
1535 893 1784 948 omnibus

209 994 390 1048 adhuc
418 989 906 1062 peregrinantibus.

283 1083 497 1139 Cervus.
549 1083 753 1138 Cervus
808 1080 958 1136 senio
1011 1087 1298 1152 gravatus,
1350 1076 1786 1134 excrescentibus

211 1175 339 1246 pilis
377 1181 432 1229 et
462 1172 748 1236 cornibus,
785 1178 1092 1242 serpentem
1126 1170 1345 1224 naribus
1379 1167 1562 1224 baurit
1590 1185 1602 1221 :
1645 1168 1786 1222 unde

215 1279 426 1320 veneno
453 1272 722 1329 aestuans,
753 1262 959 1317 fontem
990 1263 1056 1316 ab
1085 1261 1375 1318 bibendum
1411 1259 1788 1316 ardentissime

212 1356 525 1420 desiderat;
566 1369 673 1424 quo
700 1354 930 1418 hausto,
959 1366 1164 1407 cornua
1193 1358 1248 1406 et
1276 1349 1679 1424 pilosdeponit.

288 1446 452 1502 Vens.
481 1447 534 1500 5.
558 1475 626 1484 —
647 1443 838 1499 Sitivit.
867 1444 1037 1518 (Anc.
1062 1443 1080 1515 )
1109 1443 1439 1498 Determinat
1463 1440 1789 1497 desiderium

216 1555 376 1596 suum
395 1580 412 1605 ,
441 1538 568 1609 quia
604 1545 817 1608 poterat
855 1537 1078 1608 intelligi
1107 1536 1419 1592 desiderare
1447 1549 1640 1589 cervus
1669 1532 1788 1588 fon-

221 1637 330 1682 tem
373 1641 535 1682 causa
573 1625 821 1690 bibendi,
865 1624 947 1678 vel
988 1623 1239 1690 lavandi;
1274 1624 1360 1677 hic
1397 1637 1562 1678 omne
1584 1621 1791 1677 deside-

217 1718 361 1772 rium
415 1731 534 1772 esse
581 1716 648 1770 ad
700 1715 869 1770 Deum
914 1713 1234 1769 ostenditur.
1294 1711 1518 1778 Quando
1566 1712 1788 1765 veniam.

219 1808 375 1875 Quod
404 1808 564 1863 citius
593 1815 677 1863 est
705 1808 817 1862 Deo
840 1848 854 1871 ,
887 1808 1096 1861 tardum
1127 1813 1214 1860 est
1238 1804 1474 1859 hominis
1502 1801 1787 1858 desiderio.

1882 635 1989 675 non
2021 621 2285 676 turbatur.
2319 619 2602 691 Propterea
2629 638 2846 677 memor.
2881 624 3087 696 (Auc.)
3118 627 3232 694 Qua
3265 629 3333 684 ad
3368 645 3452 684 mo

1883 715 2131 769 turbatur
2155 715 2366 780 anima,
2399 715 2521 770 ideo
2549 731 2764 780 memor,
2813 725 2921 771 etc.
2964 717 3134 774 Nemo
3175 722 3349 778 currit
3387 724 3456 778 ad

1883 805 2260 860 remissionem
2280 846 2295 870 ,
2332 805 2432 859 nisi
2464 804 2557 874 qui
2589 805 2689 860 sibi
2722 805 3000 875 displicet,
3034 809 3137 864 nisi
3164 811 3255 880 qui
3287 827 3346 867 se
3377 811 3456 866 fa-

1885 902 2028 949 tetur
2071 901 2417 964 peccatorem
2451 912 2463 947 :
2505 894 2646 964 quod
2695 902 2848 950 notat
2886 895 3212 953 Hermoniim
3234 915 3255 964 ;
3299 915 3460 955 nemo

1884 987 2172 1044 confitetur
2201 989 2304 1044 nisi
2332 1003 2390 1044 se
2421 988 2669 1043 humiliet
2689 1028 2704 1054 ,
2735 989 2878 1058 quod
2905 997 3122 1044 notatur
3148 991 3204 1045 in
3232 991 3456 1046 modico.

1884 1081 2158 1137 Jordanis.
2189 1080 2208 1152 (
2232 1081 2414 1152 Ibid.)
2444 1071 2756 1152 Descensio.
2794 1081 3070 1137 Descende
3097 1097 3226 1154 ergo
3255 1092 3316 1138 ut
3344 1082 3456 1140 ele-

1886 1171 2047 1226 veris.
2079 1169 2315 1242 (Cass)
2361 1169 2419 1224 ln
2459 1168 2694 1225 Jordane
2733 1169 2991 1225 Dominus
3032 1171 3298 1242 baptisma
3325 1187 3460 1227 con-

1888 1261 2154 1326 secravit,
2191 1261 2244 1314 in
2277 1275 2384 1330 quo
2427 1259 2693 1315 humiliati
2737 1259 3004 1328 lavantur,
3050 1270 3105 1316 et
3140 1261 3275 1316 ﬁunt
3317 1270 3461 1318 terra

1887 1349 2165 1407 fructifera
2185 1393 2201 1420 ,
2227 1367 2347 1422 qua:
2376 1352 2551 1406 reddit
2579 1351 2813 1407 fructum
2843 1353 3206 1419 tricesimum,
3237 1369 3462 1427 sexage-

1889 1443 2083 1497 simum
2137 1450 2192 1496 et
2243 1443 2598 1498 centesimum
2653 1443 2882 1514 (Matth.
2916 1444 3074 1516 xm).
3107 1445 3461 1502 Hermoniim.

1890 1532 1909 1603 (
1930 1533 2108 1604 Anc.)
2139 1533 2344 1588 Parvus
2381 1547 2536 1588 mons
2567 1531 2724 1601 juxta
2761 1531 3084 1600 Jordanem,
3122 1542 3264 1601 etc.,
3303 1550 3469 1607 usque

1889 1624 1959 1707 ad
2001 1624 2126 1694 quia
2165 1639 2272 1680 non
2310 1625 2366 1680 in
2403 1625 2667 1694 superbis,
2704 1625 2798 1681 sed
2830 1625 2885 1680 in
2925 1625 3219 1682 humilibus
3259 1639 3469 1682 memor

1891 1718 1984 1774 Dei
2015 1726 2118 1773 est.

1967 1808 2127 1864 Vsus.
2158 1809 2213 1865 8.
2243 1809 2567 1881 —-Abyssus
2609 1811 2872 1882 abyssum.
2917 1810 3145 1884 (Ibid.)
3193 1793 3360 1870 Decet
3407 1823 3472 1870 ut

221 1899 368 1954 Talis
398 1914 590 1954 cervus
614 1899 739 1954 dum
766 1899 968 1964 currit,
995 1898 1200 1968 patitur
1224 1895 1544 1951 insultantes
1568 1911 1583 1962 ;
1612 1893 1789 1969 unde:
1822 1889 1869 1949 B
1897 1899 1998 1954 sim
2024 1914 2253 1966 memor,
2277 1909 2406 1965 etc.,
2432 1917 2596 1972 usque
2617 1901 2687 1955 ad
2709 1910 2762 1955 et
2790 1910 3011 1972 propter
3035 1903 3149 1958 haec
3165 1903 3346 1959 omnia
3371 1917 3472 1959 oro
3508 1914 3510 1918 '

227 1991 470 2049 Fuerunt
521 1993 651 2047 mihi
703 1992 948 2062 lacrgmaz
1002 2007 1130 2046 mete
1176 2007 1359 2061 panes.
1412 1988 1469 2042 in
1522 1987 1797 2059 prosperis

219 2084 434 2150 etiam,
492 2098 611 2153 qua:
663 2081 923 2152 despicit,
976 2081 1117 2136 sicut
1169 2072 1223 2133 in
1279 2078 1540 2134 adversis.
1596 2074 1792 2131 Panes.

222 2176 425 2248 (Cass)
457 2176 572 2232 Non
624 2175 956 2240 amaritudo,
988 2174 1072 2228 vel
1101 2172 1397 2244 peremptio
1419 2213 1434 2237 ,
1465 2169 1556 2226 sed
1584 2185 1762 2240 panes.

296 2269 460 2324 Vens.
514 2268 568 2322 5.
595 2298 665 2308 —-
689 2266 818 2321 Haec
868 2266 1171 2321 recordatus
1219 2281 1356 2319 sum.
1409 2263 1428 2333 (
1449 2261 1629 2334 Anc.)
1661 2263 1797 2317 Dum
1832 2316 1838 2321 ,

242 2367 510 2430 quaerunt,
540 2357 642 2414 Ubi
673 2368 757 2414 est
784 2358 926 2434 Deus
952 2357 1119 2412 tuus?
1147 2371 1248 2426 ego
1280 2355 1443 2410 etiam
1479 2369 1596 2408 sum
1625 2352 1796 2407 medie

225 2459 368 2504 tatus
397 2465 493 2522 per
521 2449 700 2504 omnia
728 2448 958 2504 visibilia
985 2449 1099 2503 haec
1121 2488 1135 2514 ,
1164 2457 1219 2502 et
1241 2461 1340 2518 per
1367 2445 1536 2515 ipsam
1563 2443 1798 2514 animam

225 2556 434 2606 meam,
483 2549 542 2596 ut
584 2557 683 2611 per
724 2555 788 2595 ea
835 2539 1140 2605 exteriora,
1181 2537 1466 2592 invisibilia
1513 2534 1626 2608 Dei
1653 2533 1800 2588 inve-

227 2633 394 2689 niam.
427 2635 564 2690 Ecce
595 2633 900 2688 intellectus
929 2631 1088 2686 tituli.
1119 2629 1323 2700 E/I‘udi.
1372 2626 1557 2700 (Ibid.)
1599 2625 1680 2680 Ad
1711 2625 1799 2679 in-

231 2725 574 2795 telligendum
611 2733 665 2780 et
701 2723 1069 2795 attingendum
1102 2719 1318 2775 dilatavi
1355 2732 1514 2786 super
1543 2715 1796 2784 seipsam.

229 2814 433 2885 E/fudi.
468 2813 667 2886 (ωδε.)
696 2814 794 2869 Vel
825 2813 1036 2868 laetatus
1063 2825 1201 2865 sum.
1232 2807 1546 2880 Liquefacta
1572 2813 1656 2860 est
1684 2803 1801 2858 ani-

227 2925 319 2964 ma
353 2924 473 2964 mea
510 2909 565 2963 in
599 2923 725 2972 me;
763 2923 867 2962 non
903 2914 1091 2980 extra,
1138 2905 1230 2959 sed
1278 2903 1332 2956 in
1373 2916 1434 2956 se
1475 2907 1799 2969 compuncta

229 3003 540 3058 revertitur.
579 2999 696 3054 Etsi
729 2998 1014 3052 visibiliter
1050 2997 1216 3050 Deum
1261 3009 1367 3048 non
1414 2992 1656 3054 videam,
1703 3003 1797 3044 co-

229 3094 344 3164 gito
377 3103 554 3146 tamen
585 3089 726 3160 quod
752 3105 850 3158 per
877 3087 1170 3143 Ecclesiam
1189 3125 1204 3151 ,
1235 3085 1291 3138 in
1321 3098 1426 3153 qua
1457 3075 1800 3136 admirabiles

227 3192 360 3238 sunt
409 3182 616 3247 sancti,
670 3181 736 3235 ad
784 3178 1077 3234 Jerusalem
1132 3175 1407 3232 ctelestem
1459 3169 1797 3242 perveniam,

228 3281 421 3344 captus
469 3237 730 3328 suavitate
775 3269 951 3325 landis
1001 3265 1286 3338 angelicas,
1338 3237 1478 3333 quae
1509 3260 1800 3330 suscipitur
1828 3237 1872 3299 (ἶ

232 3374 430 3421 mente.
464 3363 528 3417 In
553 3363 724 3416 locum
749 3360 1090 3416 tabernaculi.
1121 3359 1294 3430 (Atto.
1320 3357 1338 3428 )
1370 3353 1796 3410 Tabernaculum

233 3456 330 3510 Dei
364 3456 416 3509 in
459 3463 633 3520 terra,
674 3462 776 3508 etc.
798 3494 812 3519 ,
844 3468 1006 3524 usque
1033 3450 1101 3504 ad
1121 3491 1135 3515 ,
1173 3450 1227 3504 id
1253 3456 1365 3511 est,
1403 3447 1469 3502 de
1502 3445 1799 3500 refectione

231 3553 435 3598 :cterna
475 3543 838 3612 gaudentium.
887 3540 954 3594 In
995 3557 1112 3595 voce
1149 3536 1534 3612 exsuitationis.
1568 3534 1796 3608 (Ibid.)

235 3635 312 3688 De
349 3641 550 3688 acterna
591 3632 884 3688 festivitate
911 3639 1071 3686 scnat
1096 3629 1222 3699 quid
1252 3628 1406 3683 dulce
1433 3623 1582 3681 eordi
1656 3625 1801 3681 unde

237 3725 444 3794 rapitur
489 3739 681 3779 cervus
727 3725 796 3778 ad
846 3723 1022 3780 fontes
1071 3735 1362 3791 aquarum,
1413 3727 1468 3776 et
1508 3719 1796 3773 mulcetur.

235 3815 344 3869 Sed
393 3815 517 3883 quia
558 3813 849 3884 perstrepit
886 3812 1145 3875 mundus,
1188 3819 1244 3866 et
1283 3826 1411 3866 caro
1451 3817 1640 3880 gravat
1679 3808 1800 3886 ani-

236 3919 378 3958 mam
410 3923 422 3957 :
455 3919 776 3980 comparans
804 3905 919 3959 haec
948 3902 1166 3957 tristitia
1194 3901 1299 3956 illis
1321 3899 1572 3979 jucundis
1594 3940 1608 3964 ,
1640 3896 1718 3953 ait
1745 3917 1758 3952 :

307 3995 468 4049 Vsus.
501 3995 554 4048 6.
579 4025 650 4035 —
680 3993 854 4060 Quare
884 3993 1084 4048 tristis?
1108 4002 1209 4046 etc.
1252 3990 1453 4064 (Cass)
1486 3991 1560 4046 De
1588 3998 1804 4061 pertur-

237 4084 544 4139 bationibus
595 4093 784 4138 contra
841 4086 976 4153 quas
1030 4083 1170 4137 ratio
1221 4082 1513 4136 contirmat
1565 4082 1802 4137 animam

237 4175 537 4230 sensualem
579 4187 674 4244 spe
709 4163 824 4228 Dei.
867 4169 1042 4239 Quare
1079 4163 1394 4226 conturbas?
1423 4161 1598 4243 (Ave.
1627 4170 1644 4242 )
1677 4161 1801 4238 Qui,

238 4268 284 4322 si
315 4267 607 4336 investigas
628 4307 642 4333 ,
673 4267 805 4321 nihil
830 4275 912 4321 est
941 4267 996 4321 in
1024 4267 1222 4321 mundo
1247 4281 1416 4336 quare
1441 4266 1542 4320 hoc
1567 4265 1799 4321 debeas:

240 4374 396 4430 spera
438 4358 616 4430 potius
655 4345 888 4429 salutare
930 4357 1222 4413 remedium
1265 4356 1473 4422 adhuc,
1517 4364 1574 4412 et
1612 4356 1654 4412 si
1698 4371 1804 4412 non

238 4450 426 4514 modo,
457 4449 617 4518 plene
646 4449 700 4502 in
730 4448 927 4505 futuro.
964 4448 1148 4518 Spera.
1185 4447 1422 4520 (Cass.)
1456 4447 1554 4504 Vel
1585 4447 1807 4517 sperare

237 4547 446 4610 potest,
478 4538 602 4608 quia
631 4537 802 4592 adhuc
828 4538 882 4592 in
906 4537 1157 4608 prmsenti
1182 4533 1484 4606 confitebor,
1513 4531 1566 4592 id
1591 4546 1710 4600 est,
1740 4537 1808 4591 de

223 4631 478 4702 peccatis
503 4629 874 4702 paenitentiam
905 4645 1058 4699 agam
1079 4669 1094 4694 ,
1125 4637 1184 4684 ut
1210 4629 1302 4683 tibi
1332 4625 1438 4684 non
1467 4629 1747 4684 obsistam.

311 4721 474 4778 Vens.
518 4723 571 4775 7.
599 4753 670 4762 —
694 4721 776 4775 Ad
807 4720 1075 4791 meipsum.
1106 4719 1409 4774 Conversus
1436 4720 1504 4774 ad
1533 4720 1698 4774 Deum
1731 4719 1811 4774 di?

240 4815 316 4868 cit
352 4828 420 4868 ex
449 4813 628 4883 seipso
656 4811 1120 4876 conturbationes,
1151 4826 1217 4865 ex
1246 4812 1358 4865 Deo
1388 4809 1549 4864 finem
1578 4807 1762 4864 earum
1793 4828 1806 4863 :

241 4903 384 4960 unde
409 4905 464 4960 in
493 4919 558 4960 eo
586 4913 670 4959 est
697 4905 747 4958 ei
791 4917 931 4972 spes.
975 4901 1042 4955 Et
1071 4902 1172 4955 hoc
1202 4910 1285 4955 est
1311 4900 1381 4954 ad
1411 4901 1664 4970 meipsum
1684 4939 1699 4966 ,
1728 4899 1813 4954 vel

241 5011 272 5050 a
303 4996 526 5066 meipso.
559 4993 786 5066 (Cass)
817 4994 956 5048 Ecce
985 4992 1075 5062 qui
1105 4992 1350 5061 superius
1377 4991 1676 5068 corrigebat
1706 4991 1819 5045 ani-

241 5103 388 5142 mam
435 5087 503 5142 ad
547 5085 905 5142 conditionem
947 5084 1218 5149 hominis,
1265 5096 1515 5136 reversus
1555 5081 1684 5135 dicit
1725 5081 1814 5136 hic

242 5178 480 5232 animam
510 5193 541 5231 a
572 5192 631 5232 se
661 5175 906 5241 turbari,
937 5189 1057 5252 quae
1087 5175 1188 5229 nisi
1217 5159 1348 5229 vitia
1374 5174 1556 5229 carnis
1586 5183 1769 5228 essent
1792 5214 1808 5238 ,

244 5267 532 5337 tranquilla
557 5267 917 5336 permaneret.
945 5266 1082 5320 Ecce
1112 5279 1180 5320 ex
1208 5280 1314 5335 qua
1343 5263 1658 5319 diversitate
1686 5279 1814 5319 con-

244 5367 355 5414 stat
384 5360 566 5414 homo.
599 5358 762 5425 Quasi
797 5376 810 5410 :
847 5365 1157 5428 propterea,
1192 5341 1245 5412 id
1275 5365 1393 5423 est,
1419 5366 1642 5426 propter
1685 5372 1813 5412 con-

246 5451 578 5506 turbationes
609 5450 800 5505 animae
822 5491 836 5516 ,
867 5456 1064 5504 memor
1090 5467 1197 5504 ero.
1233 5449 1407 5521 (Ana.
1433 5449 1453 5520 )
1497 5449 1551 5504 ιιι
1585 5458 1696 5514 est,
1730 5449 1812 5505 fe-

245 5544 390 5598 stino
419 5543 487 5598 ad
517 5551 600 5609 te,
629 5545 756 5614 quia
786 5545 1029 5599 excludis
1071 5543 1209 5598 mala
1238 5543 1439 5598 omnia.
1468 5542 1608 5598 Ecce
1639 5544 1814 5598 reme-

246 5633 424 5694 dium,
457 5646 564 5701 quo
595 5633 787 5686 evadat
815 5632 1291 5687 conturbationes:
1328 5631 1470 5686 unde
1497 5646 1595 5700 pro
1623 5632 1817 5700 quibus

247 5719 321 5774 sit
347 5726 574 5787 memor,
606 5721 821 5776 subdit:
856 5721 932 5774 De
962 5732 1102 5774 terra
1131 5719 1406 5785 Jordanis,
1438 5723 1527 5777 ubi
1561 5721 1818 5776 Dominus

247 5814 586 5870 Consecravit
604 5814 926 5884 baptismum
944 5853 957 5875 ,
987 5812 1039 5865 in
1063 5826 1170 5880 quo
1190 5810 1455 5864 bnmiliati
1477 5809 1739 5876 lavantur,
1767 5821 1820 5864 ct

609 5907 884 5966 Ps'mOL.
926 5904 1150 5980 CXlll.

1898 1989 1953 2044 in
1998 1990 2264 2056 adversis,
2319 1991 2505 2046 ethoc
2530 1999 2614 2046 est
2646 2008 2658 2045 :
2692 1990 2845 2059 Apud
2892 2008 2972 2046 me
3019 1993 3208 2046 oratio.
3243 1991 3470 2066 (Ibid.)

1898 2080 1995 2136 Vel
2026 2083 2240 2152 abyssus
2277 2083 2522 2153 abyssum
2560 2083 2787 2147 invocat,
2818 2083 2873 2138 id
2904 2091 3008 2148 est,
3035 2083 3299 2154 judicium
3327 2085 3473 2155 quod

1899 2173 2078 2229 intulit
2098 2173 2239 2230 Deus
2257 2175 2525 2244 peccanti,
2547 2183 2678 2240 etc.,
2707 2191 2870 2245 usque
2895 2175 2964 2228 ad
2993 2175 3119 2245 quia
3153 2176 3306 2232 timet
3323 2174 3470 2244 judi-

1898 2265 2002 2320 cia.
2035 2264 2458 2320 Cataractarum.
2486 2265 2786 2323 Cataractae
2822 2266 2889 2322 ad
2916 2266 3154 2322 litteram
3179 2275 3306 2324 sunt
3331 2269 3473 2326 ostia

1898 2355 2204 2412 ﬂuviorum.
2859 2425 2864 2436 τ

1971 2447 2134 2504 Vens.
2178 2447 2232 2504 9.
2258 2479 2327 2488 —
2353 2447 2422 2504 In
2460 2447 2564 2503 die.
2596 2445 2806 2522 (Ibid.)
2847 2447 2904 2504 ld
2942 2439 3045 2513 est,
3079 2448 3133 2503 in
3161 2451 3472 2521 prosperis,

1897 2547 2026 2604 etc.,
2057 2547 2221 2610 usque
2273 2538 2342 2593 ad
2383 2540 2526 2595 unde
2553 2539 2796 2595 vivamus
2837 2539 2892 2594 in
2934 2539 3280 2595 adversitate;
3323 2540 3476 2612 Apud

1899 2645 1980 2682 me
2023 2629 2213 2682 oratio.
2245 2627 2426 2700 (Ibid.
2457 2628 2476 2700 )
2508 2628 2694 2684 Oratio
2741 2629 2796 2683 in
2840 2628 3344 2684 conturbationihus
3391 2636 3476 2686 est

1898 2718 2030 2776 mihi
2052 2760 2068 2786 ,
2099 2718 2152 2774 et
2179 2721 2295 2776 haec
2323 2713 2463 2790 apud
2505 2735 2610 2776 me.

1970 2810 2132 2866 Vens.
2166 2811 2254 2866 40.
2276 2841 2347 2852 -—
2373 2811 2550 2877 Quare
2577 2811 2787 2868 oblitus.
2831 2811 3068 2886 (Cass)
3108 2811 3288 2880 Quare
3329 2825 3474 2868 nunc

1899 2915 1986 2955 me
2029 2901 2234 2970 pateris
2277 2899 2364 2956 bis
2389 2900 2624 2956 miseriis
2662 2902 2890 2958 vexari?
2917 2901 3146 2957 Videbat
3186 2917 3308 2972 qua:
3351 2901 3476 2957 dul-i

1901 2992 2033 3048 cedo
2062 2993 2280 3062 patrias,
2310 3001 2367 3047 et
2391 2993 2634 3062 pericula
2662 2995 2847 3049 mundi
2875 2994 3151 3050 horrebat.

1972 3085 2135 3139 Vnus.
2187 3085 2276 3138 li.
2310 3115 2381 3124 —-
2412 3085 2554 3140 Dum
2602 3085 3004 3156 confringantur
3052 3103 3190 3141 ossa.
3244 3087 3472 3158 (ΑΜ.)

1903 3173 2068 3240 Quasi
2113 3187 2233 3228 ossa
2280 3172 2624 3244 franguntur,
2667 3175 2792 3230 dum
2837 3176 3010 3230 virtus
3035 3177 3306 3244 patientia:
3335 3177 3470 3232 alni-

1904 3265 2066 3335 gitur,
2099 3263 2242 3334 quod
2274 3263 2498 3320 irrident
2529 3264 2675 3319 mali.
2707 3264 2833 3342 Haec
2861 3273 2944 3320 est
2973 3265 3316 3334 exprobratio
3341 3267 3428 3321 illa
3455 3285 3470 3320 :

1902 3354 2040 3408 Dum
2071 3355 2262 3408 dicitur
2289 3355 2417 3409 milii
2445 3371 2464 3410 :
2495 3354 2595 3411 Ubi
2623 3356 2738 3411 est?
2765 3356 2848 3411 vel
2877 3355 3055 3412 nullus
3083 3364 3187 3424 est,
3221 3358 3303 3414 vel
3332 3359 3398 3414 de
3425 3368 3478 3413 te
3580 3438 3584 3440 Π

1903 3462 2012 3501 ιιυιι
2038 3454 2212 3502 curat.
2255 3449 2260 3454 ’
2889 3501 2893 3506 ,

2432 3517 2754 3576 PSALMUS
2784 3519 2939 3575 XLII.

1973 3629 2040 3684 In
2080 3630 2238 3700 ﬁnem
2277 3629 2508 3699 psalmus
2544 3632 2732 3686 David.
2777 3631 2956 3704 (Avo.
2984 3631 3002 3702 )
3033 3630 3287 3702 Corporis
3315 3619 3470 3690 Chri-‘

1902 3721 1992 3787 sti,
2023 3722 2165 3790 quod
2191 3722 2279 3776 hic
2307 3722 2473 3792 gemit
2503 3723 2644 3776 inter
2669 3723 2908 3789 zizania,
2948 3722 3003 3777 id
3041 3730 3144 3788 est,
3184 3723 3324 3778 inter
3361 3738 3474 3778 ma-

1902 3812 2014 3878 los,
2045 3813 2250 3870 habens
2278 3828 2400 3869 cum
2430 3814 2509 3868 eis
2537 3813 2702 3869 multa
2727 3815 3062 3879 communia,
3091 3815 3272 3880 nasci,
3301 3816 3436 3869 mori
3456 3842 3472 3874 .-

1901 3919 2160 3974 prospera
2188 3912 2243 3959 et
2268 3905 2490 3960 adversa
2517 3921 2532 3960 :
2563 3920 2686 3958 cum
2727 3905 2921 3974 quibus
2959 3903 3120 3974 (Quia
3165 3912 3270 3959 non
3313 3905 3479 3960 habet

1903 4013 2244 4056 communem
2292 4013 2511 4054 causam
2549 3997 2906 4070 meritorum)
2941 3997 3208 4053 exclamat
3240 4015 3253 4052 :
3285 3997 3476 4052 Judiea

1901 4107 2016 4158 me,
2053 4099 2157 4147 etc.
2190 4090 2372 4163 (Ibid.
2397 4091 2417 4162 )
2447 4089 2690 4146 Psalmns
2721 4091 2824 4145 iste
2849 4098 3037 4144 contra
3061 4097 3372 4160 presSuras,
3408 4103 3477 4143 ne

1904 4189 1960 4239 et
1987 4183 2116 4253 ipsa:
2143 4181 2422 4238 retrahant
2449 4197 2549 4237 nos
2575 4196 2608 4236 a
2633 4181 2766 4236 Deo.‘
2790 4179 2989 4252 (Cass)
3012 4179 3376 4248 Conqueritur
3403 4179 3470 4234 de

1903 4273 2278 4328 commistione
2304 4272 2570 4327 malorum
2587 4311 2602 4335 ,
2627 4279 2684 4325 et
2707 4278 2958 4340 precatur
2987 4266 3402 4337 separationem.

1975 4363 2139 4420 Vnus.
2169 4365 2221 4418 l.‘
2241 4364 2523 4418 -—-.Iudica
2551 4378 2649 4415 me.
2690 4360 2870 4433 (Ibid.
2896 4360 2915 4430 )
2945 4358 3060 4413 Non
3090 4360 3224 4428 petit
3252 4367 3477 4430 peccata

1908 4471 2005 4512 sua
2037 4454 2266 4519 discuti,
2297 4452 2440 4524 quod
2477 4451 2840 4521 periculbsum
2879 4456 2994 4513 est,
3025 4448 3118 4504 sed
3159 4463 3379 4504 causam
3411 4448 3482 4504 ab

1911 4547 2090 4616 impiis
2126 4543 2349 4614 parari,
2389 4549 2451 4596 ut
2491 4542 2562 4596 sit
2595 4553 2717 4595 cum
2759 4539 2986 4595 electis:
3017 4539 3160 4593 unde
3185 4538 3376 4594 addit:
3407 4537 3478 4592 Et

1910 4638 2164 4690 discerne.
2207 4634 2352 4689 Gens
2393 4648 2498 4688 non
2537 4631 2722 4688 Sancta
2751 4637 2836 4686 est
2861 4629 3111 4700 iniquus,
3141 4637 3197 4685 et
3230 4629 3483 4696 dolosas,

1915 4741 1946 4780 a
1977 4725 2172 4795 quibus
2207 4724 2262 4779 in
2295 4723 2499 4794 judicio
2526 4729 2810 4792 separatur
2838 4737 2852 4776 :
2885 4720 2979 4776 sed
3002 4730 3056 4775 et
3090 4720 3179 4777 hic
3204 4735 3274 4778 ne
3308 4721 3377 4777 ab
3401 4722 3484 4778 eis

1915 4824 2308 4885 corrumpatur.

1882 4969 1890 4972 _
1987 4907 2154 4962 Vens.
2183 4905 2236 4959 2.
2265 4935 2338 4948 —
2364 4905 2538 4971 Quare
2557 4904 2719 4959 tristis
2750 4903 2972 4960 incedo?
3003 4903 3222 4977 (Auc.)
3250 4892 3479 4984 Causam

1919 4996 2154 5052 tristitiae
2191 4996 2416 5065 quaerit,
2461 5009 2580 5064 qua:
2617 5002 2701 5050 est
2727 5003 3044 5064 peccatum,
3069 5003 3130 5048 ut
3159 5007 3321 5048 causa
3348 4992 3483 5046 lasti-

1918 5089 2006 5144 tia:
2026 5088 2254 5156 justitia.
2287 5089 2452 5143 Isaias
2479 5095 2700 5157 propter
2729 5095 3007 5156 peccatum
3033 5101 3048 5138 :
3071 5084 3337 5140 Modicum
3365 5085 3482 5154 qui-

1917 5179 2034 5232 dem
2062 5179 2359 5245 contristaui
2388 5176 2538 5230 illum
2559 5217 2574 5241 ,
2604 5177 2684 5232 sic
2711 5177 2856 5232 enim
2884 5176 3038 5247 punit
3068 5176 3229 5229 Deus.

1991 5270 2152 5324 Vsus.
2181 5271 2235 5323 3.
2261 5299 2329 5308 —-
2352 5268 2544 5322 Emitte
2575 5267 2741 5324 lucem
2764 5279 2932 5322 tuam;
2961 5265 3152 5335 (Cass.
3178 5263 3197 5336 )
3227 5250 3387 5332 Quia,
3418 5279 3485 5319 eo

1916 5360 2190 5424 veniente,
2220 5359 2434 5424 tolletur
2454 5359 2630 5414 omnis
2650 5349 2868 5413 tristitia
2899 5353 3248 5428 confusionis.
3280 5353 3484 5427 (Auc.)

1920 5451 2054 5516 Quia
2081 5451 2213 5506 certi
2235 5449 2346 5518 jam
2376 5449 2568 5520 pignus
2596 5449 2872 5512 habemus,
2897 5446 3024 5516 quia
3051 5459 3114 5500 ea
3141 5445 3273 5514 ipsa,
3306 5443 3356 5496 id
3381 5449 3484 5504 est,

1921 5542 2009 5594 lux
2058 5549 2113 5595 et
2161 5542 2364 5597 veritas
2383 5571 2402 5604 ,-
2448 5541 2786 5596 deduxerunt
2833 5552 2872 5609 a_
2905 5535 3143 5607 peccatis
3187 5533 3487 5590 Ecclesiam

1921 5638 2241 5700 praesentem
2258 5657 2277 5694 ,-
2302 5645 2423 5699 quae
2451 5638 2534 5684 est
2558 5626 2984 5683 tabernaculum.

1995 5720 2156 5775 Vens.
2188 5721 2242 5775 4.
2272 5750 2339 5761 --
2365 5720 2433 5775 Et
2461 5719 2701 5772 ἕπει-οἰὸρ.
2741 5717 2893 5772 Sicut
2921 5715 3160 5786 pontifex
3190 5715 3256 5770 ad
3287 5712 3487 5792 Sancta

1925 5821 2254 5866 sanctorum.
2295 5810 2530 5880 (Cassa)
2570 5807 2634 5860 Et
2673 5808 2915 5862 int‘roibo.
2960 5807 3034 5861 De
3075 5806 3256 5860 lzetitia
3308 5800 3492 5868 ﬁnali;

2978 5899 3058 5959 ‘29
