3982 6352
479 342 605 396 "907
1001 331 1391 389 WALAFRIDI
1432 328 1675 386 STRABI
1720 325 1919 379 ΗΜ).
1967 322 2083 376 MOI

2201 321 2327 376 ΠΨ.
2371 321 2552 376 PARS
2593 321 2630 374 1.
2672 351 2741 360 -—-
2780 319 3235 375 TllEOlDGlIZA.
3672 322 3782 378 908

501 478 600 532 pro
651 475 754 528 qua
801 455 981 510 laudat
1032 455 1083 507 in
1137 451 1513 513 tribulatione,
1563 449 1652 517 qui
1703 463 1863 516 supra
1912 444 2081 498 tristis
2117 446 2162 502 Α
2261 439 2606 508 Diripiebant.
2655 437 2768 492 lloc
2808 437 3002 507 fugatis
3042 433 3332 505 contingit,
3371 441 3431 487 ut
3473 434 3686 490 cadant
3728 437 3782 491 iu

501 562 616 606 erat
649 549 787 603 unde
817 556 871 600 et
902 562 957 600 se
987 543 1277 598 eonfortat.

579 642 737 693 Vens.
773 637 825 688 5.
858 666 926 676 -—-
955 633 1254 702 Conﬁtebor
1276 631 1370 683 tibi
1397 630 1452 682 in
1481 629 1705 682 cithara.
1739 625 1944 695 (Al'G.)
1975 623 2077 690 Qui

499 737 766 803 praecepta
800 727 891 780 Dei
925 725 1081 790 facit,
1116 732 1171 778 et
1197 737 1304 776 non
1331 720 1556 790 patitur,
1587 718 1641 772 in
1667 717 1924 788 psalterio
1952 731 2080 771 con-

499 821 688 875 ﬁtetur
717 835 731 872 :
763 819 854 889 qui
884 831 1014 870 vero
1041 814 1172 869 facit
1202 823 1257 868 et
1282 813 1512 883 patitur,
1549 811 1691 881 quod
1728 819 1810 864 est
1843 825 1910 864 ex
1947 806 2080 862 infe-

501 911 630 966 riori
661 918 857 963 natura
879 949 894 972 ,
923 909 979 961 in
1009 907 1216 960 cithara
1238 944 1252 970 ,
1284 919 1403 974 quae
1441 904 1510 957 ab
1545 900 1790 957 inferiori
1825 907 2077 963 resonat,

502 1004 643 1059 sicut
689 999 1005 1072 psalterium
1054 1013 1086 1051 a
1130 996 1416 1066 superiori.
1466 995 1534 1048 In
1582 994 1805 1048 cithara.
1839 992 2079 1061 (Cass.)

499 1095 640 1150 Ecce
669 1093 760 1163 qui
791 1105 952 1160 supra
980 1088 1083 1143 fuit
1123 1088 1280 1142 tristit
1297 1087 1366 1142 de
1399 1085 1556 1140 malis
1589 1083 1769 1140 saeculi
1790 1124 1805 1148 ,
1835 1082 1902 1136 de
1940 1081 2080 1135 bono

499 1187 772 1241 intellectu
809 1185 908 1240 sibi
945 1182 1196 1254 gaudium
1232 1181 1382 1236 facit.
1423 1179 1599 1245 Quare
1637 1177 1913 1232 conturbas
1962 1174 2084 1229 me?

498 1275 675 1344 (Ibid.
693 1275 709 1336 )
727 1274 1094 1343 Frequenter,
1123 1280 1175 1326 et
1201 1272 1551 1325 vehementer
1578 1266 1870 1339 persuadet
1899 1264 2079 1319 swculi

498 1367 775 1422 tristitiam
798 1365 1101 1436 fugiendam
1123 1404 1138 1429 ,
1161 1378 1280 1432 quae
1301 1361 1647 1432 patientiam,
1682 1357 2002 1414 charitatem
2026 1361 2082 1410 et

499 1473 650 1527 spem
680 1457 1002 1529 exstinguit,
1031 1464 1088 1511 et
1117 1464 1281 1509 totam
1313 1454 1479 1507 vitam
1505 1450 1804 1507 confundit.
1836 1447 2082 1503 Salutare

495 1549 670 1603 vultus
700 1550 820 1602 mei.
854 1547 1082 1619 (Auc.)
1125 1547 1192 1602 Et
1237 1547 1363 1601 alibi
1399 1561 1412 1600 :
1466 1544 1713 1598 Miserere
1764 1543 1894 1606 mei,
1946 1549 2078 1603 etc.,

496 1651 657 1707 usque
703 1639 772 1690 ad
820 1637 1197 1708 eleemosyna,
1239 1644 1292 1690 et
1335 1634 1510 1689 oratio
1553 1647 1674 1702 qua:
1721 1631 1826 1686 illis
1875 1631 2083 1687 duabus

497 1729 598 1781 alis
625 1728 767 1782 volat
795 1728 861 1781 ad
892 1727 1080 1781 Deum.

1018 1857 1338 1916 PSALMUS
1374 1857 1550 1914 XLlll.

569 1995 733 2050 Vens.
766 1995 816 2047 l.
847 2023 916 2033 —
939 1992 1021 2045 Ad
1055 1991 1393 2046 intellectum.
1427 1989 1644 2061 (Auc.)
1680 1987 1793 2041 Non
1823 1987 1901 2041 sic
1926 2001 2076 2056 quaa-

497 2095 620 2141 rant
647 2085 748 2140 sibi
777 2083 890 2139 fleri
912 2124 928 2149 ,
958 2091 1062 2139 etc.
1091 2123 1105 2147 ,
1137 2098 1297 2153 usque
1325 2081 1396 2135 aa'
1423 2090 1478 2136 et
1515 2082 1628 2135 htcc
1665 2094 1772 2133 non
1805 2087 2075 2133 amentur.

497 2179 512 2246 (
539 2176 694 2232 Cass.
720 2179 738 2246 )
769 2174 1060 2245 Distinguit
1084 2172 1346 2230 beneﬁcia
1373 2171 1501 2236 Dei,
1541 2185 1662 2241 quae
1697 2168 2080 2239 incipientibus

496 2272 622 2325 data
652 2277 776 2323 sunt
808 2269 862 2322 in
892 2267 1098 2322 mundo
1117 2306 1132 2331 ,
1161 2262 1419 2336 perfectis
1450 2263 1502 2317 in
1533 2262 1692 2318 calo.

569 2360 637 2415 Ut
683 2358 855 2430 magis
894 2358 966 2412 sit
1009 2357 1206 2412 mirum
1251 2353 1481 2423 relinqui
1520 2336 1849 2424 priesentes,
1889 2349 2080 2407 recolit

494 2452 792 2522 prtcterita.

571 2545 733 2598 Vens.
765 2542 820 2596 2.
843 2573 915 2583 -
936 2541 1098 2606 Deus,
1130 2540 1370 2593 auribus.
1403 2537 1587 2606 (Acta,
1625 2536 1806 2605 Cass.)
1837 2534 2078 2590 Primum

498 2637 628 2692 (icit
662 2653 674 2690 :
711 2635 885 2699 Deus,
931 2633 1076 2702 quod
1111 2630 1290 2686 facere
1333 2629 1471 2686 solet
1519 2628 1673 2683 hctus
1707 2626 1792 2682 vel
1838 2627 2082 2696 graviter

498 2730 745 2784 amictus.

571 2819 899 2872 Audiuimus.
955 2814 1026 2870 Ut
1069 2813 1242 2883 major
1291 2812 1424 2867 fides
1470 2812 1541 2867 sit
1588 2813 1697 2875 rei,
1747 2823 1816 2864 ne
1862 2816 2083 2878 putetur

499 2912 770 2965 antbiaua.

573 2927 641 2964 llll
683 2927 770 2964 ua.

573 2927 780 3053 Postrres.
831 2997 946 3051 Non
988 2995 1244 3065 juvenes,
1291 3003 1353 3048 ut
1397 2992 1684 3048 videantur
1715 2991 1828 3046 veri
1873 2989 2080 3055 nostri,

499 3094 590 3162 qui
620 3093 733 3145 suis
762 3098 912 3144 certa
945 3089 1208 3143 dicerent.

572 3187 716 3256 Opus
744 3183 914 3255 quod,
945 3190 1050 3236 etc.
1083 3177 1304 3250 (Ibid.)
1351 3175 1418 3231 Et
1446 3174 1492 3230 si
1541 3189 1756 3244 semper
1797 3180 2079 3242 operetur,
2109 3151 2154 3216 C

501 3289 680 3332 tamen
710 3275 924 3346 operari
954 3273 1173 3336 dicitur,
1203 3268 1424 3340 qua-udo
1457 3265 1675 3336 aliquod
1717 3265 1930 3336 signant
1979 3277 2078 3318 nea

498 3371 680 3427 vitatis
708 3367 963 3425 ostendit.

573 3461 739 3515 Vens.
772 3459 825 3514 4.
850 3487 919 3498 -—-
940 3454 1044 3511 Sed
1073 3455 1284 3509 dextera
1314 3461 1426 3505 tua.
1459 3448 1642 3521 (Auc.)
1671 3447 1728 3502 ld
1754 3455 1870 3510 est,-
1910 3446 2083 3500 bonus

499 3569 816 3616 successus,
865 3565 1025 3620 quem
1074 3549 1154 3603 eis
1198 3546 1413 3602 dedisti.
1463 3542 1532 3596 Et
1578 3541 1848 3596 brachium
1895 3549 2078 3603 tuum,

499 3657 604 3701 etc.
639 3644 826 3716 (Ibid.)
857 3642 912 3696 ld
941 3649 1044 3706 est,
1096 3637 1394 3701 fortitudo;
1435 3644 1490 3691 et
1513 3633 1853 3696 illuminatio,
1887 3632 1938 3686 id
1968 3639 2081 3695 est,

501 3737 719 3808 sapiens
758 3733 1044 3788 consilium
1077 3751 1088 3784 :
1119 3729 1263 3801 quod
1295 3737 1468 3784 totum
1518 3725 1694 3781 fecisti
1740 3739 1806 3778 ex
1850 3723 2086 3778 benevo«

503 3825 662 3879 lentia
696 3834 806 3876 tua.

576 3911 740 3964 Vens.
877 3907 1046 3961 -—Tu
1092 3925 1145 3962 es
1174 3905 1287 3977 ipse
1331 3921 1423 3960 rex
1466 3921 1616 3959 meus
1659 3913 1707 3957 et
1750 3902 1890 3957 Deus
1916 3917 2081 3956 meus.

503 4003 674 4076 (Anc.
701 4001 717 4073 )
749 4001 1019 4071 Tempora
1047 4008 1251 4054 mutata
1277 4007 1435 4061 sunt;
1467 4006 1656 4052 auctor
1685 3986 1794 4050 non
1822 4003 2082 4049 mutatur.

579 4099 741 4152 Vens.
765 4096 816 4149 7.
841 4123 908 4137 —-
933 4091 1056 4148 Non
1077 4092 1213 4147 enim
1238 4091 1293 4145 in
1319 4107 1448 4144 arcu
1472 4107 1585 4143 meo
1613 4088 1849 4159 sperabo.
1878 4085 2083 4158 (Cass)

504 4189 680 4244 Minor
707 4187 880 4242 virtus
911 4184 1165 4249 hominis,
1191 4183 1317 4252 quia
1346 4181 1526 4235 minus
1556 4179 1698 4233 valet
1725 4179 1780 4233 in
1811 4176 1971 4232 bello.

583 4280 825 4336 Gladius.
869 4277 1039 4348 Major
1067 4276 1238 4329 virtus
1257 4315 1272 4340 ,
1303 4288 1423 4342 qua:
1452 4273 1504 4326 in
1531 4271 1671 4327 bello
1698 4271 1818 4342 plus
1846 4270 2087 4326 creditur

505 4373 702 4428 valere.
731 4368 914 4440 (llum)
939 4365 1056 4431 Vel,
1083 4365 1290 4437 gladius
1312 4381 1458 4418 meus
1485 4379 1588 4417 non
1616 4361 1833 4417 saluabit
1863 4378 1966 4427 me,
1989 4361 2082 4416 sed

2109 1793 2158 1854 B

2184 530 2440 600 pandam,
2472 529 2561 598 qui
2593 528 2838 583 hostibus
2866 534 3140 596 nequeunt
3168 526 3441 580 resistere.

2253 620 2414 674 Vens.
2465 620 2551 674 12.
2594 650 2665 660 -—
2706 619 2902 672 Dedisti
2943 635 3036 672 nos
3065 628 3316 688 tanquam
3359 635 3477 672 oves
3503 635 3780 674 escarum.

2185 711 2381 782 (Cass)
2413 711 2774 764 Persistentes
2803 710 2856 763 in
2886 709 3008 762 ﬁde.
3037 707 3138 762 ilic
3167 708 3363 762 diversi
3393 717 3696 780 martyres,
3729 711 3782 763 id

2181 813 2264 860 est
2293 805 2504 859 diversa
2538 803 2784 875 martyrii
2811 817 3010 873 genera
3037 819 3050 854 :
3077 800 3166 854 alii
3194 816 3316 855 esca
3347 800 3498 865 ieris,
3535 801 3628 856 alii
3669 811 3784 855 tra-

2181 897 2276 952 diti
2292 896 2540 966 gentibus
2560 895 2611 949 in
2633 895 2981 958 servitutem;
3007 893 3148 947 unde
3169 892 3330 947 dicit:
3358 891 3638 964 Tanquam
3661 911 3782 947 ores

2181 1002 2438 1051 escarum,
2457 986 2548 1041 uni
2572 993 2790 1040 notatur
2815 983 3172 1052 quorumdam
3195 984 3471 1038 mactatio.

2254 1077 2415 1132 Vens.
2451 1078 2536 1132 l3.
2559 1106 2630 1116 ——
2658 1073 2950 1130 Vendidisti
2968 1072 3219 1144 populum
3249 1082 3393 1126 tuum
3433 1075 3552 1127 sine
3585 1077 3780 1144 pretio.

2183 1166 2364 1238 (Acca)
2397 1167 2533 1221 Dum
2572 1165 2771 1220 dantur
2809 1163 3126 1234 alienigenis
3169 1172 3226 1217 et
3271 1161 3450 1218 nullus
3491 1166 3780 1234 acquirit:

2183 1261 2326 1330 quod
2353 1260 2414 1314 lit
2435 1259 2500 1313 ad
2527 1257 2897 1329 probationem
2921 1255 3005 1310 vel
3026 1255 3456 1321 correctionem;
3483 1254 3573 1310 vel
3598 1255 3783 1310 nullus

2182 1366 2280 1422 pro
2307 1351 2386 1405 eis
2413 1349 2734 1418 acquiritur,
2761 1347 2848 1401 vel
2877 1347 2923 1402 si
2950 1347 3093 1418 quis,
3122 1346 3280 1416 pauci
3313 1354 3519 1402 tamen.

2255 1441 2416 1495 Vens.
2463 1439 2548 1493 M.
2590 1469 2662 1478 -
2699 1437 3048 1508 Opprobrium
3075 1436 3280 1490 uicinis.
3311 1436 3544 1508 (Cass.)
3585 1436 3783 1492 Gravis

2181 1532 2399 1588 alllictio
2425 1548 2454 1587 a
2485 1532 2680 1587 vicinis
2719 1531 3006 1602 ingeritur,
3051 1529 3178 1600 quia
3209 1544 3315 1584 non
3347 1531 3674 1585 transitorie
3699 1531 3782 1582 di-

2183 1629 2347 1695 citur,
2375 1629 2519 1698 quod
2548 1644 2576 1682 a
2615 1625 3090 1683 circumstantibus
3127 1625 3352 1696 irrogat.
3402 1623 3658 1678 Derisatm
3701 1624 3780 1674 liis

2181 1725 2270 1795 qui
2292 1725 2346 1778 in
2373 1723 2616 1776 circuitu.
2649 1719 2848 1790 (Cass.)
2879 1719 3102 1774 Derisus
3127 1727 3212 1773 est
3245 1733 3349 1773 vox
3383 1715 3622 1773 confusa
3649 1717 3781 1770 heli-

2185 1813 2290 1877 tim,
2322 1809 2721 1867 insultationem
2746 1809 3099 1865 immoderata
3123 1808 3397 1864 hilaritate
3417 1809 3775 1864 denuntians.

2182 1905 2535 1972 Contemptus
2563 1910 2644 1958 est
2673 1895 2885 1972 abiecta
2911 1900 3113 1955 vilitas.

2255 1995 2416 2049 Vens.
2448 1994 2533 2048 15.
2575 2021 2645 2034 —-
2683 1992 2750 2046 In
2787 1991 3182 2048 similitudinem
3207 1991 3460 2062 gentium.
3494 1989 3697 2061 (Ibid.)
3727 1991 3778 2044 la

2183 2085 2531 2143 similitudine
2559 2082 2759 2140 Christi
2797 2083 3050 2156 gentibus
3087 2092 3216 2137 sunt
3255 2082 3526 2152 appositi,
3557 2082 3781 2152 quando

2181 2193 2280 2234 eos
2303 2175 2646 2248 comparibus
2668 2175 2847 2245 poenis
2875 2173 3191 2230 affecerant.

2257 2267 2420 2323 Vens.
2452 2266 2540 2322 l7.
2562 2264 3058 2337 -—E:cprobrantis.
3090 2262 3281 2335 (Ιὸὶά.)
3308 2262 3674 2334 Expmbrare
3704 2269 3782 2316 est

2183 2361 2239 2414 in
2271 2359 2462 2415 faciem
2488 2356 2843 2423 maledicere;
2871 2354 3091 2426 obloqui
3116 2363 3200 2410 est
3222 2354 3434 2410 absenti
3459 2354 3778 2416 detrahere.

2183 2459 2239 2507 et
2264 2451 2447 2507 dolose
2471 2449 2740 2506 mordere.

2257 2544 2422 2598 Vens.
2455 2543 2541 2598 18.
2565 2572 2635 2583 -
2657 2531 2928 2597 Venerunt
2957 2557 3113 2613 super
3135 2553 3248 2596 nos.
3281 2539 3475 2612 (Ibid.)
3501 2538 3652 2607 Quia
3677 2555 3780 2596 non

2184 2647 2341 2692 erant
2369 2637 2424 2690 in
2451 2636 2609 2690 nobis
2634 2648 2730 2705 per
2753 2633 2990 2706 culpam.

2257 2730 2422 2784 Vens.
2458 2727 2541 2784 l9.
2579 2759 2647 2768 —
2672 2727 2796 2782 Non
2829 2726 3058 2782 recessit.
3101 2725 3291 2798 (lbid.)
3317 2725 3398 2782 Ita
3421 2726 3570 2797 quod
3601 2737 3780 2782 retro-

2185 2824 2315 2885 irct,
2364 2819 2465 2875 etsi
2503 2819 2792 2890 aliquando
2832 2819 3110 2874 descendit
3155 2818 3620 2888 contemplatione
3671 2819 3780 2872 dei-

2185 2911 2332 2966 tatis.
2364 2909 2669 2964 Declinasti.
2693 2908 2880 2981 (Auc.)
2903 2907 3123 2965 Semita:
3147 2915 3343 2964 nostra:
3361 2917 3525 2963 erant
3549 2909 3604 2963 in
3631 2908 3780 2963 vola-

2184 3001 2424 3074 ptatibus
2445 3009 2499 3056 et
2522 3000 2974 3071 prosperitatibus
3001 2999 3180 3054 saeculi
3204 3013 3218 3052 :
3250 2999 3344 3053 sed
3383 2998 3559 3054 tulisti
3585 3013 3690 3052 eas
3717 3000 3780 3051 de

2187 3107 2284 3148 sua
2319 3092 2438 3156 via,
2483 3099 2536 3147 et
2572 3091 2859 3147 ostendisti
2902 3098 3110 3145 arctam
3149 3090 3326 3155 viam,
3368 3105 3491 3160 qua:
3530 3089 3684 3144 ducit
3713 3092 3777 3143 ad

2183 3184 2375 3239 vitam.
2406 3182 2612 3255 (litem)
2643 3182 2739 3239 Vel
2766 3191 2814 3238 et
2833 3182 3130 3248 declines-ti,
3158 3181 3211 3238 id
3239 3191 3561 3252 esu-opera
3588 3192 3776 3237 nostra

2183 3273 2251 3330 de
2278 3275 2394 3346 lege
2421 3284 2509 3329 tua
2533 3275 2773 3344 pendere
2806 3273 3002 3328 fecisti.
3037 3268 3170 3339 Vel,
3197 3288 3300 3326 non
3329 3272 3609 3326 declinasti
3636 3273 3774 3341 (alia

2184 3366 2426 3436 littera),
2457 3367 2511 3421 id
2541 3373 2648 3433 est,
2673 3381 2781 3421 non
2819 3364 3114 3436 permisisti
3156 3364 3429 3419 declinare
3467 3371 3527 3418 et
3551 3364 3772 3418 deviare

2184 3445 2406 3515 semitas
2442 3465 2678 3513 nostras.
2723 3455 2970 3522 Semitas,
3003 3456 3056 3510 id
3086 3464 3190 3519 est,
3219 3469 3416 3526 opera;
3455 3472 3490 3508 a
3534 3455 3618 3510 eia
3659 3464 3772 3515 (an,

2187 3553 2238 3608 id
2265 3560 2370 3618 est,
2404 3567 2435 3606 a
2461 3551 2614 3623 lege;
2648 3551 2768 3606 ideo
2795 3549 3050 3620 quoniam
3077 3547 3370 3602 humiliasti
3401 3563 3519 3601 nos.

2255 3644 2422 3700 Vens.
2451 3643 2542 3696 20.
2565 3673 2637 3684 —
2659 3639 2854 3696 Umbra
2883 3639 3084 3695 mortis.
3116 3639 3300 3710 (Αεσ.)
3328 3638 3444 3704 Vel,
3473 3639 3594 3694 haec
3627 3655 3773 3692 mor-

2187 3738 2399 3804 talitas,
2445 3738 2636 3792 umbra
2692 3735 2884 3791 mortis
2920 3742 3004 3790 est
3046 3752 3060 3787 :
3101 3748 3228 3787 vera
3269 3741 3452 3788 autem
3492 3747 3648 3787 mors
3693 3739 3770 3784 est

2186 3829 2460 3884 damnatio
2489 3843 2613 3882 cum
2643 3825 2876 3883 diabolo.

2258 3920 2422 3977 Vens.
2446 3921 2535 3976 21.
2551 3951 2621 3961 —
2640 3918 2700 3975 Si
2717 3919 2861 3974 obliti
2890 3935 3069 3975 sumus
3096 3935 3280 3974 nomen
3307 3916 3426 3971 Dei.
3450 3914 3644 3987 (Ibid.)
3669 3914 3772 3968 Iste

2185 4022 2269 4068 est
2298 4011 2600 4067 intellectus
2628 4010 2860 4066 filiorum
2889 4010 3049 4076 Core,
3079 4010 3171 4084 qui
3193 4015 3414 4080 propter
3442 4007 3562 4061 haec
3589 4005 3768 4060 omnia

2188 4104 2329 4160 mala
2355 4119 2462 4159 non
2491 4104 2881 4160 obliviscuntur
2902 4104 3093 4170 Deum,
3117 4104 3352 4158 scientes
3372 4100 3498 4172 quia
3520 4098 3668 4154 Deus
3689 4112 3770 4151 re-

2227 4196 2367 4250 uiret
2393 4196 2516 4250 ista.

2227 4211 2367 4250 unret
2445 4211 2516 4249 ta.

2187 4211 2221 4266 q
2257 4211 2541 4342 Vensl.522.
2584 4315 2653 4326 ——
2677 4285 2859 4340 Novit.
2905 4284 3094 4357 (Ibid.)
3133 4283 3367 4339 Nascere
3391 4283 3594 4338 dicitur
3631 4283 3774 4336 Deus

2182 4385 2237 4431 et
2265 4377 2409 4446 quod
2454 4376 2603 4431 novit
2641 4384 2694 4430 et
2724 4376 2865 4444 quod
2893 4385 2947 4429 te
2975 4374 3104 4429 facit
3133 4389 3376 4429 noscere.
3420 4372 3609 4438 Nos-it,
3641 4387 3776 4441 quo.

504 4477 592 4528 tu,
640 4463 765 4533 quia
809 4471 864 4517 et
902 4461 958 4515 in
999 4460 1103 4514 hoc
1147 4456 1342 4513 sarculo
1384 4455 1636 4520 salvasti,
1668 4469 1736 4509 ne
1771 4469 1872 4508 nos
1903 4454 2083 4508 trahe-

2201 4466 2333 4520 miam
2360 4465 2598 4535 requiret
2621 4473 2842 4533 propter
2868 4473 2946 4530 te,
2976 4472 3037 4519 ut
3070 4473 3128 4518 tu
3169 4462 3415 4517 invenias
3448 4471 3500 4516 te
3520 4501 3538 4526 ,
3571 4471 3628 4516 et
3651 4477 3774 4532 gra-

505 4565 625 4610 rent
652 4565 771 4624 post
795 4569 871 4618 se,
899 4559 954 4606 et
979 4565 1074 4607 eos
1100 4551 1301 4619 pudere
1337 4546 1516 4603 fecisti
1541 4560 1556 4600 :
1587 4553 1642 4601 et
1668 4545 1789 4600 ideo
1819 4554 1946 4599 tunc
1969 4545 2084 4598 lau-

503 4648 769 4701 (labimur.

575 4738 742 4792 Vens.
769 4737 820 4791 8.
844 4767 912 4777 -—
935 4735 1166 4792 Salvasti
1185 4773 1200 4798 ,
1228 4743 1335 4789 etc.
1363 4733 1545 4805 (Auc.)
1581 4729 1714 4787 Nota
1749 4732 1915 4786 etiam
1943 4746 2084 4802 prae-

505 4831 665 4886 terita
697 4829 860 4894 dicta,
886 4844 984 4899 pro
1013 4826 1208 4881 futuris
1235 4840 1354 4880 esse
1380 4825 1711 4894 accipienda.

577 4921 738 4976 Vens.
770 4919 836 4974 10
856 4949 926 4960 -
953 4919 1108 4972 Nunc
1130 4927 1302 4971 autem
1332 4915 1586 4987 repulisti.
1615 4914 1819 4985 (Cass.)
1852 4914 2089 4984 Diapsal-

503 5029 643 5069 mus.
669 5014 964 5067 Enumerat
985 5009 1125 5064 mala
1153 5023 1272 5079 quae
1299 5009 1388 5063 hic
1416 5006 1664 5062 fecerunt
1691 5005 1837 5071 boni,
1869 5021 1976 5059 non
2007 5014 2086 5059 ta-

505 5119 627 5160 men
655 5104 805 5160 obliti
833 5103 947 5157 Dei.
981 5099 1181 5174 (Cass.)
1221 5100 1525 5170 Exaggerat
1553 5098 1696 5152 mala
1716 5138 1731 5164 ,
1761 5105 1821 5152 ut
1851 5098 2085 5151 benevo-

507 5197 726 5251 lentiam
745 5195 940 5263 judicis
969 5195 1238 5264 impetret.
1268 5191 1586 5260 Confudisti,
1618 5191 1742 5245 dum
1773 5191 1861 5245 hic
1886 5190 1953 5244 ab
1979 5191 2084 5245 ini-

506 5289 627 5358 quis
670 5289 936 5342 habentur
974 5283 1284 5356 opprobrio.
1317 5282 1519 5354 (AUG.)
1560 5282 1685 5337 llzec
1713 5297 1840 5337 vere
1872 5283 2048 5337 futura
2069 5325 2083 5347 ,

426 5442 432 5449 _
503 5389 636 5444 etc.,
667 5393 829 5448 usque
855 5379 922 5431 ad
952 5378 1055 5432 hoc
1082 5384 1164 5430 est
1181 5373 1445 5442 jejunium
1476 5390 1581 5429 non
1610 5375 1968 5440 abstinentiae,
1991 5377 2085 5430 sed

507 5471 751 5525 luxuriae.

581 5562 742 5618 Vens.
773 5563 858 5616 ll.
899 5590 972 5603 —-
1011 5560 1273 5615 Arertisti.
1318 5555 1518 5627 (Cass)
1546 5555 1652 5610 Pro
1687 5556 2081 5612 deficientibus.

511 5656 628 5718 Vel,
662 5655 850 5720 averti,
878 5661 961 5708 est
988 5653 1196 5707 hostem
1225 5650 1447 5718 fugere;
1491 5647 1630 5701 unde
1658 5665 1669 5699 :
1709 5645 1766 5700 Si
1799 5665 1885 5702 eos
1913 5637 2086 5715 perse-

510 5746 617 5801 suti
637 5744 832 5816 fuerint
860 5745 914 5797 in
937 5759 1042 5796 una
1069 5742 1293 5806 civitate,
1320 5740 1478 5809 fugite
1508 5740 1560 5792 in
1591 5738 1770 5794 aliam.

2187 4556 2290 4611 tias
2319 4571 2449 4626 agas
2477 4555 2537 4610 ei
2580 4556 2671 4625 qui
2704 4564 2756 4610 te
2784 4554 2933 4621 fecit,
2961 4564 3021 4610 ut
3045 4555 3098 4609 in
3127 4554 3288 4609 Petro
3313 4563 3496 4608 actum
3524 4561 3644 4618 est,
3683 4552 3776 4620 qui

2186 4647 2437 4716 probavit
2455 4646 2581 4716 quid
2602 4653 2805 4716 posset.
2831 4645 3055 4716 Propter
3071 4655 3120 4700 te
3140 4643 3544 4712 mortiﬁcamur.
3567 4643 3774 4714 (Cass)

2187 4740 2304 4796 Non
2330 4755 2427 4810 pro
2453 4739 2772 4795 criminibus
2797 4739 3015 4804 nostris,
3047 4738 3139 4793 sed
3162 4747 3220 4792 ut
3250 4735 3384 4791 ﬁdes
3405 4745 3496 4790 tua
3521 4735 3776 4806 gentibus

2189 4841 2466 4902 augeatur.
3307 4837 3318 4848 ‘

2261 4924 2423 4978 Vens.
2451 4915 2540 4977 25.
2565 4953 2635 4962 —
2671 4921 2930 4994 Exsurge.
2964 4923 2982 4993 (
2994 4921 3155 4994 Ibid.)
3195 4922 3460 4978 Precatur
3488 4924 3772 4982 auxilium.

2188 5023 2249 5067 ut
2301 5013 2388 5069 hic
2439 5013 2652 5068 alllictis
2699 5021 2938 5083 tempore
2989 5012 3405 5068 resurrectionis
3463 5011 3770 5066 subveniat.

2189 5103 2393 5175 (Auc.)
2442 5103 2714 5160 Hactenus
2759 5115 2864 5159 non
2897 5103 3086 5168 obliti;
3123 5110 3180 5158 et
3223 5111 3281 5156 ut
3311 5117 3728 5174 perseveremus
3757 5120 3768 5153 :

2188 5193 2448 5263 Exsurge,
2471 5195 2594 5264 quia
2621 5204 2830 5264 prapter
2864 5202 2912 5248 te
2943 5193 3336 5261 mortiﬁcamur.
3368 5193 3554 5264 (Ante,
3589 5193 3772 5254 lites.)

2187 5287 2324 5341 Etsi
2354 5288 2533 5342 sciunt
2571 5287 2847 5342 Christum
2890 5303 2998 5342 non
3043 5287 3299 5352 dormire,
3335 5295 3392 5341 et
3434 5286 3540 5342 sibi
3589 5301 3772 5341 resur-

2194 5378 2421 5442 rexisse,
2446 5387 2738 5449 precantur
2766 5388 2946 5434 tamen
2989 5393 3273 5449 resurgere
3299 5393 3398 5449 per
3437 5378 3601 5433 ﬁdem
3621 5418 3637 5444 ,
3667 5392 3769 5431 non

2189 5467 2312 5534 sibi,
2340 5469 2432 5523 sed
2459 5470 2728 5537 gentibus,
2769 5485 2889 5540 quae
2914 5476 3105 5539 putant
3131 5479 3425 5523 mortuum.
3453 5468 3514 5523 Si
3548 5469 3696 5523 enim
3719 5476 3770 5520 et

2190 5559 2263 5614 illi
2293 5558 2578 5613 crederent
2608 5561 2934 5627 surrexisse,
2966 5561 3248 5615 credentes
3277 5560 3330 5614 in
3360 5573 3487 5614 eum
3517 5574 3626 5613 non
3657 5573 3772 5638 per-

2189 5659 2564 5718 sequerentur,
2608 5651 2702 5707 sed
2729 5660 2785 5707 et
2811 5651 2912 5722 ipsi
2947 5651 3250 5708 crederent.
3289 5649 3495 5720 (Auc.)
3545 5647 3646 5703 Vel
3687 5664 3768 5701 e1-

2191 5755 2363 5808 surge,
2395 5755 2492 5794 con
2501 5739 2657 5795 forta.
