3982 6352
253 410 360 469 909

1297 401 1562 458 GLOSSA
1603 398 1998 457 0RDlNARlA.
2038 430 2108 439 —
2150 398 2274 454 [ΛΒ.
2316 399 2559 456 ιδδμιωι.

3415 409 3521 466 910

327 521 626 579 Obdormis.
651 519 933 591 Negligere
947 516 1166 580 videris.
1186 516 1366 583 Quare
1383 514 1485 570 etsi
1508 512 1833 575 nesciamus,
1869 511 1912 570 Α
1944 509 2368 578 humanitatem,
2410 511 2465 565 in
2494 527 2600 582 qua
2638 513 2844 569 mundo
2871 505 3157 585 apparuit;
3189 511 3525 588 pulchritudo

257 624 314 671 tu
343 615 448 672 scis
471 611 640 684 quare
667 630 678 666 :
710 611 792 666 vel
820 625 920 680 pro
946 609 1127 679 culpa,
1155 604 1239 664 vel
1265 609 1363 678 pro
1401 605 1656 660 utilitate.
1687 601 1842 670 Quod
1947 599 2015 654 ad
2046 601 2328 667 Deitatem,
2356 617 2462 672 qua
2485 603 2666 658 omnia
2695 603 2932 661 decorat.

257 707 304 761 si
338 719 436 776 pro
469 701 660 773 culpa,
700 701 911 757 utinam
956 697 1212 764 abesset;
1251 699 1296 754 si
1323 712 1425 768 pro
1453 695 1710 760 utilitate,
1739 694 1845 748 uti-'-

258 815 386 855 nam
419 791 652 852 adesset.
682 793 957 862 Quosdam
989 791 1229 862 repellis,
1258 791 1384 861 quia
1407 788 1624 852 faciem,
1665 786 1718 840 id
1739 793 1842 847 est,

259 891 622 963 cognitionem
664 883 836 952 tuam,
877 886 945 941 ab
971 885 1051 940 eis
1073 881 1386 939 subtrahis:
1417 878 1692 938 obdormis
1721 877 1842 947 qui-

259 982 492 1038 husdam
523 979 612 1050 qui
648 985 869 1050 gemunt
899 975 966 1032 de
993 971 1170 1030 malis.
1319 1046 1322 1048 γ

333 1075 499 1129 Vens.
531 1063 714 1126 ila—4
739 1069 915 1136 Quare
958 1064 1322 1122 Oblivisceris?
1359 1062 1412 1116 id
1448 1068 1564 1124 est,
1603 1065 1709 1113 non
1751 1059 1848 1113 das

2019 689 2260 746 Intende.
2293 690 2578 750 Hominem
2605 706 2922 766 pereuntem
2950 697 3238 754 miseratus
3266 701 3495 771 respice.

2021 780 2298 854 Prospere.
2331 785 2594 841 Liberans
2621 787 2886 843 homines.

2019 874 2270 940 Procede.
2303 877 2380 932 De
2408 885 2565 932 utero
2606 877 2874 949 Virginis,
2923 887 2984 934 ut
3023 891 3293 951 sponsus:
3323 881 3426 950 vel,
3461 883 3528 938 ab

1947 965 2036 1022 bis
2059 967 2218 1022 victis
2242 967 2310 1022 ad
2339 966 2475 1023 alios
2502 965 2818 1025 vincendos.

2022 1057 2223 1132 Regna.
2251 1059 2309 1114 ln
2339 1060 2444 1115 ﬁde
2471 1061 2750 1139 hominum
2779 1051 2928 1118 tuam
2961 1056 3256 1134 petentiam
3285 1055 3530 1129 ostende,

261 1165 513 1236 spiritum
557 1135 926 1225 fortitudinis,
961 1158 1077 1214 sine
1122 1171 1232 1227 quo
1261 1154 1469 1222 inopes.
1513 1150 1582 1204 Et
1627 1135 1850 1204 tribula-
1949 1152 2039 1221 qui
2069 1155 2284 1222 semper
2307 1154 2570 1225 regnas“.
2603 1154 2671 1208 Et
2703 1135 2806 1224 per
2828 1155 2964 1222 huc,
3006 1158 3132 1228 quia
3161 1167 3216 1213 et
3240 1173 3339 1228 per
3365 1167 3449 1226 te,
3479 1169 3535 1214 et

259 1255 439 1308 ιὶοηίε-
491 1251 694 1322 (ωδε)
743 1248 877 1317 Quia
918 1262 1037 1303 eam
1082 1253 1192 1301 ηση
1241 1243 1476 1313 mitigas.
1507 1249 1648 1304 θῑοον
1689 1253 1851 1309 usque
1948 1246 2050 1318 per
2095 1255 2218 1303 tuos
2246 1239 2531 1304 veritatem
2572 1247 2767 1315 doces,
2813 1243 2920 1319 qua
2963 1249 3250 1307 falsitatem
3292 1261 3535 1309 nostram

261 1350 332 1404 ad
362 1347 454 1418 qui
485 1345 643 1402 facile
666 1345 862 1401 cedunt
893 1341 1094 1398 illicitis
1131 1335 1389 1403 motibus,
1417 1345 1472 1391 et
1511 1335 1717 1389 hzerent
1745 1329 1852 1388 ter-

265 1455 503 1584 renV'Eits.
533 1523 1011 1595 9.6.—E.rsurge,
1053 1503 1292 1578 Domine.
1341 1501 1443 1576 llic
1489 1518 1605 1574 sine
1652 1510 1854 1571 dormi-

1951 1340 2210 1396 destruis.
2224 1333 2292 1394 Et
2307 1340 2432 1410 quia
2453 1349 2768 1394 mansuetus
2793 1339 3016 1396 ferendo
3035 1341 3227 1408 malos,
3241 1349 3302 1397 ut
3321 1345 3538 1414 quando

1951 1445 2051 1501 pro
2077 1427 2312 1486 inimicis
2339 1431 2538 1490 oravit.
2567 1431 2646 1486 sic
2667 1439 2723 1486 et
2742 1432 2824 1486 sui
2849 1450 2864 1486 :
2893 1432 2960 1486 Et
2984 1427 3110 1503 quia
3124 1431 3391 1502 justitiam
3413 1435 3537 1488 vitae

1952 1523 2208 1578 ostendit.
2242 1522 2310 1576 Et
2341 1538 2469 1593 quia
2510 1522 2739 1578 deducet
2779 1521 2833 1580 te
2871 1522 3133 1581 inoﬂbnse
3179 1536 3276 1597 p‘er
3318 1541 3538 1581 cursum

266 1623 414 1678 tione
437 1633 658 1690 exsurge
685 1617 925 1688 ponitur,
961 1615 1104 1686 quod
1143 1613 1211 1667 ad
1245 1609 1696 1667 resurrectionem
1727 1620 1852 1676 pcr-
1955 1615 2120 1670 totius
2145 1617 2292 1682 vitae,
2317 1616 2403 1670 vel
2428 1616 2494 1670 de
2519 1612 2716 1687 populo
2742 1617 2809 1671 ad
2835 1617 3092 1687 populum

268 1713 427 1778 tinet,
454 1711 507 1766 in
533 1725 639 1781 qua
667 1717 752 1764 est
779 1711 904 1780 spes
933 1705 1176 1761 omnium
1203 1699 1439 1758 ﬁdelium
1466 1715 1481 1766 ;
1522 1700 1574 1754 in
1611 1712 1716 1768 qua
1755 1696 1855 1750 hu-

2027 1698 2361 1762 Mirabiliter.
2391 1695 2529 1774 Quia
2552 1717 2742 1763 omnes
2766 1706 3124 1774 mirabuntur,
3152 1708 3258 1773 vel,
3287 1707 3411 1782 quia
3441 1709 3541 1764 mi-‘

266 1817 427 1858 mana
457 1791 758 1857 destruitur
783 1798 1106 1869 captivitas;
1145 1795 1242 1867 per
1267 1809 1429 1866 quam
1460 1799 1648 1848 sumus
1685 1787 1852 1858 adjutl
1887 1867 1898 1869 Α
1958 1799 2139 1855 nulla
2163 1789 2343 1854 faciet,

265 1905 322 1950 et
351 1893 588 1949 liberati.
631 1885 699 1946 In
742 1867 883 1945 terra
929 1886 1123 1943 venter.
1162 1884 1366 1958 (Auu.)
1397 1883 1500 1951 Qui
1535 1897 1709 1953 genua
1738 1881 1852 1950 ligit

2031 1879 2197 1945 Vens.
2227 1890 2281 1944 6.
2319 1897 2390 1930 —-'-
2425 1871 2618 1960 Populi
2639 1889 2738 1946 sub
2764 1901 2814 1944 te
2841 1890 3047 1946 eadem.
3081 1890 3289 1963 (Auc.)
3330 1883 3389 1946 Id
3431 1882 3516 1947 est

271 1993 453 2052 terrae,
478 1985 643 2039 habet
671 1998 779 2052 quo
805 1981 926 2052 plus
946 1979 1258 2035 humilietur
1281 1995 1294 2030 :
1326 1975 1418 2046 qui
1447 1979 1574 2029 vero
1603 1972 1724 2044 plus
1757 1971 1854 2026 htt-

269 2077 513 2132 miliatur
537 2083 598 2130 ut
616 2082 671 2130 et
699 2081 887 2130 venter
917 2073 1122 2127 hiereat
1149 2078 1336 2134 teme,
1375 2082 1480 2120 non
1521 2065 1686 2118 habet
1711 2062 1853 2116 ultra

267 2187 378 2244 quo
405 2167 528 2241 plus
550 2163 884 2224 humilietur.
910 2153 1179 2234 Exprimit
1205 2176 1335 2231 ergo
1361 2158 1584 2214 nimiam
1611 2154 1859 2211 humilia—

271 2265 498 2328 tionem,
538 2269 599 2316 ut
639 2260 762 2332 quia
807 2257 956 2314 venit
995 2257 1063 2316 ad
1103 2267 1405 2323 summam,
1444 2249 1559 2326 jam
1587 2247 1732 2306 adsit
1763 2245 1855 2306 Dci

272 2354 574 2417 miseratio.
614 2349 713 2412 Vel
755 2349 962 2427 plangit
988 2367 1084 2409 eos
1108 2351 1198 2421 qui
1230 2356 1359 2406 sunt
1381 2355 1604 2411 venter,
1653 2344 1707 2398 id
1750 2351 1856 2409 est,

270 2449 540 2517 carnales,
567 2457 622 2505 et
646 2448 932 2512 hwserunt,
957 2444 1009 2500 id
1035 2451 1120 2499 est
1149 2447 1540 2498 consenserunt
1568 2437 1788 2508 iniquis.

779 2577 1103 2638 PSAL‘MUS
1140 2574 1322 2634 XLIV.

1963 1981 2116 2035 multi
2151 1981 2218 2035 de
2259 1980 2372 2035 suis
2402 1980 2635 2060 inimicis
2664 1977 2968 2050 supponent
2995 1996 3054 2036 se
3077 1981 3217 2046 sibi,
3243 1989 3298 2036 et
3319 1981 3422 2036 hoc
3451 1996 3541 2034 ra-

1963 2072 2108 2126 tione
2133 2069 2217 2125 vel
2239 2071 2532 2126 voluntate.
2562 2069 2678 2126 Hoc
2704 2080 2788 2127 est
2822 2071 2967 2141 quod
3007 2071 3192 2127 titulus
3221 2071 3395 2128 dixit:
3435 2068 3542 2125 Pro

1960 2163 2043 2217 Itis
2084 2149 2679 2234 qui'commutabuntur
2717 2177 2782 2215 ea:
2809 2161 2935 2231 ﬁliis
2977 2160 3131 2216 Core.
3156 2192 3229 2202 —
3254 2161 3324 2216 In
3359 2159 3540 2216 corda.

1964 2253 2166 2331 (Cass)
2210 2251 2557 2314 lnimicorum
2605 2260 2852 2323 tuorum,
2900 2260 2961 2311 ut
3005 2251 3116 2312 sint
3158 2251 3360 2322 amici,
3407 2251 3548 2312 sicut

1963 2350 2179 2407 Saulus.

2033 2448 2196 2503 Vens.
2221 2445 2275 2500 7.
2299 2443 2567 2502 —Sedes.
2601 2443 2788 2516 (Ibid)
2825 2443 2921 2500 Hic
2959 2459 2987 2497 a
3007 2442 3252 2515 judicio:
3286 2440 3449 2500 Sedes
3480 2443 3548 2496 ad

1958 2537 2220 2610 judicium
2243 2537 2496 2608 pertinet.
2523 2535 2704 2608 Virga.
2731 2535 2920 2608 (Ibid)
2944 2534 3145 2605 Regula
3171 2534 3368 2591 divina:
3385 2533 3550 2604 ὼιιιιίι

1965 2631 2125 2696 tatis,
2170 2644 2292 2700 qua:
2335 2645 2462 2685 vere
2504 2627 2651 2684 recta
2687 2637 2743 2683 et
2789 2635 3061 2698 nunquam
3090 2634 3382 2683 curvatur:
3433 2625 3551 2682 hzec

346 2720 509 2777 VEKS-
541 2719 593 2772 1·
634 2747 704 2758 -
738 2715 804 2771 In
837 2716 1016 2787 βηεηιί
1049 2722 1155 2769 θιθ·
1199 2711 1380 2783 (ME)
1409 2688 1856 2781 Epilhalﬂmiumt
1959 2688 2136 2794 iustos
2163 2688 2320 2792 regit,
2356 2721 2570 2790 iniquos
2597 2719 2847 2791 percutit.
2880 2688 3062 2791 (Ᾰιισ.)
3091 2717 3261 2774 Nemo
3286 2718 3389 2774 sibi
3408 2717 3548 2774 mul-

277 2811 330 2866 id
363 2819 467 2876 est,
495 2809 612 2864 laus
645 2805 888 2864 thalami.
923 2804 1206 2860 CautiCum
1244 2817 1341 2873 pro
1382 2799 1780 2856 commutandis
1807 2805 1863 2853 et

1966 2823 2081 2870 tum
2129 2813 2196 2869 de
2246 2811 2617 2868 misericordia
2663 2820 2989 2882 pmsumat,
3036 2809 3385 2865 blandiatur:
3421 2807 3548 2880 quid

276 2918 378 2974 pro
405 2901 630 2965 dilecto,
665 2899 720 2953 id
755 2906 858 2962 est,
887 2909 1082 2965 sponsa
1122 2895 1176 2948 et
1203 2905 1426 2963 sponso,
1457 2890 1713 2947 scribitur
1739 2887 1862 2942 filiis

1991 2904 2116 2974 'lrga
2146 2903 2486 2968 directionis,
2515 2903 2559 2957 si
2589 2901 2724 2958 alios
2762 2902 2919 2974 regit,
2946 2901 3080 2957 alios
3108 2900 3379 2957 conterit:
3412 2900 3552 2973 regit

275 2992 439 3058 Core,
465 2999 524 3046 ut
549 2996 894 3044 venerentur.
919 2986 1020 3041 llic
1047 2985 1193 3041 enim
1223 2984 1550 3039 describitur
1573 2997 1674 3052 per
1700 2996 1861 3052 quem

278 3081 777 3144 Commutabuntur,
805 3077 932 3146 quia
958 3075 1078 3131 laus
1099 3074 1280 3143 sponsi
1303 3085 1358 3127 et
1384 3085 1596 3143 sponsa:
1622 3072 1711 3126 hic
1737 3086 1866 3125 can-

282 3170 445 3228 tatur.
487 3168 690 3243 (Cass.)
735 3168 1003 3240 Propheta
1056 3165 1324 3237 praeconia
1355 3164 1450 3219 Dei
1489 3178 1550 3220 se
1590 3169 1864 3218 eructatu-

281 3280 402 3320 rum
431 3263 721 3338 promittit.

355 3356 519 3412 Vens.
542 3355 598 3410 2.
618 3385 689 3395 -
707 3352 1002 3408 Eructavit.
1029 3349 1210 3425 (Auc.,
1246 3345 1428 3420 Ηιειι.)
1456 3349 1602 3403 Intus
1624 3347 1768 3403 enim
1795 3347 1866 3402 fa-

284 3453 371 3505 tur
397 3447 702 3520 Propheta,
743 3455 882 3513 etc.,
915 3461 1076 3518 usque
1101 3444 1170 3497 ad
1196 3453 1484 3512 antequam
1515 3441 1585 3497 sit
1610 3439 1754 3510 quod
1784 3440 1868 3496 fa-

282 3548 470 3594 cturus
493 3546 596 3593 est.
629 3536 932 3594 Consilium
961 3549 1090 3590 vero
1116 3533 1292 3587 Patris
1315 3541 1399 3587 cst
1430 3532 1686 3587 Verbum.

299 3703 302 3706 .
357 3630 582 3684 Bonum.
610 3621 729 3697 Quo
757 3627 939 3684 omnia
969 3627 1110 3681 bona
1148 3624 1290 3680 facta
1321 3631 1467 3678 sant.
1498 3621 1650 3676 Dico.
1679 3621 1737 3676 ld
1761 3630 1866 3687 est,

286 3713 523 3780 Verbum
553 3722 767 3794 profero
793 3740 806 3776 :
849 3720 992 3776 idem
1018 3719 1108 3774 hic
1137 3716 1279 3787 quod
1306 3717 1454 3788 prius
1479 3731 1494 3782 ;
1535 3715 1629 3770 sed
1660 3715 1713 3768 in
1753 3715 1871 3784 ipso

286 3817 452 3872 verbo
476 3815 657 3870 omnia
695 3828 859 3883 opera
889 3811 982 3867 Dei
1015 3825 1134 3866 esse
1168 3809 1337 3874 dicit;
1379 3809 1518 3863 unde
1545 3825 1559 3862 :
1601 3807 1753 3873 Quod
1783 3807 1870 3876 fa-

289 3917 428 3962 ctum
457 3918 530 3963 est
561 3909 617 3961 in
640 3908 751 3977 ipso
779 3907 884 3962 vita
935 3913 1071 3969 erat,
1099 3912 1158 3958 ut
1186 3901 1320 3957 nihil
1351 3902 1422 3956 sit
1451 3901 1507 3956 in
1535 3915 1700 3971 opere
1726 3899 1869 3972 quod

290 4008 397 4057 non
424 4003 576 4071 prius
605 3995 707 4054 fuit
731 4000 784 4056 in
811 3999 1056 4056 consilio.
1083 3996 1162 4052 De
1185 3997 1290 4053 hoc
1313 3995 1511 4052 dicitur
1535 4012 1548 4049 :
1593 3992 1765 4050 Semel
1791 3992 1868 4046 ιο-

292 4101 445 4147 cutus
473 4101 550 4146 est
573 4089 736 4146 Deus.

361 4180 634 4237 Calamus.
681 4181 799 4236 Non
843 4195 1012 4246 sono,-
1049 4181 1142 4251 qui
1165 4180 1394 4246 transit,
1433 4179 1715 4251 comparat
1739 4175 1874 4232 Ver-

292 4275 423 4332 bum
450 4293 464 4330 :
504 4275 598 4330 sed
628 4275 851 4344 scripto;
883 4274 1026 4344 quod
1051 4281 1252 4329 manet.
1287 4273 1416 4339 Vel,
1451 4272 1719 4338 velociter,
1747 4270 1874 4340 quia

292 4382 402 4424 nou
425 4367 572 4423 aliud
592 4375 716 4438 post
741 4366 906 4433 aliud,
941 4366 1038 4421 sed
1079 4365 1259 4422 omnia
1283 4364 1442 4421 simul
1470 4364 1524 4420 in
1557 4378 1666 4418 uno
1697 4363 1876 4419 Verbo

292 4468 522 4516 aeterno.

378 4549 655 4606 Velociter.
679 4549 867 4608 Virtus
892 4550 1209 4621 prophetiae,
1234 4565 1354 4622 qua:
1375 4565 1482 4606 non
1507 4551 1610 4607 sub
1632 4549 1876 4606 cruciatu

299 4646 534 4699 humano
567 4642 769 4715 cogitat
796 4641 940 4713 quod
970 4642 1038 4697 de
1065 4656 1265 4696 arcano
1305 4641 1604 4724 divinitatis
1639 4640 1763 4697 aliis
1789 4640 1875 4696 di-
1901 4639 1956 4701 D

299 4733 504 4805 vulgat.

371 4828 538 4884 Vsus.
566 4826 619 4880 5.
662 4855 730 4866 -
771 4823 1045 4896 Speciosus
1087 4823 1277 4893 forma.
1312 4822 1541 4896 (Caes)
1586 4815 1776 4894 Incipit
1814 4823 1882 4880 de

298 4907 458 4974 laude
487 4917 671 4988 sponsi
699 4916 906 4987 priusa
934 4903 1126 4970 forma.
1168 4913 1466 4969 Benedixit.
1513 4914 1704 4971 Priora
1747 4916 1885 4970 dixit

301 4995 574 5081 Propheta
605 5024 674 5065 ex
704 5019 933 5080 persona
961 5006 1074 5071 Dei,
1104 5006 1219 5062 haec
1245 5022 1309 5060 ex
1333 5022 1460 5072 sua;
1489 5004 1576 5062 vel
1603 5009 1784 5062 omnia
1809 5023 1876 5063 ex

302 5117 381 5161 se.
417 5101 533 5168 Vel,
556 5109 757 5155 eructat
779 5097 1007 5161 verbum,
1037 5097 1128 5166 qui
1155 5097 1286 5153 dicit
1307 5097 1418 5152 Deo
1447 5097 1723 5168 hymnum.

321 5239 332 5249 .
375 5192 504 5247 Dico
534 5207 710 5260 opera.
737 5187 918 5260 (Αυο.)
944 5187 1010 5241 ad
1039 5187 1250 5243 laudem
1274 5186 1414 5256 ejus,
1438 5185 1530 5258 qui
1555 5204 1619 5242 ex
1649 5205 1732 5244 eo.
1766 5189 1886 5244 Lin-

305 5303 432 5358 gua,
467 5283 722 5338 calamus.
754 5282 888 5349 Quia
917 5282 1059 5352 quod
1089 5282 1230 5346 dico',
1268 5290 1324 5336 et
1351 5282 1550 5338 scribo.
1573 5263 1679 5338 ’νει
1698 5324 1712 5348 ,
1742 5285 1881 5339 velo-

308 5380 436 5431 citer
460 5392 478 5430 :
517 5376 643 5444 quia
670 5375 781 5430 cito
808 5377 1034 5428 ventura
1063 5388 1184 5444 qu:e
1206 5374 1405 5431 scribo.

378 5465 584 5540 (Cass)
619 5464 687 5520 In
717 5464 890 5519 labiis.
924 5464 1080 5532 Quia,
1105 5475 1172 5520 eo‘
1205 5465 1476 5536 loquente,-
1504 5467 1736 5523 mundus
1763 5476 1887 5540 ενι-ξιξ

310 5561 438 5612 tiam
467 5553 920 5612 reconciliationis
947 5549 1174 5626 accepit;

383 5649 548 5702 Vens.
586 5645 640 5702 4.
682 5675 750 5686 -
789 5646 1087 5717 Accingere.
1125 5645 1313 5717 (Ibid.)
1346 5646 1444 5702 llic
1478 5635 1659 5705 laudat
1699 5665 1822 5705 eum
1853 5658 1884 5705 a’

309 5743 614 5818 potestate;
653 5747 711 5794 et
734 5745 792 5792 tu
819 5736 941 5793 talis
961 5739 1248 5809 accingere.

388 5831 544 5885 Vens.
577 5831 629 5885 5.
653 5861 718 5870 —-
743 5827 921 5898 Specie
947 5838 1036 5884 tua
1062 5839 1107 5884 et
1136 5830 1539 5898 pulchritudine.
1573 5833 1781 5903 Species
1821 5837 1888 5892 ad

1968 2993 2292 3066 spirituales,
2326 2994 2559 3050 conterit
2588 2993 2855 3048 carnales.

2040 3104 2202 3160 Vens.
2229 3105 2282 3160 8.
2306 3135 2378 3144 —-
2401 3103 2662 3158 Dilexisti.
2693 3101 2888 3176 (Ibid.)
2913 3101 3028 3166 Vel,
3063 3103 3188 3174 quia
3210 3103 3441 3158 dilexisti
3459 3103 3550 3173 ju—'

1969 3196 2188 3260 stitiam,
2205 3204 2337 3258 etc.,
2355 3194 2566 3250 reddita
2585 3201 2710 3249 sunt
2729 3195 2844 3249 hch
2864 3194 3108 3264 prmmia,
3130 3195 3256 3250 fecit
3275 3203 3327 3252 te
3349 3211 3550 3264 regem;

1893 3266 1939 3328 Ο
1975 3289 2153 3344 dando
2178 3305 2363 3342 nomen
2382 3287 2520 3357 quod
2545 3297 2618 3342 est
2645 3299 2801 3357 super
2828 3303 2979 3341 omne
3001 3299 3207 3342 nomen.

2046 3380 2113 3433 Et
2144 3380 2322 3434 odisti.
2353 3379 2409 3434 Si
2433 3381 2594 3435 homo
2619 3379 2958 3450 iniquitatem
2985 3379 3038 3434 in
3060 3393 3118 3434 se
3139 3379 3272 3445 edit,
3297 3394 3420 3435 cum
3442 3379 3554 3435 Ded

1973 3469 2103 3526 facit
2133 3489 2144 3525 :
2188 3469 2304 3526 odit
2330 3471 2474 3526 Deus
2504 3471 2864 3540 iniquitatem,
2895 3469 3078 3525 oderis
3103 3477 3158 3525 et
3190 3477 3267 3525 tu.

2046 3563 2091 3617 0
2117 3563 2276 3618 Deus.
2314 3561 2497 3633 (Aea)
2526 3562 2617 3616 Bis
2644 3562 2861 3632 ponitur
2883 3561 2937 3616 in
2964 3561 3154 3617 Graeco
3182 3569 3389 3650 aperte,
3417 3561 3556 3618 alter

1973 3654 2288 3719 vocativus,
2324 3652 2461 3707 alter
2501 3653 2882 3708 nominativus.
2935 3653 3041 3708 Iste
3079 3661 3276 3708 unctus
3305 3660 3420 3718 est,
3467 3653 3556 3708 ille

1973 3745 2108 3815 lapis
2128 3759 2291 3814 quem
2313 3741 2481 3799 Jacob
2506 3745 2679 3798 unxit.

2045 3860 2211 3915 Vens.
2244 3860 2296 3916 9.
2333 3889 2403 3900 —-
2440 3858 2680 3930 Myrrha,
2707 3867 2814 3916 etc.
2847 3858 3047 3932 (Cass)
3075 3857 3177 3918 Hic
3201 3859 3385 3917 laudat
3424 3858 3555 3916 Pro-

1973 3954 2136 4026 pheta
2183 3969 2440 4024 sponsum
2483 3954 2551 4008 ab
2587 3969 2754 4009 uxore
2781 3962 2835 4008 et
2859 3962 3094 4019 ornatu;
3139 3953 3316 4026 primo
3354 3954 3424 4010 ab
3467 3960 3558 4010 or-'

1974 4055 2126 4101 natu.
2159 4043 2342 4117 (Auc.)
2371 4042 2590 4115 Myrrha
2617 4055 2664 4099 et
2690 4053 2857 4116 gutta.
2891 4043 3100 4102 Odores
3127 4045 3264 4102 bene
3290 4045 3557 4102 adhiben—

1975 4145 2065 4192 tur
2083 4136 2310 4208 nuptiali
2333 4135 2588 4201 thalamo,
2605 4144 2735 4204 etc.,
2754 4152 2918 4208 usque
2937 4136 3006 4189 ad
3029 4135 3085 4192 id
3107 4143 3211 4200 est,
3237 4135 3556 4207 redemptio,

1975 4244 2074 4302 per
2101 4243 2298 4299 aquam
2323 4217 2614 4300 baptismi.'
2638 4227 2920 4282 Eburneis.
2953 4225 3157 4299 (ιιιειι.)
3194 4226 3251 4282 ln
3284 4225 3450 4282 ebore
3469 4243 3559 4283 ca-

1978 4318 2158 4386 stitas,
2185 4319 2331 4390 quod
2355 4318 2505 4388 prius
2545 4317 2835 4373 obseurum
2874 4317 3042 4372 serris
3067 4325 3124 4372 et
3148 4316 3292 4373 limis
3323 4316 3559 4374 lucidum

1979 4411 2063 4477 fit,
2095 4410 2168 4465 ita
2195 4409 2368 4464 sancti
2393 4423 2490 4478 per
2514 4407 2783 4464 sectiones
2815 4415 2870 4462 et
2898 4407 3202 4463 attritiones
3226 4407 3561 4465 diversorum

1982 4503 2368 4573 suppliciorum
2399 4501 2620 4564 elimati,
2646 4500 2904 4554 virtutum
2925 4499 3192 4556 varietate
3221 4499 3357 4556 ﬁunt
3376 4501 3560 4558 lucidi.

1986 4594 2144 4651 Filia:
2177 4609 2376 4663 regum.
2412 4593 2590 4666 (Αυο.)
2621 4592 3007 4660 Terrenorum,
3048 4609 3154 4650 non
3181 4605 3438 4654 curantes
3467 4597 3565 4653 ho-

1983 4703 2170 4744 norem
2199 4698 2436 4758 patrum,
2477 4695 2606 4750 etc.,
2640 4703 2802 4757 usque
2831 4687 2900 4740 ad
2930 4695 2986 4744 et
3013 4687 3081 4742 ad
3108 4703 3292 4748 semen
3318 4690 3562 4746 ercitaué

1982 4782 2110 4837 dum
2138 4787 2510 4850 susceperunt.

2054 4892 2220 4947 Vens.
2254 4890 2434 4946 l0.-—-
2461 4887 2641 4944 Anan
2681 4891 2880 4959 regina,
2914 4898 3018 4946 etc.
3076 4891 3300 4961 tetas.)
3349 4870 3448 4948 me
3495 4867 3564 4946 ει»

1987 4998 2156 5040 uxore
2192 4981 2538 5038 commendat
2575 4996 2852 5050 sponsum.
2894 4981 3176 5038 Varietate.
3223 4977 3411 5054 (lbid.)
3450 4983 3566 5040 Etsi

1987 5076 2060 5132 sit
2085 5075 2266 5130 unitas
2289 5076 2344 5130 in
2375 5073 2670 5137 charitate,
2697 5081 2875 5130 tamen
2915 5089 3070 5139 auro,
3101 5073 3154 5128 id
3191 5084 3293 5141 est,
3320 5076 3567 5134 doctrina

1989 5169 2388 5241 Apostolorum,
2435 5181 2598 5224 cocco
2635 5174 2956 5239 martyrum,
2995 5168 3222 5238 gemmis
3263 5170 3564 5244 virginum,

1989 5277 2225 5332 purpura
2255 5261 2632 5332 pmnitcntium
2657 5271 2901 5316 Ornatur.

2065 5373 2230 5428 Vens.
2267 5374 2352 5427 ll.
2375 5403 2445 5413 —-
2464 5373 2624 5437 Audi,-
2645 5372 2779 5441 ﬁlia.
2806 5369 3006 5443 (Cass)
3031 5369 3172 5429 Laus
3194 5387 3404 5444 sponsa:
3423 5391 3568 5432 sum-

1993 5467 2234 5542 missior,
2265 5457 2358 5521 sed
2387 5466 2740 5536 quadruplex,
2773 5479 2802 5518 a
2831 5463 3024 5529 forma,
3057 5481 3086 5520 a
3118 5466 3308 5536 gloria,
3347 5470 3417 5524 ab
3441 5470 3578 5525 ado'

1994 5545 2337 5625 lescentulis,
2379 5574 2409 5613 a
2457 5558 2626 5628 prole.
2673 5554 2859 5628 (Αυα.)
2897 5556 3057 5623 Audi,
3098 5558 3234 5627 ﬁlia.
3265 5558 3572 5633 Alloquitur

1995 5638 2264 5724 Propheta
2286 5651 2549 5722 reginam,
2581 5657 2834 5720 tanquam
2859 5664 2999 5705 unus
3029 5649 3096 5706 de
3119 5650 3380 5722 patribus.
3400 5651 3571 5709 Judaal

1995 5745 2241 5800 viderunt
2267 5751 2320 5798 et
2347 5742 2679 5804 occiderunt,
2709 5749 2765 5795 tu
2789 5741 2912 5796 audi
2943 5741 3311 5814 Evangelium,
3357 5752 3412 5799 et
3453 5751 3572 5800 cre-'

1996 5833 2169 5889 dendo
2195 5833 2402 5888 videbis
2431 5831 2638 5885 Deum:
2677 5830 2763 5884 hic
2804 5845 2898 5900 per
2942 5831 3247 5902 imaginem,
3293 5835 3345 5889 in
3391 5833 3575 5890 futurd
