3982 6352
386 257 487 326 '911

883 260 1277 317 WALAFRlDl
1314 259 1561 316 STRABI
1600 255 1802 313 FULD.
1838 260 2002 315 MON.
2043 259 2193 317 OPP.
2234 261 2412 316 PARS
2447 261 2489 315 l.
2523 290 2594 301 —
2628 258 3085 317 THEOLOGICA.

3548 256 3673 316 912

376 380 485 452 ‘per
510 377 765 449 speciem.
810 356 920 438 vel,
961 372 1101 428 Audi
1124 372 1455 442 prophetias,
1486 386 1605 440 quas
1648 371 1973 427 incarnatio-
1998 376 2052 435 Α
2145 372 2306 428 Vens.
2337 371 2392 425 4.
2415 400 2488 411 —-
2518 366 2816 426 Sonuerunt
2855 380 2904 424 et
2943 369 3192 436 turbatis,
3220 376 3326 425 etc.
3362 370 3677 427 Contradi-

388 487 514 527 nem
544 468 929 541 prmdixerunt,
948 473 1013 520 et
1037 464 1161 518 vide
1188 462 1457 532 impletas.

464 572 493 614 ν
508 563 624 617 ξοδ.
658 559 743 613 12.
759 587 828 597 -
850 554 918 610 Et
946 554 1270 625 concupiscet
1298 566 1409 607 rex.
1434 549 1640 623 (Cass)
1658 549 1767 607 ilic
1788 550 1973 608 laudat

384 668 511 713 eam
535 670 567 707 ει
592 647 789 707 inﬁma.

460 742 628 798 Vsus.
662 741 748 795 15.
770 767 839 778 -
871 735 1015 807 Tyri.
1068 732 1269 807 (Cass)
1320 733 1427 789 Per
1452 732 1656 804 Tyrum
1679 773 1695 797 ,
1734 732 1973 788 vicinam

395 833 623 898 Iudaeae,-
644 838 834 902 gentes
861 827 1248 896 designantur;
1276 824 1421 880 unde
1443 823 1639 878 mulier
1660 820 1974 878 Chananaea

391 924 648 982 Ecclesiae
669 921 860 993 ﬁgura.
880 916 1080 991 (Cass)
1099 916 1246 987 Tyri,
1266 916 1527 987 gentium,
1551 931 1581 970 a
1595 924 1751 985 parte
1777 922 1971 971 totum.

396 1015 465 1073 In
494 1012 815 1070 muneribus.
848 1008 1030 1081 (Auc.)
1064 1007 1137 1064 Ut
1166 1022 1225 1079 se
1253 1003 1512 1071 oﬁ'erant,
1546 1013 1680 1071 etc.,
1719 1020 1880 1075 usque
1905 1002 1975 1058 ad

394 1119 586 1183 gentes
609 1107 839 1169 scilicet,
866 1118 988 1172 quae
1013 1109 1143 1158 sunt
1159 1102 1223 1155 in
1248 1100 1495 1170 angustia
1518 1106 1886 1169 peccatorum.

471 1201 631 1257 Vitas.
660 1196 827 1253 14η-
850 1193 1034 1249 Omnis
1053 1188 1531 1263 gloria.l(Csss.)A
1552 1188 1723 1259 gloria
1742 1202 1974 1258 sponsae,

396 1302 457 1347 ut
482 1305 644 1360 supra
671 1304 703 1342 a
732 1271 1002 1357 potestafe
1029 1282 1237 1353 sponsi.
1266 1281 1530 1336 Abimus.
1562 1281 1747 1352 (Δυθ.)
1775 1278 1873 1334 Vel
1898 1279 1981 1334 in-

398 1387 686 1442 trinsecus.
725 1381 809 1436 Sit
834 1393 967 1448 ergo
995 1376 1340 1445 eleemosyna
1368 1374 1423 1429 in
1452 1373 1686 1437 occulto,
1715 1372 1808 1428 ubi
1837 1371 1981 1427 Deus

397 1480 562 1535 videt.
594 1475 693 1531 Vel
720 1489 827 1530 non
858 1468 1358 1528 in'circumcisione
1392 1465 1732 1530 manufacta,
1761 1463 1902 1518 sicut
1924 1462 1981 1517 in

358 1580 364 1587 ‘
400 1570 570 1625 veteri
604 1568 719 1639 lege
746 1606 761 1631 ,
806 1563 904 1620 sed
942 1563 996 1617 in
1032 1558 1425 1632 spiritualibus.
1474 1554 1748 1610 Fimbriis.
1779 1552 1980 1625 (ὧδε.)

398 1662 549 1717 Finis
596 1659 762 1714 vestis
812 1653 1084 1727 signiﬁcat
1134 1652 1296 1706 ﬁnem
1354 1647 1543 1704 mundi
1588 1645 1675 1701 vel
1724 1643 1978 1700 hominis.

2074 472 2276 529 centes,
2306 471 2530 532 gentes:
2561 461 2647 517 vel
2672 460 2913 531 Apostoli
2942 459 3307 530 praedicando.

2143 552 2212 607 Et
2239 552 2461 607 turbata:
2488 560 2610 607 sunt
2636 566 2790 622 aqua
2811 566 3016 606 eorum.
3062 551 3145 606 Ad
3175 565 3397 607 sensum
3424 551 3488 606 ﬁt
3516 550 3679 608 rela-

2074 648 2172 711 tio,
2202 661 2309 701 non
2338 645 2406 700 ad
2434 658 2657 701 vocem:
2690 644 2744 699 id
2772 651 2875 709 est,
2906 658 3059 714 aqua:
3086 644 3276 709 maris,
3312 643 3530 700 scilicet
3557 660 3677 715 po-

2068 737 2217 810 puli,
2245 736 2333 793 vel
2358 736 2615 793 doctrinm
2640 750 2831 791 eorum
2852 775 2868 799 ,
2904 750 3025 805 qua:
3050 733 3329 789 infatuatze
3365 742 3529 797 sunt,
3568 748 3679 788 eo-

2067 837 2329 886 ‘ruscante
2343 828 2590 887 doctrina
2604 826 2933 894 Salvatoris;
2952 826 3121 882 unde:
3137 825 3379 896 Absorpti
3392 836 3542 890 sunt,
3557 835 3677 879 eum

2074 920 2143 976 Et
2167 921 2281 977 huic
2304 931 2391 977 est
2429 921 2584 992 virga
2616 918 2821 991 Moysi,
2850 932 2971 989 qua:
3010 916 3295 974 devoravit
3335 916 3523 987 virgas
3553 914 3675 970 Ila-

2066 1024 2287 1085 'gorum.

2148 1104 2315 1160 Vens.
2336 1091 2401 1158 "5.
2416 1134 2484 1144 —
2506 1091 2777 1157 Fluminis
2800 1102 3042 1173 impetus.
3072 1099 3278 1173 (Cass)
3303 1099 3677 1170 Diapsalmns.

2077 1196 2215 1265 Quia
2244 1195 2484 1263 Ecclesia
2519 1195 2574 1249 in
2599 1194 2818 1250 Christo
2846 1193 3127 1257 fundatur,
3158 1192 3246 1248 cui
3275 1201 3469 1263 gentes
3499 1200 3561 1247 et
3592 1208 3684 1245 rc-

2079 1302 2182 1357 gna
2203 1286 2584 1357 subjiciuntur.
2607 1282 2791 1357 (Auo.)
2814 1280 2981 1351 Quasi
3004 1283 3181 1338 dicat:
3202 1282 3285 1337 ita
3307 1282 3466 1337 saevit
3486 1297 3681 1346 male;

2081 1379 2174 1435 sed
2202 1379 2343 1433 inter
2368 1378 2471 1434 hos
2496 1376 2692 1432 ﬂuctus
2727 1383 2782 1432 et
2813 1375 3025 1431 sonitus
3065 1388 3174 1429 non
3220 1374 3439 1441 timent,
3476 1373 3581 1444 qui
3610 1374 3687 1427 ad

2072 1467 2214 1523 illud
2240 1466 2506 1538 refugium
2536 1465 2919 1536 confugerunt.

2155 1555 2318 1612 Vens.
2348 1556 2405 1611 6.
2425 1585 2498 1596 -—-
2520 1555 2801 1626 Adjuvabit
2831 1566 2969 1610 eant.
3006 1544 3218 1628 (Cass)
3246 1552 3343 1610 Vel
3361 1594 3378 1621 ,
3408 1553 3594 1621 vultu,
3626 1554 3685 1609 id

2076 1656 2189 1714 'est,
2232 1646 2691 1703 demonstratione
2723 1646 2909 1701 auxilii
2948 1646 3070 1712 sui,
3102 1661 3226 1702 cum
3260 1644 3580 1715 adiuvando
3623 1661 3687 1699 se

388 1734 613 1808 'Auret's.
646 1748 764 1803 Non
794 1745 1097 1807 deauratis,
1139 1751 1199 1796 ut
1232 1754 1427 1809 supra,
1470 1737 1566 1793 sed
1607 1736 1819 1801 aureis,
1856 1735 1985 1804 quia
2014 1727 2065 1788 Β
2091 1741 2311 1797 indicat.
2346 1737 2602 1795 HaneJn
2626 1739 2746 1809 ipso
2768 1739 2895 1794 boni
2926 1739 3108 1808 operis
3134 1736 3435 1810 principio;
3464 1749 3523 1793 et
3556 1739 3685 1801 hoc,

406 1846 459 1899 in
498 1844 607 1899 line
648 1848 761 1897 tota
805 1835 1069 1908 perfectio
1113 1841 1239 1899 est,
1284 1832 1385 1888 ubi
1427 1830 1667 1887 Charitas
1714 1827 1985 1885 invenitur

443 1937 585 1990 lena.

404 1954 640 2090 plciliciis,
668 2022 842 2077 15.-
863 2018 1205 2074 Adducentur
1231 2014 1361 2086 regi.
1390 2012 1583 2085 (Ibid)
1606 2011 1707 2067 Hic
1734 2010 1989 2065 laudatur

416 2129 614 2187 sponsa
642 2112 711 2167 ab
737 2108 1034 2173 amictibus,
1067 2114 1126 2162 ut
1153 2119 1317 2176 supra
1345 2119 1377 2158 a
1395 2102 1620 2173 judicio.
1662 2099 1854 2174 (lbid.)
1877 2098 1990 2154 Ad-

404 2209 683 2267 ducentur,
713 2194 1413 2272 oportunaprsedicatione.
1462 2192 1593 2255 Best
1629 2207 1765 2247 eam.
1799 2187 1987 2262 (Ibid.)

406 2274 784 2355 Prius-unitas
823 2293 1044 2357 dicitur,
1092 2296 1215 2361 post
1257 2284 1595 2343 enumeratio
1636 2283 1874 2353 partium
1906 2289 1991 2338 est

402 2390 681 2451 distincta,
709 2400 834 2441 cum
862 2382 1097 2438 dicitur:
1136 2376 1374 2448 Virgines
1398 2384 1447 2429 et
1466 2373 1742 2444 proximat.

477 2480 638 2536 Vsus.
668 2477 756 2531 l7.
778 2503 849 2515 —
882 2472 987 2527 Pro
1021 2470 1257 2541 patribus
1294 2466 1399 2521 tuis
1435 2464 1547 2520 nati
1583 2473 1704 2519 sunt
1742 2462 1837 2517 tibi
1870 2459 1988 2531 ﬁlii.

408 2568 710 2644 (lbid.),Vel
731 2581 830 2637 pro
844 2562 1084 2630 antiquis
1102 2558 1368 2629 patribus,
1385 2554 1651 2644 idolorum
1671 2551 1988 2644 cultoribus,

407 2637 521 2717 nati
543 2637 944 2727 suntApostoli,
970 2648 1243 2720 principes
1265 2642 1680 2717 praedicationis.
1699 2639 1879 2711 (Αυδ.)
1898 2637 1992 2695 Vel

410 2761 535 2825 post
558 2749 848 2822 prophetas
872 2741 1135 2813 Apostoli,
1160 2747 1284 2811 post
1309 2733 1595 2807 Apostolus
1623 2732 1735 2787 alii.

482 2844 748 2901 Cantatur
785 2838 875 2893 hic
900 2835 1145 2906 psalmus
1185 2832 1252 2887 de
1295 2829 1432 2884 festo
1461 2828 1633 2883 beatae
1660 2825 1840 2880 Maria:
1868 2822 1991 2878 Vir-

411 2937 574 3008 ginis,
593 2932 724 3003 quia
750 2944 871 3000 qua:
893 2927 959 2983 de
982 2924 1225 2981 Ecclesia
1252 2920 1576 2994 generaliter
1604 2918 1693 2975 hic
1720 2917 1994 2982 dicuntur,

2080 1829 2339 1896 diluculo,
2369 1831 2424 1886 id
2449 1839 2563 1895 est,
2597 1842 2694 1900 per
2722 1829 3173 1886 illuminationem
3203 1823 3378 1886 sancti
3411 1828 3689 1899 Spiritus,

2086 1923 2175 1993 qui
2202 1930 2285 1977 est
2308 1922 2403 1976 tux
2426 1922 2583 1992 quasi
2608 1921 2737 1977 diei.

2160 2011 2326 2067 Vens.
2357 2010 2410 2065 7.
2438 2040 2507 2052 --
2534 2011 2711 2066 Dedit.
2743 2010 2910 2079 Quasi
2937 2026 3195 2085 magnum
3219 2013 3537 2083 prtemium.
3578 2008 3693 2066 γρ.

2088 2118 2216 2159 cem.
2263 2103 2711 2160 Prtedicationem
2735 2144 2751 2171 ,
2803 2105 2873 2161 ad
2920 2116 3084 2176 quam
3126 2105 3355 2161 tremuit
3396 2113 3693 2161 terr-enus.

2088 2198 2307 2253 'l'remet
2331 2204 2477 2251 metu
2498 2193 2719 2265 iudicis.

2160 2288 2325 2345 Vens.
2372 2286 2429 2342 8.
2470 2316 2539 2328 —
2587 2285 2845 2342 Dominus
2891 2287 3163 2343 uirtutum.
3207 2278 3397 2364 (Ibid)
3432 2291 3699 2349 Breviter

2092 2380 2279 2437 deﬁnit
2301 2380 2432 2450 quid
2457 2379 2528 2435 sit
2552 2377 2818 2437 Christus.
2853 2378 3163 2436 Nobiscum.
3192 2382 3363 2449 Quasi
3389 2402 3404 2439 :
3435 2384 3545 2452 Qui
3576 2387 3695 2440 nii-

2093 2476 2164 2533 sit
2191 2474 2441 2545 angelos,
2477 2473 2590 2544 jam
2619 2473 2737 2545 ipse
2764 2475 2943 2539 venit,
2982 2481 3039 2530 et
3076 2483 3160 2531 est
3187 2475 3513 2539 nobiscum,
3552 2478 3693 2547 quia

2093 2567 2371 2622 nobiscum
2395 2575 2709 2636 susceptor;
2732 2580 2891 2637 ergo:
2920 2563 3120 2631 Venite,
3146 2567 3300 2636 quasi
3315 2555 3431 2636 jam
3456 2584 3691 2623 securos

2093 2674 2190 2714 vos
2233 2658 2420 2712 invito.
2480 2655 2693 2712 Noster.
2737 2655 2856 2712 Non
2886 2655 2991 2712 nisi
3020 2656 3256 2712 ﬁliorum
3283 2657 3486 2714 crucis.
3536 2658 3690 2712 Das

2093 2748 2278 2805 Jacob.
2309 2748 2410 2815 Qui
2434 2755 2584 2803 tanta
2605 2747 2763 2803 nobis
2788 2746 2936 2802 dedit
2952 2755 3157 2817 quanta
3177 2746 3326 2804 dedit
3346 2746 3551 2805 Iacob:
3572 2764 3692 2803 non

2090 2840 2242 2896 enim
2273 2838 2414 2894 illius
2442 2847 2650 2893 tantum
2677 2845 2760 2893 est
2785 2836 2949 2893 Deus.

2170 2930 2334 2986 Vens.
2364 2929 2417 2985 9.
2444 2959 2516 2974 ρ-
2549 2926 2730 2984 Venite
2772 2939 2821 2983 et
2862 2929 3048 2984 uidete.
3090 2928 3276 3000 (Ibid)
3315 2930 3691 3002 Diapsalmus.

413 3028 481 3082 ad
504 3025 727 3080 Mariam
752 3019 1057 3091 specialiter
1077 3014 1267 3072 referri
1289 3021 1532 3084 possunt.
1551 3010 1813 3091 cantatur
1832 3008 1997 3063 etiam
2024 3075 2067 3093 Α
2100 3021 2366 3093 magna“;
2397 3021 2808 3076 incarnationis,
2844 3019 3050 3076 Ροεαει,
3083 3021 3245 3089 Quas;
3274 3024 3448 3093 signa,
3480 3024 3549 3079 ad
3578 3040 3687 3079 το-

416 3075 861 3190 Emungi—nibus,
907 3111 1035 3184 quia
1080 3109 1157 3165 ibi
1203 3075 1401 3165 dicitur
1436 3124 1451 3160 ;
1502 3084 1841 3159 Adducentur
1890 3100 1997 3172 regi
2021 3075 2068 3139 ο
2098 3075 2331 3170 ξέιέιᾌιηίί
2358 3111 2631 3183 populum.
2667 3109 2944 3182 Prodigia.
2972 3075 3601 3184 Ui’dE'piniiUVirlgin—is,
3625 3075 3693 3169 1..

413 3202 746 3282 'virginesL'Et
766 3222 864 3277 pro
887 3202 1177 3275 Apostolis,
1200 3200 1325 3269 quia
1342 3198 1433 3253 ubi
1458 3197 1655 3252 dicitur
1678 3213 1691 3248 :
1719 3192 1850 3248 Nati
1876 3204 1997 3248 sunt

415 3302 510 3357 tibi
536 3300 657 3369 ﬁlii.
708 3299 841 3354 Item
870 3297 937 3351 de
968 3294 1249 3349 nativitate
1278 3289 1523 3353 Domini,
1563 3287 1689 3358 quia
1720 3287 1791 3341 ibi
1820 3286 1999 3356 agitur

415 3392 482 3448 de
510 3378 668 3446 laude
712 3388 894 3460 sponsi
937 3394 992 3442 et
1033 3400 1245 3456 sponsze
1284 3392 1340 3438 ct
1380 3381 1447 3437 de
1486 3379 1688 3450 nuptiis
1712 3376 1912 3434 Christi
1942 3384 1999 3432 et

415 3484 690 3548 Ecclesia),
722 3482 953 3554 quarunt
982 3475 1330 3550 desponsatio
1359 3472 1501 3529 facta
1530 3480 1617 3529 est
1640 3471 1695 3527 in
1724 3468 1884 3525 Verbi
1914 3469 1998 3524 in-

418 3574 750 3649 carziatione.

893 3762 903 3773 θ
936 3670 1262 3740 Psamius
1306 3682 1469 3740 XLV.

490 3843 655 3899 Vens.
688 3842 738 3895 l.
763 3868 831 3883 --
862 3820 929 3895 in
954 3836 1132 3909 finem.
1171 3836 1376 3911 (Cass)
1405 3835 1652 3893 Psalmus
1676 3831 1863 3898 David,
1895 3832 1996 3887 ali-

424 3934 579 4002 cujus
606 3932 780 3988 fidelis
807 3931 874 3987 de
899 3929 1106 3997 Judaea,
1136 3937 1196 3984 ut
1219 3929 1290 3984 sit
1314 3928 1517 3983 certius
1540 3926 1927 3982 testimonidm.

497 4024 605 4078 Pro
633 4020 864 4077 arcanis.
893 4021 1000 4076 Pro
1028 4017 1462 4074 manifestation‘e
1489 4024 1831 4082 areanorum,
1856 4014 2001 4085 quod

426 4120 567 4173 Deus
592 4115 661 4171 sit
685 4112 869 4180 homo,
900 4111 1046 4184 quod
1073 4111 1220 4167 salus
1249 4110 1514 4181 promissa
1537 4108 1754 4178 utrique
1780 4106 1997 4177 populo,

428 4208 573 4279 quod
600 4206 820 4262 caicitas
848 4204 1075 4275 contigit
1094 4205 1149 4258 in
1171 4202 1353 4267 Israel,
1375 4201 1521 4273 quod
1546 4199 1787 4272 Apostoli
1817 4208 2001 4254 trans-

426 4301 606 4356 ierunt
635 4298 702 4354 ad
748 4293 954 4369 gentes,
979 4297 1122 4367 quod
1156 4310 1262 4367 pax
1290 4297 1345 4351 in
1369 4303 1543 4359 terra;
1571 4294 1714 4349 unde
1740 4300 1757 4348 :‘
1784 4292 1999 4361 Conﬂa-

425 4394 551 4448 bunt
581 4391 783 4462 gladios
810 4406 931 4446 suos
957 4390 1012 4444 in
1040 4405 1265 4445 vomeres
1284 4397 1332 4445 et
1353 4388 1570 4444 lanceas
1592 4400 1717 4442 suas
1745 4388 1801 4441 in
1831 4385 1997 4456 falces'

425 4480 566 4553 (ιω.
595 4478 677 4551 ιι).

505 4568 658 4625 Filii:
683 4569 834 4625 Core.
868 4569 1065 4641 (Cass)
1096 4568 1219 4625 Filii
1247 4568 1444 4625 crucis.
1474 4566 1557 4623 De
1581 4566 1885 4634 urcanis,id
1900 4576 2002 4635 est,

430 4665 496 4719 de
524 4663 757 4717 adventu
782 4660 982 4717 Christi
1007 4661 1266 4732 loquitur.

502 4755 664 4811 Vsus.
692 4753 730 4807 2
774 4782 841 4793 -—
866 4751 1009 4806 Deus
1037 4762 1229 4806 noster.
1272 4750 1474 4820 (Cum,
1499 4752 1657 4823 Atio.)
1687 4751 1746 4805 ln
1776 4751 2008 4806 adventu

432 4844 645 4903 Duiuini
688 4840 867 4898 omnis
914 4856 1038 4911 spes
1081 4841 1327 4897 habenda
1354 4842 1692 4907 ostenditur,
1738 4840 1903 4896 etiam
1951 4840 2007 4894 in

430 4939 667 4995 transitu
695 4934 1076 5008 Apostolorum
1112 4933 1181 4989 ad
1217 4941 1422 5005 gentes.
1456 4933 1773 4989 Invenerunt
1802 4946 1895 4986 nos
1920 4931 2005 4986 ni-

433 5033 556 5087 mis.
595 5029 776 5103 (Αυα.)
810 5027 921 5083 Nos
950 5027 1096 5082 enim
1123 5026 1460 5097 fugiebamus
1485 5040 1601 5082 eas.
1638 5024 1770 5089 Vel,
1802 5024 2009 5078 insene-

438 5131 558 5177 runt
587 5138 680 5176 nos
703 5118 977 5190 expositos
1000 5133 1098 5190 per
1113 5116 1306 5173 Adam.
1340 5114 1536 5184 Nimis,
1567 5124 1717 5172 tanto
1739 5114 2013 5185 potentior

438 5214 531 5284 qui
561 5211 774 5267 liberat.

511 5302 676 5363 Vsus.
702 5299 756 5356 '5.
773 5330 842 5340 —
865 5298 1184 5354 Turbabitur
1206 5309 1368 5366 terra,
1389 5310 1437 5353 et
1462 5299 1847 5369 transferentur
1870 5314 2014 5353 iuon-

439 5410 535 5458 tes.
554 5402 660 5449 etc.
690 5391 892 5464 (Cass)
916 5388 1115 5455 Judtea,
1140 5393 1295 5460 quasi
1324 5391 1475 5446 arida
1500 5409 1513 5444 :
1545 5392 1661 5446 sine
1687 5391 2011 5458 idololatria,

440 5480 802 5537 amaritudine
821 5479 1061 5550 gentium
1090 5480 1441 5534 circumdata.
1470 5476 1600 5548 Vel,
1630 5497 1792 5538 mare.
1825 5481 2011 5551 (Auc.)

439 5570 717 5626 sarculum.

513 5657 616 5714 Cor
644 5660 824 5714 maris.
860 5644 1171 5716 immanitas
1198 5661 1438 5731 gentium

2099 3204 2255 3260 stella
2274 3245 2288 3268 ,
2341 3212 2398 3259 et
2439 3203 2669 3259 caeteris.
2723 3203 2981 3273 Auferens
3010 3202 3166 3259 bella.
3197 3204 3379 3277 (Ausa)
3410 3205 3551 3274 Quia
3581 3223 3691 3279 per

2099 3295 2216 3366 ejus
2249 3294 2539 3350 adventum
2560 3291 2872 3348 idololatria
2909 3302 2964 3349 et
2995 3295 3309 3364 superstitio
3336 3297 3503 3352 totius
3528 3300 3691 3354 orbis

2100 3386 2273 3456 perit,
2305 3385 2418 3451 vel,
2450 3390 2581 3441 time
2620 3386 2880 3456 temporis
2919 3394 3018 3458 pro
3059 3386 3178 3457 ejus
3218 3392 3503 3460 praesentia
3530 3394 3693 3447 orbis

2100 3483 2326 3546 pacatus
2351 3474 2472 3531 fuit.

2172 3566 2336 3624 Vens.
2386 3568 2473 3623 Η.
2512 3598 2581 3611 —-
2630 3568 2843 3625 Vacate.
2894 3570 3086 3645 (Ibid)
3139 3572 3197 3629 Si
3236 3575 3517 3632 combusta
3556 3586 3690 3631 sunt

2102 3669 2274 3728 arma,
2294 3670 2501 3728 uocate,
2526 3676 2638 3718 non
2664 3662 2923 3720 habentes
2946 3662 3088 3721 unde
3110 3667 3383 3738 pngnetis.

2616 3817 2938 3877 PSALMUS
2972 3819 3157 3877 XLVI.

2174 3928 2338 3986 Vsus.
2369 3930 2423 3986 2.
2447 3942 2520 3972 —‘—
2548 3929 2742 3987 Omnes
2766 3939 2958 4002 gentes.
3006 3930 3188 4004 (Auc.)
3232 3932 3399 4001 Quasi
3437 3933 3647 3990 diceret
3668 3954 3687 3991 :

2104 4020 2396 4087 insultant,
2425 4021 2598 4091 pueri,
2628 4021 2905 4077 dicentes:
2938 4021 3115 4087 Calve,
3155 4023 3319 4089 calve,
3357 4038 3454 4079 vos
3492 4038 3693 4081 omnes

2104 4121 2293 4186 gentes
2312 4115 2381 4171 ad
2399 4129 2537 4184 quas
2561 4114 2810 4169 transivit
2833 4115 3037 4185 gratia:
3057 4111 3327 4181 Plaudite,
3346 4124 3454 4171 etc.
3480 4114 3687 4172 Gentes

2105 4208 2172 4264 ad
2193 4222 2331 4277 quas
2353 4207 2604 4263 transivit
2629 4207 2821 4277 gratia,
2844 4215 2898 4262 et
2920 4223 3056 4277 quos
3081 4186 3141 4263 in
3170 4208 3343 4280 priori
3380 4208 3591 4281 psalmo
3612 4209 3687 4264 ad

2106 4298 2269 4354 ﬁdem
2292 4297 2525 4365 vocavit,
2552 4298 2746 4353 invitat
2768 4297 2836 4354 ad
2859 4297 3093 4354 laudem.

2178 4388 2340 4445 Vens.
2371 4391 2427 4446 5.
2465 4420 2537 4432 —
2560 4389 2831 4447 Exoelsus.
2877 4390 3084 4465 (Hicin)
3115 4379 3314 4450 Potens
3355 4386 3503 4464 quod
3545 4393 3687 4451 vult.

2111 4479 2400 4536 Terribilis.
2430 4480 2675 4554 (ante)
2704 4482 2841 4550 Quia
2864 4483 3205 4555 iudicaturus
3230 4486 3285 4540 in
3310 4494 3600 4557 potestate.

2180 4568 2345 4627 Vens.
2373 4572 2514 4626 4.-
2535 4571 2761 4643 Subjecit
2784 4574 3002 4644 populos
3024 4575 3193 4632 nobis.
3225 4575 3427 4649 (Cum)
3454 4574 3572 4633 Hoc
3592 4578 3688 4633 bo-

2112 4662 2347 4719 minibus
2376 4661 2624 4719 ﬁdelibus
2649 4664 2928 4729 convenit,
2959 4664 3156 4734 quibus
3178 4680 3371 4722 omnes
3394 4668 3687 4724 extrinseci

2111 4751 2340 4822 subjecti
2370 4759 2531 4816 sunt,
2564 4752 2684 4819 vel,
2724 4753 2829 4809 sibi
2864 4753 3092 4822 subjecit
3121 4756 3278 4812 nobis
3312 4756 3683 4813 associandos.

2114 4840 2375 4914 Populos,
2416 4842 2650 4901 Indicos.
2697 4842 2891 4900 Nobis.
2920 4845 3109 4918 (Ibid.)
3144 4846 3443 4903 Universali
3480 4848 3689 4904 scilicet

2112 4932 2397 4999 Ecclesiae;
2421 4933 2526 4990 hoc
2542 4935 2723 4991 dicere
2742 4937 2993 4991 convenit
3008 4936 3259 4993 omnibus
3280 4936 3548 5003 ﬁdelibus,
3570 4938 3690 5008 qui-

2112 5023 2214 5079 bus
2236 5024 2529 5081 extrinseci
2552 5024 2775 5094 subjecti
2797 5033 2942 5081 sunt.
2971 5025 3081 5081 Sub
3099 5026 3335 5095 pedibus.
3363 5026 3552 5099 (Ibid)
3583 5027 3689 5085 Per

2112 5113 2288 5185 pedes,
2330 5116 2710 5184 prtedicatores
2746 5115 2954 5186 accipe,
2997 5116 3417 5187 quibuspopuli
3456 5118 3686 5187 subjecti

2117 5213 2262 5261 sunt.
2288 5206 2466 5278 (Auc.)
2484 5206 2596 5261 Sub
2616 5208 2851 5277 pedibus.
2875 5209 2965 5264 Sic
2984 5217 3068 5264 est
3085 5210 3323 5266 exaltata
3344 5210 3605 5275 Ecclesia,
3629 5221 3690 5266 ut

2117 5297 2353 5352 nondum
2377 5298 2660 5354 credentes
2678 5300 2780 5355 sub
2802 5302 3027 5369 pedibus
3050 5303 3267 5359 habeat.

2151 5418 2155 5423 ο
2186 5387 2350 5444 Vsus.
2378 5388 2432 5443 5.
2456 5419 2526 5430 -—
2552 5386 2726 5461 Elegit
2750 5391 2919 5457 nobis,
2946 5402 3055 5448 etc.
3076 5393 3170 5448 Vel
3200 5394 3257 5449 in
3284 5408 3519 5466 persona
3546 5396 3689 5465 Αροσ

2118 5481 2399 5547 stolarum,
2420 5481 2581 5555 elegit
2604 5485 2760 5540 nobis
2784 5486 2915 5540 dare
2941 5487 3307 5545 hiereditatem
3336 5504 3511 5553 suam,
3544 5490 3683 5543 tnui-

2116 5580 2292 5627 torum
2317 5573 2663 5643 populorum,
2690 5583 2750 5629 ut
2773 5574 3014 5633 colamus
3036 5592 3189 5643 eam,
3220 5579 3399 5648 gladio
3426 5578 3687 5648 prsidii-a-

2119 5662 2279 5720 tionis
2298 5664 2463 5721 corda
2482 5679 2669 5721 eorum
2688 5665 2962 5734 ferientes,
2978 5679 3032 5724 et
3048 5669 3310 5725 malitiam
3328 5652 3687 5726 destructilem
