3982 6352
258 497 363 554 913

1275 493 1539 547 CLOSSA
1578 489 1971 548 OllDlNARlA.
2014 525 2078 532 —
2118 495 2244 549 LIB.
2284 496 2531 551 PSALM.

3425 500 3456 553 9
3471 501 3527 553 lat

263 605 656 678 Ha’rcditatcm.
685 603 861 676 (Acs)
890 603 1133 660 Ctelestis
1159 603 1463 668 hmrcditas,
1494 603 1834 674 pulchritudo
1863 606 1913 663 Α
1939 600 2041 656 Sed
2069 606 2382 659 conturbati.
2434 605 2540 661 Pro
2583 616 2826 676 peccato,
2873 617 2927 663 et
2956 608 3211 678 Commoti
3247 621 3388 664 sunt.
3445 609 3529 665 Ad

257 677 350 752 est
356 695 650 751 Christiani
673 696 876 766 populi,
901 697 953 750 in
979 711 1083 765 qua
1108 695 1385 765 speciosus
1413 696 1517 749 erit
1546 693 1754 764 fulgens
1777 701 1835 747 ut

253 785 357 850 sol,
387 786 480 856 qui
507 801 650 841 nunc
676 794 758 841 est
786 784 1047 860 abiectus
1080 784 1309 856 Speciem
1335 784 1702 861 Jacob_quam,
1726 793 1830 854 etc.

255 875 314 932 Id
342 884 446 943 est,
478 876 682 932 similes
705 873 872 931 Jacoh
896 877 979 931 vel
1008 877 1248 947 signatos
1277 892 1372 946 per
1393 875 1576 942 Jacob,
1607 879 1697 946 qui
1728 886 1834 931 ter-

255 984 386 1025 rena
415 969 547 1024 dant
581 984 678 1038 pro
706 969 1040 1034 coelestibus,
1071 977 1129 1022 ut
1155 967 1322 1024 Jacob
1352 969 1510 1036 fecit,
1553 971 1698 1039 quod
1731 969 1833 1024 fuit

256 1062 430 1132 gratia
457 1061 574 1126 Dei,
601 1060 727 1135 quia
754 1077 871 1114 eum
897 1059 1103 1123 dilexit,
1132 1060 1276 1114 Esau
1306 1061 1594 1130 reprobato.

327 1153 488 1208 Vens.
520 1151 572 1210 6.
597 1181 670 1191 —-
696 1151 962 1206 Ascendit.
1008 1152 1207 1222 (Cass)
1248 1151 1551 1220 Diapsalma
1590 1151 1834 1207 ascensio

253 1251 310 1297 et
344 1256 569 1314 regnum
610 1241 706 1296 Dei
749 1241 1094 1306 describitur,
1147 1241 1287 1296 unde
1337 1244 1604 1298 instanter
1651 1252 1834 1300 monet

253 1332 502 1404 psallere.
561 1332 629 1386 In
649 1332 858 1402 jubilo.
907 1332 1088 1404 (Acs)
1132 1332 1400 1389 Gaudium
1447 1335 1832 1391 admirantium

251 1425 653 1494 Apostolorum,
680 1434 812 1493 etc.,
842 1442 1003 1500 usque
1030 1426 1099 1480 ad
1129 1426 1272 1496 quod
1295 1443 1395 1483 uec
1428 1429 1596 1484 taceri
1622 1437 1829 1499 potest,

252 1531 362 1588 nec.
378 1517 607 1587 exprimi
631 1517 793 1574 valet.

324 1629 490 1698 Vens.
512 1628 640 1682 7.—
653 1628 892 1698 Psallite.
911 1630 1109 1704 (Cass)
1127 1631 1392 1703 Operibus
1411 1633 1652 1721 laudate}
1679 1635 1831 1692 valde

249 1726 335 1776 est
359 1719 594 1780 salutare
616 1721 758 1790 quod
782 1731 892 1779 tam
914 1723 1106 1778 crebro
1130 1725 1413 1795 repetitur,
1435 1727 1560 1796 quia
1584 1719 1724 1806 Deus
1746 1737 1832 1794 est

248 1811 342 1881 qui
369 1821 619 1890 creat,‘et
643 1827 740 1878 rex
762 1823 941 1870 creata
965 1818 1293 1886 gubernans.

323 1926 497 2040 Vm:
517 1928 574 1997 εκ
595 1957 666 2032 _-
693 1927 899 2040 οςιιιξεε
932 1927 1122 2040 Ubii)
1153 1929 1270 1985 Νοιι
1297 1937 1359 1984 ιιι
1385 1928 1599 2040 λυιξίιετ
1622 1929 1823 1998 (ἔτεκεν
1859 1962 1907 2022 Β
1935 1926 2275 2034 ἐξιῑίζζᾙᾱςίἓέ
2285 1926 2496 2024 2—132}..—
2503 1926 2761 2040 3.3;...
2774 1926 2893 2026 In;

251 2017 398 2075 Mars
422 2019 683 2075 Thraciae.
727 2020 1020 2091 Sapienter.
1053 2022 1219 2076 Docet
1261 2024 1540 2092 quomodo,
1573 2026 1644 2081 sit
1685 2028 1832 2096 psal-.

250 2108 488 2166 tendum.
535 2110 676 2166 Olim
723 2111 840 2167 sine
880 2125 1042 2167 sensu
1082 2112 1412 2181 psallebant,
1459 2115 1584 2169 dum
1627 2114 1832 2186 lapides
1877 2177 1884 2184 ,

247 2199 510 2260 colerent.
544 2200 729 2272 (Acs)
757 2201 925 2256 Nemo
954 2202 1229 2272 sapienter
1268 2202 1411 2262 facit.
1433 2206 1576 2276 quod
1605 2221 1712 2266 non
1744 2207 1828 2262 in-

251 2292 464 2362 telligit.

319 2404 485 2460 Vens.
513 2405 650 2460 9.—
671 2404 942 2477 Regnabit.
968 2377 1157 2479 (In...)
1186 2406 1341 2464 Modo
1367 2409 1587 2480 impleta
1611 2420 1694 2468 est
1716 2412 1832 2469 haec

248 2495 529 2567 prophetia
555 2514 568 2550 :
613 2495 749 2552 Deus
786 2499 924 2552 sedet
955 2517 1110 2568 super
1137 2499 1308 2554 sedem
1336 2512 1590 2556 sanctam.
1642 2502 1830 2559 Sedem

251 2597 506 2642 sanctam.
537 2585 721 2658 (Auc.)
750 2587 1249 2655 Throni,Virt,utes,
1277 2598 1331 2644 et
1355 2591 1547 2646 sancti.

320 2701 485 2757 Vens.
510 2702 678 2757 10.—
700 2699 972 2774 Principes
992 2703 1322 2774 populorum.
1341 2704 1543 2778 (Cass)
1559 2706 1828 2782 Primitivi

249 2793 488 2847 omnium
529 2793 770 2864 gentium
805 2802 1175 2848 convenerunt
1208 2796 1477 2852 credendo
1507 2797 1562 2851 in
1591 2797 1829 2867 Christo,

251 2885 393 2955 quia,
431 2886 669 2954 expulsis
698 2884 928 2950 Iudaeis,
965 2897 1155 2956 gentes
1191 2887 1245 2941 in
1279 2887 1419 2943 ﬁlios
1447 2889 1834 2946 Ahralnesuc-

249 2975 477 3040 cedunt,
509 2975 772 3030 habentes
802 2976 1246 3044 promissionem,
1285 2979 1410 3047 quia
1442 2977 1610 3051 Judaei
1646 2996 1832 3049 super-

250 3051 727 3142 bicrunt,'(ll1en.,
761 3067 939 3137 Cass.)
981 3067 1078 3122 Vel
1109 3068 1184 3120 dii
1213 3069 1392 3136 fortes,
1419 3070 1660 3138 Apostoli
1689 3071 1841 3126 solli--

248 3165 357 3223 cet,
389 3172 524 3227 quos
555 3172 730 3227 neque
755 3173 920 3223 mors,
954 3173 1128 3228 neque
1157 3159 1265 3213 vita
1296 3161 1571 3232 separabit
1596 3177 1626 3216 a
1654 3151 1832 3216 chari-

249 3257 363 3320 tate
387 3248 611 3314 Christi.
643 3247 868 3318 Etevati,
896 3251 1172 3306 miraculis
1199 3261 1253 3307 et
1279 3251 1576 3326 doctrina...

758 3404 1077 3462 PSALMUS
1117 3403 1320 3461 XLVII.

321 3539 486 3597 Vens.
521 3540 572 3594 i.
595 3571 665 3581 --
695 3539 942 3594 Psalmus
972 3537 1050 3595 uel
1077 3539 1195 3594 laus
1221 3540 1414 3596 cantici
1433 3541 1566 3612 ﬁliis
1592 3539 1724 3602 Core
1751 3559 1833 3600 se-

250 3635 444 3699 cunda,
469 3641 575 3687 etc.
601 3630 784 3703 (Αυο.)
806 3631 990 3686 Primo
1016 3631 1127 3697 die,
1157 3631 1286 3687 fecit
1313 3632 1456 3688 Deus
1481 3633 1673 3699 lucem,
1699 3643 1840 3706 etc.,_

253 3741 414 3796 usque
440 3725 508 3778 ad
547 3725 614 3779 de
649 3739 756 3793 qua
786 3723 874 3778 hic
899 3731 1152 3778 cantatur
1178 3722 1304 3778 [iliis
1328 3721 1486 3778 Core.
1522 3723 1722 3796 (Cass)
1756 3727 1834 3780 De

251 3816 566 3872 fundatione
595 3816 854 3881 civitatis,
891 3830 1053 3884 quam
1089 3815 1518 3870 commendative
1549 3815 1829 3872 describit.

253 3906 440 3979 (Acs),
460 3906 814 3963 Commendat
839 3906 1135 3972 civitatem,
1160 3915 1292 3979 etc.,
1325 3922 1486 3978 usque
1511 3909 1580 3970 ad
1606 3924 1639 3964 a
1666 3908 1832 3976 stabi-

251 3998 400 4053 litate
425 4007 646 4053 aeterna.

323 4089 488 4143 Vens.
520 4087 573 4142 2.
599 4119 669 4129 -
697 4087 766 4143 In
793 4097 964 4162 monte
993 4096 1194 4154 sancto,
1227 4094 1335 4146 etc.
1385 4089 1574 4162 (Ibid.)
1619 4088 1718 4147 Hic
1748 4101 1834 4148 est

250 4193 409 4234 mons
437 4178 543 4245 ille,
567 4186 699 4246 etc.,
715 4196 884 4256 usque
909 4180 978 4234 ad
1008 4195 1170 4252 super
1191 4194 1352 4252 quem
1379 4179 1610 4253 fundata~
1624 4192 1708 4238 est
1732 4183 1833 4240 Ec-

251 4268 437 4323 clesia.
1135 4275 1140 4278 '

323 4359 486 4414 Vens.
517 4360 570 4414 5.
610 4391 680 4400 —
705 4359 988 4416 Fundatur
1023 4362 1387 4418 exsultatione.
1427 4362 1632 4436 (Πιειι.)
1665 4364 1830 4432 Quasi

252 4449 423 4514 dicat,
447 4464 566 4519 qua:
595 4450 746 4520 prius
776 4451 1246 4507 maledictionibus
1274 4452 1536 4522 subjecta,
1567 4463 1698 4516 etc.,
1744 4473 1833 4510 us-

250 4555 353 4608 que
383 4536 453 4592 ad
480 4537 596 4610 ipse
625 4549 708 4596 est
733 4540 1004 4607 Christus,
1045 4542 1136 4611 qui
1176 4557 1274 4611 per
1299 4543 1610 4598 universam
1639 4544 1828 4600 Eccle-

253 4629 392 4684 eiam
419 4629 614 4703 gaudia
641 4630 851 4684 dilatat.
902 4629 1056 4686 Mons
1086 4629 1216 4685 Sion
1245 4629 1430 4686 latera.
1482 4632 1661 4703 (Aus)
1697 4633 1827 4701 Qui-

1940 692 2121 759 ﬁdem,
2153 703 2207 750 et
2233 705 2414 751 tantus
2440 696 2541 751 fuit
2565 713 2752 768 pavor,
2785 709 2844 755 ut
2876 715 3071 769 corpus
3098 710 3374 757 tremeret.

2010 784 2178 841 Vens.
2203 785 2257 838 7.
2274 784 2443 839 —Ibi
2464 787 2670 842 dolores
2696 800 2750 843 ut
2775 791 3133 860 parturientis,
3161 789 3402 846 Pmniten
3415 790 3522 854 tite,
3559 847 3564 854 ,

1937 875 2183 930 videntes
2211 875 2284 930 ita
2306 893 2320 942 ;
2352 877 2445 931 sed
2480 895 2492 930 :
3305 945 3314 952 η

2007 965 2169 1019 Vens.
2196 966 2251 1019 8.
2278 993 2349 1005 -—
2368 965 2438 1018 In
2460 966 2646 1035 spiritu
2669 968 2972 1033 vehementi,
2996 968 3243 1024 Herodis.
3269 969 3518 1024 Conteres

1936 1056 2371 1110 naves'Tharsis.
2399 1055 2564 1122 Quia,
2596 1057 2650 1111 in
2681 1057 2920 1124 Tharso,
2950 1058 3150 1114 Cilicize
3189 1076 3356 1115 naves
3397 1075 3517 1129 qua:

1936 1147 2118 1217 Magos
2147 1149 2545 1219 transposuisse
2589 1150 2643 1203 in
2675 1151 2906 1219 patriam
2939 1167 3091 1205 suam
3131 1151 3515 1214 credebantur,

1936 1238 2226 1293 contractae
2260 1247 2386 1293 sunt
2419 1240 2488 1294 ab
2526 1239 2756 1294 Herode.
2815 1240 3068 1296 Tharsis.
3097 1241 3278 1314 (Acs)
3333 1242 3521 1298 Cilicia

1937 1329 2084 1400 regio
2122 1345 2152 1383 a
2198 1329 2438 1398 Tharso,
2483 1339 2610 1397 etc.,
2655 1348 2818 1403 usque
2859 1333 2928 1387 ad
2975 1333 3216 1389 decursis
3269 1335 3522 1390 omnibus

1935 1417 2229 1475 concludit.
2258 1420 2400 1491 Ergo
2423 1439 2435 1474 :
2781 1422 2788 1426 ’
3204 1448 3206 1450 τ

1943 1521 1948 1526 ”
2006 1511 2250 1569 Vens'9.
2282 1514 2530 1592 —Sicut.
2573 1515 2889 1572 audiuimus.
2937 1518 3005 1572 In
3054 1521 3260 1574 ciuitate
3302 1519 3516 1573 Domini

1933 1599 2180 1654 virtutum
2200 1642 2220 1678 ,_
2242 1605 2366 1680 quia
2389 1606 2460 1660 ibi
2485 1607 2742 1662 custodes
2767 1608 2988 1679 angelos
3007 1610 3246 1680 deputat.
3277 1611 3515 1681 Repetit.

1935 1688 2003 1744 In
2034 1692 2239 1746 civitate
2269 1681 2480 1750 Domini
2507 1697 2774 1763 virtutum,
2815 1699 2871 1753 in
2893 1700 3098 1755 civitate
3129 1701 3226 1755 Dei
3253 1702 3435 1756 nostri.
3460 1703 3518 1756 Id

1933 1791 2016 1838 est
2034 1824 2048 1850 ,
2073 1783 2352 1840 Catholica
2378 1786 2623 1843 Ecclesia
2641 1829 2656 1853 ,
2687 1804 2758 1844 ne
2792 1790 3031 1845 sibihoc
3059 1805 3257 1847 nomen
3284 1807 3521 1847 conven-

1934 1883 2023 1930 tus
2054 1876 2438 1932 haereticorum
2464 1889 2708 1949 usurpet.
2741 1879 2820 1936 Ne
2849 1889 3031 1936 autem
3059 1890 3278 1952 putetur
3304 1892 3526 1952 tempo‘.

2923 1974 2981 2027 in
3004 1983 3283 2029 wternum.
3308 1972 3426 2030 Non
3448 1976 3517 2029 ad

1936 2059 2126 2114 horam
2144 2102 2159 2127 ,
2188 2069 2247 2115 ut
2273 2062 2426 2132 prius
2455 2062 2862 2118 tabernaculum
2886 2064 3056 2135 Moysi

2007 2150 2170 2204 Vens.
2215 2151 2300 2206 10.
2345 2182 2417 2192 -
2458 2151 2827 2224 Suscepimus,
2875 2152 3015 2208 Deus
3041 2194 3055 2219 ,
3105 2155 3519 2210 misericordiam

1933 2249 2100 2316 tuam.
2125 2239 2326 2311 (Cass)
2358 2239 2536 2311 Agens
2565 2242 2767 2313 gratias
2795 2241 2861 2296 de
2888 2242 3119 2296 adventu
3141 2242 3379 2309 Christi,
3401 2258 3521 2298 mo-

1934 2340 2026 2385 net
2067 2331 2134 2386 de
2179 2332 2433 2402 gradibus
2476 2331 2734 2387 Ecclesia:
2777 2332 3343 2404 distribuendis,-per
3382 2349 3520 2404 quos

1935 2420 2185 2477 Salvator
2203 2407 2374 2492 possit
2397 2424 2638 2494 agnosci.
2666 2423 2731 2477 In
2757 2424 2928 2478 medio
2953 2410 3467 2494 templi.Jerusalem
3499 2447 3516 2482 :

1933 2515 2151 2582 gravius
2198 2523 2543 2586 accusantur,
2589 2516 2680 2580 qui
2731 2523 3083 2570 contemnunt
3122 2530 3284 2582 eum,
3322 2519 3416 2586 qui
3460 2516 3514 2574 in

1931 2605 2112 2660 medio
2141 2619 2326 2659 eorum
2357 2615 2679 2675 conspectus
2707 2615 2810 2659 est.
2836 2604 2940 2659 Per
2961 2606 3062 2660 hoc
3086 2613 3304 2660 notatur
3333 2607 3517 2661 incar-

1933 2696 2079 2750 natio
2109 2695 2342 2762 Christi,
2394 2697 2486 2766 qui
2527 2697 2821 2750 secundum
2863 2697 3006 2767 quod
3046 2697 3238 2764 homo,
3276 2711 3516 2778 praesen-

1934 2796 2078 2842 tatus
2102 2798 2184 2844 est
2210 2788 2264 2842 in
2295 2788 2514 2858 templo.

2005 2880 2168 2936 Vens.
2222 2881 2307 2934 11.
2353 2911 2424 2922 -
2468 2881 2716 2936 Dextera.
2773 2880 2972 2958 (Cass)
3027 2879 3140 2937 llac
3189 2890 3344 2951 parte
3381 2880 3532 2954 justi,

1931 2973 2197 3028 locantur.

2005 3065 2187 3136 (Acs)
2215 3064 2566 3139 suscepimus,
2594 3067 2753 3122 Deus.
2799 3068 2916 3135 Quo
2941 3069 3128 3125 ordine
3169 3070 3407 3136 fundata,
3431 3069 3519 3124 vel

1935 3157 2078 3226 quod
2117 3159 2420 3214 audivimus
2458 3169 2512 3214 et
2549 3155 2797 3215 vidimus.
2847 3161 3044 3230 Templi
3087 3163 3183 3215 tui.
3235 3161 3422 3233 (Ibid.)
3459 3162 3516 3216 ld

1932 3252 2047 3312 est,
2074 3246 2256 3320 populi
2289 3262 2395 3303 non
2425 3247 2740 3317 sucipientis
2767 3250 3226 3316 miscricordiam,
3257 3249 3349 3321 qui
3374 3252 3515 3305 mul-

1860 3337 1905 3400 C
1938 3335 2006 3391 tis
2035 3353 2047 3389 :
2075 3343 2134 3390 ut
2176 3334 2318 3390 nulla
2359 3335 2647 3392 videantur
2671 3353 2790 3393 esse
2816 3355 3012 3410 grana,
3047 3339 3140 3394 sed
3169 3348 3345 3395 tamen
3373 3356 3514 3395 non-

1936 3427 2116 3493 nulla,
2173 3426 2299 3497 quia
2351 3429 2643 3483 secundum
2692 3444 2908 3483 nomen.
2961 3428 3256 3484 Secundum
3307 3445 3515 3486 nomen.

1937 3517 2138 3589 (Cass)
2169 3518 2321 3584 Quod
2352 3518 2553 3588 ubique
2589 3519 2839 3574 dill‘usum
2869 3528 2982 3586 est,
3015 3522 3141 3590 quia
3178 3520 3356 3575 nullus
3397 3530 3516 3587 est,

1934 3619 1989 3665 et
2029 3611 2074 3667 si
2116 3611 2325 3666 nesciat
2350 3612 2584 3676 cultum,
2619 3613 2712 3682 qui
2741 3614 2869 3668 huic
2896 3615 3099 3668 nomini
3129 3629 3236 3668 non
3268 3629 3326 3669 se
3353 3611 3518 3684 subji-

1935 3703 2062 3756 ciat.
2113 3699 2205 3755 Vel
2229 3702 2514 3756 secundum
2542 3720 2746 3758 nomen.
2776 3703 2888 3759 Hoc
2908 3713 3020 3782 est,
3049 3705 3189 3759 sicut
3213 3706 3520 3761 reverentia

1938 3795 2014 3848 tui
2037 3794 2290 3859 nominis,
2310 3802 2438 3860 etc.,
2455 3811 2617 3865 usque
2639 3795 2706 3848 ad
2741 3803 2833 3850 tua
2863 3795 3174 3866 propitiatio
3194 3793 3517 3864 justiﬁcavit

1934 3883 2164 3948 multos,
2195 3884 2287 3954 qui
2319 3899 2508 3940 omnes
2538 3885 2777 3958 laudant.

2006 3995 2171 4051 Vens.
2203 3997 2287 4051 12.
2327 4027 2399 4037 ——
2435 3995 2682 4052 Laetetur.
2717 3998 2896 4070 (Αυο.)
2947 3997 3060 4054 Etsi
3102 3998 3348 4054 laborent
3379 3998 3512 4066 justi

1935 4087 2076 4142 inter
2107 4087 2288 4157 spinas
2309 4128 2322 4150 ,
2355 4095 2484 4151 etc.,
2515 4104 2679 4160 usque
2717 4088 2785 4141 ad
2815 4088 3001 4144 eorum
3045 4097 3127 4144 est
3168 4087 3327 4142 modo
3367 4089 3516 4144 colli-

1933 4194 2079 4247 gere,
2096 4179 2189 4233 Dei
2212 4186 2294 4233 est
2316 4194 2587 4252 separare.
2617 4178 2768 4233 Mons
2791 4177 2919 4233 Sion
2947 4189 2993 4232 et
3017 4179 3292 4233 exsultent.
3312 4178 3513 4249 (Cass)

1933 4268 2196 4332 Ecclesia,
2219 4283 2339 4338 quae
2365 4277 2450 4323 est
2474 4270 2530 4328 in
2554 4269 2920 4336 speculatione
2945 4267 3144 4336 populi.
3175 4265 3329 4321 Filia:
3358 4268 3518 4321 ludat

1931 4363 2140 4429 propter
2170 4357 2378 4427 judicia
2428 4368 2540 4422 tua,
2577 4357 2816 4411 Domine.
2861 4355 3072 4411 Sancta:
3127 4356 3361 4412 feminae.
3411 4358 3517 4413 Per

1931 4448 2148 4514 Iudam,
2197 4463 2562 4518 gensearum
2611 4447 2940 4513 ostenditur,
2974 4463 3092 4520 qua:
3152 4457 3236 4503 est
3293 4458 3515 4519 propter

1933 4535 2228 4608 Christum,
2259 4537 2350 4606 qui
2385 4539 2450 4592 de
2474 4537 2610 4592 Juda
2633 4579 2647 4604 ,
2674 4547 2728 4592 et
2747 4539 2829 4593 lue
2855 4539 3158 4606 exsultent,
3189 4549 3248 4594 ut
3274 4541 3328 4595 in
3357 4549 3514 4596 utro-

1937 4641 2042 4696 que
2071 4643 2201 4682 sexu
2246 4627 2485 4683 Ecclesia
2530 4629 2618 4683 sit.
2664 4628 2845 4699 (Λυσι.)
2881 4629 3053 4685 Causa
3083 4631 3282 4686 Ire-tilia:
3311 4630 3512 4702 judicia

253 4693 468 4789 cunque
512 4699 673 4774 alicui
720 4719 928 4774 haerent
956 4760 972 4786 ,
1021 4720 1189 4775 latera
1237 4721 1353 4790 ejus
1394 4693 1665 4788 dicuntur],
1697 4693 1832 4789 etc.,
1859 4693 1912 4752 D
1939 4718 2153 4784 futura,
2180 4719 2271 4773 ubi
2297 4734 2355 4774 se
2386 4720 2563 4773 sciunt
2591 4719 2658 4774 ad
2691 4721 3077 4777 beatitudinem
3111 4732 3382 4779 venturas.
3412 4722 3514 4792 Qui

255 4829 419 4883 usque
446 4813 515 4883 ad
543 4814 672 4868 item
691 4813 755 4867 ab
777 4812 1018 4885 aquilone
1039 4813 1298 4882 pandetur
1317 4829 1468 4868 omne
1489 4814 1706 4880 malum,
1723 4825 1832 4872 etc.

327 4905 493 4961 Vens.
524 4905 579 4960 4.
603 4936 674 4946 —
699 4905 764 4959 In
796 4905 1057 4971 domibus.
1089 4903 1207 4970 Vel,
1239 4906 1292 4959 in
1323 4906 1599 4976 gradibus,
1632 4908 1685 4963 id
1720 4918 1832 4977 est,

256 4997 554 5072 secundum
585 4997 781 5066 gradus
813 4995 1152 5060 meritorum,
1184 4995 1308 5064 quia
1359 4996 1414 5049 in
1448 4996 1673 5066 singulis
1720 4999 1832 5054 dis-

257 5084 472 5139 tinctim
526 5084 673 5140 dabit
702 5085 1066 5154 cognitionem
1102 5084 1206 5138 sui.
1259 5081 1389 5137 Cum
1426 5087 1667 5156 suscipiet
1696 5105 1844 5159 eam.‘

259 5175 585 5242 Tutandam,
615 5183 671 5231 et
699 5176 828 5245 quid
851 5191 987 5245 opus
1012 5176 1137 5230 est?
1169 5176 1429 5241 Quoniam
1461 5193 1601 5247 reges
1631 5190 1832 5234 contra.

259 5265 371 5323 Sed
401 5266 643 5323 videntes
673 5283 770 5337 per
799 5268 955 5322 (idem
974 5309 988 5332 ,
1027 5268 1106 5323 sic
1135 5268 1339 5324 scilicet
1368 5270 1510 5340 quod
1541 5280 1648 5334 tam
1675 5272 1834 5344 digna

258 5365 346 5412 est
370 5356 486 5411 haec
510 5357 700 5412 civitas
725 5358 972 5412 admirati
999 5367 1146 5422 sunt,
1167 5367 1270 5428 etc.

335 5447 500 5502 Vens.
537 5445 673 5501 5.-
696 5447 874 5520 Reges.
908 5448 1090 5520 (Acs,
1113 5449 1293 5518 Cass.)
1323 5448 1599 5522 Principes
1625 5451 1836 5509 Iudaeo-

264 5551 407 5590 rum.
442 5533 771 5607 Congregati.
805 5538 886 5593 Ah
916 5539 1122 5593 llerode
1151 5538 1464 5595 sciscitante
1489 5540 1667 5596 locum
1697 5544 1836 5598 nati-

263 5625 466 5681 vitatis.
499 5624 875 5681 Convenerunt.
903 5627 1254 5683 Concorditer
1283 5628 1511 5686 dicendo
1536 5649 1548 5684 :
1579 5630 1646 5686 In
1674 5631 1835 5686 Beth-

265 5716 430 5770 lelzem
455 5715 614 5770 Judte
639 5718 918 5772 secundum
947 5717 1264 5787 Scripturas.

340 5804 505 5860 Vens.
537 5806 588 5861 6.
616 5837 683 5846 -—
713 5805 974 5860 Videntes.
1021 5807 1151 5874 Quze
1183 5809 1234 5862 in
1267 5809 1541 5879 prOphetis
1575 5809 1834 5880 legerant.

270 5898 528 5955 Admirati
555 5913 691 5956 sunt.
726 5899 800 5954 De
823 5907 966 5954 tanta
992 5900 1180 5969 gloria,
1202 5915 1309 5954 non
1331 5901 1521 5958 leviter
1541 5904 1622 5959 vel
1644 5904 1833 5959 otiose.

1941 4809 2084 4862 intus
2111 4817 2268 4874 sunt,
2297 4809 2586 4876 lmtentur;
2614 4826 2708 4866 vos
2729 4812 2822 4881 qui
2843 4822 2995 4868 extra
3014 4855 3028 4879 ,
3055 4816 3405 4870 circumdate.

2010 4901 2184 4972 Vens.
2236 4902 2322 4955 15.
2372 4933 2443 4942 -
2495 4901 2846 4960 Circumdate.
2899 4904 3140 4962 Honores
3187 4907 3508 4961 exhibendo.

1942 4992 2354 5062 Complectimini
2393 5009 2526 5046 eam.
2558 4992 2854 5050 Charitate.
2903 4993 3133 5050 Narrate
3177 4997 3231 5049 in
3279 4995 3526 5064 turribus

1940 5084 2074 5140 eius.
2123 5081 2311 5146 Ponite
2336 5085 2496 5138 corda
2519 5094 2702 5138 vestra.
2733 5083 2930 5157 (Cass)
2970 5087 3265 5140 Prtedicate
3307 5085 3428 5140 aliis
3458 5086 3514 5139 in

1941 5173 2225 5227 concordia
2249 5174 2656 5243 Apostolorum,
2683 5185 2812 5245 etc.,
2840 5193 3000 5248 usque
3027 5177 3096 5229 ad
3131 5191 3199 5232 ne
3245 5191 3343 5247 per
3372 5177 3478 5232 laeti
3497 5205 3525 5249 ι,

1942 5265 2069 5318 tiam
2092 5264 2302 5319 remissi
2330 5266 2644 5321 lentescant.

2013 5354 2178 5410 Vens.
2207 5355 2293 5410 Μ.
2327 5387 2397 5396 -
2430 5357 2634 5412 Virtute
2675 5359 2807 5428 ejus.
2843 5357 3024 5428 (Aus)
3066 5357 3250 5425 Virtus
3275 5350 3512 5426 civitatis

1939 5447 2178 5502 charitas
2202 5455 2285 5502 est
2303 5489 2318 5513 ,
2345 5463 2507 5517 quam
2543 5449 2678 5503 nihil
2708 5449 2905 5512 vincit;
2935 5448 3077 5513 unde
3103 5447 3356 5502 Salomon
3378 5461 3395 5501 :
3417 5438 3513 5500 Di-

1941 5539 2089 5592 lectio
2127 5537 2276 5607 fortis
2309 5549 2383 5593 est
2420 5550 2475 5593 ut
2514 5555 2673 5593 mors.
2715 5536 2913 5608 (Cass)
2949 5537 3010 5603 In,
3036 5538 3232 5606 virtute
3259 5537 3509 5593 Ecclesia

1941 5637 2122 5683 monet
2144 5644 2344 5699 ponere
2366 5631 2547 5686 corda.
2587 5628 2889 5696 Distribuite
2914 5629 3094 5682 domos
3123 5627 3335 5698 ejus,,ut
3359 5644 3510 5681 enar-

1943 5723 2062 5775 retis
2091 5721 2144 5774 in
2178 5722 2419 5792 progenie
2450 5719 2634 5774 altera.
2667 5719 2723 5786 id
2748 5727 2853 5784 est,
2879 5717 3051 5773 oﬂicia
3076 5717 3352 5782 distincta,
3377 5727 3506 5778 etc.,

1943 5829 2099 5880 usque
2123 5812 2190 5864 ad
2216 5826 2373 5881 quem
2403 5811 2632 5881 primum
2657 5809 2913 5863 Dominus
2945 5809 3124 5879 elegit.

2016 5904 2174 5958 Vens.
2211 5902 2289 5956 l5.
2319 5901 2670 5966 s—Quoniam
2703 5902 2783 5955 hic
2821 5911 2916 5960 est.
2946 5909 3050 5955 etc.
3098 5899 3208 5954 Hoc
3249 5907 3330 5953 cst
3370 5894 3519 5967 quo!
