3982 6352
269 415 372 468 917

266 631 441 670 suum.
478 612 660 686 (Auo.)
699 613 881 672 Primo
908 614 1221 669 commistos
1250 614 1461 669 vocavit
1494 630 1524 668 a
1557 613 1685 670 solis
1721 621 1844 668 ortu

265 721 437 776 usque
459 705 528 760 ad
554 719 832 771 occasum,
862 713 992 761 tunc
1018 714 1198 760 autem
1224 713 1286 759 ut
1311 705 1601 760 discernat.

337 797 498 853 Vsus.
531 796 586 852 5.
617 825 691 837 —
724 794 1046 867 Congregate
1087 797 1165 850 illi
1216 807 1423 851 sanctos
1468 797 1603 867 ejus.
1652 795 1842 868 (Ibid.)

266 891 469 946 Videns
495 889 763 960 Propheta
791 889 992 956 futura,
1009 898 1137 956 etc.,
1156 907 1316 962 usque
1343 891 1412 944 ad
1435 891 1502 946 de
1531 889 1686 952 malis
1711 890 1845 944 dici-

264 992 372 1048 tur,
405 982 471 1037 de
492 999 594 1054 quo
625 999 728 1037 non
758 983 985 1054 implevit
1021 999 1235 1036 manum
1261 999 1432 1037 suam.
1465 980 1568 1048 Qui
1597 982 1843 1040 ordinant

260 1084 627 1140 testamentum
675 1075 789 1148 ejus
839 1092 997 1146 super
1039 1076 1323 1145 sacriﬁcia.
1374 1074 1604 1146 (Ibid,)-
1632 1073 1841 1129 Novum

263 1163 674 1220 Testamentum
696 1149 862 1238 super
883 1164 1068 1232 Vetus,
1112 1176 1244 1232 etc.,
1271 1181 1432 1237 usque
1459 1166 1528 1220 ad
1551 1167 1646 1236 qui
1674 1165 1843 1237 pluris

261 1258 466 1313 habent
497 1272 659 1328 opera
695 1258 980 1314 eharitatis
1003 1274 1166 1329 quam
1189 1258 1454 1320 sacriﬁcia
1479 1259 1768 1329 pecudum.

333 1346 496 1404 Vens.
522 1347 724 1403 6.—Et
748 1349 1134 1404 annuntiabunt
1155 1349 1270 1404 caeli
1287 1349 1552 1420 justitiam
1573 1350 1709 1420 ejus,
1732 1360 1840 1408 etc.

262 1438 451 1510 (lbid.)
480 1437 600 1494 Jam
633 1439 760 1495 creti
795 1440 1183 1496 nuntiaverunt
1212 1441 1369 1500 nobis
1403 1441 1544 1500 hanc
1573 1443 1842 1514 justitiam

261 1531 378 1598 Dei,
395 1541 524 1596 etc.,
564 1549 728 1604 usque
759 1533 829 1588 ad
857 1543 913 1589 et
948 1533 996 1590 si
1035 1549 1180 1590 nunc
1216 1534 1510 1608 permista,
1541 1535 1667 1605 quia
1699 1535 1844 1598 Deus

255 1631 334 1678 est
358 1623 527 1692 judex
545 1623 748 1694 justus.

330 1713 492 1769 Vens.
525 1713 578 1770 7.
607 1744 679 1756 —
711 1715 873 1783 Audi,
909 1717 1132 1789 populus
1151 1717 1333 1786 Imus,
1357 1728 1456 1783 etc.
1497 1719 1696 1792 (CASS.)
1725 1719 1842 1777 Vox

255 1805 492 1873 Christi,
526 1814 616 1873 ut,
648 1806 852 1864 relictis
882 1809 1165 1868 sacriﬁciis
1184 1810 1448 1882 pecudum
1466 1851 1480 1876 ,
1509 1810 1604 1866 ﬁat
1633 1811 1842 1868 Sacriﬁ-

257 1899 401 1952 cium
423 1897 616 1954 laudis.
651 1899 834 1972 (Auo.)
862 1901 979 1968 Vel,
1011 1904 1209 1973 repetit
1236 1903 1336 1959 sub
1363 1903 1468 1959 alio
1491 1905 1677 1971 verbo,
1698 1905 1839 1962 Audi
1866 1931 1914 1992 Β

255 1990 397 2045 sicut
410 1989 597 2056 Israel,
614 1991 666 2046 id
687 2000 792 2057 est,
815 1991 956 2048 sicut
974 1994 1160 2050 videns
1184 1995 1373 2062 Deum,
1389 2003 1446 2049 et
1468 1993 1805 2064 Testiﬁcabor
1819 2038 1835 2062 ,

257 2081 392 2149 hac,
419 2081 644 2148 scilicet,
668 2081 810 2138 Deus
830 2094 951 2138 tuus
979 2101 1072 2155 ego
1096 2102 1234 2143 sum.

327 2173 470 2228 Deus
498 2184 641 2230 tuus.
682 2175 866 2247 (Anc.)
909 2176 1066 2232 Prius
1114 2178 1244 2234 dicit
1293 2179 1612 2251 simpliciter
1653 2198 1666 2235 :
1707 2179 1836 2238 Sum
1893 2177 1902 2185 ’

260 2266 420 2321 Deus.
460 2266 528 2321 Et
563 2276 750 2337 postea
773 2269 904 2324 dicit
935 2287 947 2322 :
974 2267 1107 2324 Sum
1135 2269 1276 2325 Deus
1303 2281 1444 2328 tuus.
1480 2267 1647 2341 Quasi
1686 2273 1833 2332 dicc-

257 2365 366 2410 ret:
399 2357 516 2412 Etsi
537 2373 645 2414 non
677 2373 794 2414 sum
823 2360 966 2415 Deus
993 2368 1136 2426 tuus,
1165 2370 1345 2418 tamen
1366 2379 1486 2422 sum
1511 2364 1837 2422 Deus.Bono

254 2445 400 2500 enim
430 2463 551 2502 meo
581 2464 699 2503 sum
722 2451 879 2512 Deus,
927 2452 1071 2508 malo
1094 2461 1276 2510 autem
1299 2465 1395 2521 tuo,
1412 2472 1520 2514 non
1543 2472 1663 2512 sum
1691 2457 1835 2515 Deus

258 2546 398 2591 tuus.
431 2537 581 2593 Sum.
610 2538 814 2612 (Cass)
837 2541 969 2597 Esse
996 2552 1080 2597 est
1105 2544 1382 2614 proprium
1403 2545 1646 2602 Deitatis.
1671 2547 1832 2614 Audi,

256 2625 444 2682 Israel.
490 2626 679 2700 (Ibid)
709 2628 872 2698 Quasi
897 2633 1096 2688 diceret
1128 2633 1225 2688 :Si
1247 2649 1306 2692 es
1327 2635 1515 2702 Israel,
1547 2636 1601 2692 id
1637 2646 1740 2702 est,
1788 2639 1833 2700 si

258 2731 342 2770 me
371 2717 542 2782 vides,
586 2720 775 2776 audire
812 2736 919 2777 non
958 2721 1199 2794 negligis.
1256 2725 1396 2781 Deus
1426 2725 1515 2784 ille
1539 2727 1829 2798 generalis,

255 2803 396 2860 Deus
430 2816 552 2863 tuus
589 2810 828 2888 proprie.

326 2919 490 2975 Vens.
530 2921 583 2977 8.
612 2953 680 2962 —
720 2922 1042 2982 IIolocausta
1084 2937 1276 2983 autem.
1321 2930 1502 3002 (Αυρ.)
1553 2933 1611 2989 Si
1650 2935 1832 2990 anima

255 3006 640 3076 inﬂammatur,
695 3022 750 3067 et
791 3016 1033 3069 membra
1081 3017 1134 3070 in
1163 3034 1319 3074 usum
1359 3037 1516 3076 suum
1563 3025 1725 3093 rapit,
1766 3041 1833 3081 ne

253 3099 497 3154 serviant
548 3102 826 3176 cupiditati
864 3121 876 3157 :
919 3106 1062 3161 unde
1100 3108 1411 3179 praecipitur
1473 3111 1528 3166 in
1568 3111 1829 3181 Levitico,

253 3195 314 3243 ut
337 3190 548 3260 adipem
586 3207 708 3248 cum
735 3196 1044 3258 renunculis
1069 3197 1318 3268 .oﬁ'erant,
1382 3203 1576 3272 quibus
1618 3205 1829 3262 interna

254 3280 494 3340 charitas
529 3283 787 3354 signatur.

321 3391 489 3448 Vnus.
536 3393 588 3449 9.
618 3426 689 3436 —
727 3396 851 3452 Non
899 3402 1177 3472 accipiam,
1217 3412 1321 3462 etc.
1351 3407 1552 3482 (Cass)
1586 3409 1704 3468 Etsi
1750 3413 1830 3470 sic

254 3482 479 3539 feceris:
506 3483 631 3540 Non
662 3489 915 3560 accipiant
947 3492 1010 3547 de
1031 3493 1184 3548 domo
1213 3507 1303 3552 tua
1327 3499 1537 3564 vitulos,
1569 3502 1721 3573 quasi
1753 3505 1828 3560 si-

251 3574 535 3642 gniﬁeatos
573 3577 894 3649 acciperem,
935 3598 1044 3638 non
1089 3585 1208 3642 illos
1246 3587 1316 3645 de
1345 3589 1525 3647 domo.
1567 3593 1840 3661 Quoniam.

251 3679 417 3725 utere:
466 3680 530 3721 ac
555 3667 601 3722 si
639 3669 864 3736 diceret,
921 3673 1046 3744 quia
1071 3691 1178 3731 non
1229 3689 1356 3734 sunt
1403 3690 1532 3750 tua,
1564 3686 1661 3741 sed
1686 3702 1824 3743 mea.

253 3753 516 3818 Quoniam
551 3774 680 3813 mea:
701 3771 846 3829 sunt,
881 3771 988 3819 etc.
1041 3765 1226 3840 (Anc.)
1278 3769 1394 3826 Mea
1423 3784 1549 3828 sunt
1571 3791 1693 3845 qua:
1720 3792 1838 3844 non.

249 3847 514 3915 possides,
531 3850 808 3919 indomita,
825 3855 1030 3915 scilicet
1055 3876 1067 3912 :
1100 3857 1254 3915 Ferte
1277 3863 1549 3930 silvarum,
1568 3866 1828 3936 iumenta,

249 3940 420 4004 boves,
451 3949 555 3996 etc.
585 3941 786 4017 (CASS)
819 3944 914 4002 His
947 3950 1385 4010 similitudinibus
1427 3955 1621 4028 ﬁgurat
1649 3959 1829 4027 Eccln-

249 4029 410 4096 siam,
442 4040 571 4098 etc.,
598 4050 761 4105 usque
787 4037 896 4092 ad:
925 4036 1124 4096 Carnes
1169 4052 1442 4103 taurorum
1470 4064 1577 4104 non
1619 4050 1733 4106 vult
1773 4051 1826 4116 in

247 4123 557 4191 sacriﬁciis,
579 4127 675 4182 sed
697 4128 751 4182 in
773 4133 1122 4202 pauperibus.

321 4215 486 4283 Vsus,
518 4219 604 4273 ti.
629 4250 698 4259 —
718 4221 946 4293 Cognovi
983 4227 1160 4280 omnia
1191 4209 1443 4285 volatilia.
1476 4230 1658 4304 (Αυο.)
1691 4233 1826 4290 Cum

245 4307 339 4364 illo
370 4319 497 4365 sunt
525 4313 726 4378 omnia,
775 4315 1081 4388 cognitione
1119 4321 1352 4392 quadam
1402 4323 1690 4382 ineﬁahilis
1733 4342 1824 4382 sa~

247 4401 483 4470 pientis).

322 4510 484 4568 Vsus.
519 4512 606 4570 12.
639 4546 711 4556 --
746 4515 806 4571 Si
821 4520 1072 4588 esuriera,
1104 4539 1222 4578 non.
1276 4525 1466 4598 (Ibid.)
1496 4527 1552 4583 Si
1594 4531 1710 4596 hac
1732 4536 1828 4587 da-

249 4605 317 4657 tis
348 4602 576 4661 forsitan
601 4609 810 4665 esurire
843 4613 1065 4681 putatis,
1094 4618 1241 4686 quod
1269 4628 1355 4674 est
1390 4620 1647 4677 insania?

321 4694 484 4752 Vsus.
527 4698 614 4753 15.
641 4731 710 4740 -
743 4701 1001 4774 Nunquid
1040 4709 1368 4764 manducabo
1412 4728 1595 4769 carnes
1639 4726 1823 4772 tauro-

251 4803 365 4844 rum
393 4789 420 4840 .7
443 4787 584 4843 Olim
606 4790 722 4847 haec
745 4795 1209 4864 sacriﬁcabantur,
1235 4818 1341 4858 non
1365 4804 1488 4860 ideo
1510 4807 1654 4877 quod
1678 4808 1824 4867 Deus

249 4879 375 4934 inde
419 4880 799 4950 delectaretur,
843 4887 935 4942 sed
963 4903 1030 4944 ne
1057 4891 1388 4949 dmmonibus
1412 4896 1726 4968 afferentur,
1768 4912 1826 4957 ct

253 4981 460 5030 tantum
506 4972 618 5029 Deo
659 4978 1127 5050 sacriﬁcabantur,
1164 4983 1218 5039 in
1244 4987 1439 5056 quibus
1481 5001 1599 5047 crat
1641 4994 1819 5067 aliqua

249 5063 589 5135 signiﬁcatio.

325 5155 552 5213 Immola
578 5158 707 5214 Deo.
747 5160 943 5232 (Cass)
1002 5163 1116 5220 Non
1147 5166 1281 5224 dicit
1309 5171 1463 5236 mihi,
1502 5174 1594 5228 sed
1643 5177 1708 5232 de
1745 5193 1822 5243 se,

252 5248 410 5316 quasi
447 5249 515 5304 de
569 5250 675 5306 alio
709 5260 769 5307 ut
813 5263 867 5310 et
909 5265 1069 5326 post:
1121 5254 1391 5315 Peccatori
1426 5273 1603 5319 autem
1669 5267 1822 5334 dixit,

251 5340 417 5408 Deus,
459 5359 563 5398 non
601 5361 714 5416 ego.

327 5459 488 5514 Vsus.
517 5460 605 5515 15.
632 5462 1112 5524 —Tribulationis.
1141 5469 1320 5540 (Anc.)
1339 5469 1530 5528 Nostra
1555 5475 1826 5533 tribulatio

252 5551 470 5620 proprie
495 5561 574 5608 est
605 5553 796 5609 timore
833 5557 1042 5623 salutis,
1093 5575 1200 5613 non
1231 5562 1549 5618 carnalium.

326 5642 486 5697 Vsus.
523 5643 607 5697 16.
639 5675 708 5685 —
748 5643 1016 5700 Peccatori
1061 5659 1252 5703 autem.
1307 5651 1495 5724 (Ibid.)
1549 5655 1588 5709 A
1631 5658 1825 5726 quibus

252 5734 575 5792 sacriﬁcium
612 5736 757 5803 velit,
798 5737 888 5793 ubi
926 5743 1193 5807 peccatori
1223 5757 1333 5798 suae
1364 5746 1614 5816 nequitia:
1654 5749 1826 5820 impu-

254 5836 436 5886 tantur

1259 407 1523 462 CLOSSA
1560 407 1954 464 OllDl’NARlA.
2001 442 2065 450 -——
2107 411 2231 465 [ΑΒ.
2276 411 2520 466 PSAIM.

266 524 432 588 cavit,
467 530 593 576 tunc
623 522 834 576 vocabit
870 530 928 576 ut
951 521 1238 576 discernat.
1271 519 1576 574 Discernere
1596 519 1844 589 populum
1874 527 1920 583 Α

3423 419 3554 474 9|8‘

2021 521 2220 592 (ὦδε.)
2251 522 2373 578 Haec
2411 524 2604 594 pepulo
2631 540 2728 580 suo
2758 525 2916 592 dixit,
2956 535 3086 592 etc.,
3113 545 3270 599 usque
3297 530 3380 583 ad'
3413 530 3530 583 Non

1947 611 2091 667 enim
2118 612 2277 668 lectio
2305 622 2531 686 negatur
2555 616 2906 687 corrigendis.

2017 701 2180 758 Vsus.
2211 701 2298 757 17.
2325 732 2398 744 -
2439 702 2519 757 Tu
2557 721 2674 759 vero
2725 704 2901 759 odisti.
2944 705 3130 777 (Ibid.)
3157 707 3236 762 Tu
3266 725 3394 764 vero
3435 723 3532 763 oro

1944 793 2099 859 dicis,
2131 793 2226 848 sed
2249 792 2396 849 facto
2417 807 2586 870 negas
2622 793 2964 866 disciplinam
2990 815 3001 850 :
3042 798 3088 852 si
3111 799 3348 869 corrigo,
3375 815 3529 855 mur-

1945 898 2147 938 muras.

2015 972 2236 1042 Furem,
2266 977 2530 1032 currebas.
2564 977 2752 1049 (Ibid.)
2779 979 2837 1033 In
2864 977 2950 1035 his
2973 981 3150 1035 omnia
3179 990 3330 1036 tonat
3357 983 3482 1037 vitia
3507 999 3522 1046 ;

1946 1083 1975 1121 a
2011 1075 2166 1138 parte
2193 1075 2387 1133 totum,
2419 1068 2503 1125 vel
2527 1068 2700 1126 furem
2728 1071 2848 1126 sani
2876 1071 3181 1129 intellectus
3205 1071 3544 1146 Scriptura.

1944 1158 2232 1220 Adulteris.
2281 1159 2384 1228 Qui
2420 1169 2628 1232 ponunt
2655 1160 2870 1228 falsum,
2911 1163 3202 1222 auferendo
3236 1180 3445 1221 verum.

2019 1252 2180 1307 Vnus.
2211 1251 2296 1309 l9.
2319 1283 2388 1294 -—
2421 1251 2495 1308 0s
2522 1261 2670 1308 tuum
2705 1255 3010 1323 abundavit,
3033 1265 3142 1318 etc.
3189 1256 3379 1329 (Ibid.)
3421 1258 3526 1313 Ac-

1945 1351 2100 1397 cusat
2137 1343 2544 1409 conscientiam,
2573 1352 2628 1404 et
2651 1343 2910 1417 linguam,
2938 1354 3070 1412 etc.,
3095 1363 3258 1418 usque
3293 1349 3363 1403 ad
3415 1364 3522 1404 non

1945 1450 2075 1491 casu
2108 1435 2200 1492 alii
2229 1437 2470 1508 derogat,
2498 1437 2595 1494 sed
2621 1439 2818 1494 studio.

2016 1526 2177 1583 Vens.
2205 1525 2294 1582 20.
2329 1557 2397 1567 ——
2434 1525 2651 1583 Sedens.
2693 1528 2882 1602 (Ibid.)
2934 1529 3092 1598 Quod
3137 1531 3407 1588 transiens
3440 1531 3524 1586 vel

1943 1626 2093 1672 stans
2120 1617 2268 1684 facit,
2294 1633 2403 1673 non
2424 1635 2546 1674 cum
2573 1619 2847 1676 voluntate
2885 1621 3036 1678 facit.
3059 1620 3523 1693 Fratrem.(lbid.)

1943 1709 2172 1768 Omnem
2199 1712 2495 1772 hominem.
2529 1712 2598 1766 Et
2623 1714 2872 1771 adversus
2893 1715 3062 1785 ﬁlium
3099 1717 3304 1783 matris,
3336 1715 3522 1772 Eccle‘
3565 1762 3582 1776 .

1943 1803 2064 1868 size,
2105 1803 2193 1859 cui
2229 1803 2497 1866 charitate
2546 1803 2844 1876 iungimur.
2901 1804 3136 1862 Ponebas
3181 1807 3514 1872 scandalum,

1942 1895 2180 1954 hasreses
2209 1895 2296 1950 vel
2330 1894 2438 1950 alia
2464 1895 2660 1968 quibus
2695 1896 2954 1953 innocens
2987 1898 3248 1968 capiatur.

2012 1987 2330 2060 Loquebaris
2361 1989 2631 2046 adversus.
2659 1987 2843 2060 (Auc.)
2874 1975 3018 2044 Dum
3046 1989 3283 2045 detrahit
3309 1989 3400 2059 qui
3423 1990 3520 2044 do—

1940 2088 2058 2136 ctus
2082 2080 2314 2145 videtur,
2345 2087 2476 2144 etc.,
2511 2096 2673 2150 usque
2693 2080 2762 2135 ad
2784 2079 3059 2136 validioris
3090 2080 3350 2135 doctrina:
3378 2079 3518 2136 cibo.

2011 2169 2111 2223 Tui
2141 2169 2348 2225 similis.
2379 2168 2579 2242 (Cass)
2611 2169 3010 2226 Consentiendo
3041 2170 3220 2225 malis.

2009 2259 2251 2314 Statuam
2289 2270 2469 2314 contra
2495 2270 2662 2314 tuam.
2697 2259 2880 2333 (Auc.)
2929 2259 3083 2327 Quod
3129 2269 3252 2331 post
3297 2261 3520 2317 dorsum

1937 2351 2182 2421 posuisti,
2218 2359 2343 2405 ante
2373 2349 2565 2406 faciem
2588 2365 2808 2420 ponam.

2008 2443 2169 2498 Vens.
2193 2442 2282 2502 2‘2.
2308 2473 2379 2482 —
2411 2441 2622 2513 Rapiat.
2666 2441 2865 2514 (Cass)
2911 2442 3054 2500 Deus
3099 2444 3167 2497 ad
3191 2457 3430 2511 poenam,
3465 2449 3523 2496 et

1937 2549 2038 2585 non
2065 2534 2129 2587 sit
2151 2533 2238 2604 qui
2259 2534 2471 2602 eripiat,
2524 2532 2747 2599 Quando
2785 2529 3029 2588 diabolus
3053 2533 3213 2602 rapit,
3245 2533 3385 2587 Deus
3412 2531 3522 2586 eri-

1934 2625 2040 2694 pit;
2073 2624 2167 2678 sed
2195 2641 2317 2678 cum
2345 2624 2488 2680 Deus
2521 2625 2680 2695 rapit,
2706 2639 2864 2679 nemo
2893 2623 3037 2678 valet
3059 2623 3312 2678 liberare.

2005 2714 2167 2770 Vens.
2201 2714 2290 2777 25.
2321 2745 2391 2754 —-
2415 2713 2748 2784 Sacriﬁcium
2771 2714 2963 2773 laudis.
2995 2714 3195 2788 (Ctss.)
3227 2713 3344 2770 Non
3377 2715 3521 2786 quod

1933 2804 2180 2860 scelerati
2204 2812 2445 2872 cantant,
2476 2805 2794 2874 sacriﬁcium
2815 2805 3010 2871 laudis,
3049 2822 3155 2860 non
3178 2805 3514 2860 animalium.

1934 2898 1999 2952 Et
2025 2899 2139 2954 haec
2172 2906 2256 2953 est
2282 2899 2368 2954 via
2412 2898 2480 2953 ad
2512 2898 2701 2964 Deum,
2739 2899 2885 2955 scala
2923 2897 3110 2963 Jacoh,
3160 2914 3267 2969 qua
3319 2898 3513 2969 angeli,

1933 2989 1985 3044 id
2017 2998 2119 3056 est,
2167 2989 2372 3055 ﬁdeles,
2417 2991 2703 3045 ascendunt
2749 2992 2816 3046 ad
2848 2991 3058 3048 laudem
3093 2991 3410 3057 divinitatis,
3460 3001 3522 3044 et

1932 3079 2248 3134 descendunt
2296 3080 2365 3134 ad
2398 3079 2612 3136 laudem
2645 3083 3016 3137 humanitatis.
3071 3081 3195 3137 Illic
3237 3083 3337 3138 iter
3389 3099 3516 3153 quo,

1931 3177 2040 3222 etc.
2069 3167 2257 3238 (Ibid.)
2284 3168 2341 3223 lu
2365 3169 2632 3225 sacriﬁcio
2655 3169 2849 3226 laudis.
2889 3172 3138 3228 Salutare
3177 3172 3297 3228 Dei.
3330 3172 3516 3244 (Αυο.)

1933 3257 2200 3326 Christus,
2231 3262 2322 3331 qui
2352 3278 2476 3318 cum
2507 3264 2679 3335 gratia
2701 3265 2866 3330 venit,
2906 3281 3066 3334 quem
3099 3267 3261 3330 novit,
3297 3267 3388 3344 qui
3420 3266 3518 3319 ali-

1933 3353 2062 3422 quid
2091 3353 2181 3408 alii
2203 3368 2364 3424 quam
2391 3357 2580 3426 gratia:
2606 3357 2700 3412 Dei
2729 3357 2995 3412 attribuit.

2522 3512 2842 3570 PSALMUS
2870 3513 2910 3567 L

2007 3642 2167 3706 Vsus.
2215 3645 2267 3698 l.
2309 3675 2380 3686 —
2426 3644 2494 3699 In
2512 3646 2669 3714 ﬁnem
2697 3647 2953 3718 psalmus.
2996 3648 3196 3719 (Cass)
3244 3652 3518 3724 Arguente

1931 3734 2293 3802 Nathan,-rex
2324 3754 2431 3795 non
2469 3741 2686 3797 erubuit
2728 3751 2949 3812 peccata
2992 3744 3207 3813 publice
3247 3747 3514 3813 conﬁteri,

1928 3836 2060 3893 etc.,
2084 3842 2246 3899 usque
2273 3830 2342 3882 ad
2367 3845 2488 3899 quae
2512 3846 2542 3885 a
2570 3831 2678 3887 Deo
2702 3832 2844 3892 valet
2861 3835 3276 3903 .pwnitentibus.
3320 3837 3512 3892 David.

1931 3918 2112 3989 (Anc)
2147 3919 2472 3990 Proponitur
2511 3923 2565 3979 in
2595 3923 2922 3994 exetnplum,
2965 3941 3072 3982 non
3106 3926 3356 3993 cadendi,
3395 3929 3511 3993 sed,

1929 4011 2034 4066 etsi
2057 4013 2343 4078 cecideris,
2374 4016 2689 4086 resurgendi
2713 4031 2782 4070 ne
2807 4016 3083 4087 desperes.
3108 4018 3310 4090 (Cass)
3334 4019 3514 4078 Prima

1927 4111 2015 4158 est
2049 4103 2533 4174 deprecatio,,etc.,
2565 4106 2818 4180 usquead
2860 4107 3020 4178 plena
3068 4118 3357 4178 prtestatur
3392 4125 3515 4180 pec-

1927 4198 2174 4252 catorum
2205 4195 2473 4250 remissio.

2000 4281 2165 4342 Vnus.
2192 4283 2248 4338 5.
2287 4314 2355 4323 -
2387 4283 2636 4344 Miserere
2663 4287 2785 4352 mei,
2830 4285 2992 4340 Deus.
3023 4285 3214 4357 (lbid.)
3268 4285 3369 4343 Hic
3395 4303 3515 4358 pm-

1928 4374 2222 4430 nitentialis
2268 4376 2529 4444 psalmus,
2585 4386 2716 4444 etc.,
2773 4394 2933 4448 usque
2979 4379 3048 4432 ad
3095 4379 3222 4449 quia
3268 4380 3515 4450 praevidit

1927 4483 2024 4540 per
2052 4469 2193 4524 hunc
2217 4469 2486 4538 psalmum
2515 4470 2698 4542 plures
2736 4471 3030 4544 perituros.
3065 4470 3370 4528 Secundum
3401 4488 3515 4528 ma-

1929 4580 2086 4632 gnam
2109 4564 2522 4620 misericordiam
2557 4575 2724 4620 tuam.
2781 4565 2856 4620 De
2884 4565 3033 4636 gravi
3054 4575 3278 4636 peccato
3323 4566 3514 4636 despe-

1853 4661 1900 4720 D
1932 4655 2158 4710 randum
2199 4665 2364 4722 esset,
2412 4657 2517 4711 nisi
2548 4672 2742 4730 magna
2772 4657 3142 4714 misericordia
3185 4666 3348 4715 esset.
3401 4658 3514 4713 Ma-

1931 4761 2034 4816 gna
2064 4761 2170 4808 non
2198 4756 2379 4817 potest
2409 4746 2628 4803 diﬁiniri
2665 4759 2868 4820 quanta
2892 4751 2985 4804 sit.
3019 4749 3270 4822 Magnam
3302 4750 3517 4805 miseri-

1930 4837 2183 4892 cordiam.
2217 4838 2406 4912 (Ibid.)
2436 4838 2627 4910 Magna
2665 4841 3038 4896 misericordia
3069 4841 3238 4898 Deum
3263 4841 3332 4898 de
3366 4839 3505 4896 caelo

1935 4927 2201 4998 deposuit,
2246 4938 2376 4994 etc.,
2403 4946 2566 5001 usque
2607 4929 2676 4984 ad
2703 4946 2826 4985 cum
2867 4932 3161 4987 secundum
3189 4946 3248 4986 se
3289 4938 3510 5000 rogatur

1935 5017 2405 5089 Deusignoscere?
2428 5017 2850 5086 Miserationum,
2879 5031 2982 5076 etc.
3007 5021 3206 5093 (CASS.)
3222 5020 3325 5076 Per
3344 5020 3512 5074 mise-

1936 5109 2225 5164 ricordiam
2244 5117 2300 5164 et
2325 5110 2729 5167 miserationem
2753 5113 2908 5183 petit.
2940 5113 3111 5180 Etest
3133 5112 3544 5176 misericordia...

1931 5201 1982 5254 in
2017 5209 2228 5264 natura,
2271 5202 2547 5260 miseratio
2573 5203 2627 5260 in
2647 5203 2863 5261 eﬁ‘ectu.

2004 5292 2166 5348 Vsus.
2197 5292 2314 5346 4-
2337 5293 2573 5364 Amplius
2596 5295 2714 5350 lava
2737 5313 2834 5350 me.
2860 5293 3064 5365 (Cass)
3085 5295 3258 5364 Quem
3287 5297 3508 5356 modum

1931 5381 2139 5438 delendi
2172 5383 2317 5451 velit,
2376 5385 2556 5440 subdit
2586 5405 2596 5438 :
2626 5385 2830 5439 Munda
2868 5400 2970 5450 me,
3010 5394 3114 5441 etc.
3159 5385 3368 5458 (Ηιει.)
3411 5387 3508 5444 Sic

1932 5473 2049 5526 lava
2076 5482 2135 5528 ut
2158 5477 2400 5543 mundes,
2433 5477 2681 5531 lavantur
2709 5477 2853 5530 enim
2882 5477 3150 5547 quietiam,
3179 5492 3298 5548 qua:
3329 5486 3508 5533 tamen

1934 5580 2038 5618 non
2065 5574 2186 5620 sunt
2221 5584 2374 5637 pura.

2009 5654 2168 5710 Vens.
2200 5656 2252 5711 5.
2280 5687 2350 5696 —-
2399 5658 2658 5722 Quoniam
2701 5657 3046 5728 iniquitatem.
3087 5660 3269 5728 (Auc.,
3321 5658 3504 5731 Cass.)

1933 5749 2100 5820 Cujus
2131 5749 2555 5806 misericordiam
2588 5749 2722 5818 petit
2745 5759 2805 5803 ut
2829 5751 3092 5821 ignoscat,
3123 5753 3248 5824 quia
3277 5752 3384 5807 scit
3419 5738 3510 5819 5o.

1935 5853 2077 5898 stum
2101 5851 2152 5898 ut
2183 5853 2400 5914 peccata
2431 5843 2637 5912 puniat,
2669 5843 2847 5897 subdit
2880 5862 2891 5898 :
2922 5843 2999 5897 Tu
3035 5860 3100 5899 ns
3129 5845 3337 5915 punias,
3374 5843 3497 5914 quia
