3982 6352
493 351 597 422 919

986 345 1380 402 WALAFRIDI
1418 345 1665 401 STRABl
1707 343 1912 400 FULD.
1953 339 2118 395 MON.
2160 339 2311 396 OPP.
2353 343 2532 422 rans
2567 341 2606 398 ῐ.
2649 373 2718 383 -
2755 343 3210 400 TIIEOLOGICA.

3644 347 3760 404 920

493 475 594 530 ego
621 458 804 530 punio.
861 457 1123 524 Quoniam
1162 459 1487 532 iniquitatem
1519 473 1709 534 meam,
1735 466 1839 511 etc.
1875 455 2070 520 Contra
2099 456 2149 512 A
2176 469 2280 525 non
2311 469 2538 524 corpus;
2583 470 2680 525 per
2707 455 2946 530 spiritum
2975 466 3191 534 rectum,
3218 454 3442 520 Filium;
3494 455 3762 528 Spiritum

495 568 596 606 me.
637 549 820 622 (Auc.)
857 547 984 604 Post
1017 557 1227 620 tergum
1261 556 1540 618 peccatum
1563 532 1769 611 habuit,
1806 560 1929 615 cum
1973 561 2067 600 rex

495 641 819 698 sententiam
875 639 929 693 in
975 639 1219 703 divitem,
1277 639 1366 708 qui
1407 636 1585 708 rapuit
1613 651 1768 705 ovem
1816 634 2068 705 Pauperis

493 731 659 796 dedit,
685 729 884 786 oblitus
907 730 1010 784 sui.
1647 743 1658 758 κ

560 821 724 877 Vens.
755 820 811 876 6.
839 849 908 862 -
934 819 1048 874 Tibi
1073 820 1174 875 soli
1221 821 1447 890 peccavi.
1496 819 1702 890 (Brem)
1734 817 1890 873 Solus
1919 819 2064 874 cnim

490 913 580 968 ille
607 912 751 982 juste
771 912 942 982 punit,
966 911 1058 982 qui
1083 926 1191 966 non
1215 910 1380 970 habet
1409 910 1462 987 in
1492 925 1570 974 se,
1597 909 1739 987 quod
1762 909 2064 978 reprehen-

490 1006 672 1068 datur,
697 1002 787 1058 hic
809 1010 892 1058 est
913 1001 1056 1079 inter
1079 1002 1328 1079 homines
1341 1001 1490 1066 solus
1512 986 1780 1056 Christus.
1806 999 1920 1054 Tibi
1941 999 2060 1055 soli.

488 1091 693 1167 (Cass.)
743 1091 880 1160 Quia
905 1077 1002 1147 rex
1037 1077 1288 1148 omnibus
1325 1093 1591 1164 superior,
1636 1099 1847 1147 tantum
1875 1108 1906 1147 a
1950 1091 2061 1148 Deo

486 1182 791 1251 puniendus
811 1190 914 1238 est.
939 1181 1129 1238 Coram
1153 1190 1221 1237 te.
1249 1181 1386 1250 Quia
1408 1181 1608 1252 ubique
1627 1196 1747 1237 esse
1773 1182 1895 1246 scit,
1919 1182 2065 1238 unde

485 1290 546 1332 se
577 1276 774 1346 arguit,
813 1275 941 1346 quia
959 1289 1025 1332 eo
1049 1282 1314 1345 prasente
1342 1289 1570 1346 peccare
1587 1289 1695 1330 non
1723 1275 1961 1330 erubuit.
1991 1271 2064 1328 Ut

477 1370 805 1440 justificeris,
835 1378 940 1427 etc.
971 1369 1136 1440 Cujus
1162 1370 1328 1426 verba
1365 1386 1474 1426 non
1507 1379 1805 1437 transeunt,
1836 1372 1929 1427 sed
1959 1371 2064 1426 im-

483 1462 716 1530 plentur.
766 1461 951 1533 Vincas
997 1478 1116 1522 cum
1133 1462 1416 1535 judicaris.
1469 1463 1612 1519 Deus
1655 1463 2060 1542 tantmjustitia:

483 1561 588 1616 est,
615 1562 747 1622 etc.,
769 1569 932 1626 usque
959 1553 1030 1608 ad
1060 1562 1120 1610 ut
1144 1554 1327 1634 vincat
1347 1553 1494 1634 inter
1516 1569 1574 1611 se
1594 1563 1650 1612 et
1681 1570 1830 1631 eum,
1852 1555 1898 1622 si
1918 1555 2062 1634 judi-

481 1651 689 1700 centur.
1311 1631 1316 1634 ’
1443 1681 1450 1686 -
1474 1631 1479 1637 ’

556 1732 672 1789 Tibi
688 1735 805 1791 soli.
836 1733 1019 1808 (Αυς.)
1042 1736 1257 1794 Christo
1282 1738 1484 1794 nullum
1506 1739 1727 1807 habenti
1754 1746 2056 1810 peccatum,

2170 541 2431 608 sanctum,
2463 559 2560 599 suo
2589 544 2824 609 nomine,
2859 560 2959 614 per
2983 545 3224 614 spiritum
3255 546 3622 615 principalem,
3647 549 3762 602 Pa-

2171 643 2330 690 trem.
2370 635 2570 707 (Cass.)
2603 635 2862 706 Spiritum
2889 637 3188 708 prophetiae
3223 637 3316 707 qui
3357 638 3460 692 sibi
3496 640 3764 695 omnibus

2169 727 2458 803 pretiosior
2481 735 2585 794 est,
2615 726 2782 783 robur
2811 727 2986 784 solum
3012 727 3146 800 petit
3173 743 3284 784 non
3308 726 3530 796 auferri,
3562 739 3762 786 tacens

2169 819 2235 872 de
2262 819 2489 874 caeteris.

2238 904 2401 962 Vens.
2443 909 2526 964 15.
2552 939 2623 950 --
2643 908 2868 964 Docebo.
2919 909 3110 982 (Ibid.)
3139 910 3281 978 Quid
3312 910 3598 966 restitutus
3629 926 3760 982 per—

2166 995 2370 1063 solvat;
2408 999 2560 1068 prius
2585 999 2822 1069 plorans,
2853 997 2966 1069 jam
2998 1001 3060 1055 ﬁt
3087 1003 3296 1058 doctor.

2238 1084 2400 1142 Vens.
2425 1088 2605 1142 16.--
2633 1088 2713 1142 De
2739 1090 3102 1161 sanguinibus.
3154 1090 3342 1163 (Ibid.)
3391 1091 3528 1159 Quia
3581 1093 3762 1149 multa

2163 1183 2290 1232 sunt
2315 1176 2554 1233 carnalia
2603 1186 2849 1248 peccata,
2879 1188 3009 1246 etc.,
3035 1197 3208 1250 usque
3257 1181 3327 1235 ad
3359 1197 3480 1251 qua:
3509 1184 3582 1238 de
3627 1199 3757 1238 cor-

2164 1269 2412 1338 ruptione
2438 1270 2621 1326 carnis
2635 1279 2690 1324 et
2715 1270 2994 1342 sanguinis
3014 1273 3253 1328 veniunt.
3280 1273 3556 1328 Justitiam
3581 1288 3754 1329 tua.

2163 1359 2354 1432 (Ibid.)
2385 1359 2658 1415 Justitiam
2686 1361 2891 1427 laudat,
2920 1377 3044 1417 cum
3069 1363 3257 1432 pietati
3284 1363 3509 1418 deberet
3541 1366 3760 1434 gratias

2163 1465 2356 1522 agere;
2386 1452 2481 1507 sed
2507 1460 2562 1507 et
2583 1450 2810 1520 justitize
2834 1452 2940 1508 fuit
2961 1445 3310 1509 conﬁtentem
3341 1456 3669 1525 suscipere;
3699 1465 3756 1510 et

2160 1541 2244 1597 ha:
2288 1542 2407 1598 duae
2462 1557 2551 1598 res
2605 1555 2821 1614 semper
2869 1542 2926 1598 in
2967 1541 3176 1612 judicio
3215 1543 3429 1600 Domini
3478 1544 3758 1614 adjuncta

2159 1641 2304 1689 sunt.

2231 1713 2394 1779 Vens.
2413 1725 2584 1780 i7.—
2611 1723 2844 1780 Laudem
2873 1735 3040 1781 tuam.
3071 1725 3252 1798 (Αυα.)
3290 1724 3443 1792 Quod
3473 1743 3561 1783 me
3603 1743 3758 1784 crea-

475 1833 610 1892 etc.,
649 1842 808 1898 usque
831 1826 900 1880 ad
941 1841 1006 1882 eo
1034 1828 1177 1898 quod
1203 1836 1310 1883 tam
1334 1829 1572 1899 graviter
1606 1829 1778 1884 Deum
1809 1827 2052 1897 oﬁ‘endee
2080 1816 2128 1877 Β
2156 1818 2256 1885 sti;
2280 1819 2422 1889 quod
2446 1829 2760 1890 peccantem
2805 1835 2913 1876 non
2941 1820 3240 1891 reliquisti;
3298 1822 3443 1892 quod
3499 1821 3753 1878 conﬁteri

481 1925 587 1973 rat.
619 1917 690 1990 Et
720 1920 916 1975 vincas.
943 1919 1127 1991 (Auu.)
1164 1919 1254 1976 Vel
1285 1921 1422 1977 adeo
1440 1920 1621 1991 justus
1643 1937 1721 1987 es,
1776 1930 1836 1976 ut
1871 1922 2055 1978 vincas

2183 1909 2410 1964 nonuisti
2437 1926 2451 1976 ;
2490 1911 2632 1980 quod
2661 1911 2954 1976 mandasti.
3207 1989 3210 1992 t

477 2008 773 2085 diabolum,
800 2019 854 2065 et
879 2021 1126 2085 mortem,
1151 2021 1208 2068 et
1243 2010 1478 2080 Judteos,
1517 2029 1641 2070 cum
1669 2012 1930 2082 iudicaris
1960 2023 2054 2070 :et

2223 2001 2389 2056 Vens.
2421 1999 2609 2056 19.’-
2638 2000 2973 2070 Sacriﬁcium
3022 2002 3150 2058 Deo.
3209 2002 3411 2075 (Cass)
3443 2003 3610 2071 Quod
3661 2004 3754 2058 illo

477 2102 533 2158 in
548 2100 772 2170 judicio,
809 2118 916 2173 quo
937 2087 1208 2173 judicatus
1243 2120 1322 2160 es.
1719 2155 1726 2162 ,
2152 2106 2395 2178 tempore
2435 2109 2534 2164 pro
2583 2095 2892 2164 expiatione
2949 2095 3270 2166 ponebatur.
3338 2093 3753 2149 Contributatus

546 2191 888 2250 Vens.7.—
920 2193 988 2249 In
1009 2196 1389 2270 iniquitatibus.
1425 2195 1626 2272 (Cass.)
1657 2195 1918 2271 Minuitur
1966 2198 2051 2252 iu—
2152 2186 2340 2258 (Ibid.)
2369 2185 2549 2241 Laetus
2596 2187 2664 2239 et
2698 2185 2934 2241 lascivus
2970 2186 3194 2256 spiritus
3237 2185 3440 2258 obligat
3491 2195 3748 2256 peccato-

473 2283 618 2339 vidia
639 2285 1194 2356 peccati,etc.,usque
1223 2285 1292 2364 ad
1311 2286 1378 2340 de
1400 2302 1506 2342 uno
1531 2287 1774 2364 arguitur
1795 2295 1849 2355 et
1870 2287 2052 2342 omnia
2152 2279 2408 2350 Sequitur
2449 2276 2611 2348 hujus
2659 2278 2914 2335 sacriﬁcii
2965 2279 3255 2350 promissio
3307 2293 3324 2332 :
3389 2279 3500 2334 Cor
3548 2280 3751 2333 contri-

474 2375 781 2456 conﬁtetur.
2149 2382 2279 2424 tum-

545 2467 712 2524 νεεδ.
738 2469 791 2524 8.
812 2499 888 2512 -
917 2469 1052 2525 Ecce
1075 2472 1235 2534 enim,
1262 2480 1367 2527 etc.
1402 2472 1582 2545 (Aura)
1627 2472 1717 2529 Sic
1741 2473 2049 2534 misericor-

2223 2462 2384 2518 Vens.
2416 2462 2504 2517 20.
2536 2459 2859 2532 —Benigttc
2899 2462 3002 2530 fac.
3050 2461 3238 2534 (Ibid.)
3294 2461 3417 2516 Jam
3469 2459 3746 2532 gaudens,

473 2556 618 2612 diam
638 2558 753 2625 dat,
803 2567 866 2614 ιιι
898 2569 1077 2616 εει-νει
1125 2562 1432 2628 veritatem,
1467 2572 1528 2618 ιιι
1553 2579 1653 2620 nec
1680 2573 1902 2635 peccata
1942 2566 2050 2619 sint
2149 2554 2215 2608 de
2236 2553 2591 2608 aediﬁcatione
2611 2551 2910 2608 Jerusalem
2945 2554 3257 2624 prophetat,
3280 2552 3370 2606 ubi
3405 2551 3746 2606 sacriﬁcium

471 2648 738 2724 impunita
771 2649 896 2718 ‘ejus
933 2652 1019 2706 cui
1059 2652 1307 2723 ignoscit.
1358 2654 1588 2725 ignoscit
1627 2656 1773 2710 enim
1811 2641 2047 2726 seipsum

2183 2646 2389 2700 istititc.
2439 2643 2601 2698 Muri.
2671 2644 2854 2716 (Aug.)
2916 2643 3245 2700 Munimenta
3307 2643 3746 2698 immortalitatis

469 2740 731 2815 punienti.
765 2739 1133 2813 Misericordia
1160 2757 1286 2814 ergo
1308 2744 1470 2798 etiam
1497 2753 1583 2799 est
1624 2745 1768 2815 quod
1795 2746 1954 2800 homo
1986 2745 2050 2799 li-
2149 2740 2351 2787 nostra?
2381 2742 2769 2796 construantur
2795 2733 2848 2787 in
2877 2732 3004 2798 ﬁde,
3037 2748 3152 2803 SP8»
3185 2732 3553 2787 θιειιπίῑδιθ·

468 2813 723 2910 beratur;
750 2817 950 2904 veritas
975 2830 1116 2910 quod
1150 2840 1428 2912 peccatum
1452 2813 1691 2902 punitur.
1742 2831 2044 2909 Veritatem,

2217 2822 2383 2879 Vens.
2422 2825 2509 2879 21.
2534 2839 2622 2865 '--
2650 2823 2794 2880 Tunc
2821 2824 3115 2894 acceptabis
3145 2824 3488 2892 sacriﬁcium.
3543 2822 3740 2892 (Ibid.)

471 2925 578 2973 etc.
598 2905 800 2990 (Cass)
830 2919 966 2990 Quia
987 2905 1040 2974 in
1059 2905 1384 2990 conﬁtendo,
1401 2922 1684 2978 veritatem
1700 2922 1858 2988 dixit,
1883 2906 2044 2993 quam

2183 2914 2306 2970 lodo
2359 2915 2687 2971 sacriﬁcium
2747 2930 2847 2986 pro
2906 2915 3212 2985 iniquitate,
3263 2924 3394 2980 etc.,
3441 2930 3607 2984 usque
3667 2915 3738 2965 ad

470 3005 614 3065 Deus
651 3025 813 3096 super
841 3011 1106 3086 sacriﬁcia
1140 3012 1354 3083 qumrit,
1412 3013 1676 3084 supplicat
1705 3013 1808 3069 sibi
1851 3006 2045 3070 subve-

2183 3021 2278 3077 unc
2321 3005 2532 3076 justitia
2589 3007 2695 3074 erit
2745 3005 3095 3080 sacriﬁcium,
3150 3005 3438 3062 oblationes
3483 3007 3737 3060 minores

466 3098 596 3154 niri.
625 3097 835 3165 Incerta
854 3111 902 3156 et
930 3102 1152 3156 occulta.
1184 3101 1367 3174 (Auc.)
1415 3102 1555 3158 Sunt
1577 3112 1631 3159 et
1657 3105 1867 3172 occulta
1899 3106 2040 3174 quod

2183 3099 2344 3164 aucti,
2376 3098 2702 3165 holocausta,
2733 3098 2977 3169 perfecti.

469 3190 684 3259 talibus,
726 3201 856 3258 etc.,
909 3211 1075 3263 usque
1111 3195 1180 3249 ad
1194 3172 1362 3251 unde
1394 3197 1564 3265 magis
1603 3212 1634 3251 a
1663 3207 1886 3268 peccato
1917 3172 2040 3273 erat
2067 3172 2111 3233 Ο
2219 3188 2362 3261 Ταηο
2388 3191 2671 3260 ίιηροηεηε·
2701 3189 2904 3262 (αλεεο)
2945 3189 3286 3258 δθοθτάοιεει
3335 3189 3524 3244 vim!”
3569 3191 3736 3244 ἰαυο-

469 3283 570 3339 sibi
595 3286 911 3342 cavendum.
958 3285 1198 3362 Occulta.
1225 3286 1427 3360 (Cass)
1457 3287 1538 3343 Ex
1561 3290 1884 3345 auctoritate
1918 3305 2038 3346 ma-
2142 3290 2348 3347 centes,
2390 3290 2518 3347 etc.,
2569 3299 2730 3354 usque
2768 3284 2836 3336 ad
2867 3283 3050 3339 ﬁdeles
3081 3300 3180 3356 pro
3234 3293 3326 3340 tuo
3365 3285 3582 3339 nomine
3633 3301 3738 3355 pa-

465 3372 793 3442 nifestantis,
823 3375 1150 3432 conﬁdentia
1178 3376 1469 3432 ablutionis
1501 3385 1554 3432 et
1578 3378 1947 3436 dealbationis.
2143 3372 2358 3440 ﬁentes,
2387 3372 2482 3442 tibi
2512 3382 2672 3432 erunt
2701 3374 2862 3448 grati.
2894 3374 3094 3432 Altare.
3119 3375 3302 3448 (Auc.)
3330 3377 3615 3433 leestem
3643 3375 3738 3434 Je-

538 3465 701 3522 Vens.
730 3467 1137 3540 9.—Asperges
1166 3485 1266 3538 me.
1301 3468 1504 3542 (Cass.)
1527 3469 1773 3527 Secunda
1795 3480 1880 3528 est
1906 3488 2039 3528 con-
2142 3462 2394 3523 ηιεθῑεωι
3304 3477 3316 3486 ’

465 3555 689 3612 ﬁdentia
721 3558 1104 3615 misericordia:
1147 3560 1262 3624 Dei,
1295 3575 1416 3630 qua“:
1453 3561 1679 3616 multum
1730 3573 1812 3618 est
1860 3565 2035 3622 utilis:

466 3662 537 3701 ne
564 3649 821 3719 subrepat
859 3649 1183 3720 desperatio,
1213 3653 1335 3721 quae
1374 3651 1626 3707 omnibus
1649 3654 1886 3724 peccatis
1913 3670 2039 3726 gra-

419 3725 424 3730 ’
462 3736 583 3792 vior
611 3746 712 3792 est.
747 3737 1004 3810 Hyssopo.
1041 3739 1232 3811 (Ibid.)
1261 3740 1538 3796 immolato
1566 3742 1825 3812 sanguine
1869 3725 2037 3798 intin-

464 3835 578 3890 cta,
618 3842 782 3898 super
816 3843 1010 3898 corpus
1051 3829 1250 3900 lcprosi
1291 3832 1699 3903 aspergebatur,
1728 3834 2038 3906 signiﬁcans

461 3917 728 3986 sanguine
782 3915 983 3972 Christi
1036 3919 1280 3974 maculas
1325 3929 1672 3989 peccatorum
1720 3924 2031 3980 abluendas.

465 4005 653 4078 (Auu.)
701 4005 980 4078 HySSOpus
1021 4009 1187 4064 herba
1233 4010 1472 4076 humilis,
1518 4022 1647 4078 etc.,
1696 4029 1858 4085 usque
1883 4016 1952 4069 ad
1981 4016 2036 4070 in
2211 4007 2370 4064 VERS-
2403 4009 2457 4064 2.
2501 4039 2571 4050 --
2603 4009 2768 4082 Doeg.
2802 4011 3001 4084 (Cass)
3049 4013 3404 4073 Adversarius
3429 4018 3600 4074 David
3642 4023 3728 4076 si-

460 4097 657 4166 quibus
689 4106 774 4152 est
801 4097 1030 4165 inﬂatio,
1062 4099 1141 4154 sic
1171 4099 1448 4156 humilitas
1491 4102 1816 4171 superbiam.
1871 4103 2040 4175 Super
2139 4099 2360 4169 gniﬁcat
2387 4100 2806 4166 Antichristum,
2855 4103 2946 4172 qui
2997 4113 3167 4159 totum
3207 4107 3396 4162 orbem
3444 4111 3724 4178 movebit;

465 4188 650 4243 nivem.
682 4186 872 4259 (Ibid.)
898 4188 1392 4260 lncomparabiliter
1426 4207 1440 4245 :
1487 4192 1626 4246 unde
1662 4199 1717 4248 et
1757 4193 1810 4246 in
1851 4203 2036 4250 monte
2138 4193 2228 4262 qui
2250 4193 2430 4247 veniet
2461 4208 2558 4262 per
2585 4193 2759 4263 signa,
2791 4202 2845 4248 et
2873 4195 3132 4251 miracula
3163 4205 3289 4253 ante
3315 4200 3608 4258 adventum
3631 4187 3724 4273 ju4

457 4279 624 4335 vestis
648 4278 850 4336 Christi
876 4279 1027 4336 fulsit
1052 4280 1192 4336 sicut
1220 4281 1330 4336 nix.
2136 4283 2286 4349 dicii,
2315 4292 2371 4338 et
2393 4285 2649 4339 auxilium
2673 4301 2704 4339 a
2734 4284 2919 4351 Saule,
2945 4287 2998 4342 id
3022 4295 3123 4354 est,
3176 4305 3205 4343 a
3246 4291 3463 4348 diabolo
3503 4304 3720 4364 petens,

532 4368 696 4426 Vens.
727 4369 815 4425 10.
849 4401 922 4412 -
960 4369 1181 4426 Auditui
1211 4386 1342 4425 meo.
1375 4370 1557 4442 (Auu.)
1586 4370 1724 4428 Nota
1753 4373 2029 4430 humilem.
2136 4375 2408 4432 nuntiabit
2433 4374 2645 4430 venisse
2676 4376 2860 4436 David,
2901 4377 2954 4431 id
2979 4387 3081 4444 est,
3111 4377 3384 4436 Christum
3414 4383 3469 4436 in
3496 4383 3721 4440 domum

459 4457 684 4514 Audiam
715 4467 787 4526 te,
815 4467 944 4525 etc.,
974 4475 1136 4530 usque
1175 4459 1244 4513 ad
1273 4467 1329 4516 et
1357 4460 1481 4531 quia
1519 4460 1632 4531 jam
1663 4462 1879 4518 humilis
1916 4445 2032 4534 jam
2056 4521 2110 4546 ῃ
2134 4464 2506 4543 Achimelech,
2536 4465 2586 4519 id
2613 4475 2718 4532 est,
2749 4468 2816 4522 ad
2856 4467 3174 4546 Ecclesium,
3199 4487 3318 4541 quae
3354 4480 3441 4544 est
3488 4489 3717 4546 regnum

457 4550 720 4605 exsultant
742 4566 860 4605 ossa
881 4550 1176 4616 humiliata.
2055 4550 2110 4602 ν
2134 4555 2330 4611 Patris.

531 4638 695 4695 Vens.
731 4641 822 4695 11.
845 4671 916 4681 -
939 4640 1141 4695 Averte.
1169 4640 1370 4712 (Cass)
1401 4642 1482 4704 Ex
1515 4643 1839 4700 conﬁdentia
1869 4660 2026 4709 seen:
2205 4648 2520 4703 Abimelech.
2562 4649 2766 4722 (Hii-2R.)
2805 4650 2962 4716 Dicit,
2996 4653 3048 4706 in
3087 4652 3313 4709 llcbrmo
3339 4655 3716 4724 Achimelech,

453 4743 570 4798 rus,
595 4732 730 4802 petit
751 4731 1072 4800 deletionem
1097 4733 1336 4788 omnium
1361 4744 1704 4803 peccatorum
1731 4745 1786 4791 et
1812 4736 2026 4807 plenam
2134 4746 2264 4803 etc.,
2315 4756 2474 4810 usque
2506 4741 2574 4793 ad
2641 4755 2768 4811 ergo
2788 4740 3100 4798 Ahimelech
3123 4745 3297 4814 patris
3323 4747 3430 4803 mei
3459 4763 3720 4818 regnum,

455 4825 872 4899 restitutionem.
2135 4840 2191 4886 et
2216 4831 2481 4900 signiﬁcat
2511 4830 2740 4887 Judzros.
2933 4829 2936 4831 ’

525 4914 690 4971 Vens.
747 4915 834 4970 12.
876 4945 946 4955 -
987 4914 1056 4970 In
1109 4916 1388 4970 uisceribus
1435 4918 1581 4971 meis.
1637 4916 1827 4990 (Ibid.)
1874 4918 2028 4974 Unde
2206 4920 2370 4976 Vens.
2402 4923 2455 4978 5.
2486 4953 2557 4962 —
2586 4921 2726 4987 Quid
2753 4923 2996 4994 gloriaris
3037 4926 3091 4978 in
3120 4925 3343 4992 malitia,
3368 4935 3477 4983 etc.
3509 4928 3716 5004 (Cass)

456 5009 780 5065 adulterium
831 5009 984 5064 exiit.
1043 5008 1100 5063 In
1148 5010 1393 5079 utrisque
1439 5011 1702 5081 partibus,
1749 5011 1928 5066 anima
1973 5021 2028 5067 et
2131 5012 2311 5067 Prima
2342 5021 2427 5066 est
2469 5012 2701 5066 invectio
2752 5012 2805 5066 in
2841 5013 3004 5084 Doeg,
3033 5022 3091 5068 ut
3138 5015 3324 5071 ﬁdeles
3365 5019 3710 5085 corroboret,

453 5114 682 5171 corpore
716 5100 1014 5156 remedium
1042 5101 1340 5166 curationis
1369 5103 1522 5172 petit,
1560 5103 1684 5171 quia
1712 5102 1765 5156 in
1792 5103 1871 5157 eis
1896 5119 2025 5172 pec-
2129 5113 2316 5160 contra
2346 5103 2740 5158 Antichristum
2763 5112 2813 5156 et
2845 5105 2964 5174 ejus
2998 5105 3308 5183 complices.

453 5190 613 5245 cavit.
667 5189 760 5246 Sic
806 5189 1076 5246 desiderat
1112 5192 1354 5263 expiari,
1399 5200 1460 5246 ut
1500 5191 1753 5247 videatur.
1794 5192 1870 5245 nil
1922 5193 2024 5249 tale
2199 5194 2365 5250 Vens.
2393 5195 2444 5248 4.
2470 5226 2539 5236 -
2566 5193 2845 5264 Cogitavit.
2876 5194 3062 5265 (Ibid.)
3085 5195 3242 5249 Levis
3262 5211 3437 5262 mens,
3469 5214 3712 5270 prteeeps

449 5279 594 5334 ultra
621 5279 761 5335 velle
787 5282 1143 5336 committere.
2125 5287 2309 5351 dictio,
2337 5301 2441 5341 non
2467 5293 2591 5340 ante
2613 5286 2815 5355 cogitat
2833 5301 2996 5356 quam
3019 5285 3288 5358 loquatur,
3312 5288 3454 5344 unde
3480 5306 3496 5344 :
3523 5288 3594 5346 In
3622 5307 3714 5346 ore

520 5371 685 5426 Vens.
727 5371 814 5426 i5.
837 5403 906 5412 —
931 5371 1012 5426 Ne
1039 5373 1289 5443 projicias
1333 5389 1415 5427 me
1448 5390 1480 5426 a
1507 5373 1641 5442 facie
1675 5383 1784 5426 tua.
1819 5373 2020 5446 (Cass)
2121 5376 2396 5431 stultorum
2431 5387 2506 5432 est
2532 5393 2620 5430 cor
2645 5392 2844 5432 eorum.

450 5462 496 5516 Α
523 5463 762 5532 peccatis
794 5461 988 5519 faciem
1032 5472 1248 5528 averte,
1289 5463 1384 5520 sed
1419 5479 1522 5518 non
1553 5479 1638 5518 me
1682 5479 1712 5518 a
1744 5465 1880 5520 facie
1910 5477 2020 5531 tua,
2198 5467 2347 5524 Sicut
2391 5467 2664 5533 novacula,
2716 5476 2820 5524 etc.
2847 5468 3037 5541 (Ibid.)
3083 5469 3214 5536 Quae
3260 5473 3388 5526 dum
3433 5475 3709 5541 promittit

451 5553 593 5610 unde
620 5553 798 5610 lumen
833 5563 888 5609 et
914 5554 1119 5609 sanitas
1148 5554 1346 5610 veniat.
2127 5560 2544 5621 innovationem,
2591 5558 2782 5614 incidit
2811 5559 2886 5614 ita
2931 5559 3018 5615 ille
3063 5560 3305 5628 dolosas,
3332 5561 3709 5620 Antichristus

523 5645 680 5699 Vens.
719 5645 801 5700 14.
830 5677 897 5686 -—
923 5645 1124 5713 Spiritu
1164 5645 1457 5714 principali.
1493 5637 1676 5716 (Aura)
1707 5645 1906 5703 Notant
1933 5648 2020 5704 hic
2125 5650 2346 5712 scilicet,
2371 5648 2777 5713 beatitudinem,
2806 5659 2861 5703 et
2889 5651 3105 5705 occidit.

451 5736 666 5814 quidam
719 5736 1040 5791 Trinitatem
1090 5737 1142 5791 in
1193 5736 1320 5802 Deo,
1367 5737 1456 5806 qni
1497 5744 1577 5792 est
1618 5739 1858 5809 spiritus,
1897 5755 2019 5796 cum
2196 5738 2360 5802 Vens.
2389 5737 2441 5793 5.
2473 5737 2787 5794 ——Dile.risti
2811 5738 3201 5805 malitiam,etc.
3234 5740 3435 5814 (Cass.)
3467 5740 3584 5797 Non
3617 5742 3698 5796 de-

2705 3555 3029 3623 PSALMUS
3063 3557 3149 3616 LI.

2210 3713 2279 3768 In
2312 3715 2469 3783 finem
2487 3730 2601 3785 pro,
2625 3723 2729 3771 etc.
2763 3714 2965 3786 (litem,
2992 3716 3155 3790 Anc.)
3188 3717 3336 3788 Doeg
3363 3719 3600 3796 prodidit
3620 3721 3733 3776 Da-

2140 3806 2247 3871 vid,
2281 3814 2407 3868 etc.,
2438 3823 2600 3877 usque
2628 3809 2697 3861 ad
2730 3806 2845 3862 Non
2878 3816 2963 3864 est
2991 3810 3078 3865 hic
3101 3811 3277 3866 oratio
3305 3826 3404 3882 pro
3434 3812 3730 3880 malis,sed

2140 3896 2423 3966 prophetia
2453 3896 2583 3965 quid
2609 3897 2679 3951 sit
2706 3897 2786 3952 eis
2809 3897 3073 3954 futurum.
