3982 6352
216 387 301 448 921

1185 382 1450 438 GLOSSA
1489 377 1889 436 OliDINARIA.
1931 410 2000 418 -—
2039 382 2162 435 LIB.
2207 383 2455 438 I’SALM.

3330 387 3434 444 92?.

217 502 330 559 gerit
351 500 569 566 malum,
599 499 710 570 'qui
745 498 919 569 diligit
959 512 1118 568 super
1151 497 1570 566 benignitatem;
1616 503 1672 547 et
1709 491 1752 546 si
1782 493 1831 563 Α
1859 491 2075 558 buntur,
2105 505 2162 548 ut
2189 499 2514 564 generaliter
2542 497 2749 570 legatur
2775 498 2840 554 de
2863 499 3114 566 omnibus
3132 503 3310 570 malis,
3340 506 3436 562 sed

215 593 496 663 benignitas
520 591 689 661 tangit
716 590 974 660 animum,
1006 586 1223 658 rel‘ugit.

274 687 425 754 Vens.
459 684 512 740 6.
541 713 612 723 -
638 681 844 752 Lingua
897 679 1098 733 dolosa.
1131 678 1180 748 (I
1187 676 1317 749 bid.)
1365 676 1422 730 Id
1443 685 1545 740 est,
1577 673 1759 729 dolosa

213 782 358 837 verba
398 777 625 835 fallacia:
648 776 918 840 ministra,
964 772 1110 827 aliud
1139 772 1192 826 in
1224 770 1384 826 corde
1415 769 1758 838 gestantium,

213 872 342 927 aliud
365 870 418 925 in
447 884 542 923 ore
568 865 952 938 promentium.

273 959 428 1016 Vens.
452 959 505 1014 7.
537 987 609 998 --
634 955 921 1027 Propterea
945 953 1101 1006 Deus.
1138 950 1336 1023 (Cass)
1369 951 1443 1004 De
1469 948 1627 1004 celeri
1656 945 1762 999 line

211 1057 383 1117 iniaui.
429 1053 499 1108 Et
527 1052 756 1106 radicem
780 1061 924 1104 tuam
956 1048 1019 1103 de
1067 1058 1206 1101 terra
1253 1045 1550 1099 viventium.
1581 1038 1761 1112 (Auc.)

209 1146 367 1201 Italis
411 1152 597 1198 nostra
624 1140 864 1196 Charitas
909 1147 1016 1203 est,
1052 1146 1184 1202 etc.,
1213 1151 1372 1205 usque
1402 1133 1470 1186 ad
1501 1132 1589 1186 hic
1618 1130 1763 1188 enim

161 1291 164 1294 ,
208 1237 384 1308 pulvis,
427 1249 588 1304 quem
617 1231 831 1302 projicit
869 1238 1061 1285 ventus
1107 1243 1137 1282 a
1189 1225 1324 1280 facie
1367 1235 1546 1279 terrm.
1576 1222 1763 1294 (Ibid.)

209 1329 365 1384 Radix
385 1325 509 1380 mali
522 1323 808 1392 cupiditas,
833 1336 952 1391 qua:
980 1335 1083 1395 non
1116 1317 1346 1371 fructum
1373 1315 1516 1385 parit
1541 1313 1596 1368 in
1619 1323 1765 1367 terra

207 1421 506 1478 viventium.
535 1416 654 1482 Vel,
677 1415 914 1486 loquitur
948 1413 1015 1468 de
1035 1410 1389 1482 Antichristo,
1423 1413 1577 1475 cujus
1613 1408 1764 1473 radix

207 1511 445 1577 ministri,
474 1510 566 1580 qui
597 1523 719 1564 cum
745 1521 811 1568 eo
837 1504 972 1559 nihil
993 1503 1268 1574 habebunt
1297 1516 1421 1556 cum
1447 1500 1666 1564 sanctis.

271 1625 428 1682 Vens.
454 1623 509 1679 8.
540 1651 610 1662 —-
637 1619 896 1679 Videbunt
916 1618 1073 1688 justi.
1107 1613 1300 1688 (Ibid.)
1331 1613 1438 1668 Pro
1464 1610 1764 1680 dejectione

205 1716 314 1787 ejus
338 1714 538 1769 irrisio.
579 1709 766 1782 (lbid.)
818 1706 1077 1763 Videbunt
1111 1705 1268 1776 justi,
1302 1704 1443 1770 Quid
1478 1702 1632 1756 malis
1671 1701 1760 1764 sit,

1863 585 2024 640 Israel
2054 587 2367 644 salvabitur.

1933 673 2094 729 Vens.
2123 676 2176 730 7.
2195 709 2257 717 —
2287 679 2416 744 Quis
2441 679 2583 734 dabit
2612 696 2694 746 ex,
2717 688 2826 736 etc.
2859 679 3040 754 (Αυα.)
3069 681 3227 739 Salus
3251 691 3434 742 autem
3509 743 3518 750 ρ

1863 767 2184 836 parturienti
2212 768 2486 826 Ecclesia.

2408 887 2726 944 PSALMUS
2761 888 2890 946 LIII.

1936 998 2098 1062 Vens.
2146 996 2538 1070 2.+—Ziphiei.
2589 1000 2982 1072 (Hien.,Auc.)
3025 1001 3304 1066 Florentes
3353 1003 3433 1058 in—

1866 1095 2248 1158 terpretantur,
2281 1098 2413 1157 etc.,
2439 1107 2599 1162 usque
2620 1092 2690 1145 ad
2712 1100 2895 1148 monet
2919 1094 2972 1147 in
3006 1093 3244 1150 adversis
3264 1095 3431 1160 Deum

1867 1179 2105 1246 laudare,

1937 1267 2097 1324 Vens.
2130 1269 2182 1324 5.
2207 1300 2279 1312 -
2295 1269 2438 1336 Deus
2457 1313 2470 1336 ,
2493 1271 2546 1334 in
2570 1271 2793 1327 nomine.
2817 1271 2998 1344 (Auc.)
3023 1273 3170 1329 Inter
3191 1273 3435 1345 Ziphaaos

1865 1369 2002 1416 orat.
2034 1361 2213 1432 (Auc.,
2244 1361 2424 1432 Hien.)
2453 1363 2552 1428 Hic
2598 1363 2746 1417 salva
2789 1351 2846 1419 in
2877 1365 3113 1431 nomine,
3159 1375 3284 1435 post
3326 1379 3436 1424 non

1867 1452 2034 1506 timeo
2073 1451 2304 1518 judicari
2353 1453 2409 1508 in
2449 1456 2666 1523 virtute.
2703 1453 2882 1527 (Auc.)
2921 1455 3062 1511 Deus
3109 1457 3163 1510 in
3193 1457 3433 1526 nomine,

1863 1543 2027 1595 verba
2051 1541 2308 1615 (Ecclesia:
2330 1543 2548 1598 latentis
2582 1545 2724 1599 inter
2751 1545 3015 1614 Ziphteos,
3051 1545 3205 1614 cujus
3232 1546 3432 1612 bonum

1867 1631 2010 1686 intus
2033 1639 2138 1696 est,
2160 1640 2216 1685 et
2239 1647 2447 1688 merces
2470 1633 2700 1699 occulta,
2723 1633 2814 1688 alii
2835 1615 2956 1688 ﬁliis
2975 1641 3164 1704 petunt
3186 1635 3400 1701 liberari
3421 1653 3434 1694 ;

1866 1737 1966 1792 ego
1995 1721 2048 1774 in
2078 1729 2170 1776 tuo
2195 1723 2430 1776 nomine.

205 1818 326 1870 etc.,
359 1819 520 1875 atque
559 1801 627 1856 ad
661 1800 788 1872 quia
811 1798 932 1870 plus
959 1797 1212 1860 omnibus
1250 1795 1369 1852 aliis
1399 1793 1555 1848 malis
1581 1791 1764 1847 ﬁdeles
1790 1841 1840 1900 Β
1939 1808 2100 1864 Vens.
2130 1811 2185 1864 t.
2211 1842 2280 1850 —
2301 1811 2466 1877 Deus,
2493 1812 2708 1865 exaudi.
2739 1810 2937 1882 (Cass)
2967 1811 3098 1866 Item
3137 1813 3297 1878 Deus,
3336 1828 3437 1867 no-

206 1897 439 1968 decipiet.

272 2005 429 2061 Vens.
459 2003 545 2059 I0.
593 2033 665 2044 -—
712 1998 826 2072 Ego
859 2009 1056 2064 autem,
1095 2007 1201 2052 etc.
1249 1995 1436 2068 (Ibid.)
1486 1993 1765 2062 Quomodo

203 2107 380 2155 contra
399 2112 523 2154 eum
551 2096 726 2161 bonus
755 2108 812 2148 se
841 2093 1056 2147 habeat.
1083 2088 1588 2164 (Cnss.)I-Iucusque
1623 2087 1766 2141 vitu-

202 2191 400 2260 peratio
447 2187 606 2250 illius,
637 2185 725 2240 hic
762 2184 880 2238 laus
919 2182 1208 2238 contrariae
1235 2181 1446 2250 partis:
1477 2195 1602 2234 ecce
1641 2193 1763 2248 per-

204 2283 338 2337 fecta
363 2276 770 2335 demonstratio.
811 2275 962 2330 Oliva
999 2273 1292 2344 fructifera.
1326 2272 1505 2342 (Αυς.)
1533 2271 1767 2346 P0pulus

202 2373 293 2427 Dei
319 2371 474 2434 oliva,
508 2369 651 2424 unde
671 2366 831 2421 fracti
859 2373 988 2420 sunt
1019 2365 1233 2434 superbi
1261 2364 1418 2427 rami,
1453 2364 1506 2417 id
1535 2371 1636 2430 est,
1667 2361 1766 2415 Ju-

199 2466 316 2530 daei,
339 2473 390 2520 et
411 2464 644 2519 insertus
665 2468 748 2516 est
767 2461 1000 2515 oleaster
1011 2459 1076 2514 de
1097 2459 1364 2528 gentibus.
1397 2455 1596 2528 (ωδε.)
1614 2454 1764 2511 Oliva

201 2556 486 2620 fructifera,
521 2555 588 2609 de
608 2551 760 2620 cujus
780 2551 1020 2622 germine
1047 2549 1308 2604 Dominus
1333 2545 1580 2602 Christus
1615 2544 1765 2616 efﬂo-

200 2649 324 2714 ruit,
349 2648 435 2716 qui
460 2644 726 2718 spirituali
747 2643 866 2723 oleo
885 2649 1179 2714 perunctus
1193 2649 1278 2697 est
1297 2655 1408 2726 pra:
1424 2637 1765 2706 consortibus

198 2743 326 2796 suis.
893 2729 896 2733 ’

264 2851 330 2905 In
363 2861 612 2906 ceternum
669 2861 718 2905 et
769 2851 825 2904 in
863 2848 1111 2918 saeculum
1146 2845 1346 2904 saeculi.
1380 2843 1561 2915 (Auc.)
1611 2842 1762 2911 Quod

196 2941 330 2995 dixit
355 2943 410 2995 in
439 2952 710 3005 wternum,
738 2939 934 3008 repetit
959 2940 1015 2991 in
1047 2936 1297 3006 sarculum
1327 2933 1507 2988 swculi
1531 2947 1548 2984 :
1581 2941 1641 2986 ut
1678 2948 1764 2986 re-

196 3031 425 3100 petendo
468 3028 771 3095 conﬁrmet,
821 3041 985 3097 quam
1040 3025 1294 3079 fundatus
1339 3031 1424 3077 est
1469 3023 1525 3076 in
1580 3036 1766 3075 amore

199 3121 351 3192 regni
377 3120 660 3176 caelorum.

261 3186 430 3286 Vens.
458 3230 544 3283 11.
565 3258 637 3268 --
659 3225 876 3292 Fecisti,
925 3235 972 3281 et
995 3222 1295 3298 exspectabo
1338 3237 1542 3279 nomen.
1577 3220 1765 3294 (Ibid.)
1795 3186 1840 3250 Ο

192 3322 451 3380 Praedicta
479 3318 708 3388 scilicet,
743 3319 884 3388 quod
911 3319 1015 3373 sim
1057 3317 1218 3384 oliva,
1254 3315 1400 3396 quod
1449 3313 1664 3395 speravi
1711 3313 1766 3378 in

193 3414 564 3474 misericordia
594 3416 650 3469 in
669 3423 958 3487 internum.

742 3543 1065 3600 PSALMUS
1106 3542 1214 3599 LII.

242 3680 403 3736 Vens.
433 3677 636 3734 I.—In
659 3677 817 3746 ﬁnem
841 3695 955 3748 pro,
983 3683 1087 3733 etc.
1114 3673 1314 3748 (Cass)
1335 3673 1642 3732 Intellectus
1663 3675 1768 3729 Da-

184 3775 277 3829 vid
309 3775 604 3845 prophetae,
635 3781 771 3839 etc.,
802 3786 964 3842 usque
991 3771 1061 3825 ad
1092 3771 1180 3826 hic
1211 3770 1278 3825 de
1297 3771 1529 3830 adventu
1552 3770 1764 3841 judicii.

185 3865 372 3936 (Ave)
403 3863 500 3921 Vel
537 3880 634 3935 pro
662 3863 960 3929 malialath,
991 3870 1120 3929 etc.,
1162 3877 1324 3933 usque
1361 3860 1450 3934 ad-
1471 3861 1769 3917 consolatio

181 3961 240 4013 in
266 3959 375 4012 line
400 3955 617 4028 psalmi.

253 4048 408 4104 Dixit
428 4048 694 4116 insipiens.
723 4046 910 4118 (Ibid.)
942 4047 1242 4116 Increpatio
1267 4046 1555 4103 malorum.

257 4137 310 4208 (1
317 4137 450 4202 bid.)
488 4135 515 4190 1
522 4137 768 4207 nsipiens,
790 4138 968 4192 omnis
996 4137 1088 4208 qui
1110 4137 1252 4194 male
1275 4136 1428 4204 vivit,
1452 4146 1582 4205 etc.,
1606 4155 1768 4211 usque

176 4229 252 4282 ad
281 4229 372 4284 ille
403 4228 553 4295 dicit,
583 4243 689 4283 non
715 4236 800 4288 est
824 4227 988 4284 Deus.

252 4318 425 4373 Vens.
457 4317 511 4372 3.
535 4348 606 4358 —
627 4317 765 4384 Deus
795 4317 880 4372 de.
911 4316 1112 4389 (Cass)
1141 4315 1240 4374 Vel
1269 4321 1335 4374 de
1367 4318 1502 4374 coelo
1523 4360 1538 4385 ,
1580 4319 1633 4374 id
1661 4327 1764 4384 est,

1802 1905 1810 1913 “
1869 1918 1991 1956 men
2035 1903 2306 1971 potentiae,
2339 1903 2534 1972 repetit
2571 1919 2636 1956 ne
2665 1903 2840 1957 tardet
2870 1903 3147 1956 auxilium.
3198 1902 3435 1972 Percipe.

1868 1991 2050 2063 (Αῦς.)
2085 1992 2286 2061 Ziphaei
2333 2007 2398 2046 ea
2440 1993 2542 2048 etsi
2574 1993 2820 2057 audiunt,
2865 2007 2974 2046 non
3021 2002 3201 2047 tamen
3243 1992 3440 2048 intelli-

1867 2071 2017 2151 gunt,
2047 2083 2140 2151 qui
2171 2098 2275 2136 non
2305 2083 2410 2136 nisi
2437 2083 2751 2153 temporalia
2779 2092 3063 2138 noverunt.

1939 2157 2103 2230 Vsus.
2153 2174 2208 2229 5.
2246 2206 2316 2214 —-
2351 2174 2544 2230 Alieni.
2581 2175 2765 2246 (Auc.)
2790 2175 2924 2244 Ziph
2948 2174 3156 2228 viculus
3185 2181 3320 2240 erat,
3346 2174 3439 2244 qui

1867 2266 2170 2336 pertinebat
2199 2268 2266 2321 ad
2293 2265 2490 2332 tribum
2506 2264 2665 2331 Iuda,
2690 2266 2833 2334 unde
2859 2264 3080 2334 Ziphaei.

1938 2357 2102 2411 Vens.
2149 2354 2201 2412 6.
2231 2386 2298 2396 —
2326 2355 2461 2409 Ecce
2491 2356 2652 2410 enim.
2682 2354 2881 2428 (CASS.)
2914 2355 3269 2426 Diapsalmus.
3300 2352 3440 2420 Quid

1869 2447 1972 2502 sibi
2015 2455 2069 2501 et
2097 2446 2327 2515 Ziphzeis
2369 2447 2533 2500 faciat
2563 2447 2706 2500 Deus
2736 2445 2876 2500 unde
2903 2445 3061 2500 solvit
3085 2445 3290 2498 laudes.
3322 2443 3435 2496 Ad-

1859 2537 2031 2606 juvat.
2065 2527 2246 2608 (Αυά.)
2275 2535 2428 2603 Quod
2465 2535 2566 2605 ipsi
2608 2535 2855 2602 nesciunt
2902 2534 3043 2588 inter
3086 2550 3220 2604 quos
3262 2533 3434 2595 lateo;

1868 2629 1961 2694 sed
1995 2629 2098 2682 hoc
2123 2629 2266 2706 quod
2316 2642 2402 2682 me
2452 2626 2670 2696 adjuvat
2702 2627 2968 2692 viderent,
3003 2627 3048 2680 si
3090 2626 3259 2680 Deum
3311 2633 3438 2678 ante

1867 2717 2050 2773 oculos
2073 2726 2352 2788 ponerent.
2811 2726 2814 2728 ‘

1945 2809 2102 2864 Vens.
2155 2810 2209 2862 7.
2241 2839 2312 2848 —
2347 2808 2528 2863 Λυσι-ιε
2584 2807 2724 2878 mala
2773 2808 3016 2861 inimicis.
3102 2804 3289 2879 (Ibid.)
3341 2805 3438 2862 Vel

1869 2909 2073 2964 averte,
2104 2916 2202 2986 pro
2231 2902 2610 2964 convertendis
2657 2909 2923 2972 praecatur
2949 2919 2964 2956 :
3005 2910 3059 2956 et
3088 2901 3202 2956 [me
3229 2908 3312 2955 est
3337 2901 3437 2954 ho-

1868 2989 1971 3042 stia
2008 3005 2168 3058 quam
2203 3006 2299 3060 pro
2340 2991 2658 3055 liberatione
2686 2991 2865 3046 solvit.
2902 2991 2968 3044 In
2988 2993 3220 3046 veritate.
3252 2991 3434 3062 (Anc)

1872 3078 1968 3132 Vel
1998 3079 2291 3133 secundum
2319 3080 2474 3134 aliam
2501 3081 2734 3144 litteram
2759 3096 2773 3134 :
2799 3079 2865 3134 In
2885 3083 3088 3148 virtute,
3113 3083 3278 3151 perde
3303 3064 3439 3152 quos

1874 3170 1928 3225 in
1969 3179 2058 3226 tua
2090 3170 2403 3226 infirmitate
2455 3172 2713 3240 tolerasti.
2767 3171 3070 3228 Voluntarie
3109 3173 3437 3242 sacriﬁcabo.

1871 3262 2056 3334 (Ibid)
2086 3262 2220 3332 Quia
2250 3273 2470 3334 propter
2498 3279 2577 3329 se,
2609 3279 2715 3319 non
2753 3271 2970 3334 propter
2997 3263 3164 3329 aliud,
3199 3264 3341 3332 quod
3371 3264 3438 3328 ab

1869 3373 1934 3414 eo
1960 3358 2142 3412 velim.
2191 3357 2292 3424 Qui
2332 3341 2550 3428 propter
2590 3357 2735 3412 aliud
2781 3356 2985 3422 laudat,
3015 3372 3082 3410 ex
3117 3355 3438 3422 necessitate

1867 3449 2082 3515 laudat;
2119 3450 2162 3504 si
2195 3449 2321 3504 illud
2370 3451 2613 3514 haberet,
2646 3463 2751 3502 non
2783 3449 3046 3503 laudaret.
3075 3446 3207 3500 Mihi
3241 3456 3438 3512 autem,

1870 3552 1924 3608 et
1951 3557 2071 3611 qua:
2096 3541 2242 3596 dedit
2269 3549 2488 3610 propter
2521 3541 2737 3594 dantem
2774 3538 3006 3608 placent.
3343 3529 3346 3534 ’

2408 3655 2726 3714 PSALMUS
2762 3656 2872 3711 LIV

1939 3773 2103 3828 Vens.
2130 3774 2181 3828 I.
2207 3804 2277 3814 —
2299 3772 2367 3828 In
2386 3772 2543 3844 ﬁnem
2570 3775 2624 3827 in
2651 3771 2988 3829 carminibus.
3019 3771 3198 3842 (AUG.)
3229 3770 3440 3826 Intelle-

1869 3876 2002 3920 ctus.
2048 3865 2236 3936 Magna
2282 3880 2412 3922 cura
2457 3864 2617 3920 debet
2664 3864 2960 3936 intelligere
3012 3864 3274 3929 Ecclesia,
3307 3874 3437 3928 etc.,

1871 3974 2032 4028 usque
2067 3958 2136 4012 ad
2172 3957 2264 4030 qui
2295 3971 2395 4028 pro
2432 3955 2674 4029 molestis
2720 3955 2919 4013 civium
2967 3955 3103 4028 fugit
3151 3955 3208 4010 in
3249 3954 3439 4011 solitu-

1871 4051 2074 4106 dinem.
2803 4065 2808 4069 ‘

1940 4143 2105 4196 Vens.
2156 4141 2211 4195 2.
2258 4172 2328 4182 -
2378 4140 2627 4206 Exaudi,
2675 4140 2858 4202 Deus,
2911 4141 3198 4194 orationem
3247 4151 3436 4190 meam.

1871 4232 2069 4305 (Cass)
2101 4232 2308 4298 Oratio,
2355 4232 2633 4302 prmmissa
2685 4241 2873 4285 contra
2925 4229 3086 4291 mala,
3133 4226 3216 4282 vel
3247 4225 3441 4280 ﬂuctus

1870 4325 2070 4380 saeculi.
2111 4325 2194 4379 Ne
2216 4325 2506 4394 despexeris
2531 4323 2960 4392 deprecationem.
2993 4319 3044 4388 (I
3050 4318 3180 4388 bid.)
3212 4316 3269 4372 Si
3295 4317 3439 4370 enim

171 4424 282 4479 per
311 4417 529 4464 sanctas
567 4407 775 4462 animas
810 4407 1110 4476 admonuit,
1132 4416 1192 4462 ut
1215 4408 1418 4474 videat,
1444 4418 1549 4464 etc.
1592 4407 1650 4464 Si
1672 4419 1767 4473 est,
1871 4417 2012 4472 Deus
2040 4415 2133 4471 dat
2167 4412 2481 4482 temporalia
2509 4412 2670 4468 alicui
2707 4411 2932 4480 petenti,
2959 4407 3074 4476 ejus
3104 4417 3282 4461 tamen
3309 4421 3434 4460 ora-

171 4507 287 4552 etc.
334 4497 355 4569 (
361 4497 525 4568 Ibid.)
547 4496 653 4551 Aut
675 4497 719 4554 si
745 4512 852 4552 non
881 4497 1146 4568 intelligit,
1183 4497 1227 4551 si
1253 4497 1445 4553 saltem
1473 4507 1556 4554 est
1586 4500 1769 4570 requi‘
1791 4533 1848 4594 Β
1873 4506 1950 4560 tio
1979 4505 2029 4560 ei
2066 4520 2173 4559 non
2205 4511 2288 4558 est
2317 4509 2559 4571 accepta,
2589 4501 2713 4570 quia
2739 4508 2890 4554 caret
2924 4499 3106 4554 debito
3133 4499 3256 4552 line.

169 4602 312 4646 rens
337 4587 638 4661 intelligere
661 4588 852 4642 Deum-
1791 4585 1848 4602 ’Ὗ
1945 4598 2109 4650 Vens.
2138 4594 2172 4647 3
2192 4634 2207 4659 ,
2235 4593 2290 4646 4.
2311 4623 2380 4633 ——
2401 4592 2468 4646 In
2499 4591 2882 4652 exercitatione,
2913 4599 3017 4644 etc.
3046 4586 3228 4660 (Αυα.)
3251 4585 3442 4643 Omnis

247 4680 426 4737 Vens.
457 4681 511 4735 4.
531 4679 807 4736 -—-0mnes
835 4680 1242 4735 declinaverunt.
1273 4679 1460 4750 (Ibid)
1485 4679 1768 4751 Congruus
1875 4686 2049 4741 malus
2071 4684 2224 4749 vivit,
2248 4683 2332 4737 vel
2357 4691 2417 4736 ut
2439 4682 2762 4751 corrigatur,
2791 4679 2875 4739 vel
2910 4688 2968 4734 ut
2997 4695 3092 4749 per
3115 4694 3238 4733 eum
3265 4679 3438 4733 bonus

170 4773 350 4826 ordo.
382 4771 542 4826 Prius
567 4771 873 4836 declinant;
906 4779 1032 4824 tunc
1072 4768 1320 4837 inutiles;
1354 4769 1479 4824 inde
1524 4784 1628 4836 non
1682 4778 1766 4824 est

1885 4783 2203 4831 exerceatur.
2251 4771 2601 4831 Conturbatus
2643 4786 2756 4823 sum
2794 4787 2826 4821 a
2857 4785 2974 4822 voce
3009 4768 3226 4822 inimici.
3255 4765 3438 4837 (Αυο.)

164 4861 272 4932 qui
309 4859 478 4917 faciat
505 4861 726 4915 bonum.
1655 4877 1657 4879 ‘
1871 4867 1940 4932 In.
1977 4865 2090 4935 ipsa
2143 4878 2338 4932 pugna,
2381 4861 2506 4914 dum
2553 4867 2608 4913 et
2656 4858 2904 4912 inimicos
2948 4857 3063 4910 vult
3088 4857 3327 4926 diligere,
3384 4862 3439 4908 et

250 4949 428 5006 Vens.
452 4951 506 5005 5.
536 4981 608 4991 —-
627 4949 816 5006 Nonne
845 4951 1028 5004 scient.
1061 4947 1112 5020 (1
1118 4947 1247 5018 bid.)
1269 4947 1628 5004 Comminatio
1651 4967 1764 5005 ma-

1885 4957 2176 5012 ibundante
2226 4954 2417 5008 militia
2465 4951 2654 5020 incipit
2692 4949 2891 5014 odisse,
2937 4959 2992 5004 et
3043 4948 3114 5002 ita
3159 4945 3346 5014 incipit
3381 4945 3436 4998 in

161 5039 363 5096 lorum
389 5055 488 5124 Per
529 5039 711 5094 ﬁi'em-
739 5039 1168 5112 (Aumﬂlinalur
1190 5038 1312 5104 illis.
1339 5048 1466 5103 Cleo,
1489 5055 1651 5108 usque
1672 5041 1759 5094 αίί-
1869 5046 2113 5102 [luctibus
2139 5043 2328 5112 mergi.
2363 5040 2565 5111 (IIIER.)
2594 5041 2974 5094 Conturbatus.
3006 5037 3121 5103 Vel,
3145 5033 3434 5090 conturba-

163 5133 290 5188 Sed
324 5133 524 5187 ωθνὶιο
544 5132 645 5187 hoc
666 5131 768 5196 eis,
789 5131 953 5200 quia:
1870 5149 1956 5193 tus
2003 5153 2121 5191 sum
2161 5150 2190 5188 a
2227 5149 2358 5188 voce
2397 5133 2632 5198 inimici,
2682 5133 2772 5201 qui
2815 5147 2902 5186 me
2939 5129 3336 5186 Samaritanum
3384 5136 3440 5182 et

245 5222 509 5278 Vens..6.
538 5254 609 5264 —
634 5222 802 5277 Deum
835 5239 938 5277 non
966 5223 1356 5276 invocaverunt.
1400 5220 1587 5295 (Ibid)
1629 5223 1766 5280 Con-
1869 5228 2188 5283 daemonium
2219 5226 2506 5280 habentem
2531 5223 2800 5279 dicebant.

159 5313 400 5368 solatur
428 5321 725 5383 gementes,
751 5328 818 5367 ne
869 5321 1244 5383 prosperantes
1297 5313 1594 5379 imitentur,
1643 5316 1767 5383 quia
1941 5318 2104 5373 Vens.
2142 5315 2192 5370 5.
2215 5346 2287 5354 —
2309 5312 2412 5368 Cor
2451 5331 2618 5368 meum
2650 5313 3031 5368 conturbatum.
3066 5309 3266 5384 (Cass.)
3295 5311 3438 5382 Lege

162 5403 358 5458 Deum
409 5417 513 5455 non
563 5403 954 5467 invocaverunt,
1000 5400 1144 5455 unde
1195 5401 1302 5456 cito
1349 5403 1576 5472 perituri
1620 5413 1762 5471 sunt,
1868 5408 2075 5473 carnis,
2103 5406 2314 5462 animus
2351 5406 2598 5460 turbatur
2626 5405 2677 5459 in
2706 5421 2812 5468 me,
2842 5419 2947 5457 non
2979 5403 3091 5457 exit
3117 5419 3147 5456 a
3177 5418 3264 5458 me

163 5490 496 5546 consolatio
529 5490 782 5546 ﬁdelium.
815 5490 950 5546 Ossa
988 5508 1168 5546 eorum
1210 5492 1300 5561 qui
1339 5491 1629 5548 hominibus
1659 5496 1768 5564 pla-
1939 5499 2104 5555 Vens.
2159 5497 2210 5552 6.
2233 5527 2306 5537 —
2332 5496 2509 5550 Timor
2551 5506 2596 5550 et
2641 5505 2850 5549 tremor.
2901 5493 3089 5564 (Ibid.)
3129 5492 3440 5564 PrOprietas

157 5589 320 5635 rem.
347 5579 554 5652 (Cass)
581 5581 712 5641 Boni
751 5581 851 5636 sibi
877 5581 1176 5651 displicent,
1202 5581 1328 5636 dum
1360 5597 1576 5638 carnem
1607 5586 1768 5641 casti-
1870 5590 2058 5644 mort-is
2085 5596 2187 5652 est,
2213 5598 2274 5643 ut
2311 5602 2431 5642 eam
2461 5587 2611 5656 prius
2641 5586 2946 5654 timeamus,
2978 5585 3121 5639 unde
3148 5584 3440 5639 contremi-

153 5679 316 5742 ganl
350 5687 365 5725 2
399 5672 618 5741 placent
638 5673 785 5728 mali.
1871 5695 2102 5734 scamus.
2150 5678 2501 5734 Contexerunt
2548 5693 2627 5731 me
2666 5675 2902 5729 tenebra'.
2961 5675 3163 5746 (litem)
3198 5675 3440 5732 Tenebras

241 5763 484 5836 Confusi
511 5776 651 5821 sunt.
687 5765 872 5838 (Ibid.)
895 5765 947 5820 Id
970 5775 1068 5831 est,
1106 5765 1524 5831 confundentur,
1552 5783 1769 5838 separa-
1872 5779 1994 5827 sunt
2044 5769 2167 5824 mali
2214 5770 2492 5835 homines,
2542 5767 2631 5836 qui
2678 5777 3072 5837 persequuntur
3115 5767 3434 5834 Ecclesium,
