3982 6352
158 456 271 511 925

1153 447 1418 506 GLOSSA
1456 447 1860 524 ouomama.
1900 480 1969 490 —
2009 451 2134 506 us.
2177 453 2423 508 rsum.

3326 457 3432 515 926

159 577 314 626 creta
340 568 458 635 Dei,
482 581 602 638 qua:
631 567 684 620 in
711 563 1012 644 Scripturis
1039 567 1360 636 continetur.
1394 563 1586 638 Molliti
1622 570 1741 636 sunt
1847 563 2064 642 fringes,
2110 567 2234 622 dum
2281 583 2378 637 per
2417 566 2622 640 ﬂagella
2664 567 2756 623 Dei
2797 569 3146 638 resipiscunt,
3187 571 3272 628 vel
3305 574 3432 631 dum

158 675 448 728 sermones.
484 656 685 730 (Cass)
715 655 812 726 Vel
840 639 961 716 ideo
986 657 1088 712 hoc
1115 657 1237 728 illis,
1263 657 1388 726 quia
1433 656 1742 711 moliierunt

156 766 444 807 sermones
493 748 786 814 adulando,
839 749 932 819 qui
981 757 1108 803 sunt
1145 747 1328 818 jacula
1371 749 1496 803 dum
1525 747 1742 802 dicunt:

155 841 302 896 Reus
335 851 412 896 est
440 840 642 894 mortis.
683 839 866 910 (Aes)
897 837 1005 893 Sed
1050 839 1096 894 si
1135 839 1230 892 tibi
1259 853 1428 908 puero
1476 838 1566 906 qui
1607 836 1746 891 lacte

155 932 389 986 minoris
446 929 706 1004 doctrinae
773 929 998 984 nutriris
1052 930 1229 996 adhuc
1281 929 1399 984 duri
1453 937 1617 1002 sunt,
1676 942 1744 981 ne

154 1023 417 1079 irascaris
443 1022 698 1077 uberibus
725 1021 1011 1085 Ecclesiae;
1046 1022 1140 1077 sed
1162 1022 1308 1098 jacta
1337 1022 1389 1075 in
1432 1021 1738 1084 Dominum,

57 1141 64 1146 ·
155 1135 270 1174 non
299 1117 465 1172 alium
490 1116 579 1186 qui
604 1125 793 1192 portus
822 1124 924 1183 est,
944 1116 1027 1171 vel
1059 1131 1249 1188 saxum
1281 1116 1429 1180 navi,
1480 1130 1586 1168 non
1617 1129 1740 1182 por-

155 1219 248 1264 tus
287 1207 529 1262 ﬂuctuati
581 1207 634 1261 in
677 1207 894 1262 smculo.
936 1206 1048 1276 Ipsi
1071 1223 1354 1282 sermones,
1391 1214 1494 1260 etc.
1538 1205 1738 1284 (cass)

154 1299 296 1365 Quia
329 1297 518 1352 molliti
559 1312 665 1352 non
703 1297 937 1368 perdunt
980 1297 1254 1362 virtutem,
1286 1297 1380 1352 sed
1406 1297 1485 1358 eis
1517 1313 1736 1361 armam-

155 1398 248 1442 tur
271 1387 634 1459 evangelistm,
665 1395 718 1444 et
748 1386 949 1460 feriunt
977 1387 1142 1442 corda
1170 1387 1447 1464 hominum
1487 1387 1554 1440 ad
1583 1402 1737 1466 amo-

155 1497 274 1537 rem
301 1479 467 1551 pacis',
498 1488 554 1536 et
579 1495 609 1533 a
631 1478 904 1550 perplexis
939 1479 1313 1558 haereticorum
1349 1478 1736 1554 quaestionibus

153 1575 389 1630 liberant
432 1574 694 1650 inﬁrmos.
1373 1569 1380 1577 ’

225 1665 392 1721 Vens.
442 1665 534 1742 25.
571 1695 642 1706 -——
691 1663 886 1729 Curam
929 1674 1092 1734 tuam.
1153 1666 1172 1739 (
1199 1666 1382 1745 ibid.)
1446 1665 1588 1724 Cura
1635 1681 1735 1720 sa:-

153 1759 283 1824 culi,
313 1768 444 1822 etc.,
495 1774 660 1829 usque
699 1758 769 1812 ad
805 1774 825 1813 :
865 1758 940 1814 ita
973 1760 1072 1813 viri
1117 1760 1334 1814 tristitia
1388 1769 1535 1822 nocet
1564 1761 1729 1814 cordi.

154 1835 600 1924 Fluctuationent.
655 1848 722 1922 Et
765 1848 811 1902 si
851 1848 961 1925 hic,
997 1849 1161 1904 verba
1203 1848 1571 1926 ﬂuctuationis
1610 1835 1730 1920 iue¥

156 1948 285 1994 runt
311 1958 323 1994 :
348 1937 700 1994 Contristatus
727 1955 844 2004 sum
865 1941 920 1997 in
947 1927 1340 2008 exercitatione,
1375 1949 1478 1996 etc.

227 2029 389 2085 Vens.
438 2029 528 2084 24.
561 2028 731 2083 ——Tu
777 2046 914 2096 vero,
963 2039 1069 2086 etc.
1121 2030 1305 2100 (Acs)
1367 2031 1431 2085 lli
1470 2039 1598 2100 tunc
1629 2048 1734 2086 non

155 2119 510 2196 fluctuabunt,
539 2127 672 2184 etc.,
699 2135 861 2190 usque,
885 2121 954 2174 ad
980 2119 1102 2194 Vm!
1147 2121 1237 2190 qui
1268 2128 1498 2190 peccant
1543 2131 1597 2175 ct
1629 2138 1736 2196 non

157 2195 438 2280 pmnitent.
471 2209 591 2263 Dies
619 2225 762 2274 suos,
789 2225 881 2278 ego
915 2219 1110 2276 autem,
1155 2205 1259 2288 etc.
1297 2201 1499 2291 (Ibidn)
1535 2195 1737 2286 Volua?

159 2302 324 2359 tarios
348 2316 456 2358 non
483 2316 514 2357 a
537 2301 650 2382 Deo
679 2301 1023 2376 constitutos.

712 2436 1034 2518 rsspuus
1071 2437 1178 2516 tv.

234 2572 394 2628 Vsus.
434 2573 487 2627 ι.
527 2601 598 2613 -
636 2569 704 2625 In
741 2571 920 2650 finem,
952 2578 1059 2626 etc.
1108 2569 1294 2642 (Aes)
1345 2567 1610 2644 Populus,
1649 2588 1738 2644 qui

159 2681 196 2718 a
217 2665 410 2719 sanctis
447 2663 596 2735 longe
618 2662 678 2733 ﬁt
716 2663 772 2734 in
810 2662 952 2718 tituli
989 2662 1326 2738 inscriptione
1350 2675 1370 2713 :
1406 2663 1490 2717 cui
1521 2670 1739 2717 contra-

160 2755 290 2810 dicit
329 2763 439 2810 tam
466 2751 704 2830 Judams,
735 2768 896 2830 quam
932 2751 1110 2824 omnis
1139 2752 1230 2823 qui
1261 2766 1367 2813 non
1397 2751 1511 2807 vult
1536 2752 1738 2811 habere

159 2860 343 2917 regem
370 2845 676 2911 Christum;
711 2847 766 2900 et
806 2845 933 2916 ipsi,
973 2845 1064 2915 qui
1105 2844 1368 2899 tribulant
1400 2844 1733 2901 Ecclesiam:

156 2948 347 2994 contra
391 2952 530 3008 quos
564 2935 655 3004 hic
702 2925 943 3007 psalmus
977 2935 1264 2990 conﬁrmat
1303 2935 1618 2990 Ecclesiam.
1669 2935 1738 2991 In

156 3029 296 3084 tituli
333 3029 670 3100 inscriptione
709 3027 809 3098 ipsi
837 3026 1006 3101 David
1043 3044 1162 3103 cum
1197 3037 1424 3092 tenerent
1460 3046 1598 3102 eum.
1646 3029 1739 3101 Ti-

153 3119 250 3175 tuli
281 3118 582 3196 inscriptio,
609 3125 739 3196 etc.,
795 3133 957 3187 usque
991 3118 1062 3170 ad
1094 3127 1470 3188 persecutores
1509 3119 1602 3188 qui
1632 3118 1736 3174 Ec-

123 3211 376 3268 ‘clesiam
397 3251 412 3276 ,
452 3210 594 3266 sicut
626 3225 779 3276 uvas,
811 3209 1042 3265 calcant.
1093 3209 1374 3280 Allophyli.
1417 3208 1559 3265 ldem
1590 3213 1734 3281 quod

1850 656 1986 710 iram
2017 658 2108 713 Dei
2142 650 2456 727 praévident.
2489 658 2556 712 In
2579 660 2662 712 ira
2682 651 2916 730 populos.
2936 661 3250 733 confringes.
3293 665 3428 731 Quia

1850 755 2023 804 terres
2050 749 2511 814 tribulationibus,
2535 758 2662 815 etc.,
2695 767 2857 821 usque
2881 752 2950 805 ad
2985 761 3038 807 et
3067 753 3148 814 ira
3178 769 3429 814 consum-

1846 837 2066 908 ptionis,
2095 855 2200 908 qua
2229 839 2355 910 mali
2387 841 2682 910 puniuntur
2712 842 2778 914 ad
2801 844 3249 914 peremptionem.

1916 931 2080 1003 Vsus.
2113 934 2165 988 9.
2190 963 2259 973 -—
2277 934 2438 1013 Deus,
2464 936 2621 998 vitam
2647 953 2815 990 meam
2838 939 3146 995 annuntiavi
3167 941 3278 994 tibi.
3308 939 3429 998 Tri-

1843 1022 1967 1100 plex
2004 1025 2115 1098 vita
2162 1025 2434 1084 hominis:
2473 1038 2702 1093 naturae,
2737 1043 2844 1098 qua
2878 1030 3111 1098 vivimus
3147 1041 3202 1090 et
3249 1049 3427 1103 spira-

1844 1129 1994 1182 mus;
2048 1116 2272 1196 gratize,
2320 1132 2427 1196 qua
2485 1119 2540 1172 in
2591 1115 2808 1176 Christo
2856 1121 3128 1192 vivimus;
3193 1128 3425 1204 peccati,

1842 1221 1963 1275 qua:
1998 1206 2052 1260 in
2085 1207 2228 1261 vitiis
2265 1208 2460 1279 agitur.
2504 1207 2633 1267 Ilua:
2681 1218 2808 1284 sunt
2851 1226 2882 1284 a
2913 1213 3044 1279 Deo,
3091 1213 3217 1284 quia
3251 1217 3424 1284 bonae,

1840 1285 1949 1368 vita
1988 1299 2201 1372 scilicet
2242 1311 2470 1364 naturas,
2511 1311 2566 1370 et
2611 1303 2721 1356 vita
2762 1305 2998 1376 gratiae:
3045 1287 3202 1366 tertia
3241 1320 3327 1366 est
3358 1311 3427 1376 ab

1839 1391 2078 1467 homine,
2109 1393 2234 1464 quia
2264 1395 2426 1470 mala.
2456 1395 2565 1454 llas
2606 1411 2795 1453 omnes
2832 1399 2939 1464 Deo
2970 1402 3294 1458 annuntiare
3317 1379 3429 1476 ide-

1838 1485 2046 1556 bemus.
2066 1485 2267 1558 (Cass)
2293 1485 2459 1564 Deus,
2483 1489 2664 1560 vitam.
2691 1488 3025 1562 Confringes,
3047 1501 3102 1548 et
3127 1507 3228 1562 ego
3253 1494 3320 1548 ad
3343 1496 3424 1564 iu-

1837 1573 2172 1646 stitutionem
2218 1589 2407 1650 eorum
2443 1561 2610 1631 vitam
2650 1593 2826 1632 meam
2870 1561 3028 1646 ante,
3061 1561 3180 1650 quae
3213 1561 3430 1654 semper

1835 1661 1996 1716 mala.
2035 1661 2210 1718 Vitam
2239 1667 2353 1724 Deo
2393 1667 2629 1736 nuntiat,
2663 1668 2753 1738 qui
2782 1681 3064 1739 peccatum
3099 1673 3425 1730 confitetur:

1835 1768 1941 1832 non
1989 1753 2156 1808 Deum
2203 1755 2424 1824 docens,
2477 1757 2572 1811 sed
2627 1772 2686 1813 se
2729 1759 3012 1827 damnans,
3059 1770 3119 1816 ut
3163 1763 3425 1818 solvatur.

1837 1842 2068 1900 Posuisti
2111 1845 2393 1916 lacrymas,
2443 1856 2550 1902 etc.
2605 1847 2789 1924 (Αυς.)
2839 1850 2949 1906 Pisc
2990 1852 3265 1924 lacrymm,
3307 1869 3428 1923 qua:

1767 1920 1816 2002 Β
1843 1948 1941 2003 pro
1967 1934 2201 1990 inimicis
2227 1947 2455 2010 rogant:
2488 1945 2544 1993 et
2571 1937 2693 2004 ideo
2723 1920 2959 2010 accepta:
2986 1920 3122 2008 Deo,
3143 1943 3285 1998 sicut
3312 1920 3426 2014 ipse

1842 2024 2113 2092 promisit.

1849 2098 1857 2114 ’
1915 2114 2080 2168 Vsus.
2113 2114 2199 2169 10.
2223 2147 2291 2156 -
2312 2115 2379 2170 1η
2405 2135 2714 2191 quacunque
2740 2121 2846 2188 die,
2869 2131 2974 2187 etc.
3005 2123 3204 2195 (Cass)
3223 2123 3348 2180 Sive
3369 2124 3426 2180 in

1841 2207 2094 2292 pueritia,
2119 2207 2231 2270 sive
2252 2209 2306 2263 in
2337 2210 2511 2265 media
2549 2222 2730 2289 astate,
2755 2213 2871 2268 sive
2895 2215 2952 2268 in
2981 2215 3088 2269 line
3113 2215 3256 2274 vitae.
3288 2214 3426 2274 Mira

1843 2298 2149 2372 clementia,
2166 2315 2286 2370 quae
2306 2301 2584 2372 quodlibet
2604 2311 2816 2376 tempus
2835 2307 3207 2362 conversionis
3221 2317 3424 2364 nostra:

1842 2379 2147 2460 exspectat,
2166 2398 2220 2445 et
2244 2392 2678 2464 quandocunque
2705 2405 2948 2467 rogatur,
2980 2397 3250 2469 indulget!
3281 2399 3424 2454 Deus

1845 2495 1990 2554 meus
2012 2496 2087 2544 es,
2121 2490 2196 2534 tu.
2233 2481 2415 2553 (Αυβ.)
2445 2482 2557 2538 Etsi
2587 2485 2849 2559 omnium,
2883 2501 3034 2542 meus
3065 2489 3303 2559 proprie,
3331 2491 3425 2560 qui

1843 2570 1974 2624 mihi
2008 2572 2282 2636 subvenis,
2329 2588 2488 2642 quem
2521 2575 2640 2650 colo
2686 2585 2741 2630 et
2769 2593 2909 2633 amo.
2937 2579 3042 2634 Alii
3085 2580 3247 2636 alieni
3269 2591 3418 2638 sunt.

1914 2660 2077 2733 Vens.
2112 2662 2196 2715 Η.
2222 2693 2296 2728 -έ
2318 2661 2386 2716 In
2417 2662 2525 2718 Deo
2549 2666 2778 2720 laudabo
2806 2668 3038 2723 verbum.
3070 2668 3262 2741 (Ibid.)
3287 2669 3424 2727 Ver-

1839 2753 1990 2819 bum,
2036 2752 2090 2806 id
2151 2761 2267 2818 est,
2312 2754 2618 2824 doctrinam
2669 2765 2724 2826 et
2769 2773 3108 2825 sermonem;
3163 2761 3424 2831 quidquid

1842 2843 2048 2913 loquar,
2081 2842 2312 2902 laudabo
2337 2845 2392 2898 in
2423 2844 2673 2916 Domino,
2706 2847 2759 2902 id
2784 2855 2887 2913 est,
2918 2849 2967 2903 ei
2999 2850 3291 2904 attribuam
3320 2869 3332 2904 :
3365 2861 3423 2905 et

1841 2933 2038 3004 siquid
2069 2943 2226 3013 urget
2271 2938 2504 3014 speravi,
2549 2944 2604 3008 et.
2653 2937 2776 2992 ideo
2821 2955 2928 3002 non
2960 2939 3178 2996 timebo.
3238 2940 3421 3012 (Aus,

1841 3021 2024 3095 Htsn.)
2069 3023 2187 3090 Vcl,
2238 3025 2446 3098 in’Deo
2498 3027 2659 3102 Patre
2685 3027 2946 3100 Verbum,
2995 3031 3050 3086 id
3078 3040 3162 3088 est
3201 3031 3420 3100 Filium,

1841 3113 1968 3194 quia
2007 3115 2269 3196 quidquid
2301 3117 2367 3172 de
2398 3117 2581 3196 Patre,
2631 3128 2686 3194 et
2710 3119 2850 3175 Filio
2881 3121 3080 3177 dicitur
3126 3125 3422 3180 secundum

1841 3207 2221 3282 substantiam,
2250 3217 2303 3264 et
2333 3209 2400 3263 de
2441 3208 2647 3282 Spiritu
2687 3221 2893 3267 sancto.
2928 3211 3042 3268 Hoc
3081 3215 3147 3269 de
3174 3217 3420 3283 potentia

151 3303 373 3375 populus
401 3303 494 3375 qui
522 3320 555 3357 a
585 3303 780 3378 sanctis
812 3301 964 3373 longe
995 3302 1169 3372 factus
1199 3313 1296 3357 est.
1342 3301 1472 3360 Geth
1495 3343 1510 3369 ,
1552 3303 1604 3358 id
1629 3314 1732 3371 est,
1763 3291 1809 3355 C
1844 3297 2008 3352 Verbi
2056 3298 2278 3360 dicitur.
2326 3315 2430 3368 qua
2459 3307 2543 3354 est
2568 3309 2829 3378 aeternum
2875 3311 2930 3356 et
2963 3302 3426 3357 consubstantiale

153 3397 210 3450 in
239 3394 512 3458 torculari.
539 3393 759 3463 Legitur
783 3392 972 3470 David,
1002 3402 1132 3460 etc.,
1163 3411 1324 3465 usque
1355 3394 1425 3448 ad
1453 3379 1568 3462 sed,
1609 3410 1733 3468 cum

155 3487 440 3558 premitur,
471 3485 673 3542 sterilis
709 3500 816 3540 non
845 3473 974 3541 est.‘
1127 3473 1132 3476 ’

224 3576 384 3634 Vsus.
415 3577 542 3632 2.-
569 3575 816 3632 Miserere
843 3579 964 3643 mei,
991 3577 1152 3634 Deus.
1177 3577 1377 3651 (Cass)
1399 3578 1530 3635 Orat
1553 3579 1738 3638 Eccle-

156 3671 261 3737 sla,
292 3670 603 3726 summatim
645 3679 874 3741 tangens
907 3671 1305 3737 tribulationes,
1327 3670 1382 3726 in
1419 3671 1614 3741 quibus
1639 3686 1735 3741 per

156 3775 305 3830 spem
337 3760 430 3818 Dei
461 3759 579 3829 ﬁnit
617 3775 677 3816 se
706 3757 810 3815 non
848 3761 1058 3840 timere,
1093 3762 1147 3816 id
1186 3769 1290 3828 est,
1319 3762 1373 3817 in
1408 3762 1514 3817 line
1549 3763 1738 3836 prima:

155 3849 324 3921 partis
372 3849 506 3905 dicit
551 3865 610 3905 se
657 3865 765 3918 non
812 3851 1025 3906 timere.
1100 3850 1423 3923 Impugnans
1471 3853 1739 3908 tribulavit

154 3955 255 4006 me,
286 3949 390 3997 etc.
443 3940 626 4013 (Αυο.)
658 3940 830 3997 llomo
871 3941 1161 4001 visibiliter
1201 3961 1214 4000 :
1265 3943 1509 4017 diabolus
1552 3943 1740 4016 invisi-

155 4033 358 4100 biliter,
389 4035 531 4096 unde
555 4035 912 4106 periculosior
931 4043 1015 4090 est
1046 4034 1339 4090 tribulatio.

119 4181 124 4184 _
225 4122 386 4178 Vens.
428 4123 482 4179 4.
522 4119 593 4165 —'—
635 4125 711 4186 Ab
754 4109 1049 4180 altitudine.
1091 4123 1292 4197 (Cass)
1336 4124 1572 4194 Altitudo
1610 4125 1735 4193 diei,

156 4213 406 4279 mundus,
419 4201 510 4267 ubi
525 4199 787 4284 superbia:
804 4223 983 4278 tumor
1000 4231 1012 4294 ς
1031 4222 1091 4269 ut
1111 4214 1327 4286 gravior
1349 4215 1418 4270 sit
1441 4198 1734 4283 tribulatio,

154 4305 285 4360 dicit
322 4320 381 4361 se
429 4321 461 4359 a
489 4305 737 4376 superbis
763 4306 1092 4362 conculcari.
1125 4307 1306 4382 (Αυᾳ.)
1337 4307 1414 4362 Ab
1438 4307 1735 4384 altitudine.

149 4395 271 4452 Alia
298 4395 654 4461 littera,letc..
681 4413 840 4468 usque
862 4398 932 4452 ad
957 4414 1062 4454 non
1091 4385 1196 4455 ait:
1223 4398 1340 4464 Non
1366 4399 1587 4466 timebo,
1620 4401 1735 4467 sed,

148 4487 369 4556 sperabo
407 4487 460 4542 in
496 4498 568 4543 te.
622 4487 740 4556 Diei
774 4488 929 4554 Dies,
954 4488 1202 4554 Christus
1238 4499 1354 4556 cst,
1401 4489 1558 4560 cujus
1601 4491 1737 4546 duo-

150 4577 326 4633 decim
354 4578 520 4644 horaa,
549 4580 830 4640 duodecim
860 4590 988 4640 sunt
1016 4581 1288 4660 Apostoli:
1318 4585 1460 4639 unde
1483 4572 1605 4654 ipse
1627 4585 1732 4640 ait:

1840 3389 2007 3470 l’atri,
2039 3398 2092 3444 et
2114 3399 2300 3460 postea
2329 3392 2396 3470 de
2426 3392 2783 3467 humanitate,
2811 3393 3026 3448 subdit:
3066 3393 3134 3447 In
3171 3392 3422 3459 Domino,

1842 3467 1896 3538 id
1938 3493 2041 3549 est,
2084 3477 2140 3538 in
2189 3467 2426 3550 Christo,
2473 3485 2564 3568 qui
2613 3483 2852 3555 Verbum
2898 3499 3028 3540 caro
3079 3483 3279 3540 factum
3317 3494 3420 3540 est.

1840 3574 2094 3650 Laudabo
2117 3593 2425 3640 sermonem,
2443 3587 2568 3654 etc.,
2589 3577 2642 3632 id
2657 3587 2757 3646 est,
2778 3577 3209 3647 praedicationes,
3227 3577 3424 3646 quibus

1842 3667 2083 3746 regulam
2110 3666 2324 3746 vivendi
2355 3676 2408 3721 et
2458 3669 2688 3732 salutem
2719 3670 2921 3724 nmudo
2943 3669 3112 3724 dedit.
3147 3668 3273 3723 llaec
3314 3668 3422 3723 duo

1841 3743 2100 3837 praedicat
2149 3743 2294 3824 iste,
2349 3759 2647 3829 potentiam
2695 3760 2874 3834 verbi,
2927 3769 2983 3814 et
3027 3759 3421 3814 humanitatem

1840 3849 2062 3904 Christi.
2103 3849 2169 3904 In
2195 3849 2303 3921 Deo
2331 3850 2579 3926 laudabo.
2611 3850 2707 3906 Vel
2731 3853 2824 3916 ita,
2858 3861 2920 3906 ut
2950 3852 3185 3906 Trinitas
3214 3859 3424 3906 natura:

1840 3940 2200 4009 personaliter
2228 3955 2326 4011 per
2359 3942 2459 3996 tria
2507 3942 2694 4008 verba,
2724 3958 2844 4013 qua:
2873 3943 3043 4013 ponit.
3084 3942 3151 3996 In
3181 3942 3291 3996 Deo
3321 3941 3426 3996 Pa-

1841 4039 1922 4084 tre
1951 4031 2179 4110 lautlabo
2231 4028 2476 4098 Verbum,
2507 4033 2560 4087 id
2594 4042 2698 4100 est,
2726 4033 2953 4099 Filium;
2988 4033 3054 4088 In
3081 4033 3330 4098 Domino,
3365 4033 3419 4086 id

1841 4132 1944 4197 est,
1979 4122 2030 4176 in
2059 4122 2262 4194 Spiritu
2290 4132 2478 4193 sancto
2509 4123 2738 4198 laudabo
2773 4123 3174 4202 sermonem,~id
3203 4132 3310 4190 est,
3333 4122 3424 4176 Fi—

1837 4201 1989 4269 lium.
2385 4201 2388 4204 i

1910 4306 2072 4364 Vsus.
2105 4305 2190 4362 12.
2216 4339 2286 4348 --
2313 4305 2382 4380 In
2411 4324 2490 4360 me
2510 4316 2652 4362 sunt.
2697 4305 2866 4370 lntus,
2894 4320 3013 4374 qua:
3037 4319 3068 4357 a
3099 4303 3255 4359 nobis
3281 4319 3422 4357 nun-

1838 4412 2000 4466 quam
2026 4397 2313 4461 rccedunt;
2355 4395 2488 4449 Vota
2523 4394 2845 4448 laudationis
2881 4409 2998 4462 qua:
3033 4393 3086 4446 in
3119 4393 3423 4447 mternitato

1840 4473 2149 4544 reddentur.
2179 4487 2380 4560 (Csss.)
2406 4487 2471 4541 In
2493 4504 2574 4542 me
2600 4500 2740 4541 sunt.
2771 4486 3012 4540 Ecclesia
3032 4486 3143 4556 jam
3166 4484 3232 4538 de
3263 4485 3422 4540 malis

1845 4578 2029 4632 saeculi
2063 4578 2234 4632 libera
2285 4578 2338 4634 in
2367 4563 2546 4632 futura
2601 4577 2961 4641 beatitudine,
2987 4577 3070 4630 vel
3120 4576 3279 4630 etiam
3311 4575 3421 4643 hic,

151 4670 348 4726 Nonne
378 4643 652 4726 duodecim
684 4674 827 4727 hora:
859 4683 978 4731 sunt
1018 4643 1164 4728 diei?
1208 4674 1380 4756 Hujus
1415 4643 1526 4730 diei
1551 4676 1737 4729 altitu-
1845 4671 2054 4726 laudem
2086 4673 2178 4727 Dei
2207 4655 2546 4728 cantaturam
2572 4687 2629 4727 sc
2667 4671 2818 4727 dicit.

149 4763 330 4819 dinem
367 4763 572 4820 inimici
615 4780 721 4819 non
748 4773 973 4834 possunt
1012 4769 1300 4836 attingere,
1331 4766 1474 4829 unde
1517 4767 1572 4840 in
1614 4784 1739 4839 pas-

152 4855 310 4910 sione
332 4854 532 4910 Christi
561 4873 575 4908 :
605 4855 852 4933 Tenebra:
875 4856 1030 4930 {actm
1056 4867 1198 4930 sunt.
1569 4843 1572 4848 ’

228 4945 392 5001 Vsus.
419 4946 560 5001 6.-
583 4945 713 5001 Tota
739 4946 840 5011 die,
871 4956 975 5002 etc.
1009 4947 1209 5020 (Cass)
1253 4947 1547 5018 Enumerat
1577 4950 1734 5015 mala,

147 5055 273 5112 quae
301 5042 612 5098 sustinendo
653 5042 714 5096 lit
749 5051 806 5098 et
847 5042 1188 5118 inimicorum
1237 5044 1539 5107 conversio,
1593 5047 1739 5102 unde

147 5141 207 5187 et
233 5148 334 5204 per
361 5149 512 5205 spem
537 5133 630 5190 Dei
663 5134 792 5210 dicit
827 5149 886 5190 se
920 5149 1028 5210 non
1065 5135 1275 5202 timere,
1308 5134 1446 5194 sicut
1468 5136 1620 5208 prius
1657 5136 1734 5204 [e-

147 5232 323 5280 cerat.
627 5211 630 5214 ’
1373 5221 1394 5234 “
1478 5211 1482 5220 ’

224 5315 388 5372 Vsus.
429 5315 482 5370 ’7.
504 5347 574 5357 —-
595 5313 988 5378 Inhabitabunl.
1016 5316 1198 5387 (Λυϐ.)
1222 5316 1337 5383 Vel,
1368 5317 1531 5388 aliqui
1553 5334 1622 5374 ex
1650 5319 1734 5375 his

149 5408 249 5476 qui
297 5407 454 5478 longe
482 5424 512 5462 a
543 5409 769 5472 sanctis,
795 5417 925 5474 etc.,
962 5425 1123 5480 usque
1147 5408 1217 5463 ad
1243 5410 1288 5465 si
1318 5411 1460 5465 enim
1491 5411 1623 5467 falsa
1651 5412 1732 5467 di-

149 5509 286 5555 cunt
310 5501 376 5555 de
407 5511 480 5565 te,
511 5502 706 5556 cmlum
735 5517 841 5555 non
869 5500 1142 5567 auferunt,
1175 5517 1274 5557 nec
1298 5502 1386 5556 isti
1428 5513 1644 5559 nocent.

227 5587 392 5645 Vens.
437 5590 582 5645 8.-
617 5588 724 5644 Pro
767 5591 918 5645 nihil.
967 5591 1156 5663 (lbid.)
1211 5592 1348 5659 Quia
1391 5593 1567 5650 nullus
1617 5595 1738 5651 inde

154 5680 254 5756 tibi
285 5680 457 5746 labor,
486 5681 641 5752 quasi
671 5681 804 5736 nihil
833 5681 957 5736 inde
987 5683 1081 5736 tibi
1108 5684 1198 5748 sit,
1228 5684 1374 5754 quia,
1407 5685 1508 5738 etsi
1543 5686 1726 5756 despe-

151 5768 282 5833 rati,
327 5779 504 5826 tamen
528 5771 692 5826 verbo
717 5786 908 5834 curas;
960 5770 1040 5824 vel
1084 5787 1180 5840 pro
1217 5772 1376 5827 nullis
1414 5789 1598 5828 eorum
1627 5791 1738 5830 me-

152 5857 298 5925 ritis,
343 5860 436 5916 sed
474 5861 640 5932 gratis
679 5877 773 5931 per
807 5863 1080 5932 pietatem.
1129 5862 1188 5916 In
1232 5863 1310 5916 ira
1347 5863 1566 5933 populos
1617 5883 1737 5920 con-

1914 4761 2080 4820 Vsns.
2113 4763 2199 4816 15.
2229 4794 2300 4803 -
2340 4763 2600 4844 Quoniam
2647 4764 2904 4834 eripuisti.
2944 4763 3152 4836 (ωδε.)
3208 4761 3304 4820 Vel
3355 4764 3423 4819 de

1843 4850 2026 4907 futuro
2045 4862 2236 4946 potest
2263 4854 2433 4923 accipi
2468 4854 2564 4918 sic,
2611 4864 2743 4920 etc.,
2788 4872 2951 4926 usque
2998 4857 3067 4910 ad
3114 4855 3206 4911 ubi
3254 4857 3422 4912 etiam

1843 4943 2082 5023 perfecte
2109 4943 2218 5000 Deo
2239 4945 2437 5026 placet,
2467 4945 2608 5000 unde
2638 4945 2786 5000 addit
2813 4965 2824 4999 :
2859 4945 2926 5000 Ut
2953 4947 3211 5017 placeant,
3239 4954 3344 5002 etc.

2384 5080 2705 5163 PSALMUS
2741 5081 2872 5136 LVI.

1919 5216 2078 5290 Vsus.
2099 5216 2289 5272 l.—In
2302 5217 2662 5288 ﬁnem.(Avc.)
2683 5215 2927 5272 Psalmus
2944 5216 3012 5272 de
3028 5217 3421 5274 resurrectione

1842 5323 1899 5369 et
1918 5312 2166 5384 passione
2194 5301 2716 5406 brevitcriil‘gg‘agit
2737 5309 2984 5380 psalmus
3007 5325 3088 5373 ne,
3119 5315 3195 5374 tu,
3224 5307 3418 5374 Pilato,

1843 5404 1928 5458 vel
1959 5411 2013 5457 tu
2058 5393 2364 5472 quicunque
2388 5441 2402 5467 ,
2430 5393 2732 5471 cor'rumpas
2776 5399 2966 5464 David,
2999 5409 3128 5465 etc.,
3167 5401 3417 5472 negando

1842 5507 2043 5564 regem.
2077 5485 2202 5562 quia
2236 5491 2414 5545 tectus
2445 5505 2610 5545 carne
2642 5489 2776 5558 fugit
2809 5504 2839 5542 a
2868 5489 3173 5559 cognitione
3207 5487 3419 5544 Jud:eo-

1843 5603 1962 5642 rum
2004 5585 2192 5658 t_lbid.)
2221 5584 2410 5640 Nullus
2436 5585 2620 5640 titulus
2646 5583 2937 5651 inscriptus
2965 5593 3047 5639 est
3069 5584 3259 5643 David.
3285 5597 3417 5652 etc.,

1843 5697 2003 5751 usque
2028 5680 2095 5734 ad
2123 5679 2213 5734 ubi
2248 5677 2406 5732 latuit
2429 5677 2677 5732 Christus
2704 5675 3008 5745 incognitus
3034 5674 3255 5731 Judzeis.

1915 5771 2076 5826 Vens.
2117 5771 2174 5825 2.
2211 5770 2547 5824 —Miscrere
2607 5768 2724 5820 mei.
2789 5767 2993 5838 ((ΖΑςδ.)
3041 5767 3306 5840 Propheta
3366 5770 3418 5825 in

1843 5881 2070 5935 persona
2122 5863 2351 5928 Domini,
2384 5861 2510 5931 quia
2559 5860 2609 5914 in
2667 5877 2730 5915 eo
2765 5862 3043 5926 Dominus,
3073 5862 3227 5932 quasi
3279 5862 3417 5917 inter
