3982 6352
545 417 646 472 921

1045 410 1435 467 WAIAFle
1476 411 1725 467 STRABI
1766 411 1949 467 FULD
1991 413 2152 468 MON.
2195 413 2348 469 OPP.
2391 409 2569 478 PARS
2607 415 2649 481 Ι.
2689 446 2757 457 -—-
2796 416 3252 483 THEOLOGICA.

3711 426 3815 483 9‘28

541 529 705 596 mala,
752 529 1063 591 exclamat,
1093 537 1152 582 et
1192 526 1441 597 praedicit
1475 526 1874 583 liberationem.
1918 528 2122 599 (Cass)
2150 536 2198 594 Α
2227 542 2354 583 caro
2393 528 2596 590 Christi
2633 533 2894 600 surrexit,
2932 544 3065 601 etc.,
3111 553 3274 607 usque
3304 540 3376 593 ad
3403 542 3650 596 surrexit
3684 557 3817 615 ergo

540 623 793 681 Christus
824 620 1119 685 secundum
1140 619 1479 690 quod'homo
1513 629 1652 684 orat,
1683 621 1750 676 de
1774 620 2024 691 passione
2044 621 2119 675 ita

542 714 784 781 humilis,
806 724 868 768 ut
889 729 1030 769 unus
1054 713 1122 768 de
1147 712 1398 779 ﬁdelibus
1424 713 1661 769 clamare
1692 721 1931 784 putetur.
1972 712 2039 775 Et
2062 712 2120 766 in

544 807 752 862 umbra.
776 804 894 862 Vox
932 805 1179 876 corporis
1223 806 1533 877 adiungitur
1558 806 1722 875 capiti
1757 824 1769 860 :
1798 813 1855 861 et
1895 806 2120 876 loquens

546 898 603 953 in
638 910 872 967 persona
907 896 1276 962 membrorum
1303 904 1359 955 et
1390 911 1505 962 sua,
1545 895 1816 967 quomodo
1849 896 2022 967 possit
2047 894 2119 949 li-

547 987 731 1053 berari
759 988 921 1052 dicet,
958 987 1101 1053 misit
1135 985 1384 1047 Verbum.

580 1116 589 1121 '
618 1100 784 1158 Vna.
811 1099 867 1164 ι,
889 1126 960 1139 -·
979 1098 1127 1157 Misit
1161 1098 1388 1154 Verbum
1434 1100 1499 1157 de
1528 1099 1676 1155 creto.
1710 1099 1895 1171 (Auo.,
1918 1097 2118 1170 ollius.)

548 1190 629 1246 De
652 1186 864 1249 occulta
891 1187 1129 1247 essentia
1163 1203 1282 1253 sua,
1314 1198 1445 1255 etc.,
1474 1203 1637 1259 usque
1669 1187 1738 1242 ad
1776 1201 1938 1258 quem
1957 1194 2119 1258 puta-

553 1280 689 1335 bant
710 1294 773 1339 se
796 1278 1144 1337 exstinxisse.
1177 1278 1324 1346 Misit
1352 1279 1416 1333 de
1447 1278 1595 1333 creto.
1635 1277 1842 1351 (Ηιιειι.)
1876 1277 2122 1349 Diapsal-

549 1385 690 1426 mus.
713 1368 834 1424 Jam
860 1368 1099 1426 declarat
1135 1370 1267 1441 quid
1307 1371 1456 1425 misit
1484 1369 1643 1426 etde
1681 1370 1877 1440 quibus
1901 1370 2120 1439 eripuit,

548 1471 607 1517 et
629 1462 865 1533 loquitur
880 1463 932 1518 in
954 1477 1187 1533 persona
1210 1460 1596 1517 membrorum.
1619 1459 1911 1516 Liberavit.
1931 1460 2120 1533 (Ibid.)

550 1550 692 1618 Quia
722 1553 836 1624 jam
867 1551 1014 1617 Misit
1070 1550 1310 1618 Verbum,
1347 1560 1556 1608 certum
1582 1559 1688 1617 est,
1736 1552 1894 1622 quasi
1914 1552 2027 1623 jam
2054 1551 2124 1607 sit

548 1641 642 1711 qui
669 1640 927 1709 liberavit,
950 1642 1007 1705 id
1045 1650 1131 1698 est
1147 1682 1164 1707 ,
1186 1641 1436 1698 liberabit
1465 1659 1481 1695 :
1504 1649 1560 1696 et
1578 1640 1743 1706 dedit,
1766 1641 1822 1696 id
1843 1649 1950 1708 est,
1973 1641 2125 1697 dabit

546 1731 605 1786 in
642 1730 978 1802 opprobrium
1023 1730 1388 1791 conculcantes
1414 1748 1519 1786 me.
1548 1730 1696 1786 Misit
1745 1731 1908 1787 Deus.
1936 1731 2120 1804 (Δυε.)

549 1818 810 1886 Verbum,
834 1820 891 1886 in
920 1835 1027 1891 quo
1073 1820 1499 1877 misericorditer
1522 1823 1653 1893 egit,
1690 1822 1746 1877 in
1772 1838 1881 1894 quo
1907 1832 1964 1879 et
1989 1840 2120 1896 pro-

2220 617 2526 688 psalterium
2548 630 2597 675 et
2629 622 2854 691 cithara,
2876 632 2933 679 et
2960 624 3253 681 confitetur
3280 627 3529 685 Domino.

2295 708 2459 765 Vens.
2487 712 2574 766 11.
2599 742 2668 753 —
2690 713 2773 767 Ad
2796 714 2970 770 oculos.
3012 715 3205 788 (Ibid.)
3249 718 3353 787 Qui
3395 736 3569 791 supra
3610 723 3815 791 nubes,

2220 798 2313 853 ubi
2350 799 2509 856 sedes
2549 801 2883 873 angelorum,
2915 814 3045 866 .etc..
3083 823 3249 879 usque
3277 809 3351 867 ad.
3380 810 3559 869 caries
3588 812 3818 869 miseri—

2222 889 2407 947 cordia
2434 892 2701 965 ascendit.
3050 906 3059 912 ·

2746 982 2975 1041 PSALM
2985 985 3069 1044 US
3106 987 3265 1049 LVII.

2294 1069 2458 1129 Vsus.
2489 1072 2541 1126 1.
2566 1103 2638 1113 -
2664 1071 2734 1129 In
2755 1075 2915 1145 ﬁnem
2934 1090 2998 1133 ne
3038 1080 3311 1150 disperdat:
3348 1082 3527 1141 Dauid
3552 1088 3617 1143 in
3646 1087 3817 1154 tituli,

2221 1169 2334 1218 etc.
2371 1162 2569 1237 (Cass)
2598 1164 2877 1235 Monetae
2908 1170 3054 1239 .quis
3094 1170 3297 1235 Christi
3336 1190 3509 1248 regno
3534 1183 3822 1237 contr-adi-

2223 1261 2333 1315 cat.
2357 1253 2539 1311 Prima
2560 1265 2643 1321 est
2672 1257 3019 1329 exprobratio
3034 1260 3366 1332 Judasorum,
3394 1281 3469 1323 ne
3498 1268 3717 1327 similia
3738 1271 3817 1327 fa-

2225 1356 2450 1398 eramus.

2294 1431 2458 1521 Vsus.
2594 1466 2667 1476 —
2709 1436 2772 1493 Si
2817 1455 2930 1495 uere
2977 1442 3156 1515 utique
3192 1444 3464 1515 justitiam
3508 1431 3817 1521 loquimini.

2224 1519 2445 1593 (Auc,)
2489 1520 2753 1580 Omnibus
2795 1524 2954 1583 facile
3006 1537 3092 1586 est
3126 1530 3295 1602 loqui
3320 1519 3641 1605 justitiam,
3689 1551 3818 1610 etc.,

2222 1626 2387 1683 usque
2403 1610 2473 1664 ad
2497 1612 2623 1687 quia
2648 1629 2741 1669 rex
2770 1624 2951 1672 vester
2976 1632 3095 1674 sum
3113 1660 3130 1689 ,
3154 1631 3216 1677 ut
3244 1623 3431 1681 titulus
3477 1628 3563 1683 ait
3588 1644 3609 1683 :
3644 1629 3819 1689 Recte.

2221 1699 2410 1776 Judaei.
2438 1702 2518 1759 sic
2559 1703 2625 1763 de
2650 1703 2866 1769 Christo
2908 1705 3308 1787 judicaveruut,
3360 1725 3421 1791 ut
3463 1718 3607 1789 ﬁcte
3654 1719 3821 1792 deos

2224 1792 2389 1867 locuti
2420 1794 2739 1865 probentur,

548 1883 837 1976 missiones
856 1883 1127 1983 implevit.
1170 1912 1609 1981 Misericordiam,
1640 1916 1768 1986 quia
1800 1931 1868 1971 ex
1904 1916 2115 1972 miseri-

2296 1883 2459 1941 Vsns.
2487 1886 2541 1941 5.
2567 1918 2637 1928 —
2658 1887 2851 1955 Manus
2891 1903 3094 1951 vestra.
3137 1895 3247 1953 Cor
3282 1901 3537 1971 sequitur
3587 1920 3814 1963 manus:

552 2004 739 2059 cordia
781 2019 881 2075 pro
928 2005 1084 2059 nobis
1126 2013 1372 2061 mortuus
1393 2013 1495 2062 est.
1531 2002 1845 2074 Veritatem,
1876 2009 2025 2079 quia,
2054 2015 2119 2064 ut

549 2094 820 2166 praedixit,
852 2095 1112 2161 surrexit,
1150 2098 1217 2151 ad
1238 2094 1613 2166 justiﬁeandos
1648 2113 1766 2154 nos.
1813 2097 2118 2155 Misericor-

545 2186 691 2249 diam
727 2202 904 2252 suam,
927 2194 1035 2241 etc.
1085 2186 1289 2259 (Hum,
1314 2188 1477 2259 Anc.)
1511 2188 1752 2259 Utraque
1780 2190 1927 2246 enim
1960 2191 2018 2245 in
2055 2205 2136 2249 eo.

546 2276 913 2343 continentur.
951 2277 1010 2333 Si
1061 2279 1206 2335 enim
1250 2280 1366 2336 sola
1388 2280 1579 2337 fuisset
1614 2283 2006 2352 misericordia,
2052 2284 2121 2340 li-

545 2368 724 2431 centia
751 2375 899 2424 esset
928 2368 1082 2425 nobis
1109 2371 1403 2441 peccandi;
1434 2373 1483 2429 si
1495 2371 1610 2429 sola
1634 2373 1856 2441 veritas,
1889 2388 1997 2430 non
2016 2389 2121 2447 ρον

549 2459 746 2516 tuisset
768 2456 930 2519 homo
955 2461 1242 2526 sustinere.

614 2571 782 2628 Vsus.
814 2572 870 2628 5.
904 2603 976 2616 --
999 2573 1256 2630 Dormivi.
1308 2574 1524 2648 (Auc.)
1563 2576 1683 2632 Alta
1727 2576 1912 2648 quiete
1959 2575 2119 2634 facile

544 2662 906 2721 excitandus:
955 2661 1307 2720 Conturbatus
1345 2666 1623 2736 passione,
1653 2666 1894 2723 dormivi.
1947 2666 2123 2723 David

546 2766 654 2806 non
686 2750 941 2807 dormivit
980 2753 1035 2807 in
1078 2753 1357 2823 spelunca,
1389 2756 1484 2811 sed
1520 2755 1768 2812 Christus
1822 2757 1878 2812 in
1918 2766 2113 2814 morte.

548 2842 751 2915 (Cass)
801 2842 1188 2912 Conturbatus,
1234 2846 1531 2902 secundum
1579 2862 1803 2904 carnem
1846 2850 2118 2922 passionis

547 2934 807 2991 memoria
823 2944 880 2991 et
898 2937 1163 3008 angustia,
1178 2939 1349 3007 unde;
1377 2938 1562 2995 Tristis
1576 2949 1650 2995 est
1664 2941 1841 2995 animo
1856 2958 1994 3008 mea,
2008 2949 2114 2998 etc.

548 3026 619 3080 Et
642 3027 791 3099 capit
815 3025 971 3083 Iesus
994 3029 1184 3084 tradere
1219 3040 1270 3085 et
1293 3047 1495 3102 pavere.
1527 3029 1658 3104 Filii
1687 3033 1977 3088 hominum.
2013 3033 2120 3089 Re-

542 3126 675 3173 ctus
707 3118 841 3175 ordo
892 3127 1014 3175 est:
1065 3120 1160 3175 filii
1200 3120 1477 3178 hominum
1503 3123 1724 3195 laqueos
1757 3132 2110 3194 paraverunt;

545 3208 640 3261 sed
666 3206 940 3264 interserit
953 3210 1184 3279 qualiter
1198 3212 1550 3269 turbaverint.
1573 3212 1799 3285 Lingua.
1815 3212 1988 3271 Voces
2008 3215 2113 3271 illae

546 3295 836 3370 Crucifige,
872 3298 1150 3371 crucifige,
1184 3308 1241 3356 et
1281 3299 1605 3370 huiusmodi,
1661 3304 1824 3360 etiam
1875 3303 2116 3361 fecerunt

544 3398 795 3457 mortem,
824 3398 886 3446 ut
913 3390 1120 3464 gladius
1144 3401 1335 3449 acutus
1356 3393 1572 3466 (Matth.
1596 3410 1755 3463 xxvi;
1780 3395 1951 3452 Marc.
1977 3399 2112 3471 xiv).

595 3496 1445 3573 Vsas.6.—E:raltare.(Ibid.)Ex
1456 3517 1685 3574 persona
1697 3505 1974 3587 propheta:
1985 3506 2116 3563 visis

544 3587 775 3658 injuriis,
801 3590 1024 3663 visoque
1049 3593 1190 3662 quod
1229 3592 1289 3648 in
1316 3594 1716 3657 resurrectione
1749 3594 1937 3652 inanes
1984 3596 2115 3653 lacti

542 3689 669 3735 sunt
688 3679 881 3748 Judaei,
902 3680 1141 3753 gaudens
1154 3682 1423 3740 exclamat
1445 3683 1608 3741 homo
1637 3686 1692 3740 in
1713 3701 1876 3742 cruce
1909 3705 1923 3741 :
1948 3686 2116 3742 Exol-

543 3780 680 3835 tare,
696 3768 839 3823 Deus
852 3787 1026 3842 super,
1048 3771 1222 3839 caelos,
1238 3782 1296 3826 ut
1308 3771 1511 3842 judicet
1532 3773 1584 3828 in
1600 3781 1746 3830 terra
1759 3772 1990 3831 Judmos.
2009 3774 2118 3830 Ea-

541 3860 731 3913 altare.
762 3858 1053 3929 Superiora
1081 3862 1361 3931 Dominus,
1391 3865 1652 3935 propheta
1679 3865 1916 3936 quidem,
1941 3867 2035 3922 sed
2056 3868 2114 3924 in

541 3966 770 4021 persona
799 3951 1034 4019 Domini,
1064 3954 1189 4025 quia
1212 3956 1472 4012 Dominus
1499 3957 1553 4012 in
1576 3958 1836 4029 propheta
1852 3957 2109 4030 loquitur.

543 4037 770 4106 Quando
814 4038 977 4095 etiam
1031 4057 1099 4097 ex
1135 4058 1233 4098 sua
1276 4058 1507 4114 persona
1547 4045 1787 4117 loquitur
1828 4049 2108 4119 propheta,

544 4131 803 4188 Dominus
853 4147 950 4204 per
976 4149 1099 4205 eum
1146 4134 1401 4207 loquitur,
1446 4139 1538 4209 qui
1590 4139 1641 4194 ei
1696 4139 1886 4196 dictat.
1928 4138 2111 4215 (Auc.)

541 4220 817 4279 Exaltare.
856 4222 1034 4281 Verba
1063 4223 1285 4283 Christi.
1329 4226 1467 4295 Sed,
1500 4244 1534 4285 ο
1558 4229 1751 4296 Pater,
1781 4240 1912 4301 etc.,
1952 4250 2113 4315 usque

542 4313 614 4367 ad
633 4314 760 4384 quia
783 4322 928 4371 totus
948 4317 1180 4374 mundus
1207 4318 1257 4373 ei
1292 4316 1566 4389 subjectus
1591 4329 1696 4377 est.

613 4424 779 4481 Vsus.
812 4427 864 4482 7.
894 4458 966 4468 —
992 4427 1259 4502 Laqueum
1291 4443 1627 4504 paraverunt.
1655 4432 1976 4507 Interposita
2013 4452 2112 4493 ex-

543 4516 824 4584 ultatione,
858 4529 1091 4594 coeptam
1116 4523 1480 4585 uenationem
1510 4527 1844 4597 exsequitur.
1882 4526 2112 4589 Pedibus

2224 1974 2488 2057 quidquid
2514 1977 2614 2043 vis,
2647 1987 2703 2034 et
2727 1994 2833 2043 non
2860 1990 3037 2053 potes,
3064 1985 3207 2043 Deus
3227 1987 3429 2046 factum
3459 2003 3658 2061 putat.
3684 1994 3817 2051 Coa-

2224 2064 2573 2129 cinnant.Vel
2601 2074 3196 2145 connectunt,scilicet,
3222 2078 3371 2136 aliud
3391 2080 3489 2137 alii
3518 2083 3818 2158 adiungen-

2226 2165 2328 2225 tes,
2379 2166 2511 2226 etc.,
2541 2176 2704 2232 usque
2749 2162 2820 2221 ad
2851 2165 2993 2221 unde
3037 2164 3249 2240 ﬂagello
3298 2173 3365 2228 de
3401 2176 3703 2233 resticulis
3742 2194 3819 2234 er-

2223 2248 2356 2304 cidit
2391 2249 2653 2306 Dominus
2678 2262 2920 2310 ementes
2950 2264 3006 2311 et
3031 2257 3329 2316 vendentes
3349 2261 3406 2316 in
3436 2265 3685 2335 templo.

2294 2339 2454 2397 Vsus.
2476 2341 2534 2396 4.
2559 2372 2631 2382 -
2656 2342 2886 2400 Alienati
2924 2356 3046 2403 sunt
3070 2360 3366 2420 peccatores
3405 2372 3441 2408 a
3490 2358 3680 2412 vulsa.
3710 2359 3815 2425 τά,

2223 2430 2444 2488 alienati
2483 2440 2611 2491 sunt
2633 2449 2667 2497 a
2687 2435 2847 2495 vulva
2881 2437 3315 2513 Ecclesia:,etc.,
3362 2463 3540 2518 usque
3559 2450 3641 2504 ad
3664 2450 3818 2507 abor-

2223 2523 2317 2595 tivi
2337 2523 2710 2597 excutiuntur.
3472 2532 3485 2539 ’

2293 2613 2455 2670 Vens.
2486 2613 2541 2669 5.
2562 2645 2634 2655 —
2658 2614 2841 2674 Furor
2866 2620 2995 2681 illis.
3024 2621 3233 2697 (Ibid)
3251 2623 3373 2684 Non
3404 2627 3683 2688 laudatur
3710 2630 3817 2703 ipsa

2219 2719 2309 2767 res
2342 2720 2375 2760 a
2413 2703 2716 2776 Scriptura,
2762 2711 3120 2785 undecunque
3169 2715 3331 2772 datur
3384 2718 3731 2787 similitudo,
3764 2734 3818 2778 ut

2222 2797 2290 2853 de
2332 2797 2522 2871 iniquo
2555 2798 2761 2871 judice,
2788 2807 2882 2876 qui
2931 2818 3227 2880 rogantem,
3244 2811 3468 2869 viduam
3514 2816 3613 2870 vix
3662 2818 3816 2872 audi—

2220 2887 2316 2942 vit.
2342 2887 2535 2946 Surda:
2575 2901 2625 2946 et
2654 2894 2965 2952 obturantis.
2996 2898 3200 2972 (Cass)
3227 2900 3343 2965 Non
3374 2902 3559 2959 solum
3588 2921 3710 2963 non
3736 2906 3813 2963 fa-

2126 3008 2135 3016 ο
2218 2978 2389 3049 ciunt,
2415 2980 2511 3036 sed
2522 2996 2625 3039 nec
2640 2984 2830 3041 audire
2857 2987 3062 3058 volunt.
3090 2988 3272 3063 (AUG.)
3290 2989 3475 3060 Terra,
3492 2998 3815 3066 praesentia.

2217 3070 2416 3139 quibus
2435 3072 2735 3131 delectatur
2754 3077 2949 3149 homo;
2974 3081 3165 3149 cauda,
3201 3086 3505 3153 praeterita.

2288 3161 2452 3218 Vens.
2485 3164 2539 3219 6.
2583 3196 2656 3207 —
2709 3165 2938 3240 γεπεβεὶ
2985 3170 3324 3231 inéantantis.
3373 3177 3573 3252 (Ibid.)
3602 3181 3811 3240 Vetas-

2142 3283 2187 3345 ο
2216 3252 2453 3345 cundum
2507 3256 2670 3345 aliam
2717 3258 2954 3318 litteram
2984 3280 3001 3321 :
3032 3264 3404 3324 Medicamenti
3456 3274 3725 3331 πράξωί
3776 3296 3809 3331 a

2130 3342 2186 3377 -’
2218 3342 2466 3412 sapiente.
2507 3344 2958 3415 Medicamentum
2987 3354 3332 3426 medicatum,
3372 3371 3509 3431 etc.,
3544 3383 3717 3438 usque
3740 3369 3807 3423 ad

2215 3432 2306 3490 hic
2327 3444 2413 3490 est
2431 3450 2561 3509 ergo
2577 3441 2793 3510 sapiens
2814 3458 2846 3497 a
2865 3459 2971 3515 quo
2988 3448 3292 3519 medicatur
3318 3432 3801 3515 medicamentum.

2290 3523 2454 3582 Vsus.
2483 3527 2535 3582 7.
2567 3559 2637 3570 —
2655 3529 2799 3587 Deus
2836 3545 3089 3609 conteret.
3119 3540 3322 3615 (Cass)
3353 3543 3485 3611 Quae
3530 3549 3615 3612 eis
3644 3552 3803 3609 nstri-

2213 3616 2384 3683 butio.
2424 3617 2608 3691 (Αυς.)
2649 3621 2913 3694 Aspides,
2937 3625 3144 3700 Judaei,
3171 3633 3301 3689 dum
3327 3636 3597 3699 insidiosa
3636 3650 3805 3701 tenta-

2214 3707 2377 3796 bant;
2414 3708 2632 3780 leones,
2672 3713 2799 3769 dum
2836 3729 3066 3776 mortem
3108 3722 3577 3796 inclamaverunt;
3610 3732 3801 3790 horum

2217 3793 2375 3868 Molle
2395 3796 2599 3867 fraeta’,
2630 3803 2848 3871 quando
2870 3810 3106 3865 surrexit
3130 3809 3403 3871 Christus.
3436 3793 3667 3876 Dentes.
3698 3822 3800 3879 Do-

2212 3886 2329 3977 losa
2358 3891 2542 3954 verba.
2597 3891 2667 3949 In
2714 3911 2823 3951 ore.
2857 3897 3052 3958 Verbis
3084 3904 3197 3960 suis
3243 3908 3426 3977 capiet
3461 3926 3584 3967 eos.
3630 3915 3802 3971 latas

2213 3976 2419 4034 leonum
2469 3981 2758 4056 confringet
2800 3986 3079 4047 Dominus.
3108 3993 3191 4048 Ad
3228 3976 3449 4053 nihilum
3479 4000 3803 4063 evenient:

2211 4072 2629 4133 lnclamationes
2671 4081 2884 4136 mortis.
2935 4082 3260 4159 confringet,
3310 4106 3379 4157 ne
3406 4092 3493 4146 ad
3540 4092 3805 4152 θερείαις

2213 4164 2466 4232 veniant;
2501 4167 2646 4236 quod
2682 4171 2922 4242 exponit.
2950 4172 3032 4228 Ad
3070 4177 3321 4244 nihilum,
3341 4181 3553 4245 dicens.

2285 4256 2448 4312 Vsus.
2473 4256 2528 4313 8.
2564 4289 2634 4300 —-
2671 4260 2944 4335 Tanquam
2975 4283 3133 4337 aqua.
3176 4268 3405 4343 (Ibid.)
3439 4272 3803 4333 Tonantibus

2213 4347 2373 4412 etiam
2396 4363 2798 4423 comparantur,
2836 4359 2963 4427 quia
2984 4371 3239 4417 sonantes
3267 4364 3334 4418 ad
3367 4380 3502 4421 saxa
3529 4371 3803 4440 superius:

2213 4439 2489 4510 improvisi
2517 4453 2642 4509 sunt
2669 4457 2725 4501 et
2747 4449 3073 4520 praecipites,
3103 4454 3198 4509 sed
3220 4452 3330 4512 cito
3362 4439 3680 4516 transeunt.
3706 4462 3805 4518 Tot

2215 4533 2373 4593 malis
2410 4548 2815 4608 comparantur.
2846 4540 3079 4612 Intendit
3107 4562 3310 4602 arcum.
3340 4547 3605 4608 Vindicta
3632 4554 3803 4612 donec

545 4607 749 4681 (Cass)
784 4609 995 4667 Domini
1017 4620 1143 4668 sunt
1169 4615 1567 4685 increpationes
1595 4618 1881 4687 malorum,
1908 4629 1963 4676 et
1988 4636 2112 4692 pro-
2141 4640 2188 4700 υ
2215 4626 2359 4689 intus
2373 4637 2428 4683 et
2440 4607 2591 4684 extra
2620 4631 2981 4701 inﬁrmentur,
3006 4607 3062 4699 et
3082 4637 3418 4707 auferantur,
3438 4658 3472 4697 a
3498 4655 3801 4717 computa

544 4699 830 4755 missiones
855 4700 1112 4769 fidelium,
1152 4704 1348 4779 quibus
1392 4705 1540 4767 dolos
1583 4719 1918 4778 paraverunt,
1961 4723 2019 4766 ut
2043 4712 2110 4775 de
2144 4699 2162 4700 ί
2216 4718 2334 4783 Dei,
2361 4720 2511 4775 missi
2534 4721 2587 4775 in
2604 4723 2924 4794 gehennam,
2950 4699 3041 4784 hic
3066 4729 3118 4783 in
3134 4699 3415 4800 praesenti,
3438 4749 3475 4788 a
3504 4699 3668 4793 terra
3684 4755 3797 4795 sua.

541 4787 804 4842 adultera.
828 4787 1257 4859 Incurvaverunt,
1289 4794 1416 4852 dum
1441 4796 1520 4853 eis
1547 4800 1882 4870 compatiens
1908 4802 2109 4861 sterilis

542 4876 867 4933 reddebatur
903 4879 972 4934 ab
1005 4880 1104 4936 eis.
1137 4882 1272 4937 Ante
1314 4884 1503 4954 [actem
1541 4903 1709 4941 meam
1748 4887 1971 4955 foveam,
2000 4898 2107 4951 etc.

540 4964 676 5021 Dum
703 4968 759 5021 in
778 4982 841 5023 os
864 4965 982 5038 ejus
1010 4970 1264 5027 dixerunt
1290 4991 1304 5029 :
1336 4973 1482 5030 Reus
1506 4984 1591 5031 est
1624 4978 1839 5033 mortis.

611 5064 776 5123 Vsus.
805 5068 860 5124 8.
890 5100 960 5110 —
991 5068 1271 5127 Paratum.
1322 5075 1341 5145 (
1372 5074 1508 5130 Ibid.
1538 5076 1557 5148 )
1588 5077 1948 5150 Diapsalmus.
1984 5079 2110 5136 Post

539 5158 990 5215 resurrectionem
1035 5161 1220 5218 laudes
1261 5166 1546 5234 promittit.
1592 5165 1710 5235 Vel,
1743 5178 1992 5241 paratum
2039 5171 2109 5227 ad

540 5248 777 5318 agendas
805 5252 1010 5320 gratias
1034 5254 1199 5325 (quod
1226 5254 1301 5310 ibi
1326 5258 1581 5329 ostendit)
1616 5260 1859 5316 cantabo.

611 5334 776 5392 Vens.
806 5339 947 5395 9.-
965 5341 1224 5414 Exsurge.
1244 5344 1412 5414 gloria
1433 5363 1567 5401 mea.
1596 5347 1781 5419 (Ibid.)
1814 5350 1881 5405 Et
1902 5352 2045 5420 ideo,
2074 5369 2109 5410 ο

540 5440 692 5492 caro,
728 5443 847 5498 quae
868 5446 929 5485 es
952 5446 1112 5488 causa
1147 5432 1330 5502 gloriae
1352 5449 1505 5501 mete,
1532 5434 1800 5507 Exsurge,
1831 5449 2104 5510 potenter,

538 5517 695 5587 quasi
738 5519 806 5574 ad
844 5519 1162 5576 miraculum
1204 5521 1507 5581 faciendum
1555 5528 1969 5596 congratulatio,
2012 5532 2106 5602 qui

538 5615 722 5663 certus
747 5646 765 5674 ,
820 5609 963 5665 unde
1012 5610 1153 5666 idem
1211 5612 1555 5681 afﬁrmando,
1601 5618 1815 5688 repetit.
1866 5620 2107 5695 Exsurge

542 5697 686 5763 dico,
716 5699 842 5768 quia
868 5709 1050 5765 certus
1087 5720 1205 5759 sum
1254 5715 1311 5762 et
1342 5706 1408 5762 de
1463 5707 1615 5775 hora,
1671 5710 1796 5780 quia
1826 5729 2106 5786 exsurgam

539 5782 794 5841 diluculo.
839 5786 1097 5863 Exsurge,
1127 5794 1428 5865 psalterium
1458 5806 1504 5855 et
1526 5799 1744 5856 cithara.
1773 5798 1956 5877 (Auc.)
1985 5782 2105 5863 lina

2284 4807 2447 4864 Vens.
2470 4810 2557 4865 10.
2572 4843 2644 4852 -
2664 4811 2985 4887 Priusquam
3007 4821 3190 4889 spinae.
3224 4804 3411 4896 (Ibid)
3440 4826 3501 4882 Id
3525 4839 3620 4885 est
3635 4872 3653 4898 ,
3676 4848 3801 4902 pec-

2212 4910 2336 4957 cata
2365 4903 2683 4976 intelligant.
2729 4904 3050 4978 Rhamnum,
3080 4911 3264 4980 id'est,
3301 4926 3523 4973 acutam
3568 4921 3799 4977 damna-

2214 4993 2435 5059 tionem,
2477 4993 2533 5055 in
2576 4996 2819 5053 extremo
2848 4998 2986 5071 ignis
3011 5001 3260 5058 vitiorum
3301 5005 3569 5064 absorbet
3596 5026 3720 5076 eos,
3750 5013 3799 5067 id

2215 5091 2324 5147 est,
2351 5081 2595 5139 devorat.
2635 5083 2950 5143 Rhamnum.
2989 5088 3172 5147 Genus
3199 5093 3380 5163 herba;
3406 5098 3567 5166 prius
3598 5102 3795 5165 mollis,

2215 5175 2310 5229 sed
2361 5190 2481 5246 qua:
2528 5185 2651 5247 post
2699 5176 2754 5230 in
2807 5180 2992 5248 spinas
3047 5183 3267 5239 vertitur
3299 5200 3315 5240 :
3347 5186 3427 5241 sic
3463 5198 3523 5243 et
3572 5202 3795 5260 peccata

2214 5265 2373 5320 modo
2399 5265 2698 5333 delectant,
2744 5268 2839 5323 sed
2880 5279 3003 5341 post
3042 5285 3305 5347 pungunt.
3348 5276 3504 5332 Sicut
3550 5282 3791 5343 virentes,

2211 5354 2305 5417 sic,
2325 5362 2431 5417 etc.
2454 5354 2592 5421 Quia
2616 5372 2723 5412 non
2758 5374 2904 5427 vera,
2931 5364 3025 5418 sed
3058 5362 3192 5419 falsa
3219 5374 3302 5421 est
3327 5369 3632 5439 impiorum
3656 5377 3792 5428 vita:

2212 5442 2463 5499 videntur
2486 5443 2691 5513 vivere,
2714 5462 2816 5503 nec
2856 5449 3062 5507 vivunt.
3083 5451 3174 5507 Sic
3201 5454 3358 5509 inira
3398 5458 3649 5514 absorbet
3690 5480 3791 5525 eos,

2214 5532 2339 5603 quia
2365 5532 2507 5589 Deus
2542 5539 2864 5608 tranquillus
2902 5539 3113 5610 judicat
3133 5582 3150 5611 ,
3181 5544 3266 5599 vel
3294 5547 3421 5617 quia
3448 5563 3562 5604 non
3592 5561 3684 5606 est
3718 5553 3793 5605 ira

2215 5627 2617 5696 comparatione
2641 5629 2851 5688 futurae.

2285 5718 2448 5773 Vsus.
2475 5718 2530 5773 ll
2543 5758 2558 5773 .
2584 5751 2655 5760 —
2676 5719 2964 5778 La'tabitur
2966 5726 3144 5797 justus
3161 5745 3278 5783 cum
3299 5731 3483 5786 uident
3506 5734 3787 5795 uindictam

2216 5810 2421 5883 (Cass)
2454 5810 2732 5869 Corrcctio
2764 5813 3034 5885 justorum
3088 5819 3155 5876 de
3204 5821 3409 5879 ultione
3448 5824 3779 5897 iniquorum.

3955 0 3957 81 Ὺ
