3982 6352
190 378 286 432 929

1161 388 1424 444 GLOSSA
1461 393 1854 448 OHDINARiA.
1893 428 1960 436 —
2000 398 2124 453 LIB.
2163 402 2410 459 PSALM.

3303 422 3410 479 950

253 485 413 544 Vsus.
445 491 528 545 12.
561 523 630 532 ——
655 494 719 546 Et
773 497 907 552 dicet
940 501 1110 553 homo.
1165 501 1345 574 (Auc.)
1391 497 1540 562 Sicut
1593 499 1737 578 justo
1767 512 1812 568 A
1842 507 2022 584 (Anc)
2051 514 2164 569 Etsi
2192 532 2295 572 non
2323 518 2482 574 modo
2503 521 2652 576 obliti
2680 531 2966 591 sunt,cum
2989 545 3095 585 non
3115 532 3222 588 sint
3245 542 3409 594 testes

183 581 270 634 Der
293 580 495 648 judicio
537 583 614 647 lit,
645 596 776 650 etc.,
807 604 968 659 usque
991 591 1059 643 ad
1081 600 1134 645 et
1163 595 1289 662 quia
1319 596 1456 665 ignis
1483 601 1733 659 absorbet

179 671 364 737 malos,
386 687 514 742 ergo
547 685 630 728 est
655 675 796 730 Deus
815 677 1067 746 judicans
1087 699 1174 736 eos
1197 686 1252 738 iu
1284 693 1444 740 terra.

671 765 988 824 PSALMUS
1049 771 1223 827 LVlll.

245 851 404 905 Vens.
454 854 504 907 l.
531 854 689 908 ——ln
727 857 909 935 linem.
932 875 1012 913 ne.
1047 861 1244 936 (Cass)
1295 865 1518 923 Frustra
1562 877 1734 928 tentat

171 943 359 1013 aliquis
400 945 710 1016 disperdere
751 952 893 1019 quod
939 955 1092 1008 toties
1128 955 1306 1010 divina
1351 961 1600 1027 prohibet
1629 979 1727 1017 au-

170 1035 406 1089 ctoritas.
441 1036 524 1090 Nc
572 1039 860 1108 disperdas.
910 1042 1088 1113 (Auc.)
1135 1045 1265 1100 Cum
1315 1048 1518 1104 Pilatus
1554 1053 1724 1108 dixit:

172 1121 320 1186 Quod
346 1126 550 1194 scripsi,
582 1129 786 1198 scripsi,
830 1139 957 1196 etc.,
999 1137 1263 1203 usqueaad
1299 1147 1354 1192 et
1397 1139 1594 1196 famam
1632 1144 1728 1198 ha-

166 1213 291 1270 bere
325 1215 374 1269 in
404 1217 651 1273 omnibus
684 1221 946 1288 gentibus.
987 1223 1184 1296 (Csss.)
1219 1225 1348 1282 Orat
1382 1231 1555 1298 primo
1595 1233 1726 1288 libe-

166 1305 271 1358 rari
317 1308 650 1364 ascendendo
693 1310 760 1363 ab
791 1311 914 1367 imis
946 1314 1014 1367 ad
1057 1314 1204 1369 alta:
1249 1325 1369 1372 orat
1417 1321 1576 1375 etiam
1626 1339 1724 1392 pro

163 1395 329 1449 salute
372 1398 652 1466 gentium.‘
678 1399 858 1472 (Αυα.)
901 1403 1159 1472 Loquitur
1195 1407 1284 1462 hic
1324 1409 1530 1482 integer
1569 1413 1722 1470 Chri-

159 1493 294 1550 stus,
343 1487 545 1543 scilicet
588 1501 747 1561 caput
779 1503 834 1548 et
869 1510 1082 1564 corpus.

229 1573 387 1629 Vens.
427 1579 482 1632 2.
510 1581 783 1652 —Eripe.
825 1584 1012 1657 (Ibid.)
1057 1587 1193 1642 Dum
1232 1592 1323 1660 qui
1361 1594 1478 1650 sine
1511 1597 1719 1653 macula

158 1671 262 1728 est,
307 1666 407 1722 hoc
449 1670 604 1737 petit,
643 1673 769 1741 quid
805 1679 1110 1732 necessario
1149 1687 1415 1749 petamus,
1458 1688 1744 1742 ostendit.’

155 1752 232 1806 De
250 1755 488 1812 inimicis.
517 1759 717 1832 (Cass)
745 1762 982 1830 Quatuor
1007 1783 1201 1837 genera
1227 1780 1351 1825 sunt
1375 1773 1714 1830 adversario-

1837 596 1968 668 legis
1996 609 2047 654 et
2073 605 2266 659 mortis
2289 607 2509 663 Christi.
2552 609 2620 664 In
2641 612 2827 666 uirtute
2848 624 2959 669 tua.
2987 617 3122 684 Quia
3152 631 3205 676 tu
3229 623 3404 692 fortis,

1833 700 1938 781 non
1964 687 2084 756 ipsi.
2113 691 2321 762 Depone
2341 733 2358 759 ,
2402 695 2478 750 ibi
2509 697 2610 752 fuit
2631 702 2972 768 opprobrium
2997 709 3262 766 omnibus.
3287 687 3406 781 Vel,

1832 775 2037 845 depone
2068 795 2162 836 eos
2205 783 2260 838 in
2289 799 2356 840 eo
2387 786 2531 854 quod
2566 788 2691 842 mali
2721 801 2864 857 sunt,
2901 802 2961 848 ut
2985 796 3113 852 boni
3139 814 3359 872 surgant

1830 877 1889 922 ut
1915 870 1967 924 in
1995 870 2183 937 Paulo,
2208 876 2334 944 quia
2361 894 2468 932 non
2495 890 2739 951 surgeret
2763 881 2982 954 Paulus,
3003 888 3104 944 nisi
3133 870 3285 961 prius
3309 910 3406 950 ca-

1830 958 1980 1014 deret
2004 959 2197 1017 Saulus
2227 963 2362 1034 (Act.
2397 967 2497 1038 ιχ).

1899 1048 2062 1106 Vens.
2093 1054 2180 1119 15,
2212 1054 2382 1108 14.-
2405 1057 2660 1113 Delictum
2688 1062 2793 1116 oris
2817 1080 3018 1120 eorum.
3055 1066 3239 1141 (Ibid.)
3272 1069 3388 1128 Non

1826 1153 1942 1204 eos,
1964 1141 2058 1195 sed
2078 1142 2324 1198 delictum
2349 1147 2532 1201 occide
2551 1190 2564 1213 ,
2589 1157 2668 1214 ut,
2695 1154 3069 1210 resuscitatum
3097 1173 3254 1227 quem
3279 1176 3404 1230 per-

1825 1228 1954 1285 dere
1986 1232 2290 1300 voluernnt,
2324 1248 2574 1306 paveant.
2613 1239 2814 1313 (Cass)
2854 1243 2920 1297 Et
2945 1228 3400 1318 comprehendan-

1823 1331 1910 1375 tur
1953 1328 2230 1394 conversi;
2278 1331 2401 1398 quia
2445 1330 2648 1388 l'actum
2696 1350 2903 1403 eorum,
2943 1348 3072 1406 etc.,
3118 1359 3280 1414 usque
3328 1347 3401 1402 ad

1823 1411 2030 1470 facinus
2063 1423 2192 1472 vero
2227 1419 2424 1474 delevit
2459 1423 2634 1476 venia.
2676 1423 2743 1477 In
2769 1427 3030 1496 superbia.
3078 1411 3258 1504 (Αυὰ.)
3297 1431 3400 1488 διι-

1819 1503 2002 1572 perbia
2031 1521 2210 1562 comes
2237 1518 2319 1564 est
2347 1511 2559 1566 invidiae
2589 1531 2600 1566 :
2631 1528 2728 1568 nec
2767 1514 2883 1570 ﬁeri
2911 1527 3088 1585 potest
3117 1529 3176 1575 ut
3209 1503 3398 1593 snper-

1818 1595 1920 1650 bus
1944 1613 2050 1652 non
2078 1598 2312 1655 invideat
2343 1620 2356 1654 :
2386 1603 2527 1658 unde
2553 1613 2608 1658 et
2635 1606 2878 1663 diabolus
2916 1610 3118 1666 invidet
3159 1614 3385 1670 homini.

1817 1685 1886 1740 Et
1908 1687 1971 1740 de
1989 1692 2356 1746 exsecratione.
2390 1692 2488 1748 Vel
2529 1695 2830 1763 maledicto,
2855 1701 2997 1768 quod
3026 1704 3256 1770 putastis
3282 1720 3395 1759 ma-

1816 1773 2089 1841 ledictum,
2112 1785 2242 1844 etc.,
2263 1795 2426 1850 usque
2450 1782 2519 1835 ad
2545 1783 2670 1851 quia
2696 1784 2749 1838 in
2783 1786 2866 1840 his
2893 1787 3213 1857 deprehensi
3239 1801 3384 1848 sunt.

154 1859 288 1910 rum,
325 1856 428 1902 etc.
449 1891 462 1914 ,
497 1863 657 1921 usque
693 1855 761 1907 ad
793 1856 860 1909 de
882 1857 966 1912 his
990 1873 1118 1928 ergo
1141 1861 1216 1915 ait
1247 1879 1260 1914 :
1287 1862 1446 1934 Eripe
1471 1883 1572 1930 me,
1601 1875 1708 1923 etc.
1741 1885 1788 1944 Β
1816 1867 2279 1924 Annuntiabuntur
2298 1873 2354 1925 in
2377 1875 2834 1930 consummatione.
2854 1855 2977 1944 Vel,
2995 1882 3391 1938 annuntiabun—

221 1933 380 1991 Vens.
408 1938 766 1998 4.—-Fortes.
801 1944 980 2016 (Auc.)
1013 1947 1188 2003 Etiam
1220 1959 1364 2018 sunt,
1398 1955 1488 2022 qui
1515 1970 1716 2024 praesu-

151 2035 298 2081 munt
324 2029 388 2082 de
407 2029 614 2099 justitia
642 2047 758 2098 sua,
789 2044 893 2091 etc.
915 2078 928 2102 ,
956 2055 1114 2109 usque
1139 2041 1208 2095 ad
1237 2043 1332 2097 sed
1359 2058 1624 2112 sperantes
1658 2049 1715 2104 in

149 2117 334 2171 diuitiis
356 2119 738 2188 prtet'aluerunt
765 2125 820 2178 in
849 2126 1074 2180 vanitate
1101 2145 1219 2183 sua.

219 2206 376 2262 Vsus.
403 2209 457 2263 5.
485 2237 552 2250 -κ
573 2211 849 2284 lniquitas.
881 2215 1080 2290 (Cass)
1106 2219 1460 2280 Malivolentia
1489 2241 1504 2280 :
1529 2245 1710 2298 pecca-

147 2307 272 2362 tum,
301 2300 497 2368 operis.

216 2391 373 2450 Vens.
413 2394 464 2451 6.
481 2417 550 2438 '—-
568 2395 822 2471 Exsurge.
859 2399 1040 2474 (Δυο.)
1063 2400 1198 2472 Quia
1225 2404 1460 2464 dormire
1487 2408 1705 2470 videris.

145 2485 211 2541 In
234 2504 517 2544 occursum.
548 2490 710 2557 Quasi
732 2509 892 2548 curro
916 2497 982 2550 ad
1011 2507 1062 2551 te
1087 2500 1342 2555 merendo
1365 2517 1378 2552 :
1406 2500 1473 2554 Et
1503 2511 1578 2566 tu,
1609 2520 1706 2558 oc-

141 2597 297 2636 curre
326 2584 476 2648 mihi,
511 2585 564 2638 id
596 2593 706 2650 est,
751 2587 911 2642 redde
942 2599 1041 2658 pro
1077 2591 1292 2646 merito.
1343 2591 1490 2646 Vide.
1516 2593 1704 2666 (Ibid.)

141 2671 198 2726 ld
235 2681 333 2738 est,
373 2672 455 2729 fac
489 2675 656 2730 videri
692 2679 958 2746 quomodo
983 2681 1050 2735 ad
1079 2689 1133 2736 te
1166 2697 1344 2748 curro,
1380 2695 1508 2747 etc.,
1543 2702 1704 2757 usque

139 2765 208 2816 ad
234 2775 509 2836 postquam
537 2768 715 2824 vidisti
745 2786 830 2826 me
860 2773 1017 2839 mori,
1043 2774 1220 2830 credis
1240 2789 1326 2830 me
1349 2775 1488 2845 patri
1517 2791 1698 2846 aequa-

136 2855 260 2910 lem.

207 2949 368 3005 Vsus.
388 2951 440 3006 7.
456 2983 524 2991 —
539 2953 924 3008 Convertentur.
943 2956 1142 3027 (Cass)
1159 2958 1513 3029 Diapsalmus.
1536 2963 1698 3019 Orata

131 3041 274 3097 salus
299 3044 536 3113 gentium
555 3042 868 3110 afﬁrmatur,
890 3055 944 3099 et
961 3055 1184 3101 oraturo
1201 3046 1504 3105 Iudaeorum
1527 3052 1695 3106 salus.

127 3130 211 3184 Ad
232 3148 512 3200 vesperam,
539 3132 594 3187 id
617 3141 718 3196 est,
749 3133 920 3188 serius
941 3143 1061 3204 post
1088 3137 1457 3194 ascensionem
1483 3148 1538 3194 et
1561 3141 1694 3196 mis-

1820 1969 1908 2014 tur
1943 1964 2449 2030 consummationes,
2487 1966 2539 2020 id
2581 1975 2692 2031 est,
2735 1968 3116 2037 praedicabitur
3156 1971 3224 2025 ab
3246 1972 3392 2041 Apo-

1815 2052 1970 2107 stolis
1994 2070 2006 2105 :
2033 2052 2138 2107 Ubi
2161 2055 2452 2111 abundavit
2469 2056 2720 2112 delictum
2741 2060 3144 2116 exercitationis
3167 2070 3221 2118 et
3239 2077 3391 2118 men-

1813 2141 1973 2205 dacii,
2001 2144 2455 2212 superabundavit
2490 2147 2659 2217 gratia
2699 2147 3078 2217 perfectionis;
3125 2160 3180 2206 et
3220 2152 3389 2222 perti-

1811 2233 1926 2285 nuit
1952 2233 2018 2286 ad
2048 2233 2368 2288 medicinam
2407 2236 2721 2294 humilitatis
2772 2249 2827 2294 et
2855 2241 3185 2298 inﬁrmitatis
3212 2244 3386 2298 homi-

1809 2321 1910 2374 nis.
1961 2319 2029 2373 In
2068 2322 2147 2374 ira
2185 2325 2663 2380 consummationis.
2712 2327 2808 2382 Est
2853 2330 2998 2384 enim
3030 2330 3145 2396 ira,
3181 2331 3233 2385 id
3275 2341 3380 2398 est,

1806 2409 2038 2466 vindicta
2065 2410 2160 2468 Dei
2183 2416 2660 2485 consummationis,
2688 2419 2812 2489 quia,
2839 2419 3126 2492 aliquando
3149 2423 3385 2480 vindicat

1808 2505 1948 2560 Deus
1975 2546 1988 2570 ,
2027 2514 2085 2560 ut
2119 2509 2394 2578 perﬁciat;
2425 2521 2508 2566 est
2546 2521 2598 2568 et
2632 2519 3033 2587 consumptionis
3056 2529 3116 2574 ut
3144 2535 3266 2576 cum
3297 2523 3381 2577 di-

1805 2603 1892 2650 cet
1915 2595 2036 2662 :lte,
2060 2597 2343 2664 maledicti,
2370 2602 2422 2654 in
2453 2603 2620 2671 ignem
2647 2615 2916 2661 teternum.
2948 2608 3017 2662 Et
3043 2611 3226 2665 scient.-
3266 2611 3379 2666 An-

1804 2693 1886 2740 tea
1917 2687 2062 2741 enim
2091 2686 2223 2756 justi
2251 2684 2352 2746 sibi
2377 2692 2692 2748 videbantur
2714 2694 2882 2751 Judaei
2913 2713 2930 2750 :
2955 2700 3048 2753 sed
3077 2702 3382 2756 ostenditur

1800 2775 1910 2839 eis,
1955 2779 2095 2845 quod
2129 2793 2233 2832 non
2270 2783 2385 2834 sine
2417 2781 2664 2849 Christo,
2699 2785 2790 2855 qui
2821 2787 3128 2844 dominatur
3168 2788 3333 2846 Iacob
3362 2811 3376 2846 :

1798 2871 1854 2916 et
1888 2865 2128 2935 deposita
2151 2869 2440 2938 superbia,
2467 2871 2643 2927 sciunt
2665 2889 2724 2929 se
2751 2889 2910 2944 pares
2935 2879 3214 2948 gentibus,
3243 2883 3370 2952 quia

1797 2969 1985 3010 omnes
2017 2971 2393 3026 peccaverunt.

1881 3046 2046 3100 Vsus.
2089 3048 2175 3102 15.
2209 3079 2280 3089 -
2311 3049 2686 3107 Convertentur
2729 3056 2798 3109 ad
2839 3074 3120 3128 vesperam.
3165 3063 3367 3134 (Cass)

1803 3133 2157 3205 Diapsalmus.
2203 3138 2510 3194 Allirmatnr
2537 3143 2680 3197 'salus
2699 3144 3027 3218 Iudaeorum,
3057 3159 3112 3204 et
3140 3133 3368 3224 utroque

127 3235 245 3275 sum
279 3219 556 3290 Spiritum,
589 3231 730 3288 etc.,
760 3240 920 3294 usque
947 3225 1014 3278 ad
1038 3224 1224 3294 jejuno
1251 3227 1335 3282 bis
1368 3229 1421 3283 in
1452 3230 1695 3285 sabbato.
1727 3243 1771 3306 ο
1803 3226 2008 3292 pariete
2033 3226 2256 3282 collecto
2289 3238 2466 3296 grates
2496 3242 2746 3301 aguntur.

124 3309 503 3368 Circumibunt.
543 3313 724 3385 (Αος.)
755 3315 993 3371 Munient
1017 3318 1286 3374 Ecelesias
1310 3331 1495 3375 contra
1520 3323 1695 3378 barre-

123 3406 258 3460 ticas
302 3405 746 3476 impugnationes.
791 3407 877 3475 Et,
913 3423 1041 3464 ecce
1071 3409 1125 3464 in
1161 3410 1448 3468 manifesto
1474 3413 1695 3485 loquen-

123 3507 233 3552 tur.

198 3588 353 3642 Vens.
381 3589 434 3644 8.
459 3621 528 3629 —
551 3590 616 3644 Et
642 3589 868 3661 gladius.
902 3591 972 3648 Ut
1002 3601 1238 3649 mactent
1264 3603 1318 3650 et
1346 3597 1704 3668 manducent.

117 3675 382 3741 Quoniam
410 3680 525 3749 quis
559 3681 801 3735 audivit?
838 3681 999 3748 Quasi
1029 3682 1235 3749 nullus,
1274 3685 1348 3740 ita
1374 3701 1562 3742 omnes
1591 3689 1718 3746 mi—.

113 3767 398 3830 rahuntur,
423 3776 554 3833 etc.,
579 3785 742 3840 usque
771 3771 840 3823 ad
865 3772 930 3825 ad
954 3771 1177 3825 nihilum
1203 3773 1434 3829 deduces
1457 3775 1539 3828 vel
1568 3791 1691 3831 con~

110 3864 313 3910 vertes.
375 3855 615 3912 Gladius.
665 3857 852 3930 (Ibid.)
890 3858 989 3914 Hic
1021 3868 1103 3915 est
1137 3861 1346 3931 gladius
1382 3864 1466 3918 bis
1501 3873 1690 3922 acutus

109 3955 342 4017 utroque
370 3949 612 4005 incidens
640 3949 1002 4017 Testamento,
1026 3967 1132 4021 quo
1157 3961 1363 4008 mactat
1381 3954 1572 4010 Petrus
1603 3973 1689 4012 re-

104 4037 260 4106 ptilia
283 4038 384 4093 sibi
409 4040 464 4094 in
493 4040 642 4096 disco
677 4050 916 4107 ostensa,
963 4043 1177 4112 quando
1223 4044 1426 4102 dictum
1465 4053 1549 4102 est
1583 4049 1634 4102 ei
1667 4066 1682 4108 :

105 4129 301 4199 Surge,
328 4129 499 4198 Petre,
519 4141 691 4186 macta
711 4143 757 4186 et
782 4133 1063 4188 manduca.
1423 4179 1450 4204 α
1677 4183 1685 4194 .

177 4218 346 4272 Vens.
387 4220 806 4277 9.—Deridebis
843 4240 935 4276 eos
965 4224 1033 4278 ad
1067 4225 1304 4280 nihilum.
1347 4226 1534 4301 (Ibid.)
1577 4229 1682 4284 Eos

98 4307 370 4372 dicentes,
412 4307 542 4374 Quis
579 4311 774 4365 audiuit
798 4313 822 4365 ?
847 4316 1057 4382 quare?
1093 4315 1228 4382 Quia
1259 4334 1356 4387 pro
1390 4319 1556 4374 nihilo
1586 4322 1681 4375 ha-

95 4399 253 4452 bebit
297 4409 612 4456 convertere
659 4418 849 4459 omnes
880 4415 1086 4474 gentes,
1115 4409 1238 4476 quia
1275 4425 1465 4466 omnes
1491 4422 1682 4483 gentes

99 4489 434 4547 Christianae
465 4493 658 4549 futura:
683 4505 838 4560 sunt;
881 4507 934 4551 et
961 4499 1160 4565 dicitis,
1190 4501 1310 4569 quis
1336 4503 1575 4556 audivit?

167 4580 342 4638 Vsus.
374 4583 462 4638 10.
484 4616 554 4625 -
576 4583 957 4643 Fortitudinem
994 4606 1161 4644 meam
1194 4593 1262 4645 ad
1292 4602 1340 4646 te
1363 4595 1677 4661 custodiam,
1707 4591 1757 4650 Ῐ)

85 4673 222 4741 quia
259 4673 401 4728 Deus
435 4687 700 4746 susceptor
730 4695 872 4732 meus
903 4697 975 4744 es,
999 4679 1159 4738 Deus.
1195 4681 1380 4754 (Ibid.)
1411 4685 1523 4740 Etsi
1555 4703 1677 4756 pos-

83 4781 209 4819 sem
263 4767 492 4835 perdere
532 4767 766 4834 Juda'os,
813 4772 905 4839 qui
948 4771 1223 4827 irruerunt
1252 4775 1306 4828 in
1347 4791 1432 4829 me
1469 4775 1675 4842 fortes;

83 4856 356 4924 permitto
387 4866 564 4912 tamen
595 4873 688 4913 eos
712 4860 910 4925 vivere,
945 4874 1168 4918 servans
1202 4863 1569 4922 fortitudinem
1607 4869 1674 4924 ad

82 4953 164 5008 te,
198 4943 252 4998 id
284 4955 388 5010 est,
419 4948 486 5001 ad
518 4957 661 5002 tuam
693 4950 1117 5019 dispositionem.

159 5031 331 5090 Vnus.
361 5035 448 5090 η.
471 5068 541 5076 —
561 5035 815 5094 Ostendit.
838 5040 891 5110 (I
895 5041 1026 5112 bid.)
1050 5043 1224 5108 idest,
1249 5056 1501 5114 quantam
1527 5048 1673 5105 circa

75 5138 175 5178 me
207 5127 410 5181 habeat
435 5129 858 5183 misericordiam
888 5132 1273 5188 demonstravit
1303 5135 1431 5190 mihi
1463 5137 1516 5191 in
1545 5138 1671 5203 illis,

73 5216 235 5268 circa
264 5231 401 5286 quos
429 5233 533 5271 non
553 5219 736 5285 habet;
761 5222 902 5276 unde
916 5222 1204 5293 Apostolus
1228 5243 1240 5279 :
1267 5224 1528 5281 Sustinuit
1552 5247 1673 5284 vasa

69 5305 179 5357 ἔγω
209 5314 364 5372 apta,
391 5316 438 5360 et
464 5307 531 5360 ad
564 5310 848 5375 interitum,
871 5311 925 5364 in
949 5310 1111 5365 multa
1139 5314 1411 5382 patientia,
1442 5325 1494 5368 ut
1518 5328 1668 5372 notas

68 5396 286 5463 faceret
321 5399 531 5452 divitias
563 5417 686 5455 suas
721 5404 775 5455 in
807 5420 931 5457 vasa
963 5406 1333 5460 misericordiae
1367 5407 1544 5477 (Rom.
1568 5409 1666 5476 is).

68 5486 168 5539 Ne
201 5489 438 5543 occidas.
477 5491 659 5546 Potest
684 5493 749 5548 de
775 5492 974 5550 Judaeis
1007 5495 1200 5564 accipi,
1232 5507 1362 5561 etc.,
1403 5514 1562 5568 usque
1600 5501 1669 5554 ad

64 5577 394 5632 ostenditur
423 5595 543 5649 qute
564 5581 930 5638 misericordia
959 5583 1028 5638 sit
1047 5585 1273 5639 insertis.
1304 5585 1504 5657 (Cass)
1530 5587 1670 5642 Con-

65 5667 354 5724 sideranti
387 5671 514 5740 quid
541 5672 607 5727 de
629 5673 709 5728 eis
729 5674 800 5728 sit
822 5676 1082 5744 agendum
1102 5713 1116 5742 ,
1149 5678 1193 5732 si
1224 5693 1330 5733 non
1360 5679 1468 5733 sint
1502 5689 1667 5737 testes

65 5759 216 5830 legis
258 5770 316 5818 et
358 5765 548 5822 mortis
603 5765 819 5824 Christi.
889 5766 970 5823 Ne
1006 5770 1216 5838 quando
1275 5770 1659 5828 obliviscantur.

1871 3313 2032 3370 Vsus.
2062 3316 2229 3370 16.-
2253 3317 2680 3376 Murmurabunt.
2720 3323 2906 3398 (Ibid.)
2932 3327 3048 3395 Vel,
3073 3347 3371 3386 murmura-

1796 3404 1942 3470 bunt,
1967 3405 2019 3460 id
2041 3414 2148 3471 est,
2175 3407 2447 3474 dolebant,
2481 3412 2620 3478 quod
2654 3413 2816 3468 etiam
2857 3432 2999 3472 nunc
3039 3426 3245 3474 tantum
3286 3423 3369 3475 di-

1793 3501 2143 3562 spergentur;
2174 3495 2277 3560 vel,
2301 3499 2710 3555 ,murmurabunt
2737 3513 2922 3559 contra
2951 3506 3154 3578 pigros,
3180 3509 3232 3563 id
3258 3523 3362 3576 est,

1793 3581 2146 3652 increpabunt
2173 3583 2308 3639 alios
2340 3586 2584 3644 nolentes
2612 3591 2852 3647 credere.

1863 3673 2024 3728 Vnus.
2077 3676 2160 3730 l7.
2185 3676 2385 3747 —Ego
2423 3689 2619 3733 autem.
2661 3681 2849 3756 (Ibid.)
2889 3686 3238 3746 Concluditur
3274 3692 3364 3748 hic

1789 3765 2044 3834 psalmus,
2071 3767 2160 3821 ubi
2189 3777 2416 3838 utroque
2452 3772 2658 3841 pariete
2685 3774 2737 3828 in
2761 3777 2998 3847 angulari
3035 3779 3208 3852 lapide
3236 3798 3364 3838 con-

1782 3855 1968 3924 juncto
1984 3857 2098 3928 jam
2131 3867 2238 3913 tota
2264 3859 2502 3916 Ecclesia
2529 3865 2742 3930 gaudet.
2775 3867 2844 3919 Et
2869 3868 3128 3925 exaltabo.
3159 3872 3358 3929 Trans-

1787 3948 1922 4002 actis
1966 3947 2294 4018 temporibus
2337 3967 2462 4006 eum
2509 3968 2616 4008 nos
2662 3957 2845 4012 saeculi
2885 3961 3182 4027 transierit,
3213 3972 3361 4018 utet

1785 4036 2032 4093 Christus
2065 4056 2222 4095 mane
2247 4044 2487 4098 surrex'it
2517 4062 2530 4097 :
2561 4045 2700 4100 unde
2723 4047 2804 4101 Ad
2834 4064 3096 4119 uesperum
3117 4052 3363 4108 demora-

1785 4129 1922 4182 bitur
1939 4131 2114 4198 ﬂctus,
2135 4140 2182 4184 et
2201 4131 2270 4184 ad
2294 4134 2602 4188 matutinum
2625 4134 2829 4190 ltetitia.
2854 4141 3114 4208 Apostoli,
3138 4157 3358 4212 vespere

1783 4219 2044 4275 ﬂeverunt
2073 4231 2365 4284 mortuum.
2409 4239 2564 4278 mane
2599 4225 2665 4279 ad
2704 4239 3067 4297 resurgentem
3116 4231 3356 4284 exsulta-

1781 4321 1992 4367 verunt.
2035 4311 2474 4368 Misericordiam.
2509 4314 2643 4379 Quia
2674 4322 2841 4368 totum
2865 4317 3036 4386 gratis
3063 4317 3158 4371 das
3186 4332 3200 4371 :
3232 4335 3354 4374 cum

1782 4411 1947 4464 multa
1978 4409 2191 4470 dixerit.
2229 4425 2336 4473 non
2370 4417 2548 4464 tamen
2571 4410 2749 4464 omnia
2769 4451 2785 4476 ,
2821 4411 2878 4468 in
2902 4412 3005 4468 hoc
3033 4427 3139 4468 uno
3176 4419 3354 4470 omnia

1780 4497 2204 4569 comprehendit.

2308 4635 2628 4694 PSALMUS
2687 4637 2823 4694 LIX.

1857 4764 2017 4820 Vsus.
2071 4765 2122 4818 1.
2146 4765 2304 4821 -Ιη
2339 4769 2493 4836 ﬁnem
2532 4787 2626 4839 pro
2653 4771 2753 4825 Itis.
2798 4769 2978 4843 (AUG.)
3009 4771 3068 4827 In
3109 4773 3356 4830 historiis

1781 4871 1889 4911 non
1911 4855 2125 4927 legitur.
2147 4868 2279 4922 etc.,
2302 4876 2460 4930 usque
2483 4861 2552 4914 ad
2575 4861 2846 4918 hominem
2873 4863 2940 4918 ad
2965 4863 3154 4932 ﬁdem;
3184 4874 3352 4922 terre-

1783 4963 1902 5013 nos,
1938 4958 1998 5003 ut
2026 4950 2210 5003 vivant
2244 4950 2508 5007 caelestes.

1853 5043 2054 5114 (BASIL.
2089 5051 2144 5098 et
2169 5042 2395 5114 THEOD.)
2435 5043 2560 5100 Haec
2594 5061 2780 5117 regum
2807 5047 3032 5102 historia
3066 5045 3345 5101 describit.

1777 5135 2036 5190 Prmvidct
2058 5146 2238 5192 autem
2260 5137 2512 5207 populum
2542 5142 3042 5208 praevaricaturum,
3075 5141 3344 5209 captivum

1777 5228 2147 5283 abducendum
2171 5270 2184 5294 ,
2215 5239 2270 5283 et
2299 5231 2647 5299 ptenitentem
2685 5231 3070 5287 reducendum.
3109 5230 3231 5284 ldeo
3266 5231 3348 5284 in-

1777 5317 1987 5386 scripsit
2017 5336 2028 5370 :
2059 5317 2165 5372 Pro
2197 5319 2259 5372 iis
2292 5320 2381 5389 qui
2416 5320 2773 5376 mutabuntur.
2805 5320 3128 5374 Doctrinam.
3161 5321 3344 5390 (Auc.)

1778 5407 2053 5462 Mutan'ur
2077 5410 2132 5464 in
2161 5409 2478 5476 doctrinam,
2507 5421 2636 5477 etc.,
2665 5427 2824 5481 usque
2862 5411 2929 5463 ad
2963 5407 3132 5464 Edam
3177 5420 3343 5464 terre-

1775 5515 1876 5554 nus
1904 5500 2066 5554 vitam
2094 5501 2148 5554 in
2181 5501 2475 5556 ccrlestem.
2518 5499 2586 5555 Et
2611 5502 2882 5571 percussit.
2921 5500 3052 5556 Cum
3079 5515 3345 5571 pereuss:t

1773 5589 1939 5644 Edom
1969 5590 2144 5659 gladio
2173 5593 2423 5662 spiritus,
2463 5602 2588 5654 etc.,
2635 5607 2791 5660 usque
2831 5591 2900 5644 ad
2937 5591 3092 5647 docet
3128 5591 3340 5646 beatam

1773 5698 1891 5737 esse
1934 5684 2307 5740 contritionem
2355 5700 2453 5756 per
2501 5698 2662 5752 quam
2704 5682 2893 5754 probat
2939 5683 3349 5739 commutandos.

1773 5773 1838 5828 ad
1879 5783 2097 5831 aeterna.
