3982 6352
593 415 696 472 931

1087 395 1482 456 WALAFRIDI
1525 394 1771 453 STRABI
1806 389 2008 448 FULD.
2051 385 2214 442 ΜΟΝ.
2254 388 2405 444 ΟΡΡ.
2450 388 2628 443 PARS
2667 387 2705 441 l.
2748 419 2814 430 -—
2853 386 3314 445 THEOLOGICA.
3389 439 3396 446 .

3759 389 3862 444 93!

669 522 908 578 Vsus.’5.
925 555 993 565 --
1021 526 1180 591 Deus,
1205 526 1438 595 repulisti
1465 542 1576 578 nos.
1593 524 1791 595 (Cass)
1819 521 2000 574 Primo
2021 519 2158 571 refe-

2347 502 2507 558 Vens.
2538 503 2592 557 5.
2619 531 2689 542 -
2714 501 3044 556 Inhabitabo.
3078 501 3287 572 (Cass)
3331 502 3402 558 De
3435 502 3730 558 beneﬂciis
3775 505 3862 561 Dei

594 623 788 667 runtur
810 617 1182 683 percussiones
1209 615 1363 670 facta:
1388 631 1486 684 pro
1519 615 1735 670 aeternis
1777 613 1952 683 paenis
1989 613 2162 664 vitan-

593 703 680 756 dis
709 721 720 755 :
764 702 1036 773 Repulisti.
1069 704 1124 758 ln
1152 705 1342 760 Adam.
1385 704 1454 757 Et
1471 703 1776 757 destruxisti
1796 703 1864 756 ab
1891 702 2166 754 immorta-

595 795 764 848 litate.
795 796 929 862 Quia
951 799 1118 850 iratus
1153 813 1207 850 es
1235 805 1332 865 pro
1363 799 1622 867 peccatis,
1667 805 1721 851 ct
1769 805 1946 850 tamen
1988 794 2172 846 iniser-

597 898 702 951 tus,
729 902 826 954 per
845 887 1036 954 ﬁlium,
1069 889 1148 944 sic
1193 891 1334 960 quod
1373 891 1708 945 commovisti
1740 889 1808 944 ab
1833 903 2017 943 errore
2044 905 2056 940 :
2103 885 2169 939 Et

597 976 852 1042 turbasti,
900 980 1314 1048 paenitentiam:
1370 988 1429 1035 ut
1485 985 1613 1054 ergo
1656 979 1888 1050 caepisti,
1938 978 2171 1049 perﬁce.

591 1067 744 1104 Silllil.

661 1141 826 1196 Vsus.
859 1141 994 1196 5.-
1013 1139 1317 1194 Ostendisti.
1352 1136 1536 1208 (Aue.)
1561 1136 1763 1190 Mutato
1784 1135 1930 1190 enim
1953 1112 2174 1190 homine

589 1236 643 1290 in
681 1234 894 1298 melius,
920 1242 1050 1298 etc.,
1082 1247 1242 1301 usque
1264 1230 1333 1284 ad
1364 1228 1508 1284 ferre
1535 1228 1759 1283 adven-5a
1788 1239 1962 1296 usque
2003 1226 2057 1280 in
2112 1224 2175 1278 ll-

587 1340 732 1378 nem.
772 1324 943 1376 Dura.-
976 1320 1176 1391 (CASS.)
1209 1319 1267 1374 ld
1309 1327 1412 1376 est;
1461 1318 1717 1388 temporis
1750 1316 2018 1381 miserias,
2056 1327 2175 1385 qua:

588 1417 744 1472 nobis
770 1430 867 1486 per
900 1414 1221 1469 charitatem
1249 1421 1374 1465 sunt
1400 1409 1768 1474 delectabiles,
1802 1417 1855 1463 et
1895 1424 1992 1479 per
2025 1406 2174 1461 inﬁr-

587 1508 830 1562 mitatem
867 1506 1046 1562 carnis
1077 1507 1287 1575 graires.
1351 1497 1506 1567 Vino,
1550 1500 1602 1556 id
1648 1509 1752 1566 est,
1803 1499 2170 1563 tribulatione,

586 1614 691 1666 qua
716 1606 976 1668 purgatur
1009 1593 1236 1666 patiens,
1277 1601 1340 1648 ut
1370 1592 1563 1648 vulnus
1603 1591 1772 1645 vino:
1811 1587 1968 1655 Vino,
2006 1588 2172 1660 spiri-

588 1689 738 1754 tuali,
776 1689 917 1744 unde
957 1703 1062 1744 non
1103 1686 1251 1750 vitia,
1290 1686 1386 1741 sed
1416 1683 1779 1755 compunctio.

657 1783 825 1836 Vens.
866 1781 919 1835 6.
942 1781 1220 1834 --Arcus.
1263 1777 1444 1850 (Ave)
1471 1776 1683 1842 Quanto
1719 1774 1842 1845 plus
1878 1778 2026 1830 retro
2062 1777 2176 1828 ten-

2277 593 2519 658 conlidit,
2537 601 2803 649 utcontra
2829 591 3070 664 pericula
3097 595 3284 648 mundi
3309 594 3364 648 in
3386 594 3751 650 tabernaculo
3775 595 3862 651 Dei

2275 679 2422 740 iutus
2455 685 2786 755 perseveret.
2821 683 2886 739 In
2918 685 3135 739 sa'cula.
3160 671 3454 756 Quousque
3489 686 3700 743 semul:
3743 704 3864 760 per-

2276 777 2534 847 agantur;
2570 778 2694 847 quia
2728 773 2829 833 etsi
2859 767 3013 832 multi
3054 787 3247 833 contra
3284 795 3296 831 :
3329 769 3598 849 Protegar
3635 780 3694 834 in
3737 781 3867 834 cela-

2273 865 2464 920 mento.
2496 865 2757 937 Protegar
2780 867 2835 921 in
2860 867 3145 922 velamento
3172 867 3401 923 alarum.
3432 868 3568 936 Quae
3603 886 3714 925 nec
3747 887 3866 926 one

2275 971 2414 1024 rant,
2451 970 2506 1017 et
2537 977 2751 1017 omnem
2795 962 3070 1017 laesionem
3105 971 3377 1018 avertunt.
3405 963 3466 1016 ln
3503 964 3742 1028 secula,
3771 981 3864 1018 rm

2273 1067 2417 1130 unus
2431 1052 2593 1108 homo
2622 1057 2791 1122 neque
2812 1053 2865 1106 in
2894 1051 3110 1116 saecula,
3135 1052 3230 1106 sed
3252 1052 3517 1117 Ecclesia,
3548 1067 3682 1122 qum
3707 1071 3866 1124 usque

2273 1143 2342 1198 ad
2385 1142 2543 1197 linem
2574 1143 2760 1198 mundi
2808 1132 3003 1198 abcolit
3042 1143 3097 1197 in
3129 1143 3293 1208 terra,
3333 1151 3390 1198 et
3433 1158 3729 1212 nunquam
3761 1159 3866 1198 era-

2275 1233 2488 1288 dicatur
2515 1247 2611 1303 pcr
2635 1235 2883 1289 adversa.

2345 1323 2509 1379 Vsus.
2541 1324 2670 1379 6.—-
2697 1324 2961 1391 Quoniam
2991 1335 3070 1389 tu,
3094 1325 3234 1381 Deus
3253 1343 3418 1398 meus,
3450 1327 3734 1381 exaudiui
3763 1327 3868 1380 ὁη-

2273 1415 2490 1482 tionem,
2513 1424 2619 1472 etc.
2661 1416 2850 1489 (Ibid)
2889 1417 3216 1489 Diapsa'lma;
3257 1417 3380 1473 .lam
3409 1419 3609 1474 audita
3661 1420 3734 1474 de
3773 1421 3866 1473 in.

2276 1497 2505 1562 reditate
2533 1508 2716 1563 habita
2765 1507 2846 1562 vel
2887 1507 3159 1574 habenda,
3201 1508 3462 1574 allirmat,
3491 1510 3656 1564 unde
3705 1509 3867 1563 laudes

2273 1598 2582 1669 promittit..
2609 1599 2834 1654 Dedisti.
2879 1597 2989 1654 Nec
3035 1599 3237 1665 dicam,
3282 1600 3440 1656 dabis
3470 1620 3483 1654 :
3509 1600 3668 1656 adeo
3705 1613 3868 1656 certus

2275 1703 2419 1756 sum,
2443 1691 2598 1761 quasi
2623 1689 2738 1760 jam
2765 1699 2940 1747 essem
2971 1692 3026 1746 in
3059 1691 3198 1762 ipsa.

2345 1783 2510 1838 Vens.
2562 1783 2612 1837 7.
2641 1813 2713 1824 —-
2736 1783 2860 1838 Dies
2903 1798 3061 1854 super
3104 1773 3234 1837 dies.
3264 1783 3454 1855 (Aera)
3479 1783 3778 1854 Quidquid
3805 1787 3866 1838 vis

587 1873 754 1937 ditur,
793 1879 946 1926 tanto
989 1869 1343 1940 impe‘tuosius
1371 1869 1568 1938 sagitta
1597 1868 1652 1922 in
1677 1867 1862 1938 priora
1889 1865 2088 1930 fertur,
2121 1865 2176 1921 id
2205 1855 2250 1916 Β
2278 1873 2415 1930 dicis
2448 1873 2516 1929 de
2544 1875 2866 1940 anei-nitate,
2898 1882 3028 1940 etc.,
3064 1885 3226 1938 usque
3250 1873 3320 1928 ad
3358 1875 3455 1930 sed
3491 1884 3745 1945 regnent
3767 1891 3864 1929 tau

586 1975 691 2031 est,
719 1973 922 2034 quanto
951 1963 1122 2033 magis
1163 1961 1407 2018 diﬁ‘e'rtur
1445 1963 1728 2033 judicium,
1771 1968 1921 2014 tanto
1955 1958 2173 2030 gravius

585 2063 869 2109 venturum
894 2061 996 2110 est.
1035 2053 1102 2108 Et
1133 2045 1437 2107 liberentur.
1465 2051 1668 2123 (Csss.)
1695 2049 2052 2120 Diapsalmus.
2093 2041 2169 2102 De

585 2145 902 2200 liberatione
947 2160 1110 2215 quam
1159 2151 1414 2214 precatur
1456 2153 1512 2198 et
1556 2141 1876 2207 afﬁrmatur,
1919 2154 2020 2211 pro
2063 2154 2169 2208 qua

583 2244 752 2306 grata:
794 2243 922 2290 sunt
972 2233 1369 2304 percussiones.

656 2323 822 2379 Vens.
884 2323 1278 2377 7.—Dextera
1321 2332 1434 2376 tua.
1496 2319 1676 2392 (Ᾱυᾱ.)
1728 2318 1800 2376 Ut
1844 2326 2048 2374 stemus
2102 2316 2172 2371 ad

583 2417 883 2482 dexteram,
915 2424 1044 2484 etc.,
1085 2431 1248 2486 usque
1279 2413 1348 2469 ad
1385 2415 1452 2470 de
1497 2414 1732 2469 terrenis
1769 2417 1878 2468 no‘n
1921 2403 2028 2467 nisi
2066 2410 2174 2465 uti-

583 2509 728 2565 liter.

654 2599 817 2656 Vsns.
859 2594 1174 2656 8.—Deus
1210 2596 1414 2651 locutus
1454 2605 1550 2652 est.
1604 2593 1794 2668 (Ibid.)
1835 2593 1948 2650 Hac
1974 2592 2171 2648 ﬁducia

581 2705 701 2756 oro,
734 2706 894 2760 quam
924 2691 1066 2746 Deus
1096 2690 1150 2744 in
1181 2687 1400 2743 Christo
1434 2687 1702 2758 promisit,
1734 2692 1870 2752 etc.,
1898 2699 2062 2755 usque
2101 2683 2171 2737 ad

582 2789 689 2835 vos
729 2789 814 2835 est
853 2779 1106 2834 Ecclesiae
1134 2797 1146 2831 :
1175 2777 1438 2832 La'tabor.
1498 2775 1808 2832 Sichimam.
1848 2776 2176 2846 interpreta—

583 2881 674 2928 tur
713 2873 936 2937 humeri,
968 2871 1020 2925 id
1050 2880 1158 2934 est,
1194 2884 1332 2924 onus
1368 2868 1586 2932 Christi,
1623 2877 1752 2934 etc.,
1791 2881 1951 2939 usque
1976 2867 2045 2921 ad
2081 2865 2173 2921 alii

577 2961 768 3033 jugum
823 2960 1026 3016 Christi
1073 2959 1268 3015 ferant.
1323 2956 1625 3012 Convallem
1667 2956 2172 3012 tabernaculorum:

581 3061 803 3125 propter
845 3063 974 3108 oves
1015 3047 1182 3108 Jacob
1223 3050 1402 3121 signat
1437 3049 1670 3116 Judmos,
1709 3051 1800 3121 qui
1831 3051 1996 3106 etiam
2027 3049 2164 3105 divi-

582 3146 811 3211 duntur;
838 3145 964 3214 quia
993 3144 1082 3198 alii
1106 3143 1350 3220 credunt,
1382 3143 1473 3198 alii
1505 3158 1633 3210 non,
1664 3143 1717 3199 id
1747 3150 1850 3210 est,
1879 3143 1945 3200 de
1967 3141 2168 3200 Judreis

582 3237 791 3291 habebo
818 3252 922 3290 non
953 3250 1175 3306 paucos.

652 3327 815 3382 Vens.
846 3328 898 3382 9.
916 3326 1292 3381 —-Manasses.
1333 3325 1522 3398 (Ibid.)
1548 3325 1666 3392 Vel,
1693 3325 1974 3381 ManaSses
1992 3325 2172 3382 omnis

581 3417 668 3473 ille
689 3418 800 3486 qui,
830 3416 1028 3472 oblitus
1050 3419 1249 3488 prioris
1279 3418 1419 3481 vitae,
1451 3426 1579 3482 etc.,
1609 3429 1770 3488 usque
1792 3417 1862 3472 ad
1887 3431 1905 3468 :
1927 3426 1972 3470 et
1991 3432 2175 3487 oppro-

580 3509 678 3564 brii
710 3510 977 3564 viduitatis
1016 3519 1121 3564 tua:
1155 3527 1257 3565 non
1291 3509 1667 3565 recordaberis.
1705 3509 1979 3580 Epltraim.
2040 3509 2173 3563 Fru-

579 3601 833 3656 ctiﬁcatio
854 3617 868 3656 :
891 3610 947 3657 et
967 3601 1083 3656 hiec
1107 3609 1190 3657 est
1214 3601 1470 3670 fortitudo
1493 3603 1698 3672 capitis,
1725 3602 1778 3656 id
1801 3604 1905 3667 est,
1927 3599 2128 3655 Christi
2153 3617 2167 3655 :

579 3705 806 3760 granum
831 3690 976 3745 enim
1005 3691 1246 3747 moriens
1270 3691 1525 3746 virtutem
1548 3691 1601 3745 in
1637 3706 1696 3746 se
1729 3691 1918 3756 habet,
1962 3697 2024 3744 ut
2061 3688 2172 3744 fru-

581 3789 726 3834 ctum
761 3779 985 3836 faccret.
2059 3850 2062 3853 _

652 3871 815 3929 Vens.
861 3874 1042 3928 lO.-—‘
1070 3872 1227 3928 Mo‘ab
1271 3872 1377 3928 olla
1410 3873 1519 3944 spei
1562 3879 1714 3927 metu.
1771 3869 1965 3943 (Ibid.)
2020 3870 2172 3926 Fi’ia}.

582 3961 722 4017 male
741 3971 953 4017 utentes
973 3971 1144 4032 patre,
1167 3971 1301 4026 etc.,
1327 3978 1487 4032 usque
1511 3962 1580 4016 ad
1602 3977 1726 4016 cum
1748 3961 1990 4016 Charitas
2015 3960 2171 4016 ardet

583 4059 772 4106 contra
801 4052 960 4106 ollam
987 4052 1306 4122 iniquitatis.
1335 4051 1538 4124 (Cass)
1567 4051 1722 4105 Moab
1753 4051 1860 4107 olla
1882 4051 1990 4122 spei
2018 4067 2167 4106 metu.

584 4141 680 4198 Vel
706 4158 802 4213 per
825 4141 1001 4208 Moab,
1027 4151 1157 4208 etc.,
1180 4159 1342 4214 usque
1362 4142 1433 4197 ad
1455 4141 1598 4197 unde
1618 4156 1741 4212 spes
1760 4142 1892 4197 mihi
1921 4143 2044 4196 vitae
2064 4150 2167 4197 est.

582 4230 788 4303 (Ηιειι.)
817 4230 959 4295 Olla,
989 4231 1130 4286 unde
1155 4245 1170 4285 :
1201 4229 1374 4285 Ollam
1401 4245 1701 4286 succensum
1725 4244 1819 4301 ego
1840 4230 2012 4294 uideo,
2037 4238 2168 4298 etc.,

581 4337 742 4393 usque
762 4321 832 4376 ad
859 4337 877 4376 :
900 4321 984 4377 Ab
1011 4321 1102 4376 illo
1126 4336 1257 4394 ergo
1279 4319 1685 4378 tribulationum
1707 4318 1810 4376 olla
1843 4320 1898 4375 in
1927 4320 2169 4377 Ecclesia

579 4415 788 4470 ebullit.

650 4505 813 4562 Vens.
860 4507 946 4560 ll.
967 4536 1038 4547 —
1057 4505 1328 4561 Civitatem
1363 4505 1643 4560 munitam.
1673 4503 1873 4577 (Cass)
1904 4505 2167 4560 Futuram

576 4587 897 4656 Jerusalem.
925 4598 991 4654 1η
1019 4598 1335 4664 Idumwam,
1375 4598 1430 4652 id
1463 4605 1566 4662 est,
1599 4612 1769 4667 usque
1797 4597 1863 4652 ad
1895 4608 2162 4662 terrenos,

576 4698 644 4746 ut
671 4690 892 4759 impleto
925 4704 1150 4744 numero
1172 4686 1333 4743 simul
1359 4688 1424 4742 ad
1451 4687 1839 4744 beatitudinem
1861 4688 2088 4742 veniret.

649 4780 811 4835 Vsus.
837 4779 1000 4834 12.—
1023 4781 1147 4836 Non
1176 4780 1474 4851 egredieris.
1503 4778 1705 4853 (Aac)
1738 4780 1846 4836 Sed
1875 4780 2017 4835 intus
2038 4795 2166 4850 ope-

579 4872 809 4938 raberis,
837 4879 897 4925 et
928 4871 1007 4926 sic
1037 4871 1229 4926 melius
1255 4870 1504 4935 deducet,
1540 4871 1666 4941 quia
1709 4869 1788 4925 sic
1812 4870 2025 4926 videtur
2055 4885 2162 4925 non

576 4979 676 5036 pro
703 4961 988 5034 temporali
1019 4961 1128 5016 vita
1159 4975 1417 5032 pugnare,
1452 4962 1547 5016 sed
1581 4975 1680 5030 pro
1712 4959 1914 5015 futura.

1134 5071 1452 5128 PSALMUS
1491 5071 1602 5126 LX.

646 5167 810 5222 Vens.
859 5166 914 5220 5.
955 5196 1027 5206 ——
1061 5164 1294 5220 Clamavi
1333 5164 1460 5218 dum
1482 5164 1807 5218 anxiaretur.
1851 5162 2055 5233 (Cass)
2098 5162 2157 5218 In

577 5257 870 5321 anxietate,
901 5265 1034 5321 etc.,
1065 5272 1226 5326 usque
1253 5253 1322 5307 ad
1351 5254 1594 5322 sequitur
1629 5252 1885 5307 clamoris
1907 5253 2160 5308 exaudito

577 5349 630 5403 in
678 5357 831 5418 petra
869 5346 1104 5402 Christo.
1155 5344 1421 5400 Exultain
1474 5361 1574 5398 me.
1608 5343 1786 5416 (Αυθ.)
1829 5343 1904 5400 De
1942 5345 2050 5400 imo
2075 5345 2157 5398 vi-

576 5438 795 5492 tiorum.
857 5437 1052 5509 (Cass)
1084 5437 1152 5492 Et
1207 5436 1503 5491 exaltatum
1553 5436 1843 5491 deduxisti.
1876 5436 2058 5510 (Αυς.)
2093 5437 2159 5493 1η

574 5539 742 5597 petra,
795 5536 851 5581 et
892 5526 1011 5582 ideo
1054 5543 1159 5582 non
1219 5526 1452 5591 vincor;
1503 5524 1768 5580 Exaltasti
1799 5544 1811 5580 :
1843 5543 1940 5598 per
1977 5543 2159 5583 exem-

573 5619 722 5688 plum
773 5619 928 5673 istius
977 5633 1172 5688 magna
1224 5633 1345 5688 spes
1385 5617 1636 5672 audiendi
1675 5628 1968 5688 praestatur
2013 5621 2155 5678 aliis.

575 5709 851 5761 Deduxiin
883 5708 1071 5779 (Ibid)
1101 5727 1200 5776 τηρ,
1228 5725 1325 5778 per
1352 5719 1403 5763 te
1446 5710 1604 5772 riam,
1635 5710 1701 5764 ad
1745 5719 1796 5766 te
1824 5713 2086 5767 veritatem
2111 5725 2159 5768 et

574 5805 729 5848 vitam
741 5837 751 5848 .

2277 1963 2367 2019 illo
2385 1965 2555 2020 sancti
2579 1965 2632 2020 in
2658 1967 2942 2021 aeternum.
2962 1961 3061 2019 Vel
3079 1965 3229 2019 dabis
3254 1965 3662 2019 hereditatem.
3694 1964 3862 2030 (Cassi

2275 2053 2429 2112 lianc
2456 2056 2686 2121 seilicet,
2736 2057 2862 2127 quia
2901 2072 3065 2127 super
3101 2056 3238 2120 dies,
3278 2054 3512 2120 Christi,
3548 2064 3700 2120 etc.,
3735 2073 3864 2124 usque

2277 2146 2347 2199 ad
2372 2148 2497 2217 quia
2533 2161 2628 2201 rex
2669 2146 2759 2202 ille
2795 2156 3079 2216 permanet
3107 2147 3162 2201 in
3209 2155 3504 2211 aeternum,
3551 2147 3644 2201 sic
3689 2155 3747 2202 et
3792 2148 3860 2200 illi.

2276 2237 2695 2293 Misericordia»:
2729 2247 2779 2293 et
2811 2239 3095 2292 ueritatem.
3129 2237 3312 2309 (Auc.)
3340 2237 3748 2292 Misericordia
3781 2251 3861 2296 εει,

2273 2330 2402 2401 quia
2446 2345 2551 2386 non
2582 2330 2815 2396 meritis,
2847 2331 2941 2384 sed
2985 2325 3228 2384 bonitate
3261 2339 3494 2399 peccata
3543 2331 3802 2392 dimittit,
3824 2343 3862 2382 et

2272 2423 2440 2477 vitam
2473 2421 2756 2492 promittit.
2800 2419 3028 2486 Veritas,
3060 2420 3188 2490 quia
3216 2434 3323 2475 non
3357 2417 3529 2484 fallit,
3571 2421 3683 2476 sed
3715 2421 3862 2476 reddat

2274 2516 2419 2586 quod
2454 2515 2725 2586 promisit.
2769 2512 3190 2567 Misericordiam
3231 2513 3385 2582 sequi
3425 2513 3720 2569 debemus
3743 2515 3858 2567 circ:

2277 2607 2523 2664 inﬁrmos
2576 2615 2630 2663 et
2671 2607 2818 2662 circa
2876 2606 3144 2661 inimicos.
3197 2604 3522 2673 Veritatem,
3585 2625 3708 2663 non
3761 2625 3862 2679 per-

2219 2727 2236 2738 -
2276 2700 2470 2763 cando,
2505 2703 2566 2753 ut
2593 2699 2662 2753 sit
2679 2697 2879 2769 justus.
2915 2695 3120 2770 (Cass)
3145 2695 3581 2752 Misericordiant
3613 2709 3665 2752 et
3698 2702 3862 2753 cerita-

2273 2802 2396 2846 tem.
2422 2785 2621 2845 Esthic
2641 2788 2918 2870 conclusio
2945 2789 3160 2859 psalmi,
3178 2797 3306 2852 etc.,
3330 2804 3503 2860 usque
3525 2790 3602 2842 ad
3619 2807 3642 2844 :
3663 2793 3782 2860 quis
3798 2807 3858 2842 rc-

2271 2886 2441 2970 quiret
2471 2881 2558 2939 ei?
2595 2883 2776 2957 (AUG.)
2811 2884 2882 2940 Ut
2905 2901 3012 2940 non
3043 2893 3252 2954 quaerat
3280 2883 3482 2954 aliquis
3513 2883 3744 2938 discere
3765 2885 3858 2937 in:

2272 2976 2326 3031 in
2353 2976 2526 3043 libris,
2555 2983 2610 3032 et
2645 2983 2765 3047 post
2805 2975 2909 3031 sibi
2931 2975 3099 3040 vivat,
3130 2989 3238 3029 non
3264 2974 3362 3028 illi.-

2815 3111 3137 3170 PSALMUS
3175 3110 3312 3167 LXI.

2194 3221 2241 3288 Ο
2345 3231 2510 3306 Vens.
2546 3251 2595 3304 l.
2627 3247 2786 3303 --'-In
2813 3248 2972 3318 [iacnt
3009 3263 3104 3318 pro
3138 3243 3377 3300 Idithun.
3415 3229 3608 3315 (λιες.)
3653 3244 3853 3298 Trausi-

2273 3341 2425 3407 tiens,
2450 3341 2640 3395 videns
2673 3347 2754 3394 tot
2773 3337 3141 3403 occurrentia,
3173 3337 3287 3392 Deo
3315 3350 3375 3390 se
3413 3336 3634 3400 subdit,
3669 3337 3764 3406 qui
3787 3335 3850 3386 al—
3961 3335 3963 3402 ε

2274 3433 2380 3488 tior
2405 3447 2502 3498 eo;
2532 3440 2588 3486 et
2621 3429 2971 3487 inferioribus
3008 3445 3094 3497 se,
3117 3428 3276 3500 quasi
3318 3428 3384 3483 de
3419 3427 3536 3483 alto
3574 3431 3852 3499 respousa
3961 3421 3963 3480 ἲ

2272 3525 2626 3596 increpando.
2659 3525 3006 3592 Trausilieus,
3040 3523 3238 3581 inﬁdis
3270 3523 3592 3594 respondet,
3643 3525 3858 3580 volent-

2270 3615 2372 3671 bus
2395 3615 2667 3685 decipere.

2341 3708 2506 3763 Vsns.
2543 3708 2599 3762 Ξ.
2627 3707 2932 3762 -Νοηοιε,
2979 3706 3170 3780 (Ιόὅό.)
3215 3706 3328 3763 Hoc
3371 3713 3477 3771 est,
3538 3725 3652 3762 non
3702 3710 3856 3762 uuis:

2270 3799 2400 3854 mihi
2425 3815 2513 3870 pes
2540 3798 2814 3869 superbiae.
2846 3799 2968 3854 Non
2998 3800 3240 3854 ntovebor
3265 3798 3518 3869 antplius,
3551 3800 3663 3854 hoc
3693 3809 3792 3862 est,
3815 3811 3855 3850 et

2269 3899 2459 3944 manus
2481 3890 2766 3960 peccatoris
2797 3905 2902 3944 non
2925 3899 3126 3943 moveat
3167 3905 3268 3943 me.
3314 3889 3425 3944 Deo
3454 3890 3708 3958 subjecta
3736 3906 3858 3944 scar-

2268 3997 2388 4053 per,
2416 3981 2494 4036 nil
2531 3990 2733 4052 praeter
2774 3995 2898 4038 eum
2921 3981 3166 4052 cupiens.
3207 3981 3326 4035 Erit
3352 3981 3607 4050 quidem,
3643 3983 3776 4050 quia
3801 3983 3854 4032 et:

2269 4073 2384 4144 ipso
2413 4072 2647 4128 salutare
2678 4085 2869 4137 meum,
2903 4087 2935 4127 a
2977 4071 3140 4127 Patre
3184 4068 3356 4126 Filius
3405 4082 3610 4127 auctor
3657 4072 3852 4132 salutis.

2271 4163 2399 4236 quia
2419 4173 2476 4218 et
2511 4161 2678 4229 Deus,
2705 4163 2774 4218 ne
2798 4164 2980 4218 minor
3013 4172 3254 4234 putetur.

2340 4255 2504 4311 Vens.
2536 4255 2591 4309 4.
2618 4286 2688 4296 -
2715 4256 2996 4328 Quousque
3035 4258 3262 4312 inuitis.-
3303 4257 3490 4331 (lbid.)
3519 4258 3645 4322 Vel,
3680 4273 3854 4313 secun-

2268 4349 2395 4404 dum
2438 4349 2600 4404 aliam
2644 4340 2921 4403 litteram:
2952 4341 3230 4420 Quousque
3283 4349 3574 4419 apponitis,
3626 4359 3686 4404 et
3731 4350 3852 4404 idem

2267 4454 2476 4496 sensus.
2507 4440 2799 4510 Apponunt
2825 4439 2968 4494 enim
3003 4439 3130 4494 mali
3159 4449 3317 4508 super
3343 4439 3641 4505 hominem,
3677 4441 3736 4494 id
3765 4450 3849 4495 est

2269 4545 2430 4603 super
2454 4531 2772 4596 Ecclesiam,
2798 4546 2964 4587 onera
3009 4532 3322 4602 passionum
3349 4549 3364 4583 :
3389 4540 3452 4585 ut
3477 4545 3663 4602 usque
3713 4533 3769 4587 in
3803 4533 3850 4584 ε-

2271 4637 2394 4676 nem
2433 4620 2655 4691 impleat
2703 4620 2934 4690 quisque
2982 4619 3155 4676 ﬁdelis
3199 4620 3254 4675 in
3288 4636 3521 4690 corpore
3575 4637 3682 4676 suo
3725 4623 3850 4692 quod

2271 4711 2421 4767 deest
2448 4712 2755 4781 passionum
2787 4710 3010 4766 Christi.
3061 4709 3298 4766 Un’iversi
3339 4725 3448 4764 vos.
3481 4710 3704 4782 (Cass)
3749 4713 3846 4766 Vel.

2270 4805 2562 4860 secundum
2577 4803 2736 4858 aliam
2751 4803 2986 4858 litteram
3005 4820 3019 4856 :
3037 4800 3228 4856 Omnes
3257 4804 3371 4866 vos,
3385 4803 3546 4871 quasi
3561 4817 3664 4858 vos
3675 4815 3847 4858 omnes

2269 4896 2572 4951 interﬁcitis
2610 4895 2882 4949 hominem
2915 4893 3086 4957 illum,
3134 4902 3393 4962 quantum
3435 4893 3505 4948 ad
3551 4893 3842 4950 hominem.

2269 5002 2377 5041 non
2425 5001 2600 5039 omnes
2643 5001 2829 5050 unum,
2867 4984 2960 5039 sed
3003 4983 3338 5048 Eeclesiam;
3389 4983 3488 5038 sed
3539 4985 3678 5054 quia
3721 4985 3846 5038 Dem

2266 5084 2546 5145 Susceptor
2588 5091 2694 5129 non
2739 5073 3016 5129 movebar.-
3061 5073 3241 5145 (Aco.)
3287 5073 3605 5143 Quousque,
3659 5090 3693 5130 ι
3738 5089 3844 5129 su-

2265 5165 2426 5236 guine
2470 5163 2626 5229 Abel,
2679 5168 2812 5228 etc.,
2853 5181 3016 5231 usque
3045 5164 3116 5216 ad
3170 5179 3279 5218 non
3332 5163 3546 5219 scilicet
3585 5166 3738 5235 quod
3775 5171 3846 5219 est

2267 5254 2518 5324 fundator
2556 5254 2862 5308 altissimus.
2905 5253 2975 5308 In
3015 5255 3295 5308 hominem.
3323 5253 3528 5324 (Cass)
3559 5255 3624 5310 In
3657 5269 3842 5325 corpus

2265 5353 2508 5416 potestas
2546 5344 2701 5399 vobis
2745 5345 2872 5398 data
2907 5352 3011 5410 est,
3059 5359 3166 5399 non
3197 5345 3251 5398 in
3292 5345 3558 5399 animam.
3615 5345 3842 5400 Irnu'tis.

2267 5437 2385 5492 Non
2437 5436 2658 5501 leviter,
2706 5436 2802 5492 sed
2856 5435 3159 5491 interticitis
3213 5437 3592 5502 innocentem;
3655 5438 3849 5509 putatis

2268 5530 2412 5601 quod
2455 5528 2572 5583 sine
2601 5528 2882 5584 defensore
2910 5528 2998 5593 sit,
3047 5537 3103 5583 et
3129 5529 3272 5599 quod
3311 5527 3473 5584 facile
3513 5541 3766 5592 corruat,
3793 5539 3844 5580 at

2266 5621 2448 5693 paries
2486 5620 2796 5685 inclinatus,
2834 5619 2926 5690 qui
2959 5620 3123 5676 etiam
3163 5637 3270 5676 non
3306 5620 3577 5690 impulsus
3614 5622 3840 5676 eadem.

2270 5712 2338 5766 Et
2362 5712 2511 5788 quasi
2536 5710 2785 5774 maceria,
2812 5725 2933 5780 qua:
2961 5719 3045 5766 est
3070 5712 3403 5767 constructio
3441 5725 3710 5766 saxorum
3735 5712 3844 5765 sine

2268 5803 2522 5872 ligamine
2565 5802 2848 5868 ammenti;
2882 5811 2936 5856 et
2981 5820 3048 5858 ne
3091 5804 3157 5859 de
3187 5805 3302 5874 ipsa
3348 5803 3600 5859 novitate
3639 5802 3840 5858 ﬁrme!
