3982 6352
159 402 262 458 955

1159 398 1424 454 CLOSSA
1467 398 1858 454 ORDINARIA.
2006 399 2132 454 LIB.
2177 396 2426 454 PSALM.

3317 397 3422 463 93-1

156 525 329 590 putes,
362 513 508 569 addit
542 512 804 584 impulsae,
832 511 935 577 vel,
964 527 1070 566 non
1098 519 1181 566 est
1203 512 1356 566 vobis
1397 511 1728 575 irruendum,
1763 523 1808 578 Α
1837 509 1975 580 plius
2015 524 2175 580 agere
2211 517 2380 581 optat.
2434 507 2596 562 Deus.
2656 506 2848 579 (Ibid.)
2899 509 3214 569 Communis
3273 513 3413 570 Deus

153 607 282 679 quia
328 619 426 660 vos
461 605 606 674 ipsos
655 602 960 658 interﬁcitis
1003 601 1260 669 universi,
1293 602 1458 657 etiam
1508 617 1737 657 consen-

158 701 370 755 tientes.
1665 739 1668 743 ,

226 790 391 845 Vens.
415 788 554 844 5.—
573 785 832 842 Pretium.
866 785 1068 860 (Cass)
1098 786 1396 852 Christum,
1431 800 1499 840 ne
1528 785 1736 841 colere-

155 891 264 948 tur,
304 881 412 947 vel,
438 879 828 936 beatitudinem
875 878 1084 934 tollere.
1126 879 1514 951 Cogitaverunt.
1554 877 1736 950 (Αυῦ.)

159 974 294 1028 Nota
321 973 534 1027 diversa
565 986 762 1042 genera
798 972 1056 1038 hostium,
1094 981 1225 1036 etc.,
1257 987 1419 1042 usque
1443 970 1512 1024 ad
1535 971 1601 1025 de
1636 971 1738 1024 hac

158 1064 420 1135 propheta
459 1063 536 1116 ait
562 1078 575 1116 :
604 1060 846 1116 Gloriosa
866 1062 1008 1116 dicta
1037 1070 1155 1116 sunt
1191 1063 1256 1116 de
1288 1072 1356 1126 te,
1387 1061 1592 1115 civitas.
1628 1061 1736 1115 Cua

160 1157 302 1210 curri
326 1156 382 1210 in
410 1155 518 1208 siti.
543 1152 680 1222 Quia
711 1153 816 1210 etsi
845 1168 1060 1225 semper
1085 1169 1178 1210 eos
1203 1153 1360 1218 bibit,
1393 1161 1572 1207 tamen
1595 1168 1738 1207 sem-

160 1261 258 1316 per
285 1244 398 1300 sitit
430 1243 592 1298 ultra.
645 1243 750 1300 Ore
789 1261 910 1299 suo.
942 1243 1078 1312 Quia
1109 1251 1385 1315 nequeunt
1422 1247 1520 1314 per
1548 1253 1736 1313 aperta

162 1337 321 1403 mala,
353 1344 564 1392 tentant
586 1345 684 1407 per
709 1335 926 1391 blanda.

235 1429 392 1484 Vsus.
426 1427 480 1483 6.
521 1457 594 1468 —-
625 1425 995 1483 Verumtamen
1029 1425 1160 1493 Deo,
1201 1429 1306 1481 etc.
1358 1423 1558 1498 (Cass)
1608 1425 1736 1480 Dia;

164 1524 384 1594 psalma.
415 1522 547 1578 Item
577 1533 654 1587 se,
700 1521 754 1576 id
786 1529 890 1587 est,
922 1519 1158 1574 animam
1188 1535 1341 1574 suam
1372 1517 1563 1589 subjici
1607 1518 1736 1572 hor-

166 1624 324 1682 tatur,
350 1623 406 1670 et
437 1615 693 1670 admonet
719 1612 976 1682 reliquos.
1009 1609 1258 1682 Subjecta
1285 1619 1362 1664 est
1391 1625 1570 1664 amma
1601 1625 1735 1662 mea.

165 1705 288 1761 Ilaec
309 1705 498 1777 petitio
537 1706 703 1760 menti
734 1711 934 1758 nostra:
961 1703 1126 1757 robur
1153 1701 1346 1772 inﬁgit.

233 1795 398 1851 Vens.
425 1797 478 1852 8.
498 1794 658 1850 —-‘-In
688 1794 820 1862 Deo,
864 1792 1098 1848 salutare
1143 1808 1337 1846 meum.
1367 1783 1556 1865 (Ibid)
1587 1778 1739 1846 Tunc

1839 616 1984 654 meus
2005 601 2240 670 quodam
2287 600 2449 654 modo
2484 598 2821 670 specialiori;
2873 599 2994 656 vide
3024 600 3274 659 allectum
3317 607 3420 674 pia:

1837 691 2236 760 deprecationis
2268 705 2366 761 per
2393 690 2533 744 hanc
2562 690 3000 761 geminationem.
3033 691 3112 746 De
3147 694 3281 748 luce.
3319 693 3418 751 Vel

1838 781 2094 846 diluculo,
2142 783 2357 851 quando
2381 783 2616 838 surrexit
2654 784 2923 851 Christus,
2964 795 3025 841 ut
3071 797 3198 844 tunc
3233 790 3416 846 laudet

1837 887 1960 928 eum
2005 872 2244 928 Ecclesia
2288 875 2504 942 quando
2552 874 2800 945 exemplo
2843 891 2957 930 sua:
3002 880 3418 936 resurrectionis

1837 980 1957 1020 eam
1990 965 2057 1020 ad
2083 965 2410 1035 surgendum
2445 965 2728 1021 animavit.
2771 963 2956 1036 Vigilo,
2985 967 3274 1024 dummodo
3305 972 3424 1025 dor-

1838 1058 1967 1123 mio,
2016 1073 2121 1113 non
2159 1072 2346 1112 amans
2371 1073 2490 1127 qua:
2535 1057 2719 1113 mundi
2767 1067 2911 1114 sunt.
2954 1059 3150 1134 (Cass)
3187 1063 3254 1117 Et
3297 1065 3422 1121 sitio

1839 1151 2020 1206 animo
2053 1162 2107 1206 et
2135 1165 2381 1222 corpore.
2416 1150 2494 1205 De
2530 1150 2662 1207 luce.
2690 1150 2870 1224 (Aus)
2908 1152 3024 1208 Non
3054 1157 3195 1210 enim
3226 1158 3420 1229 vigila-

1840 1257 1947 1308 res,
1979 1243 2082 1299 nisi
2114 1243 2206 1299 lux
2236 1245 2491 1310 oriretur,
2524 1259 2645 1314 quae
2683 1254 2735 1299 te
2763 1245 3046 1300 excitaret.
3079 1245 3254 1302 Sitivit
3285 1250 3338 1304 in
3371 1261 3418 1304 te

1839 1336 2020 1388 anima
2049 1351 2164 1389 mea
2189 1348 2207 1387 :
2238 1342 2294 1390 et
2323 1334 2412 1390 hic
2433 1349 2562 1390 caro
2585 1336 2716 1402 Deo,
2753 1336 2880 1391 dum
2913 1337 2981 1392 ab
3010 1352 3076 1394 eo
3105 1339 3302 1408 qurerit
3331 1347 3422 1395 hu.

1840 1440 2172 1480 necessaria.

1910 1515 2073 1571 Vens.
2120 1518 2175 1572 5.
2213 1518 2544 1573 —-Deserta.
2589 1517 2777 1591 (Ibid.)
2830 1519 2933 1576 Ubi
2986 1522 3163 1579 nullus
3211 1533 3424 1582 sancto-
3507 1553 3520 1562 -

1841 1620 1960 1660 rum
1997 1607 2226 1662 habitat.
2273 1608 2444 1675 Invia,
2489 1609 2616 1678 quia
2651 1626 2756 1665 non
2797 1622 2882 1666 est
2927 1627 3030 1683 qua
3074 1615 3199 1671 inde
3240 1632 3422 1676 exeas.

1840 1697 2132 1770 Inaquosa,
2158 1701 2282 1771 quia
2314 1717 2436 1766 nec,
2467 1701 2592 1756 dum
2620 1702 2708 1756 ubi
2739 1704 2990 1771 moraris,
3025 1714 3111 1762 est
3148 1707 3222 1762 ibi
3260 1725 3422 1779 aqua.

1841 1789 1948 1846 Sed
1985 1791 2128 1845 Deus
2156 1791 2244 1846 hic
2275 1790 2402 1846 fecit
2430 1791 2573 1846 viam
2613 1791 2912 1860 Christum,
2949 1804 3005 1850 et
3051 1797 3198 1852 misit
3227 1815 3424 1869 aquam

165 1888 341 1945 salvus
379 1896 435 1944 et
484 1887 752 1958 gloriosus
777 1885 833 1941 in
879 1899 946 1941 eo
981 1884 1180 1940 :modo
1228 1863 1394 1954 quid?
1433 1863 1547 1954 ipse
1599 1883 1739 1938 Deus
1772 1863 1816 1938 Β
1842 1883 2004 1938 Verbi
2043 1883 2125 1938 sui
2176 1882 2380 1961 Spiritu
2419 1890 2610 1938 sancto
2633 1883 2863 1954 implens
2890 1863 3321 1956 priedicatores—z
3357 1889 3426 1944 Ut

166 1981 369 2037 auxilii.

234 2069 397 2126 Vsus.
431 2069 485 2126 9.
507 2099 580 2108 —
605 2067 841 2139 Sperate.
877 2063 1066 2139 (Ibid)
1095 2064 1202 2120 Sua
1238 2065 1343 2121 ﬁde
1371 2063 1584 2136 vulgata
1621 2078 1740 2119 mo-

167 2171 258 2219 net
280 2177 488 2228 omnes,
518 2162 610 2232 qui
639 2159 1114 2231 superstitionibus
1141 2159 1411 2226 laborant,
1443 2173 1661 2230 sperare
1687 2158 1742 2212 in

171 2253 411 2308 Domino.
447 2251 736 2321 E/fundite.
768 2248 953 2322 (Aes)
985 2249 1089 2305 Per
1125 2249 1396 2322 lacrymas
1440 2265 1538 2305 cor
1572 2247 1744 2305 ell‘uu-

169 2347 329 2411 ditur,
359 2353 489 2411 etc.,
515 2359 680 2415 usque
701 2342 770 2396 ad
793 2357 812 2394 :
839 2342 1012 2409 Unde,
1055 2339 1243 2414 Punge
1280 2342 1512 2408 oculum,
1540 2352 1588 2396 et
1623 2358 1745 2412 pro—

125 2491 127 2494 ,
169 2436 308 2489 ducit
357 2433 676 2504 lacrymam;
718 2443 888 2504 punge
926 2448 1048 2500 cor,
1102 2442 1151 2486 et
1182 2431 1428 2502 producit
1475 2431 1745 2486 scientiam

171 2525 340 2597 (Eccl.
366 2525 522 2597 χιιι).
546 2524 741 2591 Corda,
768 2531 898 2590 etc.,
928 2539 1127 2594 pravas
1151 2522 1526 2595 cogitationes.

242 2615 402 2670 Vsus
451 2615 537 2670 IO.
561 2645 632 2655 —
657 2611 1030 2668 Verumtamen
1070 2614 1208 2668 vani.
1259 2612 1464 2686 (Ilias)
1517 2611 1636 2679 Vel,
1667 2613 1747 2668 sic

168 2707 349 2778 junge,
373 2707 515 2761 Deus
542 2713 628 2761 est
645 2705 859 2777 adjutor
895 2713 1113 2772 noster;
1150 2712 1206 2760 et
1224 2703 1355 2760 licet
1382 2704 1460 2758 sic
1489 2718 1748 2773 cooperc-

175 2808 262 2854 tur
282 2799 456 2866 nobis,
489 2807 667 2853 tamen
694 2797 788 2852 ﬁlii
825 2796 956 2854 Adae
983 2806 1109 2852 sunt
1137 2797 1267 2852 vani
1296 2805 1352 2851 et
1379 2795 1668 2851 mendaces
1692 2795 1746 2849 in

175 2899 394 2958 statera,
443 2898 813 2962 perverteutes
863 2887 1211 2960 Scripturas,
1267 2889 1465 2958 quibus
1517 2888 1748 2957 probent

174 2982 325 3037 falsa.
391 2981 588 3054 (Cass)
633 2979 990 3050 Diapsalmus.
1042 2980 1303 3034 Errantes
1333 2979 1642 3048 exprobrat;
1695 2987 1750 3032 et

174 3081 358 3127 monet
379 3073 434 3126 in
461 3072 590 3136 Deo,
620 3086 728 3125 non
753 3071 808 3125 in
829 3071 1082 3136 caducis,
1117 3069 1410 3134 conlidere,
1442 3070 1586 3138 quod
1613 3069 1750 3139 psaL

171 3177 292 3217 mus
322 3162 568 3215 intendit.
596 3159 875 3215 Mendaces
903 3161 957 3215 in
995 3160 1222 3214 steteris.
1257 3159 1357 3226 Qui
1397 3159 1594 3229 iniquis
1617 3175 1750 3229 pon-

1841 1976 1988 2046 ﬁeret
2021 1976 2078 2028 in
2115 1975 2191 2028 eis
2225 1975 2344 2044 fons
2394 1991 2544 2044 aqua:
2588 1974 2825 2030 salientis
2872 1976 2926 2029 in
2971 1977 3129 2031 vitam
3178 1988 3428 2033 wternam

1845 2065 2027 2138 (Joan.
2054 2064 2151 2136 Iv).
2182 2064 2272 2120 Sic
2302 2065 2357 2119 in
2379 2075 2558 2120 sancto
2596 2066 2820 2136 apparui
2844 2066 2936 2120 tibi
2963 2077 3019 2121 ut
3046 2068 3295 2134 uiderem,
3317 2082 3422 2124 etc.

1847 2157 2026 2231 (Aus)
2059 2158 2157 2214 Cui
2207 2174 2316 2213 non
2356 2168 2579 2230 apparet
2614 2158 2756 2213 Deus
2804 2159 2875 2213 sit
2902 2158 2956 2212 in
2991 2168 3182 2215 sancto
3219 2161 3428 2216 deside-

1845 2253 1952 2318 r‘io,
1977 2261 2102 2315 etc.,
2139 2267 2306 2322 usque
2336 2251 2405 2305 ad
2437 2249 2530 2306 Sol
2561 2250 2706 2306 enim
2733 2266 2830 2306 sua
2877 2249 2999 2308 luce
3038 2251 3168 2307 facit
3209 2268 3308 2308 nos
3349 2253 3428 2308 vi-

1846 2344 1992 2410 dere,
2019 2345 2096 2398 ita
2121 2351 2176 2398 et
2205 2343 2367 2398 Deus.

1917 2433 2090 2490 Vens.
2112 2434 2166 2489 4.
2195 2465 2260 2474 -
2290 2431 2463 2504 Super
2489 2433 2642 2488 vitas.
2668 2431 2857 2504 (Ibid.)
2891 2431 3276 2500 Humanitatis,
3296 2449 3424 2504 qua:

1845 2525 2028 2580 multa:
2062 2534 2207 2591 sunt,
2241 2532 2301 2578 ut
2333 2501 2541 2590 militis,
2567 2501 2816 2595 agricola:
2837 2501 2892 2578 et
2913 2532 3236 2580 creterorum
3271 2543 3284 2580 :
3315 2501 3429 2583 ine-

1847 2603 1950 2672 lius
1977 2624 2058 2672 est
2087 2616 2230 2685 quod
2260 2616 2356 2670 das
2393 2614 2677 2681 correctis,-
2705 2629 2867 2685 quam
2896 2613 3038 2684 quod
3069 2614 3274 2686 eligunt
3299 2632 3426 2687 per-

1847 2707 2010 2762 vErsi.
2041 2705 2204 2760 Labia
2236 2722 2372 2760 mea.
2411 2705 2541 2760 Post
2584 2705 2849 2760 beneﬁcia
2879 2704 2974 2759 Del
3009 2723 3022 2758 :
3051 2705 3264 2761 laudem
3307 2723 3432 2777 pro-

1847 2798 2035 2854 mittit.
2065 2795 2403 2862 Laudabunt,
2435 2794 2500 2849 ad
2530 2795 2859 2866 proximum,
2891 2794 2959 2849 de
2983 2807 3092 2864 quo
3119 2795 3282 2849 etiam
3324 2797 3430 2850 sol-

1849 2887 2047 2949 licitor,
2077 2887 2203 2957 quia
2231 2887 2336 2941 nisi
2361 2885 2732 2941 misericordia
2771 2893 2864 2938 tua
2897 2899 2984 2938 me
3014 2886 3356 2954 przeveniret,
3377 2895 3428 2942 te

1849 2977 2071 3033 laudare
2094 2987 2464 3047 non'possem,
2499 2985 2554 3032 et
2575 2972 2716 3032 sicut
2758 2976 2937 3042 labiis,
2972 2975 3052 3031 sic
3106 2975 3430 3034 benedicant

1851 3075 1907 3129 In
1936 3075 2067 3130 vita.
2100 3070 2194 3128 Vel
2219 3076 2316 3139 sic,
2342 3074 2479 3140 Quia
2504 3083 2660 3144 super
2686 3075 2835 3130 vitas.

1925 3165 2086 3219 "eos
2130 3164 2180 3217 5.
2209 3195 2268 3204 -
2298 3163 2384 3218 Sic
2415 3165 2734 3217 benedicam.
2761 3163 2953 3235 (Ηήά.)
2981 3163 3053 3220 Ut
3097 3162 3292 3218 dedisti
3335 3176 3434 3231 per

171 3254 392 3310 deribus
423 3264 664 3309 ementes
695 3253 988 3323 decipiunt,
1035 3251 1118 3306 vel
1157 3251 1289 3320 justi
1321 3251 1496 3306 videri
1534 3251 1744 3317 volunt,
1777 3233 1822 3296 Ο
1854 3255 2282 3310 misericordiam
2311 3254 2532 3308 laudare
2555 3263 2628 3320 te,
2652 3255 2728 3308 sit:
2755 3233 3076 3320 benedicam,
3107 3262 3168 3307 ut
3217 3252 3434 3307 miseri-

171 3361 294 3399 cum
322 3344 429 3400 sint
453 3342 796 3399 fallacesln
834 3343 1060 3396 stateris.
1105 3342 1160 3395 In
1203 3341 1338 3396 libra
1369 3341 1611 3412 justitize,
1639 3357 1747 3411 quo

173 3435 385 3491 facilius
407 3435 706 3506 decipiunt,
731 3433 799 3488 In
834 3434 1080 3505 idipsum,
1119 3449 1224 3504 quo
1253 3435 1545 3490 credentur
1583 3434 1743 3504 :equi.

243 3526 407 3582 Vsus.
439 3525 525 3580 II.
549 3555 620 3564 -—
645 3523 823 3580 Nolite
849 3541 1062 3595 sperare
1082 3526 1156 3578 in.
1191 3525 1373 3596 (Aes)
1400 3525 1564 3592 Quasi
1599 3525 1746 3580 dice-

173 3628 260 3675 ret
297 3637 311 3673 :
344 3619 456 3676 Nec
474 3619 724 3689 speretis,
754 3631 853 3673 nec
878 3617 1131 3687 cupiatis,
1157 3633 1276 3686 quae
1307 3627 1636 3688 congregata
1680 3615 1748 3671 ab

173 3712 294 3766 aliis
322 3712 624 3781 rapiuntur.
659 3707 860 3778 Nolite,
887 3709 1078 3765 sitiens
1127 3709 1396 3765 convertit
1438 3723 1496 3763 se
1523 3707 1590 3762 ad
1633 3723 1744 3762 eos.

175 3803 374 3860 Nolite.
417 3803 670 3873 Rapinas.
703 3801 948 3856 Praedam
977 3816 1137 3870 quam
1163 3801 1244 3856 vis
1280 3814 1490 3870 rapere,
1547 3800 1599 3854 in
1633 3814 1750 3852 mu—

172 3896 380 3969 scipula
423 3904 523 3961 est,
558 3904 710 3952 tenes
751 3902 806 3950 et
846 3895 1081 3960 teneris;
1114 3901 1285 3959 tenes,
1319 3893 1555 3948 alienum
1601 3891 1748 3947 scili-

170 3998 280 4054 cet,
311 3997 366 4043 ct
396 3987 596 4043 teneris
623 4003 656 4042 a
683 3986 916 4054 diabolo.
947 3984 992 4042 0
1023 3985 1170 4041 lucra
1207 3984 1507 4039 damnosa!
1540 3982 1751 4037 invenis

171 4079 478 4150 pecuniam,
528 4079 712 4150 perdis
755 4075 1044 4148 justitiam.
1105 4077 1352 4148 Aﬂluant.
1406 4074 1586 4130 Nolite
1638 4091 1746 4128 cor.

173 4168 373 4240 (Cass)
405 4168 522 4224 Non
552 4170 683 4225 dicit
709 4188 722 4224 :
748 4169 924 4223 Nolite
960 4169 1183 4235 habere,
1211 4183 1317 4223 non
1350 4167 1496 4223 enim
1530 4166 1752 4221 damnat

172 4262 412 4326 divitias,
461 4261 601 4316 unde
644 4276 953 4317 mercamur
993 4259 1222 4326 coelum;
1273 4259 1366 4315 sed
1401 4273 1496 4314 cor
1537 4259 1752 4328 apposi-

173 4363 315 4418 tum,
337 4353 480 4423 quod
517 4369 622 4408 non
649 4355 923 4424 expendit,
962 4355 1056 4410 sed
1086 4354 1348 4410 recondit.

245 4442 406 4497 Vens.
442 4444 530 4498 12.
559 4470 630 4484 -—-
654 4442 825 4500 Semel
855 4443 1059 4498 locutus
1107 4454 1203 4498 est.
1233 4443 1412 4515 (Acs)
1444 4442 1622 4498 Nolite
1663 4457 1755 4497 cor

1849 3347 2048 3402 cordia:
2072 3345 2301 3401 tribuam
2325 3346 2515 3408 vitam,
2547 3345 2598 3399 in
2627 3360 2731 3414 qua
2760 3344 2940 3400 laudo.
2983 3343 3051 3398 In
3092 3346 3298 3397 nomine
3341 3351 3430 3395 tuo

1849 3437 2026 3493 levabo
2054 3453 2240 3492 manus
2276 3455 2440 3492 meas.
2473 3436 2664 3508 (Ibitis)
2699 3437 2866 3492 Levat
2896 3452 3090 3491 manus
3117 3435 3228 3506 qui,
3274 3435 3432 3489 bouis

1850 3531 2103 3600 aperibus
2151 3529 2426 3594 insistens,
2455 3529 2628 3583 tensis
2669 3527 2920 3582 manibus
2952 3528 3006 3582 in
3035 3526 3206 3596 ﬁgura
3232 3525 3431 3589 crucis,

1852 3622 2023 3677 Deum
2078 3623 2298 3687 adorat;
2359 3621 2500 3676 unde
2554 3621 2846 3691 Apostolus
2891 3639 2902 3674 :
2946 3619 3214 3676 Levantes
3263 3633 3429 3688 puras

1853 3724 2044 3768 manus
2071 3713 2124 3767 in
2143 3713 2408 3776 oratione,
2437 3713 2554 3768 sine
2585 3714 2662 3766 ira
2687 3721 2740 3767 et
2770 3713 3184 3783 disceptatione.

1922 3802 2088 3857 Vens.
2125 3803 2177 3858 6.
2214 3833 2282 3842 —
2307 3802 2492 3873 Adipe.
2533 3801 2720 3872 (Ibid.)
2750 3803 2806 3856 In
2838 3803 3130 3858 intestinis.
3159 3802 3437 3874 Pinguedo

1853 3889 1908 3946 in
1937 3906 2119 3956 carne,
2144 3891 2197 3946 id
2226 3899 2331 3959 est,
2363 3892 2784 3963 sapientia,quae
2809 3891 2862 3946 in
2892 3891 3208 3946 abscondito
3235 3900 3290 3945 et
3319 3889 3435 3943 lor-

1853 3981 2026 4037 titudo
2055 3983 2296 4052 spiritus.
3227 4039 3238 4050 ,

1923 4073 2127 4130 Levabo
2153 4092 2358 4128 manus.
2387 4060 2573 4148 (Ibid)
2599 4074 2657 4129 In
2679 4074 2852 4130 Exod.
2882 4073 3114 4146 Moyses,
3137 4073 3262 4126 dum
3286 4071 3429 4126 leva-

1855 4177 1938 4223 ret
1969 4183 2162 4224 manus
2189 4167 2255 4222 ad
2285 4168 2592 4234 Dominum,
2622 4176 2752 4234 etc.,
2783 4183 2944 4238 usque
2976 4166 3044 4219 ad
3070 4179 3170 4234 pro
3197 4165 3428 4218 terrenis

1852 4267 2131 4330 operatur,
2161 4258 2400 4312 vincitur
2427 4259 2496 4312 ab
2525 4257 2805 4312 Amalech.

1926 4370 2088 4426 Vens.
2117 4370 2170 4422 7.
2199 4383 2270 4408 ——'
2299 4367 2360 4423 Si
2387 4383 2584 4422 memor
2633 4367 2730 4435 fui.
2775 4362 2981 4434 (Cass)
3010 4362 3242 4431 Exponit
3284 4361 3428 4421 bona

1858 4461 2109 4530 malaque
2153 4460 2438 4528 utriusque
2459 4458 2650 4528 partis,
2677 4465 2810 4523 etc.,
2837 4471 2999 4527 usque
3019 4453 3089 4508 ad
3129 4453 3233 4510 nisi
3261 4455 3353 4525 qui
3382 4455 3439 4509 in
3534 4455 3545 4468 '

170 4552 452 4606 apponere.
483 4535 626 4590 Cur?
656 4537 781 4606 quia
822 4545 1045 4606 potestas
1076 4535 1352 4605 iudicandi
1382 4543 1466 4590 est
1503 4535 1598 4588 Dei
1633 4533 1750 4598 ﬁlii,
1782 4577 1834 4646 D.
1859 4551 2077 4607 Chrism
2105 4559 2381 4621 ορογαιυιε,

180 4635 261 4646 ,.,
526 4627 587 4646 ,λ
618 4642 712 4646 μ--
745 4641 838 4646 __-
869 4632 1127 4646 una-.-
1164 4625 1223 4646 λ,
1256 4625 1623 4646 mnuum“-
1660 4623 1722 4646 ,ιΑ

173 4635 309 4692 etc.,
331 4643 492 4697 usque
519 4627 587 4680 ad
618 4642 717 4682 nec
745 4641 844 4696 pro
869 4632 1130 4696 potestate
1160 4625 1226 4679 de
1255 4625 1628 4678 misericordia
1657 4623 1751 4676 dc-

168 4725 440 4787 speretur.
493 4715 735 4770 Potestas
776 4716 874 4770 Dei
920 4726 994 4770 est
1021 4732 1038 4769 :
1066 4732 1172 4770 non
1209 4723 1292 4770 est
1348 4725 1592 4786 potestas
1640 4715 1756 4770 cui-

167 4824 339 4882 quam
369 4809 470 4864 nisi
502 4823 534 4863 a
561 4809 670 4863 Deo
702 4823 878 4877 squo,
905 4808 1006 4862 etsi
1038 4814 1090 4860 te
1117 4807 1282 4861 lateat
1313 4805 1560 4874 aequitas.

702 4942 1024 5000 PSALMUS
1062 4941 1220 4996 LXII.

247 5076 497 5132 Psalmus
554 5077 746 5132 David.
797 5077 999 5149 (Cass)
1043 5075 1307 5146 Loquitur
1351 5075 1417 5132 de
1473 5075 1752 5140 Ecclesia,

167 5184 299 5241 qua:
325 5171 380 5225 in
412 5171 663 5226 ariditate
702 5172 815 5226 sitit
845 5171 1049 5235 sazculi,
1099 5178 1154 5224 et
1204 5167 1631 5224 misericordiam
1662 5182 1757 5220 ex-

169 5263 335 5333 petit,
362 5261 530 5318 donec
561 5272 761 5317 aeterna
790 5263 987 5333 capiat,
1034 5262 1233 5317 docens
1259 5260 1396 5315 bene
1444 5260 1759 5315 conversari

169 5355 228 5408 in
261 5356 443 5410 medio
465 5372 643 5427 pravae
667 5357 916 5410 nationis.
944 5356 1127 5429 (Αυθ.)
1155 5355 1402 5410 Psaimus
1428 5371 1494 5411 ex
1526 5371 1757 5428 persona

168 5449 371 5520 capitis
416 5459 472 5504 et
517 5451 924 5514 membrorum;
977 5464 1076 5504 vox
1119 5448 1288 5518 ipsius
1332 5455 1517 5503 nostra
1554 5457 1658 5513 est,
1705 5457 1760 5502 et

171 5550 368 5596 nostra
401 5541 566 5612 ipsius
589 5550 690 5597 est.

255 5635 422 5692 Vens.
449 5637 505 5690 ‘2.
535 5668 606 5678 —
624 5636 785 5700 Deus,
813 5636 954 5691 Deus
979 5652 1153 5702 meus,
1191 5634 1260 5689 ad
1291 5643 1340 5688 te
1367 5635 1431 5688 de
1469 5633 1582 5689 luce
1603 5677 1617 5699 ,
1649 5645 1756 5689 etc.

171 5730 228 5799 (I
235 5729 370 5801 bid.)
397 5729 675 5798 Quomodo
696 5743 754 5784 se
775 5728 970 5783 habeat
993 5728 1046 5782 in
1060 5728 1296 5793 deserto,
1313 5727 1519 5782 scilicet
1539 5742 1759 5797 sponsa,

174 5824 351 5875 Ileu'm
381 5821 563 5875 videre
603 5820 890 5886 desiderat,
935 5827 1094 5888 quem
1135 5826 1187 5873 et
1220 5818 1421 5882 laudat,
1454 5825 1508 5872 et
1537 5816 1586 5870 id
1641 5832 1760 5868 ani--

1931 4661 2132 4734 (Cass)
2160 4662 2226 4716 In
2248 4663 2538 4730 matutinis,
2565 4663 2618 4717 id
2637 4669 2742 4729 est,-
2770 4663 2824 4717 in
2853 4661 2972 4719 luce
2994 4662 3230 4729 Christi,
3255 4671 3314 4718 ut
3341 4677 3434 4720 su-

1857 4771 1955 4826 pra
1987 4755 2052 4808 de
2069 4753 2182 4809 luce
2206 4754 2360 4826 vigilo
2381 4755 2452 4810 ad
2473 4764 2543 4820 te,
2573 4763 2634 4808 ut
2664 4755 2805 4809 ﬁlius
2833 4754 2990 4819 lucis,
3015 4755 3070 4810 id
3099 4761 3180 4810 est
3207 4752 3431 4818 Christi,

1860 4847 1927 4902 ad
1950 4847 2082 4902 lucis
2109 4858 2382 4902 auctorem
2421 4847 2625 4918 vigilet,
2651 4847 2718 4903 ad
2741 4847 2934 4902 Deum.

1934 4959 2098 5016 Vsus.
2122 4961 2176 5015 8.
2199 4991 2272 5003 -—
2307 4961 2556 5031 Adjutor,
2589 4969 2693 5015 etc.
2726 4960 2909 5033 (AUG.)
2931 4960 2988 5015 In
3031 4961 3286 5032 periculis
3317 4959 3438 5016 Idu-

1860 5069 2032 5119 niteat,
2066 5063 2196 5121 etc.,
2225 5071 2388 5125 usque
2431 5055 2501 5108 ad
2531 5055 2658 5125 quia
2701 5072 2785 5110 me
2828 5057 3052 5127 suscepit
3099 5072 3130 5110 a
3185 5056 3440 5126 periculis

1861 5145 2076 5200 dextera
2109 5155 2225 5215 tua,
2258 5145 2312 5200 id
2333 5153 2418 5201 est
2439 5145 2769 5215 propitiatio’.

1930 5257 2092 5313 Vens.
2129 5258 2214 5313 IO.
2246 5289 2316 5298 —-
2342 5257 2453 5328 Ipsi
2483 5275 2599 5313 vero
2632 5262 2690 5314 in‘
2724 5273 2914 5313 vanum
2951 5257 3269 5329 qutesierunt
3323 5261 3441 5313 ani-

1862 5362 2023 5404 mam.
2069 5349 2187 5405 Rex
2222 5366 2370 5406 vero.
2413 5349 2731 5406 Confert‘in
2785 5351 2870 5405 bis
2927 5350 3137 5405 duobus
3190 5351 3438 5406 versibus

1864 5444 2002 5498 bona
2032 5451 2086 5497 et
2121 5443 2261 5497 mala
2288 5443 2622 5498 diversarum
2651 5441 2908 5512 partium.

1938 5533 2266 5605 Ininferiora
2295 5545 2465 5590 terrae.
2486 5531 2838 5606 (Cass.)'Quia
2863 5545 2970 5586 non
2991 5530 3058 5584 ad
3075 5530 3242 5586 oculos
3267 5532 3439 5586 evecti

1867 5635 2008 5680 sunt.
2040 5625 2080 5678 Α
2106 5633 2247 5681 terra
2278 5626 2569 5682 sorbentur
2616 5622 2770 5677 mala:
2807 5621 3184 5693 cogitationes,
3215 5620 3340 5689 quia
3374 5621 3445 5674 de’

1869 5727 2010 5773 terra
2038 5728 2197 5786 natae,
2223 5720 2275 5773 in
2325 5720 2430 5774 ima
2467 5715 2814 5785 terrzc,quasi
2847 5717 2902 5771 in
2924 5731 3161 5780 caenum,
3191 5722 3439 5785 vergunt.

1943 5813 2103 5868 Vens.
2151 5814 2234 5867 ll.
2267 5845 2332 5853 —
2379 5811 2560 5864 Partes
2604 5808 2830 5878 vulpium
2877 5819 3049 5874 erunt,
3098 5816 3202 5862 etc.
3239 5804 3452 5878 (Cass)
