3982 6352
521 383 627 440 955
1023 371 1408 427 \VALAFRIDI
1449 365 1693 422 STRABI
1733 364 1934 420 FULD.
1974 361 2136 418 MON.
2181 361 2330 416 OPP.
2371 357 2548 414 PARS
2585 358 2624 413 Ι.
2662 355 2732 398 -ἶ-
2769 355 3223 414 THEOLOGICA.
3690 355 3795 410 936

521 489 829 559 Principum
890 484 1094 548 saeculi,
1127 492 1256 545 etc.,
1285 495 1445 549 usque
1501 477 1568 530 ad
1616 475 1742 529 dum
1787 489 1848 528 se
1903 472 2102 527 dolosis
2128 487 2177 547 Α
2205 481 2428 528 storum.
2464 471 2674 526 Omnes.
2708 469 2894 542 (Ibid)
2917 468 2996 525 Ne
3021 479 3182 539 putes
3205 468 3270 524 de
3297 466 3424 523 solis
3453 467 3794 538 Apostolicis

521 596 688 654 prava
720 578 997 633 voluntate
1035 573 1388 654 conjungunt.
1513 647 1518 651 Ι
1925 653 1946 654 ﬂ
2205 564 2330 618 dici.

595 619 997 726 “V'euns'.wlu2u.‘:
1017 619 1468 729 Ivnv
1502 647 1679 720 Patre,
1703 655 1882 710 unde:
1909 653 2021 723 Ego
2052 654 2106 706 in
2720 626 3040 686 PSALMUS
3078 619 3264 686 LXIV.

528 761 712 827 Patre,
735 769 784 813 et
811 747 972 811 Pater
997 756 1051 808 in
1079 770 1175 808 me.
1206 752 1240 805 J
1247 761 1426 814 urant,
1445 766 1551 803 non
1577 764 1674 818 per
1693 763 1922 811 eum,ne
1948 747 2107 814 impe-

528 852 1020 922 retjuramentum,
1055 847 1148 901 sed
1207 845 1261 898 in
1307 858 1392 909 eo,
1435 839 1798 912 promittendo
1849 839 1899 892 ei
1952 839 2108 893 obse-

531 962 738 1018 quium'
1061 1003 1382 1064 PSALMUS
1413 1005 1598 1060 LXlll.

607 1122 814 1203 (ὦδε.)
863 1124 1111 1180 Psalmus
1147 1122 1248 1176 iste
1273 1120 1509 1174 breviter
1535 1120 1665 1190 agit,
1700 1126 1828 1181 etc.,
1859 1131 2018 1184 usque
2041 1113 2110 1166 ad

531 1220 596 1275 ut
646 1221 703 1273 in
753 1213 1100 1288 passionibus
1154 1226 1434 1280 speremus
1482 1211 1533 1262 in
1579 1208 1830 1289 Domino.
1897 1203 2110 1277 (Aue.)

536 1311 609 1366 Ut
637 1317 794 1380 caput
815 1314 1082 1370 nostrum,
1112 1299 1184 1358 ita
1213 1317 1310 1357 nos
1361 1302 1416 1355 in
1462 1299 1902 1355 tribulationibus
1953 1311 2110 1368 roge-

535 1417 682 1458 mus.

605 1489 771 1546 Vens.
816 1488 869 1542 2.
891 1517 963 1527 —
986 1485 1218 1549 Exaudi,
1245 1483 1404 1548 Deus,
1439 1481 1745 1536 oralionem.
1783 1480 1856 1536 Ut
1888 1480 2112 1546 exaltes,

538 1591 586 1636 et
615 1584 774 1650 eripe,
789 1578 914 1648 quia
935 1577 1212 1644 deprecor.
1240 1567 1282 1626 Α
1314 1576 1496 1628 timore
1525 1574 1741 1626 inimici.
1780 1571 1981 1644 (CASS.)
2008 1571 2116 1626 Sed

541 1688 650 1728 non
670 1688 702 1725 a
728 1669 921 1725 timore
949 1664 1160 1722 mortis.

610 1762 776 1818 Vnus.
805 1759 858 1813 5.
891 1789 963 1798 -
991 1755 1280 1809 Protexisti
1307 1771 1408 1809 me.
1467 1753 1650 1825 (Αυς.)
1687 1753 1802 1810 Hoc
1847 1754 1902 1808 in
1945 1754 2118 1824 capite

2281 743 2345 797 In
2398 744 2575 813 ﬁnem.
2649 743 2830 816 (Acta)
2893 743 3246 814 Prophetavit
3290 743 3562 800 Jeremias
3617 746 3796 815 (xxv,

2211 834 2364 904 χχιχ)
2391 845 2512 904 post
2559 835 2899 905 septuaginta
2949 849 3119 888 annos
3165 834 3465 888 rediturum
3507 835 3797 904 pepulum.

2209 925 2355 980 lnter
2381 924 2624 994 captivos
2653 932 2772 978 erat
2797 923 3051 979 Ezechiel
3085 932 3142 978 et
3165 923 3254 978 alii
3299 925 3602 994 prophetae.
3640 924 3804 979 Com-

2210 1020 2369 1090 pletis
2424 1019 2765 1091 septuaginta
2816 1018 2974 1072 annis
3013 1017 3323 1072 restitutum
3379 1028 3466 1072 est
3508 1019 3800 1087 templum.

2212 1099 2412 1182 Figura
2438 1119 2521 1166 est
2549 1111 2742 1176 nostri,
2767 1109 2858 1180 qui
2913 1110 2979 1164 de
3019 1109 3311 1180 Babylonia
3362 1109 3432 1164 ad
3490 1108 3802 1164 Jerusalem

2213 1201 2576 1269 suspiramus,
2643 1199 2710 1254 de
2780 1197 2974 1254 saeculo
3038 1205 3093 1252 et
3161 1214 3387 1269 corpore
3450 1200 3672 1270 peccati
3740 1201 3808 1256 ad

2213 1289 2432 1343 cmlum.

2286 1377 2449 1432 Vens.
2477 1379 2528 1432 1.
2551 1409 2621 1417 —
2649 1377 2913 1434 Jeremiaz.
2974 1377 3152 1448 (AUG.,
3179 1377 3364 1450 Hren.)
3396 1378 3678 1434 Excelsus
3705 1397 3722 1446 ;
3756 1386 3810 1435 et

2217 1467 2484 1540 signiﬁcat
2512 1483 2626 1534 eos,
2658 1469 2750 1538 qui
2779 1469 2962 1522 dicunt
2986 1486 2998 1521 ε
3027 1467 3225 1522 Nostra
3259 1469 3596 1522 conversatio
3627 1469 3688 1522 in
3710 1483 3810 1522 cc-

2220 1562 2282 1615 lis
2320 1573 2416 1614 est.
2446 1561 2686 1632 Aggaeus,
2717 1560 2906 1616 festus.
2933 1551 3056 1615 lllos
3085 1561 3372 1630 signiﬁcat,
3413 1561 3511 1632 qui
3550 1570 3690 1616 sunt
3721 1578 3812 1632 spe

2220 1655 2642 1726 gaudentes,qui
2665 1654 2718 1707 in
2746 1652 2987 1723 reliquiis
3006 1652 3396 1722 cogitationum
3428 1653 3582 1707 diem
3617 1651 3808 1706 festam

2225 1756 2389 1818 agunt
2423 1746 2680 1812 Domino;
2719 1743 2984 1810 Ezechiel,
3011 1744 3285 1800 roboravit
3318 1758 3407 1798 me
3439 1742 3742 1804 Dominus,
3763 1753 3811 1795 et

541 1853 765 1918 factum,
809 1854 952 1924 quod
981 1862 1035 1908 et
1065 1854 1307 1908 membra
1350 1853 1703 1921 experiuntur
1735 1870 1749 1907 :
1782 1852 1887 1906 hoc
1929 1866 2114 1910 exem-

2239 1837 2489 1908 signilicat
2544 1836 2682 1900 illos,
2729 1835 2827 1916 qui
2865 1841 2993 1889 sunt
3035 1833 3276 1887 roborati
3328 1833 3382 1887 in
3427 1831 3717 1898 Domino;
3763 1834 3808 1894 h

540 1942 630 2012 plo
665 1941 858 2011 reliqui
886 1941 1191 1996 lirmantur.

612 2029 778 2086 Vens.
803 2033 855 2086 4.
881 2063 951 2072 ——
978 2032 1117 2098 Quia
1149 2041 1466 2086 exacuerunt
1516 2031 1583 2085 ut'
1612 2031 1845 2101 gladium
1889 2033 2116 2102 linguas.

544 2119 642 2175 Vel
669 2121 758 2189 qui
787 2121 996 2175 scilicet
1033 2121 1392 2192 malignantes
1439 2129 1494 2174 et
1527 2128 1814 2189 operantes
1869 2121 2122 2190 iniquita-

543 2221 672 2268 tem.
704 2213 916 2266 Arcum.
947 2211 1201 2268 Occultas
1240 2213 1485 2276 insidias,
1536 2220 1594 2266 ut
1637 2227 1732 2281 per
1779 2201 2119 2285 discipulum,

544 2302 692 2372 quod
719 2311 801 2357 est
822 2319 911 2358 res
945 2319 1151 2369 amara,
1181 2313 1240 2358 ut
1270 2303 1497 2358 conviva
1547 2303 1616 2359 sit
1667 2305 1929 2374 proditor.
1959 2305 2121 2360 Ama-

545 2410 682 2448 ram.

515 2538 522 2546 ,
624 2483 788 2539 Vens.
819 2483 873 2539 6.
895 2515 966 2526 —
1008 2484 1190 2540 Subito
1222 2486 1561 2556 sagitlabunt.
1622 2485 1808 2559 (Ibid.)
1842 2471 2121 2553 lnsidiose,

551 2574 708 2643 quasi
737 2575 1066 2630 nescientem
1097 2583 1154 2629 ut
1179 2562 1257 2630 eis
1283 2576 1496 2631 videtur
1510 2577 1678 2645 quise
1702 2577 1926 2631 credunt
1954 2577 2126 2632 Deum

550 2663 757 2721 fallere.
791 2653 916 2720 Non
947 2667 1220 2722 timebunt.
1265 2667 1455 2738 (Ibid.)
1495 2667 1538 2723 0
1578 2683 1672 2724 cor
1720 2656 1954 2723 durumi
1983 2669 2128 2723 occi-

549 2756 681 2810 dere
707 2753 1002 2820 hominem,
1036 2760 1125 2827 qui
1159 2768 1402 2815 mortuos
1430 2760 1753 2825 suscitabat,
1777 2769 1834 2814 et
1866 2760 1990 2815 inde
2021 2776 2125 2815 non

549 2846 760 2901 timere.
797 2845 1187 2904 Firmaverunt.
1211 2850 1408 2922 (Cass)
1432 2841 1826 2916 Obstinatione,
1854 2867 1958 2907 non
1983 2853 2126 2908 veri-

548 2942 682 3000 tate,
726 2950 1055 2992 sermonem.
1101 2930 1238 2992 Reus
1274 2949 1346 2993 est
1391 2941 1571 2994 mortis
1611 2954 1630 2991 :
1665 2940 1766 3004 vel,
1803 2929 2027 3012 Expedit
2071 2951 2127 2996 ut

549 3042 687 3080 unus
713 3027 988 3080 ηιοιεῑαιατ.
1023 3017 1156 3095 δέω.
1183 3029 1367 3101 una.)
1409 3023 1528 3084 Non
1574 3018 1822 3098 Domino,
1873 3034 1965 3088 sed
1998 3033 2123 3099 sibi,

549 3131 673 3170 cum
704 3116 890 3170 dicunt
919 3135 930 3169 :
971 3115 1197 3191 Sanguis
1242 3121 1354 3189 ejus
1401 3137 1556 3190 super
1607 3137 1701 3174 nos
1729 3131 1775 3174 et
1804 3139 1961 3191 super
1984 3122 2122 3191 ﬁlios

2222 1933 2680 2002 prophetaverunt
2710 1913 2943 1984 reditum
2972 1929 3024 1982 in
3049 1927 3373 1983 Jerusalem.

2294 2023 2371 2076 De
2420 2021 2609 2092 populo
2647 2021 3142 2091 transmigrationis.
3194 2019 3378 2093 (Alma)
3442 2020 3508 2077 Id
3557 2029 3682 2085 est,
3733 2022 3812 2090 qui

2225 2115 2630 2184 transmigravit
2659 2115 2725 2168 de
2754 2113 2894 2168 cmlo
2922 2114 2989 2168 ad
3027 2121 3248 2177 terram,
3274 2112 3341 2167 de
3363 2113 3728 2183 perfectione
3755 2116 3814 2169 ad

2225 2206 2500 2262 miseriam
2525 2214 2581 2259 et
2604 2204 3154 2260 confusionem-Cum
3185 2190 3456 2275 inciperet.
3489 2205 3700 2277 (Ibid)
3741 2206 3814 2260 ln-

2226 2281 2357 2368 eipit
2391 2299 2563 2362 exire,
2591 2297 2684 2368 qui
2720 2297 2906 2367 incipit
2933 2311 3151 2362 amare;
3194 2297 3428 2352 cbaritas
3461 2297 3654 2352 civem
3703 2298 3817 2354 [δώ

2226 2377 2548 2459 Jerusalem,
2581 2393 2849 2462 cupiditas
2874 2391 3162 2464 Babylonis
3195 2411 3208 2446 :
3238 2399 3294 2446 et
3319 2392 3399 2446 sic
3417 2407 3560 2463 ergo
3589 2408 3817 2463 corpore

2226 2482 2495 2554 permisti,
2530 2481 2797 2537 desiderio
2830 2490 2956 2536 sunt
2987 2481 3238 2552 separati.
3268 2481 3473 2553 (Cass)
3502 2481 3816 2538 Consolatio

2228 2576 2283 2631 in
2313 2573 2539 2640 exsilio;
2566 2589 2634 2629 ne
2660 2573 2785 2644 quis
2808 2575 3085 2643 desperet:
3106 2573 3230 2642 quia
3254 2574 3532 2628 certilicat
3553 2575 3811 2640 reditum,

2227 2673 2282 2720 et
2305 2680 2403 2735 per
2433 2679 2618 2734 quem,
2641 2672 2696 2718 et
2739 2679 2858 2734 quae
2884 2663 3084 2718 divitiae
3127 2664 3377 2719 reversis.
3399 2662 3670 2721 Aliirmat
3703 2665 3816 2722 red-

2229 2756 2383 2820 itum,
2411 2765 2466 2810 et
2491 2764 2760 2831 precatur.
3033 2824 3038 2828 1
3461 2827 3466 2832 γ

2302 2845 2627 2912 Vens,2.-——
2658 2845 2728 2899 Te
2778 2845 2941 2900 decet.
2989 2843 3108 2898 Non
3149 2845 3278 2900 deos
3319 2844 3571 2916 gentium
3607 2853 3670 2900 et
3715 2863 3815 2902 non

2230 2939 2380 3004 alibi,
2405 2938 2506 2994 nisi
2535 2923 2586 2992 in
2610 2937 3077 3006 contemplatione,
3123 2936 3177 2990 id
3206 2945 3313 3000 est,
3359 2935 3490 3001 ﬁde,
3536 2945 3594 2992 et
3647 2939 3722 2993 ibi
3760 2940 3816 2993 de

2229 3031 2384 3086 bonis
2424 3011 2676 3099 operibus
2721 3028 2967 3082 reddetur
3010 3037 3203 3093 votum,
3243 3027 3296 3080 in
3337 3026 3558 3081 caelesti
3591 3026 3814 3082 Jerusa-

2231 3121 2360 3187 lem,
2389 3121 2532 3190 quod
2553 3103 2629 3173 illi
2658 3104 3118 3195 solvebant‘Marti
3145 3128 3264 3192 post
3281 3116 3490 3186 praelia,
3515 3125 3574 3172 et
3601 3120 3812 3173 cretei-is

552 3216 778 3259 nostros.
824 3204 888 3259 Ut
916 3183 1306 3262 abscondit-ent.
1339 3183 1771 3277 Mos'malorum;
1805 3183 1898 3280 qui
1944 3183 2125 3268 dolum
2157 3189 2201 3252 (ἶ
2234 3183 2424 3268 (ιίἱενὶιί
2451 3212 2594 3265 hunc
2619 3209 2855 3264 modum.
2882 3191 3034 3265 Sion.
3067 3183 3251 3261 Patria
3275 3183 3518 3262 ctelestis
3546 3216 3636 3263 est
3663 3208 3810 3274 Sion,

547 3302 723 3365 parat,
749 3303 901 3364 putat
929 3311 986 3351 se
1017 3296 1224 3352 fallere.

621 3383 782 3439 Vens.
817 3385 870 3439 7.
893 3417 962 3425 —
984 3386 1240 3442 Scrutati.
1270 3387 1469 3462 (CASS.)
1505 3389 1784 3456 Quomodo
1811 3391 2134 3446 accusarent

546 3473 772 3544 justum,
819 3475 905 3530 vel
948 3477 1215 3545 quomodo
1271 3479 1582 3548 perderent,
1630 3483 1698 3534 ne
1741 3481 1975 3536 mundus
2008 3477 2132 3552 post

552 3577 679 3620 eum
705 3566 826 3620 iret.
862 3567 1042 3639 (Αυο.)
1071 3567 1347 3635 Scrutina,
1386 3570 1438 3624 id
1462 3579 1564 3636 est,
1613 3573 1809 3627 acerba
1835 3581 1889 3626 et
1919 3575 2130 3629 occulta

552 3658 814 3725 Consilia;
845 3661 936 3714 sed
986 3669 1188 3731 quanto
1233 3663 1446 3718 acutius
1493 3664 1754 3735 cogitant,
1809 3673 1960 3720 tanto
2011 3666 2131 3736 plus

556 3750 816 3804 deliciunt
845 3766 876 3805 a
902 3752 1129 3806 veritate
1156 3761 1210 3806 et
1234 3755 1509 3823 tequitate,
1533 3761 1588 3810 et
1611 3755 1666 3809 in
1693 3756 1940 3810 tenebras
1987 3773 2131 3811 mer—

554 3849 754 3910 guntur
794 3860 807 3894 :
843 3842 967 3910 quia
991 3858 1112 3896 cum
1145 3859 1250 3897 non
1288 3845 1470 3899 vident
1499 3845 1688 3912 Deum,
1721 3845 1912 3914 putant
1944 3863 2000 3901 se
2026 3863 2133 3902 non
2188 3851 2194 3856 ’

553 3931 726 3985 videri
755 3947 785 3984 a
813 3932 941 3986 Deo.
967 3934 1183 4009 Accedet
1208 3935 1382 3988 horno.
1419 3935 1620 4006 (Cass)
1649 3934 1783 3989 Nam
1806 3937 1896 4004 qui
1919 3946 2131 3989 scruta-

557 4030 646 4075 tur
700 4022 906 4092 iniqua,
944 4033 1072 4088 etc.,
1111 4042 1275 4096 usque
1323 4029 1391 4080 ad
1443 4027 1535 4082 sed
1583 4027 1638 4081 in
1689 4029 1850 4083 corde
1897 4027 2133 4082 hominis

557 4115 887 4184 grandescit.
919 4115 1099 4188 (Aec.)
1132 4117 1392 4183 Serulati,
1415 4119 1509 4174 sed
1536 4117 1762 4185 frustra,
1795 4119 1920 4189 quia
1945 4127 2133 4190 sponte

556 4205 774 4261 accedet
804 4207 968 4263 homo
995 4209 1059 4263 ad
1093 4211 1420 4278 passionem.
1469 4211 1549 4264 Ad
1596 4227 1686 4264 cor
1720 4209 1906 4263 altum.
1944 4209 2131 4282 (Ibid)

557 4297 686 4352 Erat
713 4299 784 4364 ei,
819 4300 945 4369 quia
990 4301 1094 4356 hoc
1140 4301 1372 4357 faciebat
1417 4302 1710 4359 secundum
1744 4302 1912 4358 altum
1951 4303 2131 4360 consi-

556 4386 710 4440 lium.

631 4477 848 4549 Sagitta:
896 4482 1243 4550 parvulorum
1293 4484 1470 4554 factm.
1502 4484 1700 4557 (Cass)
1751 4485 2133 4540 Enumerata’m

557 4569 877 4637 pravitatem
907 4571 1094 4626 irridet
1118 4572 1447 4638 Judaeorum,
1481 4575 1572 4644 qui
1592 4575 1764 4646 magis
1777 4577 1976 4630 turbati
2005 4575 2131 4631 sunt

561 4655 804 4711 nuntiata
834 4662 1252 4727 resurrectione,
1278 4662 1412 4732 justi
1441 4663 1624 4718 laetati.

631 4745 794 4802 Vens.
821 4748 872 4803 9.
896 4779 969 4789 --
1003 4751 1329 4806 Conturbati.
1384 4752 1569 4824 (Ibid.)
1609 4753 1850 4809 Fuerunt
1888 4755 1962 4810 illi
2013 4757 2126 4826 qui,

561 4836 748 4892 salutis
791 4853 900 4894 suae
943 4843 1224 4897 consilium
1271 4853 1594 4914 quaerentes,
1639 4847 1894 4902 dixerunt
1937 4866 1951 4902 :
1990 4848 2130 4915 Quid

562 4927 813 4996 faciemus
831 4970 845 4996 ,
868 4932 964 4984 viri
987 4932 1219 5001 fratres?

631 5019 794 5076 Vens.
825 5023 909 5076 10.
940 5054 1010 5062 -
1035 5024 1102 5077 Et
1131 5025 1301 5078 timuit
1337 5027 1524 5081 omnis.
1557 5026 1739 5100 (Ᾱυῦ.)
1767 5027 1825 5082 Si
1854 5029 2005 5083 timet
2037 5029 2132 5084 ho-

562 5127 670 5178 mo,
705 5128 810 5168 non
839 5123 1039 5170 terreat
1067 5117 1248 5182 homo,
1283 5121 1413 5188 quin
1454 5123 1758 5189 annuntiet,
1801 5122 1942 5177 sicut
1984 5123 2130 5192 Apo-

561 5202 708 5268 stoli,
751 5205 947 5274 quibus
974 5209 1436 5264 comminaverunt
1456 5212 1730 5284 principes
1756 5215 2123 5282 sacerdotum,-

564 5290 820 5360 dicentes,
851 5311 919 5351 ne
943 5298 1296 5367 praedicarent
1319 5300 1370 5354 in
1397 5303 1612 5356 nomine
1633 5301 1779 5358 Jesu.

633 5381 704 5436 Et
743 5384 884 5454 facta
927 5389 1041 5458 ejus
1081 5391 1463 5446 intellexerunt.
1506 5393 1715 5465 (Ibid.)
1761 5395 1868 5450 Cur
1908 5399 2134 5466 passus?

565 5489 664 5528 cur
683 5491 788 5530 non
814 5477 1086 5535 descendit
1106 5482 1171 5537 de
1201 5484 1397 5538 cruce?
1421 5486 1547 5554 quia
1578 5487 1912 5541 moriendum
1938 5499 2054 5544 erat
2080 5499 2134 5544 et

566 5569 955 5637 resurgendum
989 5591 1001 5625 :
1035 5576 1179 5642 quod
1204 5585 1330 5630 tunc
1356 5593 1461 5630 non
1488 5577 1588 5631 fuit
1615 5579 1964 5634 intellectura.

638 5654 802 5712 Vens.
828 5661 911 5715 Η.
935 5693 1004 5703 -——
1029 5663 1313 5717 Lwtabitur
1334 5667 1512 5735 justus
1559 5670 1613 5721 in
1655 5668 1896 5723 Domino.
1929 5667 2130 5741 (CASS.)

568 5746 854 5805 Conclusio
888 5768 953 5806 ex
981 5755 1265 5823 prredictis,
1309 5767 1356 5810 el
1397 5759 1695 5813 ostenditur
1735 5761 2018 5831 promissio
2047 5761 2146 5830 ju-~

2232 3302 2419 3356 eadem
2440 3309 2523 3355 est
2549 3287 2868 3355 Jerusalem.
3027 3372 3029 3374 η

2302 3391 2468 3446 Vens.
2497 3377 2864 3445 5.—E:caudi
2889 3391 3180 3467 orationem
3206 3407 3395 3444 meam.
3425 3389 3637 3463 (Cass)
3663 3390 3816 3448 Prius

2233 3472 2362 3540 facit
2385 3485 2530 3554 quod
2553 3499 2584 3537 a
2611 3483 2820 3537 caeteris
2844 3481 3150 3538 faciendum
3175 3484 3322 3547 dicit,
3339 3483 3578 3549 scilicet,
3599 3484 3812 3538 exaudi.

2234 3577 2418 3632 Omnis
2446 3593 2590 3630 caro.
2624 3575 2804 3647 (Auc.)
2829 3576 2884 3630 ld
2906 3583 3011 3640 est,
3042 3577 3227 3640 homo,
3254 3576 3306 3630 id
3334 3587 3420 3631 est
3449 3592 3522 3630 ex
3545 3578 3703 3632 omni
3731 3592 3814 3647 ge-

2233 3683 2361 3722 nere
2388 3686 2400 3722 :
2425 3682 2710 3738 pauperes,
2737 3667 2951 3733 divites,
2974 3667 3099 3732 viri,
3127 3666 3360 3733 femina},
3391 3668 3567 3734 docti,
3594 3669 3810 3731 indocti.

2232 3759 2408 3828 pueri,
2441 3773 2616 3813 senes.
3275 3829 3282 3834 _

2306 3847 2466 3903 Vens.
2497 3847 2551 3902 4.
2575 3879 2638 3887 -
2669 3846 2835 3902 Verba
2863 3847 3192 3924 iniquorum.
3217 3845 3417 3918 (Cass)
3445 3843 3570 3924 Qua
3600 3865 3700 3920 spe
3719 3850 3812 3905 hoc

2233 3939 2392 3994 oras?
2421 3938 2546 4007 quia
2577 3937 2646 3992 ad
2675 3947 2722 3991 te
2745 3939 2910 3992 omnis
2932 3955 3055 4008 caro
3078 3940 3260 4003 veniet,
3283 3955 3386 3993 non
3413 3940 3594 3995 solum
3614 3943 3814 4002 anima,

2235 4030 2328 4082 sed
2343 4029 2505 4081 etiam
2535 4026 2706 4081 malus
2731 4027 2912 4082 homo.
2953 4025 3184 4082 Necesse
3209 4015 3292 4081 est
3317 4035 3376 4080 ut
3405 4029 3623 4083 audias.
3641 4028 3814 4084 Verba

2233 4118 2376 4172 enim
2405 4117 2731 4186 iniquorum,
2768 4116 2967 4170 diaboli
3003 4125 3057 4170 et
3081 4101 3476 4187 primitivorum
3525 4129 3814 4187 parentum

2232 4208 2361 4262 Adin
2373 4217 2426 4262 et
2441 4207 2584 4262 Evee.
2603 4206 3018 4262 Prtevaliterunt.
3037 4208 3091 4260 Id
3112 4216 3212 4272 est,
3229 4209 3281 4262 in
3297 4209 3552 4262 exsilium
3581 4210 3815 4281 proiece-

2235 4307 2381 4364 runt,
2411 4299 2495 4352 vel
2521 4299 2738 4369 pagani,
2766 4299 2903 4353 ritus
2929 4315 3054 4354 suos
3085 4299 3210 4354 [iliis
3234 4301 3347 4354 suis
3377 4314 3694 4368 suaserunt,
3729 4301 3816 4358 sed

2235 4389 2613 4460 propitiaberis
2639 4389 2693 4442 in
2725 4389 2899 4443 hostia
2931 4385 3152 4444 Christi.
3184 4389 3365 4461 (Auc.)
3407 4389 3581 4444 Verba
3612 4393 3814 4462 iniquo-

2238 4497 2375 4544 rum,
2409 4479 2462 4533 id
2485 4489 2591 4546 est,
2620 4478 2788 4533 malos
2817 4479 2951 4532 ritus
2971 4487 3025 4532 et
3052 4494 3228 4532 mores
3255 4490 3546 4550 parentum
3599 4493 3812 4536 nostro-

2242 4586 2360 4626 rum
2393 4571 2505 4641 (qtii
2527 4577 2586 4624 u‘t
2624 4579 2804 4634 tetate,
2835 4570 2908 4624 ita
2942 4570 3265 4624 auctoritate
3306 4578 3570 4639 pmstant
3611 4574 3812 4643 pueris)

2239 4664 2406 4717 secuti
2452 4679 2655 4717 sumus.
2707 4659 3104 4733 Propitiaberis.
3161 4661 3344 4734 (Aec.)
3390 4662 3721 4734 Propitiatio
3761 4668 3814 4719 ﬁt

2235 4772 2332 4825 per
2385 4755 2734 4820 sacriﬁcium,
2785 4755 2928 4824 quod
2976 4755 3230 4810 sacerdos
3285 4755 3536 4810 Christus
3593 4759 3807 4813 obtulit.

2234 4849 2378 4904 Idem
2409 4857 2492 4903 est
2521 4865 2648 4919 ergo
2675 4849 2927 4903 sacerdos
2955 4857 3008 4902 et
3036 4847 3230 4902 hostia.

2307 4939 2467 4994 Vens.
2502 4941 2552 4994 5.
2587 4971 2656 4980 -—
2688 4939 2883 4994 Beatus
2927 4955 3076 5011 quem
3120 4939 3337 5010 eleg‘isti,
3368 4948 3475 4995 etc.
3509 4939 3724 5012 (Cass)
3753 4941 3813 4996 Et

2236 5032 2425 5086 beatus
2459 5031 2634 5086 omnis
2661 5031 2746 5084 ille
2775 5046 2934 5100 quem
2961 5030 3170 5100 elegisti
3197 5045 3418 5084 amassa
3447 5032 3802 5100 perditorum.

2236 5123 2384 5197 (Non
2422 5141 2508 5178 uos
2535 5141 2615 5176 me
2643 5123 2886 5193 elegistis,
2916 5122 3003 5176 sed
3031 5139 3123 5190 ego
3160 5138 3246 5175 vos
3277 5121 3455 5193 (Joan.
3506 5122 3628 5193 xv),
3653 5132 3708 5176 et
3731 5137 3810 5175 as-

2235 5203 2510 5283 sumpsisti
2560 5214 2612 5267 in
2665 5223 2863 5267 sortem
2915 5221 3079 5276 tuam,
3128 5211 3182 5265 in
3229 5220 3489 5266 aeternam
3539 5215 3804 5282 requiem.

2237 5299 2415 5376 (Acta)
2457 5303 2548 5357 Vel
2599 5303 2700 5367 sic,
2750 5302 3124 5372 propitiaberis
3170 5318 3268 5371 per
3301 5303 3524 5356 beatum
3581 5304 3806 5356 virum:

2235 5407 2363 5460 etc.,
2391 5412 2548 5465 usque
2573 5395 2640 5447 ad
2663 5411 2781 5464 quae
2805 5409 2911 5447 non
2932 5394 3289 5463 possuntdici.
3310 5391 3376 5446 In
3406 5391 3575 5446 bonis.
3609 5393 3808 5461 (Cass)

2235 5487 2363 5554 Quae
2391 5488 2530 5541 bona
2557 5494 2704 5550 sunt,
2738 5488 2994 5540 sanctitas
3021 5484 3073 5538 in
3121 5499 3200 5549 se,
3241 5484 3467 5552 aequitas
3503 5482 3574 5536 ad
3627 5486 3810 5555 proxi~

2235 5579 2400 5630 mum.
2435 5574 2719 5644 Templum.
2752 5573 3113 5638 Ecclesia,vel
3139 5588 3265 5628 caro
3293 5572 3515 5627 Christi.

2310 5666 2466 5720 Vens.
2495 5665 2545 5718 6.
2576 5696 2643 5705 -
2676 5657 2935 5719 Mirabile.
2969 5664 3149 5735 (Auc.)
3183 5662 3296 5716 Non
3331 5663 3383 5716 in
3416 5663 3802 5720 exterioribus

2241 5765 2299 5813 ut
2330 5758 2518 5812 domus
2548 5765 2728 5822 teme,
2757 5755 2850 5810 sed
2877 5756 2930 5808 in
2955 5756 3182 5826 justitia,
3222 5770 3338 5822 qua:
3367 5753 3654 5822 pulchrior
3675 5745 3812 5808 inte:
