3982 6352
220 426 320 484 957

1203 425 1472 484 GLOSSA
1507 408 1907 507 oumNAru'A.
1945 451 2014 463 —
2050 420 2180 476 LIB.
2223 417 2474 478 PSALM.

3359 418 3464 481 958

217 535 343 592 riori
373 533 531 592 oculo
549 542 607 590 et
619 535 905 592 amabilior
925 551 1087 608 quam
1099 539 1260 594 modo
1271 539 1530 594 debemus
1553 539 1782 602 esurire,

1959 536 2124 592 Vsus.
2150 535 2236 590 M.
2262 564 2334 574 ——
2361 531 2556 587 Valles.
2587 531 2776 603 (lbid.)
2807 529 3049 588 Humiles
3097 533 3278 604 populi
3330 534 3468 588 mul—

217 637 274 684 ut
299 637 428 684 tunc
453 642 517 682 ea
545 627 823 684 satiemur.
846 627 916 682 In
939 630 1199 701 equitate.
1219 629 1391 703 (ολδ.)
1411 629 1547 686 Cum
1575 631 1784 686 unicui-

218 736 320 791 que
340 720 506 794 digna
534 719 820 786 retribuet,
844 719 933 776 cui
951 728 1007 776 et
1039 721 1218 778 dicet:
1240 721 1456 777 Exaudi
1485 739 1599 789 nos,
1626 722 1716 794 qui
1735 739 1788 777 es

218 809 477 866 Salvator.
505 808 636 880 Spes
665 810 918 864 omnium.
950 809 1163 868 Laudes
1185 812 1307 878 Dei,
1335 820 1391 868 et
1430 812 1665 868 virtutes
1697 813 1790 868 de-

218 901 421 958 scribit.
449 899 520 955 Et
540 901 596 954 in
627 901 768 955 ’mari
787 899 956 973 longe.
990 900 1177 975 (Auc.)
1205 902 1331 960 Ideo
1374 902 1556 974 longe,
1576 903 1702 973 quia
1735 901 1790 956 in

218 992 372 1048 mari.
399 991 771 1048 Maredicitur
809 991 868 1048 in
897 992 1068 1065 ﬁgura
1103 994 1285 1051 saeculi
1334 994 1508 1049 amari
1555 993 1792 1049 falsitate

221 1081 581 1153 iniquitatum,
623 1089 680 1137 et
713 1084 1060 1154 tempestuosi
1108 1084 1360 1156 procellis
1408 1085 1788 1150 tentationum,

221 1174 309 1230 ubi
338 1174 516 1244 pisces
545 1173 777 1232 invicem
806 1190 864 1231 se
894 1177 1172 1232 devorant.

291 1266 450 1321 Vens.
481 1265 534 1320 7.
563 1295 634 1306 —
672 1265 990 1338 Praeparans
1047 1280 1264 1324 montes.
1313 1270 1497 1344 (Auc.)
1547 1271 1629 1328 Ad
1661 1288 1793 1330 usus

223 1363 604 1426 competentes.
635 1355 704 1410 In
727 1357 1052 1421 virtutetua.
1069 1359 1206 1428 Quia
1238 1377 1336 1432 per
1357 1377 1452 1419 eos
1478 1361 1608 1419 fecit
1629 1363 1793 1419 mira-

221 1445 355 1500 cula.
403 1445 682 1514 Quomodo
717 1450 1084 1520 praeparavit?
1115 1450 1406 1508 Accinctus
1441 1454 1704 1524 potentia,
1737 1454 1794 1510 id

222 1547 305 1592 est
346 1537 579 1604 Deitate,
627 1537 754 1608 quia
790 1539 1100 1596 humanitas
1127 1539 1291 1598 Verbi
1342 1543 1624 1613 majestate
1657 1559 1794 1615 prae-

223 1627 397 1684 cincta
426 1635 529 1695 est,
554 1637 614 1684 ut
639 1630 784 1700 quod
808 1631 969 1688 homo
993 1647 1102 1688 non
1147 1634 1356 1701 habuit,
1397 1635 1580 1692 Deitas
1617 1635 1790 1692 daret.

223 1718 516 1774 Accinctus.
549 1717 738 1792 (Ibid.)
768 1719 1019 1779 Christus
1065 1723 1122 1778 in
1168 1724 1344 1780 medio
1396 1726 1640 1797 undique
1674 1727 1792 1784 cin-

224 1818 358 1875 ctus,
382 1810 510 1881 quia
536 1825 725 1867 omnes
748 1811 899 1868 illum
923 1815 1285 1870 communiter
1327 1815 1592 1871 habemus
1617 1817 1706 1886 qui
1737 1816 1793 1871 in

1891 634 2014 682 tum
2059 626 2296 682 fructum
2341 623 2590 680 aﬂ‘erent.
2642 622 2973 679 Clamabunt.
3025 623 3216 696 (1bid.)
3261 624 3380 681 Non
3408 626 3467 681 in

1887 716 2242 788 blasphemia,
2270 715 2366 771 sed
2398 715 2456 770 in
2484 714 2704 786 hymno,
2731 714 2854 771 inde
2877 714 3154 770 abundant
3175 713 3466 772 frumento.

1958 809 2202 866 Psalmus
2244 809 2347 865 iste
2393 809 2449 864 in
2494 809 2768 880 exsequiis
2839 808 3077 865 ﬁdelium
3127 810 3467 875 decantatur,

1889 902 2017 974 quia
2042 902 2154 974 agit
2179 901 2245 958 de
2265 901 2442 957 reditu
2472 917 2503 956 a
2532 901 2826 971 Babylonia
2854 899 3013 970 hujus
3041 900 3227 956 mundi
3255 901 3322 955 ad
3370 916 3468 970 pa-

1891 994 2052 1050 triam
2078 993 2374 1060 caelestem,
2398 993 2649 1064 adquam
2675 993 2848 1048 sancti
2887 993 2942 1048 in
2992 993 3140 1048 obitu
3194 994 3261 1049 de
3307 1008 3472 1049 carne

1890 1082 2091 1151 educti,
2119 1084 2348 1140 feliciter
2383 1084 2638 1154 migrant,
2670 1083 2863 1138 stolam
2909 1083 3154 1154 simplam
3203 1082 3470 1154 recipien-

1891 1184 1996 1243 tes,
2019 1178 2190 1234 donec
2211 1179 2266 1233 in
2291 1176 2690 1233 resurrectione
2713 1177 2941 1248 geminae
2961 1175 3312 1232 beatitudinis
3329 1175 3466 1232 stola

1891 1268 2278 1342 gloriﬁcentur.

2419 1381 2740 1440 PSALMUS
2775 1381 2936 1448 LXV.

1963 1518 2033 1574 In
2050 1521 2228 1590 finem.
2259 1517 2442 1591 (Auc.)
2471 1517 2639 1574 Judaei
2667 1531 2735 1573 ex
2756 1517 2890 1590 legis
2931 1515 3143 1586 iustitia
3185 1517 3479 1588 sperabant

1895 1612 1997 1667 sibi
2021 1613 2161 1667 bona
2189 1611 2526 1683 temporalia,
2551 1620 2608 1666 et
2632 1612 3106 1677 resurrectionem,
3132 1619 3266 1677 etc.,
3316 1627 3480 1681 usque

1894 1703 1964 1756 ad
1991 1717 2089 1772 pro
2117 1702 2222 1758 ﬁde
2251 1702 2494 1774 gentium
2525 1701 2594 1756 ad
2617 1701 2864 1757 eamdem
2885 1716 3036 1771 spem
3061 1701 3475 1757 resurrectionis

1894 1801 2238 1851 vocaturum.

223 1915 342 1956 eum
371 1903 662 1970 credimus,
707 1905 802 1960 sed
836 1906 964 1976 quia
998 1906 1132 1962 ﬁdes
1155 1922 1262 1963 non
1292 1922 1324 1962 a
1349 1909 1527 1976 nobis,
1578 1910 1673 1966 sed
1724 1909 1793 1966 ab

1968 1887 2132 1945 Vens.
2163 1887 2214 1942 1.
2243 1917 2316 1928 -
2334 1885 2568 1942 Jubilate
2591 1885 2727 1954 Deo,
2768 1885 2936 1940 omnis
2977 1894 3138 1976 terra,
3167 1893 3273 1976 etc.
3303 1884 3474 1957 (αλδ.)

224 2008 308 2060 eo,
332 2001 616 2065 potentatu
632 2011 729 2051 suo
749 1998 957 2053 cinctus
981 1997 1196 2054 dicitur.

296 2087 458 2144 νειιε.
489 2088 541 2144 8.
578 2119 649 2130 —
679 2089 784 2156 Qui
803 2091 1082 2146 conturbas
1102 2091 1630 2165 profundumfmaris.
1656 2094 1798 2151 Ecce

228 2179 316 2249 qui
341 2195 439 2250 per
469 2179 589 2238 illos
625 2189 845 2252 paratos
887 2181 1036 2250 fecit,
1068 2184 1400 2240 conturbans
1425 2185 1492 2239 ad
1531 2185 1799 2256 paeniten-

228 2273 376 2328 tiam.
411 2272 741 2331 Profundum
772 2276 960 2342 maris,
990 2291 1098 2332 non
1120 2276 1487 2348 superﬁciem,
1512 2279 1608 2334 sed
1635 2279 1800 2334 corda

229 2361 540 2432 profundius
587 2379 789 2430 mersa,
819 2365 903 2420 vel
943 2365 1107 2420 corda
1134 2367 1461 2436 principum.
1508 2367 1636 2423 Haec
1671 2383 1802 2423 con-

234 2457 441 2513 turbata
493 2466 657 2525 sunt,
696 2473 822 2514 cum
873 2457 1117 2514 viderent
1156 2467 1211 2515 et
1243 2460 1372 2516 deos
1420 2476 1548 2519 suos
1587 2467 1641 2516 et
1679 2476 1802 2532 spes

232 2563 356 2604 suas
398 2548 465 2603 ad
516 2549 741 2605 nihilum
784 2551 990 2607 venire.
1031 2549 1252 2606 Sanum.
1304 2552 1486 2626 (Auc.)
1538 2553 1804 2610 Sonantes

233 2641 674 2707 contradictione,
700 2639 1020 2698 ﬁuctuantes
1047 2644 1445 2714 persecutione,
1469 2654 1576 2701 etc.
1601 2686 1617 2712 ,
1641 2662 1803 2712 usque

234 2728 300 2781 ad
329 2729 456 2785 dum
479 2731 610 2786 istos
633 2730 753 2800 plus
781 2730 884 2786 diis
915 2730 1028 2787 suis
1060 2732 1245 2788 valere
1265 2745 1515 2789 cernunt.

303 2819 465 2877 Vnus.
488 2821 540 2876 9.
569 2851 638 2861 —
663 2820 912 2876 Matutini
947 2831 994 2876 et
1038 2839 1258 2895 vespere.
1300 2824 1484 2898 (AUG.)
1526 2824 1685 2882 Mane
1721 2835 1806 2882 est

231 2914 583 2984 prosperitas,
631 2914 755 2983 quia
805 2915 985 2970 laetum
1037 2925 1120 2972 est
1155 2933 1315 2972 mane
1353 2926 1476 2989 post
1525 2919 1804 2974 tristitiam

231 3003 424 3060 noctis.
446 3002 684 3073 Vespere
726 3005 1059 3072 adversitas;
1109 3005 1166 3060 in
1210 3007 1296 3061 his
1339 3015 1578 3062 tentatur
1617 3009 1804 3074 homo,

233 3093 327 3148 sed
357 3095 516 3148 datur
542 3092 592 3148 ei
617 3093 764 3150 exire
790 3093 932 3161 inde,
965 3109 1032 3150 ne
1060 3094 1226 3150 lucris
1253 3096 1520 3166 capiatur,
1550 3099 1636 3153 cui
1667 3099 1807 3153 divi-

195 3207 206 3212 -
233 3183 323 3240 tiae
345 3192 472 3239 sunt
491 3185 636 3240 Deus
667 3200 683 3240 :
706 3198 774 3240 ne
799 3185 1040 3242 adversis
1071 3195 1355 3254 terreatur,
1376 3203 1475 3258 pro
1495 3203 1602 3259 quo
1620 3203 1812 3259 passus

1895 1977 2079 2035 Primo
2101 1984 2283 2033 monet
2301 1991 2492 2033 omnes
2507 1977 2574 2032 de
2593 1976 2990 2041 resurrectione
3001 1975 3204 2031 Christi
3219 1976 3477 2048 gaudere,

1895 2087 2016 2144 quae
2045 2069 2296 2126 omnibus
2315 2069 2405 2126 dat
2424 2069 2610 2124 vitam.

1969 2162 2134 2218 Vsus.
2155 2162 2284 2217 5.-
2310 2161 2440 2216 Date
2467 2159 2708 2232 gloriam.
2736 2159 2918 2233 (Auc.)
2949 2157 3066 2215 Non
3092 2167 3154 2214 ut
3181 2159 3372 2224 Judaei,
3393 2159 3486 2228 qui

1898 2254 2108 2310 meritis
2131 2253 2245 2309 suis
2273 2253 2405 2307 dant
2425 2251 2714 2321 justitiam,
2737 2260 2792 2307 et
2818 2251 3062 2307 invident
3082 2251 3333 2324 gentibus
3355 2268 3483 2323 gra-

1901 2343 2232 2409 tiam.Quam
2245 2342 2516 2398 terribilia.
2537 2327 2724 2416 (Πιίά.)
2742 2341 2799 2398 Si
2813 2344 3012 2415 gaudes
3022 2352 3077 2398 et
3099 2343 3246 2409 time,
3262 2357 3330 2398 ne
3342 2344 3489 2414 quod

1901 2433 2083 2490 datum
2133 2444 2216 2490 est
2250 2433 2442 2490 humili
2477 2432 2756 2488 auferatur
2791 2433 3025 2504 superbo
3063 2449 3077 2487 :
3113 2434 3256 2488 sicut
3281 2434 3484 2488 factum

1902 2535 1988 2582 est
2011 2526 2230 2582 ludatis.
2263 2525 2341 2583 Ne
2369 2542 2498 2598 ergo
2519 2525 2748 2581 insultes
2771 2525 2958 2582 fractis
2991 2528 3187 2593 ramis,
3213 2527 3308 2583 sed
3333 2530 3483 2594 time,

1902 2634 1973 2674 ne
1997 2619 2136 2674 forte
2157 2633 2257 2675 nec
2279 2619 2375 2674 tibi
2402 2627 2606 2690 parcat.
2641 2617 2813 2689 Opera
2853 2629 2970 2686 tua,
3016 2620 3260 2676 Domine.
3308 2621 3485 2694 (Cas)

1902 2710 2148 2768 Breviter
2162 2708 2421 2782 mysteria
2437 2709 2824 2764 incarnationis
2839 2711 2969 2765 dicit
2983 2725 3166 2782 opera,
3185 2714 3327 2782 quod
3343 2714 3486 2768 Deus

1904 2803 2090 2870 homo,
2104 2803 2247 2873 quod
2260 2816 2468 2872 passus,
2485 2810 2751 2869 mortuus,
2767 2810 2824 2858 et
2837 2803 3158 2875 huiusmodi.
3175 2803 3246 2858 In
3259 2805 3492 2860 multitu-

1905 2897 2026 2951 dine
2040 2897 2379 2950 virtutistuaz.
2415 2895 2594 2969 (Auc.)
2625 2895 2913 2952 Hicinuuit
2938 2900 3392 2956 resurrectionem
3418 2902 3483 2956 ad

1907 3001 2094 3058 quam,
2108 2987 2344 3041 exclusis
2356 2987 2704 3042 mendacibus
2717 2986 2934 3054 Iudaeis,
2949 2990 3270 3046 adhibentur
3281 3000 3476 3063 gentes.

1982 3077 2194 3148 (Βεω.)
2227 3075 2545 3132 Resurrexit
2569 3077 2856 3146 Dominus;
2881 3080 3044 3134 multi
3064 3083 3410 3139 crediderunt
3437 3086 3482 3138 iu

1913 3183 2060 3235 eum,
2087 3178 2219 3235 etc.,
2245 3185 2406 3240 usque
2427 3169 2496 3222 ad
2529 3183 2627 3239 per
2651 3171 2880 3240 gratiam
2907 3172 3178 3228 biberunt.
3230 3173 3494 3230 Mentie».

233 3283 316 3330 est
356 3275 633 3332 Dominus.
667 3274 975 3332 Delectabis.
1015 3279 1372 3336 Delectabiles
1409 3277 1578 3336 facies
1609 3279 1726 3350 jam
1755 3281 1807 3337 in

1922 3271 2019 3316 tur.
2057 3261 2230 3332 Opera
2257 3270 2384 3318 sunt
2405 3269 2582 3329 terrae,
2605 3278 2724 3334 quae
2743 3263 2951 3319 inimici
2979 3266 3332 3333 mentiuntur,
3363 3282 3496 3322 con-

234 3368 344 3422 vita
395 3368 520 3424 hac.
593 3366 653 3424 Si
697 3369 844 3424 enim
908 3386 1015 3426 non
1063 3371 1294 3428 delectet
1363 3373 1640 3430 hominem
1691 3375 1808 3446 ipse
1845 3352 1883 3362 v
1914 3359 1998 3446 ‘Fa
2019 3352 2361 3446 ωθηίξθίῗίθδν
2394 3354 2724 3446 θἠηίδίτέτνα
2745 3353 2944 3446 αάονθίν
2976 3364 3083 3411 θίθ⁸
3129 3356 3312 3430 (Ασίλ)
3345 3357 3496 3412 δίεπ’

235 3459 433 3525 exitus,
475 3474 583 3514 non
617 3459 831 3516 laborat
867 3461 992 3518 inde
1028 3464 1198 3530 exire,
1240 3465 1336 3520 sed
1373 3466 1584 3536 capitur
1620 3467 1809 3534 lucris,

238 3551 324 3606 cui
353 3566 460 3606 non
498 3551 672 3622 placet
696 3553 986 3623 promissio
1010 3555 1231 3612 Christi.
1267 3557 1333 3611 Et
1361 3567 1596 3614 terretur
1624 3559 1813 3615 adver-

239 3643 335 3708 sis,
359 3657 518 3712 quem
553 3658 661 3698 non
699 3643 928 3700 delectat
952 3645 1044 3702 ille
1070 3647 1164 3718 qui
1182 3662 1280 3719 pro
1308 3663 1373 3703 eo
1395 3647 1566 3706 voluit
1585 3650 1718 3720 pati,
1753 3658 1814 3706 ut

243 3730 448 3788 faceret
476 3733 682 3789 exitum
709 3735 779 3790 ei.

309 3822 473 3880 Vsus.
501 3824 584 3881 10.
613 3855 687 3866 -
705 3823 941 3882 Visitaati
965 3835 1160 3884 terram
1183 3837 1231 3884 et
1255 3830 1526 3888 inebriasti
1549 3849 1684 3888 eam.
1711 3833 1814 3892 Per

237 3915 620 3988 praedicatores
638 3917 743 3973 hoc
762 3916 950 3986 facies,
971 3935 1098 3975 nam
1120 3921 1266 3977 intus
1287 3923 1449 3979 doces
1469 3925 1666 3994 quibus
1685 3941 1817 3997 prae-

239 4008 440 4063 dicant.

309 4096 557 4154 Flumen.
610 4096 869 4155 Profundi
920 4101 991 4157 ad
1027 4101 1394 4174 recipiendum
1437 4106 1701 4177 repletum
1733 4118 1818 4166 est

237 4189 416 4260 aquis,
451 4189 609 4245 donis
637 4188 872 4261 Spiritus
905 4193 1101 4260 sancti,
1134 4203 1190 4249 tu
1217 4196 1360 4250 enim
1385 4197 1593 4267 parasti
1613 4200 1814 4256 cibum.

239 4279 467 4337 Flumen
489 4281 608 4336 Dei.
662 4279 833 4354 (Cas)
885 4282 1254 4342 Misericordia
1300 4287 1396 4342 Dei
1443 4287 1606 4358 pleno
1657 4289 1819 4348 ﬂuvio

237 4381 606 4442 comparatur,
631 4383 762 4443 etc.,
789 4377 1042 4448 usquead
1087 4377 1227 4433 sicut
1270 4379 1340 4434 ab
1381 4393 1449 4435 eo
1495 4380 1816 4452 disponitur,

239 4463 362 4520 sine
382 4481 489 4536 quo
507 4465 644 4521 nihil
665 4466 739 4522 ibi
759 4465 838 4522 ﬁt.

313 4557 480 4614 Vens.
511 4557 598 4624 ll,
625 4557 786 4614 l2.-—
805 4555 958 4614 Riuos
986 4559 1121 4628 ejus.
1146 4557 1430 4630 Apostolos
1449 4569 1506 4616 et
1532 4560 1683 4626 alios,
1727 4563 1821 4633 qui

1912 3445 2124 3500 tientur.
2159 3443 2347 3501 Solent
2368 3445 2586 3500 mentiri
2609 3445 2839 3513 inimici,
2863 3455 2992 3515 etc.,
3022 3464 3186 3520 usque
3206 3450 3276 3503 ad
3309 3451 3498 3506 adoret

1913 3538 2092 3594 omnis
2117 3545 2281 3594 terra.

1985 3633 2148 3688 Vsus.
2181 3632 2236 3688 5.
2266 3662 2338 3674 —
2375 3631 2571 3688 Venite.
2615 3633 2788 3706 (Cas)
2811 3633 3135 3705 Diapsalma.
3174 3635 3498 3708 lncipienles

1913 3728 1981 3781 ad
2013 3740 2176 3798 opera
2201 3725 2296 3782 Dei
2322 3727 2712 3783 consideranda
2734 3728 2946 3792 invitat,
2980 3738 3038 3784 ut
3071 3746 3178 3785 una
3209 3731 3342 3786 ﬁdes
3363 3733 3491 3801 jun-

1913 3828 2024 3892 gat,
2048 3835 2186 3892 quos
2220 3835 2386 3875 unum
2420 3821 2700 3890 praemium
2748 3829 3064 3892 exspectat:
3095 3822 3188 3878 ubi
3221 3838 3498 3894 exponens

1915 3911 2004 3966 illa
2034 3927 2220 3984 opera,
2249 3919 2438 3982 aperte
2465 3911 2598 3967 dicit
2632 3913 3086 3970 resurrectionem
3125 3917 3399 3986 pertinere
3428 3917 3494 3970 ad

1915 4010 2121 4074 gentes,
2157 4004 2423 4074 repressis
2445 4001 2663 4058 Iudaeis.

1991 4092 2149 4148 Vsus.
2176 4092 2230 4146 6.
2251 4122 2323 4134 —-
2344 4091 2448 4160 Qui
2470 4095 2738 4148 convertit.
2766 4093 2955 4169 (Ibid.)
2983 4095 3180 4167 Opera,
3211 4098 3268 4152 in
3299 4097 3495 4167 quibus

1918 4182 2197 4252 terribilis,
2221 4192 2415 4255 etquae
2438 4192 2564 4239 sunt
2585 4199 2674 4251 ea,
2703 4186 2916 4241 subdit:
2937 4187 3041 4252 Qui
3064 4190 3310 4242 convertit
3331 4205 3495 4243 mare.

1915 4271 1976 4327 In
2006 4273 2225 4328 ﬂumine
2267 4273 2488 4328 Jordani
2519 4275 2587 4329 ad
2615 4275 2875 4342 litteram,
2921 4277 3148 4346 mystice
3189 4277 3244 4331 in
3298 4278 3501 4334 labenti

1918 4363 2137 4419 mundo.
2169 4361 2238 4416 In
2265 4363 2499 4432 ﬂumine.
2525 4362 2715 4434 (Ibid.)
2738 4363 2890 4420 Licet
2930 4365 3157 4421 remissa
3211 4369 3322 4424 sint
3375 4389 3502 4442 pec-

1919 4465 2066 4521 cata,
2097 4453 2356 4508 tamenin
2386 4453 2618 4508 decursu
2640 4453 2984 4510 mortalitatis
3005 4455 3183 4513 adhuc
3209 4469 3356 4526 sunt,
3388 4477 3494 4516 non
3585 4465 3588 4470 ’

1921 4549 2066 4604 enim
2094 4561 2217 4604 mox
2242 4546 2634 4602 immortalitas.

237 4651 308 4706 de
334 4649 554 4706 ﬂumine
572 4649 844 4706 biberunt.
872 4649 1106 4717 Inebria,
1129 4660 1190 4706 ut
1211 4651 1310 4706 sibi
1328 4659 1382 4707 et
1404 4651 1523 4706 aliis
1535 4652 1807 4709 sulliciant

1997 4639 2065 4693 In
2091 4637 2327 4709 ﬂumine.
2359 4636 2544 4710 (Auc.)
2581 4636 2807 4723 Flumen
2853 4649 2936 4694 est
2962 4641 3265 4700 mortalitas
3316 4647 3501 4702 saeculi

238 4742 563 4816 Multiplica,
591 4753 651 4800 ut
675 4760 771 4816 per
791 4739 1160 4801 successiones
1194 4747 1509 4816 praedicatio
1536 4763 1643 4804 non
1693 4747 1825 4804 deﬁ-

237 4837 369 4891 ciat.
401 4837 621 4893 Corona:
642 4839 790 4904 anni,
816 4846 961 4894 totus
985 4839 1235 4902 mundus,
1263 4839 1354 4894 ubi
1376 4838 1637 4896 Ecclesia.
1664 4839 1823 4895 Rivos

237 4925 377 4996 ejus.
405 4925 961 5000 (Ibid.)Parasti,'etc.
983 4927 1070 4995 Et,
1095 4943 1130 4983 0
1149 4927 1398 4994 Domine,
1421 4939 1551 4996 etc.,
1575 4946 1736 5001 usque
1755 4930 1826 4984 ad

237 5031 352 5088 quo
371 5019 568 5075 crescit
587 5017 824 5076 Verbum
851 5019 970 5074 Dei.
1015 5017 1234 5074 Corona:
1263 5020 1408 5074 anni.
1452 5019 1643 5094 (Ibid.)
1688 5021 1825 5090 Quia

238 5108 415 5180 gloria
449 5109 688 5166 victoriae
733 5118 817 5167 est
859 5111 1096 5166 vincenti
1140 5111 1431 5167 diabolum.
1479 5111 1827 5184 Benignitatis

239 5204 372 5263 tuae,
401 5205 508 5254 etc.
535 5197 716 5272 (Auc.)
739 5197 818 5256 Ne
843 5200 964 5270 quis
989 5199 1248 5272 glorietur
1267 5200 1332 5255 de
1353 5201 1560 5258 meritis
1587 5202 1718 5258 suis.

316 5287 502 5360 Campi
532 5292 610 5345 tui
637 5289 989 5362 replebantur.
1019 5291 1193 5363 (Cas,
1215 5290 1375 5363 Ana.)
1406 5293 1684 5361 Homines,
1706 5310 1828 5366 pro-

241 5389 372 5451 pter
397 5382 778 5452 aequalitatem,
802 5381 854 5437 id
881 5389 985 5448 est,
999 5381 1154 5452 justi.
1179 5382 1370 5451 Colles,
1403 5387 1528 5454 quia
1553 5385 1696 5442 Deus
1718 5387 1825 5443 eri-

243 5472 327 5542 git
353 5471 602 5530 humiles.
645 5473 964 5530 Desertum:
993 5489 1180 5530 omnes
1211 5484 1420 5546 gentes,
1467 5477 1664 5546 quibus
1707 5478 1827 5532 nul-

244 5558 334 5617 lus
355 5564 618 5634 propheta
636 5565 852 5621 missus.

318 5655 487 5714 Vm.
515 5657 601 5712 l3.
623 5688 696 5700 —
716 5656 1060 5728 Pinguescent
1080 5659 1313 5731 speciosa
1338 5659 1548 5715 deserti.
1597 5661 1825 5728 Quando

243 5746 495 5820 Apostoli
531 5750 598 5806 ad
621 5765 714 5806 eas
753 5759 1035 5815 venerunt,
1092 5767 1189 5822 per
1235 5765 1370 5821 quos
1421 5751 1629 5807 decorae
1674 5753 1830 5809 factae

246 5849 397 5897 sunt.

653 5936 928 6000 Ρηιιοι..
974 5935 1199 6000 CXIII.

1923 4733 2015 4789 ubi
2037 4733 2128 4788 alii
2153 4732 2393 4798 veniunt,
2422 4731 2516 4787 alii
2549 4719 2810 4786 recedunt
2837 4747 2852 4786 :
2875 4734 2970 4788 sed
3003 4736 3094 4806 qui
3123 4737 3180 4792 in
3224 4738 3497 4795 Christum

1926 4826 2120 4893 credit,
2143 4826 2337 4881 transit
2357 4825 2567 4896 pede'in
2607 4839 2665 4880 se
2690 4824 2930 4893 humilis,
2973 4842 3080 4882 non
3121 4843 3261 4900 equo
3307 4848 3498 4903 super-

1926 4920 2047 4976 bus.
2081 4919 2166 4973 Ibi
2195 4918 2507 4972 laztabimur.
2541 4917 2728 4990 (Ibid.)
2761 4918 2856 4975 Vel
2882 4919 2962 4976 sic
2993 4938 3006 4974 :
3042 4921 3323 4976 Terribilia
3374 4934 3503 4978 sunt

1928 5024 2113 5080 opera,
2143 5016 2274 5075 etc.,
2305 5024 2465 5079 usque
2503 5007 2572 5062 ad
2595 5015 2650 5063 et
2679 5009 2733 5064 in
2777 5010 2860 5065 liis
2903 5011 3153 5068 laetantur
3184 5011 3495 5068 Christiani.

1934 5100 2002 5156 1n
2028 5104 2159 5170 ipso.
2193 5099 2379 5172 (Ibid.)
2407 5098 2634 5167 Quando
2677 5100 2785 5155 erit
2823 5103 3004 5158 omnia
3036 5103 3090 5157 in
3119 5102 3385 5170 omnibus,
3416 5105 3502 5161 vel

1933 5193 1987 5247 in
2016 5193 2133 5263 ipso
2157 5192 2250 5262 qui
2273 5192 2600 5259 dominatur,
2639 5192 2694 5247 in
2722 5193 2921 5249 virtute
2943 5208 3061 5249 sua.

2005 5285 2166 5340 Vsus.
2197 5284 2250 5338 7.
2275 5312 2348 5324 —
2366 5281 2490 5338 Non
2509 5283 2821 5338 exaltentur.
2864 5283 2916 5357 (Ι
2920 5284 3052 5356 bid.)
3075 5283 3182 5340 Pro
3205 5285 3320 5357 lege
3347 5289 3501 5360 quasi

1928 5376 2049 5448 plus
2105 5375 2213 5432 illis
2257 5374 2536 5432 debeatur.
2577 5373 2770 5431 Omnes
2794 5375 2930 5430 enim
2971 5371 3498 5452 peccaveruntJ'etc.

1929 5465 2107 5538 (Rom.
2123 5467 2228 5536 ιιι.)

1999 5561 2163 5617 Vsus.
2195 5563 2247 5617 8.
2275 5589 2346 5601 --
2369 5561 2685 5618 Benedicite.
2736 5560 2908 5635 (Cas)
2943 5561 3269 5634 Diapsalma.
3320 5563 3504 5623 Monet

1933 5663 2117 5729 gentes
2143 5655 2463 5712 benedicere
2511 5657 2701 5722 Deum,
2749 5655 2843 5726 qui
2870 5637 2996 5713 licet
3035 5659 3224 5728 probet
3278 5657 3474 5714 tribula

1935 5748 2188 5814 tionibus,
2221 5755 2402 5804 tamen
2428 5747 2576 5803 ducit
2599 5745 2666 5800 ad
2691 5761 2911 5817 regnum
2936 5765 2951 5815 ;
2980 5747 3095 5804 haec
3141 5748 3284 5804 enim
3309 5747 3500 5803 viden-

1941 5853 2030 5899 tur
2054 5841 2273 5900 obviare
2293 5840 2571 5912 promissaa
2594 5841 2996 5898 resurrectioni.
3037 5840 3291 5896 Auditam
3324 5840 3500 5913 facile.

3030 5935 3110 6000 30
