3982 6352
519 395 627 452 959
1014 393 1408 448 WALAFRIDI
1445 381 1691 446 STRABI
1730 393 1938 450 FULD.
1982 393 2144 450 MON.
2186 391 2338 449 OPP.
2379 393 2559 450 PARS
2595 395 2634 450 Ι.
2675 425 2744 434 -
2783 391 3238 452 THEOLOGICA.
3695 401 3804 459 940

521 506 706 579 (Δυα.)
729 504 936 569 Palam,
971 513 1032 559 ut
1053 505 1144 574 qui
1175 505 1345 576 diligit
1372 505 1562 569 Deum,
1593 503 1766 576 diligit
1814 515 1868 560 et
1913 504 2101 576 proxi-
2127 507 2179 567 Α
2205 506 2569 576 precationem
2601 521 2754 562 suam
2796 506 3065 578 Propheta
3089 506 3298 574 subdit,
3337 515 3397 564 ut
3421 508 3708 570 benedicti
3731 512 3805 567 ad

519 614 686 653 mum.
725 594 916 650 Vocem
938 595 1112 651 laudis
1137 596 1271 666 ejus.
1303 596 1474 662 Quam
1498 595 1626 651 dicit
1653 595 1816 650 Pater
1845 597 1911 653 de
1932 596 2100 652 Filio:

523 688 626 745 Hie
646 700 723 744 est
740 687 915 744 Filius
943 706 1102 744 meus.

591 782 751 838 Vens.
777 781 835 839 9.
861 812 935 824 --
957 781 1061 849 Qui
1087 783 1260 854 posuit
1283 783 1533 838 animum.
1577 782 1766 855 (Ibid.)
1809 782 2108 839 Enumerat

521 873 610 930 hic
634 875 831 946 quibus
867 875 1048 932 causis
1081 875 1273 931 debeat
1301 875 1605 947 prmdicari.

589 967 754 1022 Vens.
781 967 869 1023 10.
912 998 984 1008 -
1023 965 1288 1032 Quoniam
1332 966 1564 1037 probasti
1587 983 1699 1020 nos.
1741 953 1940 1036 (Λυσι.)
1987 962 2104 1019 Νοη

519 1054 714 1112 dedisti
739 1057 796 1112 in
819 1057 1256 1112 commotionem.
1299 1055 1566 1123 Quoniam
1591 1047 1855 1126 probasti,
1902 1070 2008 1109 non
2049 1054 2104 1109 in

517 1165 760 1222 princeps
785 1151 1001 1217 dedisti,
1027 1151 1271 1221 probasti
1303 1149 1570 1214 adversis,
1625 1150 1748 1220 igne
1798 1148 2103 1218 charitatis,

517 1244 610 1314 qui
644 1259 750 1299 non
773 1244 904 1299 sinit
932 1243 1137 1300 sentire
1163 1251 1452 1309 tormenta,
1482 1243 1586 1306 vel,
1627 1243 1749 1313 igne
1802 1239 2105 1296 tribulatio-

517 1335 602 1390 nis
623 1349 725 1390 nos
744 1335 1092 1401 examinasti,
1122 1343 1227 1391 etc.

586 1425 754 1482 Vens.
798 1426 884 1481 i2.
910 1457 981 1466 —
1009 1426 1295 1497 Laqueum.
1349 1426 1531 1498 (Αυθ.)
1577 1423 1694 1480 Non
1746 1425 1839 1494 qui
1881 1422 2100 1493 decipit,

516 1518 606 1575 sed
640 1517 732 1589 qui
762 1518 974 1589 probat.
1009 1516 1389 1574 Transiuimus.
1443 1515 1614 1590 (Cns.,
1654 1503 1814 1588 Anc.)
1869 1513 1948 1570 Tu
1989 1514 2107 1572 haec

514 1608 718 1676 omnia,
744 1617 802 1665 et
824 1623 945 1675 nos,
970 1617 1100 1675 etc.,
1148 1626 1309 1680 usque
1351 1608 1421 1662 ad
1451 1609 1554 1662 hoc
1609 1608 1664 1660 in
1717 1604 2106 1662 tentationibus

517 1703 675 1759 nobis
695 1700 776 1758 fit.

583 1793 754 1848 Vens.
785 1794 873 1848 l3.
895 1823 966 1834 -
988 1791 1246 1846 Introibo.
1273 1789 1448 1863 (Cas)
1500 1792 1640 1846 Ecce
1662 1805 1783 1862 qua:
1809 1789 1951 1846 bona
1974 1806 2104 1860 con-

2208 595 2299 650 Dei
2329 596 2688 667 cognitionem
2717 597 3001 652 ducantur.
3034 596 3328 668 Prophetat
3355 597 3801 656 benedictionem

2207 690 2446 744 omnium
2483 705 2580 760 per
2608 691 2895 746 adventum
2920 689 3143 746 Christi.
3169 689 3353 764 (Ana)
3387 689 3526 758 Quia
3569 692 3628 748 in
3659 709 3802 764 pre-

2205 777 2416 835 cedenti
2465 781 2671 852 psalmo
2717 791 3004 838 monuerat
3059 798 3162 840 nos
3214 783 3540 844 benedicere
3585 783 3800 850 Deum;

2205 873 2346 944 quod
2383 887 2487 928 non
2533 889 2833 944 possumus,
2878 875 2982 932 nisi
3027 875 3142 945 ipse
3163 874 3314 946 prior
3337 875 3629 934 benedicat
3659 891 3799 942 nos;

2204 960 2324 1018 ideo
2350 963 2452 1020 hoc
2473 973 2726 1034 precatur
2753 965 3022 1032 benedici,
3054 965 3237 1024 dicens
3265 983 3276 1020 :
3310 965 3451 1026 Deus
3478 969 3806 1024 misereatur

2206 1055 2367 1106 nostri
2397 1064 2444 1109 et
2484 1055 2770 1118 benedicat,
2794 1066 2900 1113 etc.

2276 1145 2438 1202 Vens.
2462 1147 2515 1202 2.
2541 1177 2614 1188 -
2633 1147 2774 1204 Deus
2811 1149 3138 1204 misereatur.
3169 1148 3222 1220 (Ι
3227 1149 3361 1222 bid.)
3389 1147 3554 1208 Prior
3595 1161 3684 1208 est
3712 1153 3806 1210 hs-

2207 1237 2440 1292 nedictio
2480 1238 2605 1306 Dei,
2651 1255 2770 1310 quae
2814 1248 2898 1296 est
2938 1241 3092 1310 quasi
3138 1240 3316 1312 pluvia
3358 1248 3568 1298 terram
3599 1253 3806 1300 near:

2207 1327 2402 1383 mentis
2431 1329 2660 1401 irrigans
2694 1349 2706 1384 :
2737 1330 2864 1387 inde
2907 1346 3008 1390 nos
3054 1331 3424 1392 benedicimus
3473 1349 3634 1400 eum,
3659 1335 3803 1405 quod

2206 1418 2360 1489 quasi
2392 1416 2601 1475 fructus
2630 1429 2741 1488 est,
2770 1431 2826 1476 et
2845 1420 2902 1476 in
2927 1430 3158 1492 utroque
3195 1437 3294 1478 nos
3323 1423 3670 1488 crescimus,
3697 1438 3805 1481 non

2205 1509 2340 1580 ipse.
2371 1509 2525 1565 Dicat
2546 1526 2675 1584 ergo
2703 1511 3017 1574 desiderans
3043 1512 3278 1584 pluviam
3307 1513 3618 1570 Dominicse
3644 1515 3806 1572 bene-

2207 1600 2485 1656 dictionis:
2537 1601 2678 1656 Deus
2727 1602 3067 1666 misereatur,
3119 1612 3224 1658 etc.
3283 1603 3428 1662 Deus
3481 1606 3806 1660 misereatur

2207 1699 2372 1748 nostri
2403 1703 2449 1747 et
2475 1692 2760 1749 benedicat.
2787 1693 2958 1766 (Cns.)
3007 1692 3114 1751 Sed
3134 1695 3224 1766 qui
3248 1695 3402 1772 multi
3426 1696 3652 1762 volunt,
3675 1707 3804 1760 etc.,

2208 1785 2456 1855 usquead
2488 1794 2542 1840 et
2596 1785 2724 1856 quia
2759 1786 3092 1857 cognoscitur
3131 1787 3184 1842 in
3215 1787 3469 1860 gentibus
3500 1787 3802 1844 Christus:

519 1895 598 1940 tra
625 1885 982 1956 praecedentia
1010 1885 1150 1940 mala
1169 1925 1184 1952 ,
1214 1895 1276 1939 ut
1310 1885 1547 1941 roboret.
1577 1884 1642 1940 In
1674 1883 2014 1940 holocaustis.
2045 1883 2103 1939 Id
2129 1887 2178 1948 Β
2205 1874 2587 1946 Canﬂteantur,
2621 1886 2727 1932 etc.
2759 1877 3041 1933 Benedicat
3082 1879 3247 1934 nobis.
3286 1878 3478 1952 (Ibid.)
3520 1879 3806 1936 Benedicit

515 1983 631 2038 est,
672 1980 732 2027 ut
761 1989 848 2029 me
874 1973 1097 2029 oﬂ'eram
1140 1975 1452 2046 conspectui
1502 1983 1627 2039 tuo,
1674 1981 1804 2040 etc.,
1844 1990 2006 2046 usque
2036 1973 2106 2028 ad

515 2066 608 2122 sed
639 2081 698 2120 se
728 2065 871 2136 quod
899 2065 1124 2121 charius
1151 2075 1234 2121 est
1261 2067 1581 2122 substraxit.

585 2159 750 2216 Vens.
787 2159 873 2214 M.
911 2189 980 2199 —
1015 2158 1397 2214 Distinxerunt.
1438 2159 1623 2233 (AUG.)
1657 2159 1980 2232 Distinguit,
2011 2160 2107 2233 qui

512 2263 573 2304 se
597 2248 730 2303 dicit
755 2247 890 2304 nihil
915 2265 1056 2314 esse,
1087 2249 1254 2304 Deum
1286 2252 1501 2319 omnia;
1533 2263 1605 2316 et,
1625 2268 1683 2308 se
1701 2268 1767 2310 eo
1790 2267 1967 2326 egere,
1995 2268 2106 2310 non

513 2339 662 2395 illum
695 2354 774 2395 se.
803 2339 870 2395 Et
895 2340 1122 2396 locutum
1154 2352 1228 2396 est
1255 2360 1313 2398 os
1348 2359 1541 2398 meum.
1577 2344 1748 2412 Quem
1776 2361 1889 2418 pra:
1926 2345 2104 2400 omni-

511 2433 612 2489 bus
658 2431 1000 2488 manii‘estavi
1043 2433 1338 2502 praevalere
1383 2436 1635 2491 omnibus
1681 2436 1804 2492 aliis
1859 2437 2001 2492 votis
2051 2436 2105 2492 in

512 2525 860 2581 tribulatione
885 2541 1030 2591 mea,
1057 2542 1164 2582 non
1191 2528 1365 2584 victus
1395 2529 1764 2586 tribulatione.

579 2611 746 2670 Vens.
771 2613 858 2670 i5.
882 2645 955 2655 -
979 2613 1309 2670 Holocausta
1355 2617 1958 2690 medullata..Meipsum
1981 2636 2106 2676 cum

512 2702 760 2758 medullis
791 2703 965 2758 intimi
993 2705 1217 2759 amoris.
1244 2703 1467 2760 Incensa
1497 2709 1742 2778 arietum.
1768 2708 1911 2780 (Ibid
1921 2710 1959 2782 .)
1984 2709 2102 2778 Vel,

511 2806 633 2846 cum
677 2793 926 2858 incenso,
969 2794 1114 2864 quod
1169 2802 1252 2849 est
1296 2796 1509 2863 oratio;
1560 2805 1616 2852 et
1660 2799 1942 2864 arietibus,
1980 2801 2105 2872 quia

513 2883 680 2938 duces
707 2884 888 2955 gregis
911 2885 1147 2940 maxime
1176 2895 1336 2941 orant
1363 2902 1464 2958 pro
1492 2904 1671 2959 grege.
1702 2887 1834 2944 Cum
1872 2892 2102 2946 incenso.

511 2972 719 3046 (litem,
765 2974 927 3046 Acs.)
977 2973 1111 3031 Cum
1148 2977 1393 3032 oratione
1417 2979 1815 3050 Apostolorum,
1848 2981 1971 3050 quia
1995 2981 2106 3038 Deo

433 3111 438 3118 .
511 3065 684 3135 placet
725 3065 872 3136 quod
918 3066 1208 3136 traditione
1257 3083 1444 3124 eorum
1484 3069 1561 3124 lit.
1610 3071 1706 3127 Vel
1744 3087 1867 3127 cum
1912 3071 2102 3130 incen-

509 3155 662 3211 sione
707 3135 763 3211 et
801 3135 1168 3212 destrtictione
1214 3158 1558 3215 bestialitatis
1607 3168 1662 3214 et
1713 3163 2099 3232 repugnaniaa.

2211 1967 2438 2024 Creator
2458 1979 2744 2037 creaturae,
2776 1971 3182 2042 multiplicando
3202 2012 3218 2040 ,
3246 1963 3478 2032 numero
3505 1982 3568 2028 et
3588 1974 3800 2034 merito.

2211 2061 2485 2118 Benedicit
2519 2071 2766 2119 creatura
2817 2062 3094 2132 Creatori,
3142 2080 3266 2122 eum
3315 2065 3521 2132 corde,
3574 2081 3716 2124 voce
3755 2077 3806 2123 et

2210 2169 2372 2228 opere
2393 2195 2406 2220 ,
2438 2152 2740 2224 laudando,
2764 2159 2825 2212 'et
2854 2170 3016 2212 omne
3050 2157 3282 2223 bonum,
3311 2156 3462 2227 quod
3509 2157 3721 2224 habet,
3760 2156 3806 2214 ei

2211 2244 2550 2299 ascribendo.

2281 2337 2446 2392 Vens.
2480 2337 2532 2392 4.
2557 2368 2630 2380 -
2649 2338 3016 2410 Conﬁteantur
3041 2338 3133 2394 tibi
3171 2338 3380 2412 populi,
3409 2338 3590 2394 Deus.
3619 2338 3806 2410 (Ibid.)

2209 2425 2337 2484 Post
2383 2429 2631 2485 notitiam
2674 2430 2924 2486 hortatur
2965 2429 3214 2488 conﬁteri
3260 2445 3361 2502 pro
3407 2431 3730 2488 directione
3757 2443 3809 2488 α

2202 2519 2428 2592 judicio.

2282 2612 2442 2666 Vens.
2473 2609 2896 2666 5.—Lwtentur
2923 2620 2971 2666 et
3003 2609 3282 2666 exsultent.
3309 2610 3497 2683 (Anth)
3527 2611 3676 2679 Quia
3702 2611 3806 2680 ian

2211 2700 2446 2756 confessi
2479 2717 2584 2757 non
2622 2703 2814 2758 timent
2849 2702 3030 2760 futura
3055 2702 3292 2774 judicia,
3318 2704 3521 2778 quibus
3551 2703 3807 2760 Christus

2211 2805 2293 2852 est
2318 2797 2632 2866 advocatus,
2665 2814 2770 2854 non
2791 2799 2977 2870 judex,
3003 2799 3264 2854 lwtentur.

2281 2886 2444 2943 Vens.
2482 2889 2533 2942 6.
2560 2920 2632 2928 —
2659 2887 3023 2959 Conﬁteantur
3043 2889 3137 2946 tibi
3169 2890 3383 2961 populi,
3408 2891 3580 2947 Deus.
3635 2893 3803 2960 (Cas)

2209 2977 2409 3035 Eadem
2441 2979 2736 3034 admonitio
2765 2979 2830 3035 ad
2865 2979 3008 3036 aliud
3039 2981 3284 3048 tendens,
3319 2983 3449 3052 quia
3481 2993 3634 3040 terra
3663 2985 3803 3040 den‘t

2209 3071 2467 3140 fructum,
2496 3072 2615 3127 etsi
2649 3071 2788 3127 idem
2813 3073 3024 3130 initium
3046 3089 3261 3140 sensus,
3284 3082 3466 3132 tamen
3492 3078 3562 3132 ad
3585 3078 3802 3134 diversa

2213 3164 2401 3218 tendit.

513 3249 717 3316 Boves;
741 3248 1198 3317 cervicositatem;
1229 3267 1347 3305 cum
1372 3251 1957 3323 hircis,petulantiam;
1989 3256 2103 3311 haec
2131 3271 2176 3335 ς
2281 3254 2440 3311 Vens.
2499 3255 2549 3309 7.
2588 3288 2653 3296 —
2687 3255 2848 3322 Terra
2897 3257 3037 3312 dedit
3090 3257 3320 3330 fructum
3356 3277 3536 3316 suum.
3591 3261 3800 3332 alin.)

511 3343 563 3396 in
610 3357 696 3398 me
721 3342 1011 3399 mactanda
1032 3342 1183 3396 vitia.
1227 3338 1462 3412 Oﬂeram
1499 3343 1592 3397 tibi
1631 3343 1801 3398 boves.
1825 3343 2006 3418 (Aue.)
2043 3343 2101 3402 Si

509 3435 811 3494 offeruntur
847 3437 1186 3502 triturantes,
1229 3451 1336 3491 non
1369 3443 1650 3492 remanent
1683 3445 1864 3494 tamen
1902 3454 2099 3509 pecca-

509 3537 694 3586 tores:
745 3530 839 3587 sed
874 3544 975 3601 per
1022 3529 1402 3601 paenitentiam
1452 3532 1628 3587 sanati
1677 3529 2001 3599 oll‘eruntur;
2046 3542 2102 3589 et

509 3621 612 3691 ipsi
661 3637 770 3677 non
815 3637 915 3692 per
962 3636 1052 3688 se,
1104 3623 1196 3678 sed
1230 3623 1410 3693 potius
1453 3625 1687 3695 adjuncti
1731 3624 1931 3690 bobus,
1974 3628 2098 3699 quia

511 3709 754 3767 fecerunt
775 3713 878 3768 sibi
903 3713 1108 3769 amicos
1140 3714 1204 3769 de
1228 3729 1534 3770 mammona
1574 3715 1891 3787 iniquitatis.

577 3800 746 3860 Vens.
773 3803 861 3860 16.
885 3835 956 3847 -
984 3803 1186 3872 Venite,
1216 3806 1414 3860 audite.
1438 3805 1768 3878 Diapsalma.
1793 3805 1912 3864 Jam
1935 3825 2101 3880 expo-

511 3896 630 3952 sitis
693 3897 979 3964 omnibus,
1031 3899 1159 3952 item
1216 3909 1402 3954 monet
1455 3917 1562 3955 non
1611 3909 1720 3956 tam
1775 3904 1966 3968 rudes,
2005 3903 2104 3960 sed

513 3991 755 4055 devotos,
789 3997 850 4044 ut
886 3990 1134 4061 exemplo
1161 4007 1272 4046 suae
1308 3991 1646 4048 liberationis
1670 3994 1903 4066 amplius
1931 3993 2104 4050 conii-

512 4083 639 4137 dant
683 4081 738 4136 in
784 4082 1053 4138 Domino:
1091 4083 1419 4138 benedicens
1465 4099 1588 4138 eum
1621 4085 1688 4142 de
1729 4085 2096 4142 exauditione.

511 4182 586 4230 Ita
615 4189 716 4246 ego
745 4174 907 4240 facio,
935 4182 990 4229 et
1019 4190 1054 4230 ο
1075 4190 1171 4229 vos
1195 4159 1405 4245 gentes,
1438 4177 1624 4231 uenite.

582 4266 747 4321 Vens.
787 4263 873 4319 17.
906 4296 978 4306 -
1005 4264 1087 4318 Ad
1129 4266 1300 4336 ipsum
1353 4282 1441 4320 ore
1480 4283 1592 4320 meo
1641 4265 1884 4322 clamavi.
1909 4267 2100 4342 ’(ΟΑε.)

513 4356 741 4427 Exponit
782 4365 987 4426 quanta
1043 4355 1171 4413 fecit
1226 4355 1419 4411 animae
1477 4372 1616 4424 suae,
1671 4359 1905 4415 subdens
1953 4380 1964 4414 :
2017 4359 2098 4414 Ad

510 4464 700 4518 ipsum,
725 4459 832 4504 etc.
863 4447 975 4504 Hoc
1003 4447 1132 4504 fecit
1166 4448 1360 4502 animae
1394 4464 1556 4512 mete,
1601 4458 1660 4503 ut
1704 4447 1994 4504 clamarem
2031 4449 2098 4503 ad

481 4537 720 4618 _ipsum,
748 4555 872 4594 cum
907 4547 1094 4610 gentes
1135 4539 1202 4594 ad
1243 4537 1385 4595 idola
1417 4557 1430 4592 :
1463 4548 1518 4594 et
1544 4540 1686 4610 quod
1723 4550 1874 4595 extra
1906 4541 2098 4610 loquor

2207 3346 2372 3402 Maria
2401 3347 2706 3413 Christum,
2738 3357 2868 3414 etc.,
2921 3365 3083 3422 usque
3124 3352 3226 3406 ad:
3261 3350 3370 3418 Sed
3391 3367 3504 3406 non
3541 3352 3638 3408 illa
3690 3352 3798 3409 sala

2206 3441 2308 3495 hoc
2355 3439 2544 3507 debet,
2591 3439 2729 3510 imo,
2759 3439 3042 3498 Benedicat
3090 3444 3257 3500 etiam
3285 3461 3401 3502 nos.
3435 3444 3585 3501 Deus
3607 3487 3628 3512 ,
3659 3446 3798 3503 Deus

2205 3541 2396 3587 noster.
2435 3531 2485 3602 (1
2491 3531 2623 3606 bid.)
2653 3533 2759 3590 Ter
2799 3535 3037 3600 trinitas,
3062 3553 3202 3603 eum,
3229 3537 3428 3596 unitas.
3456 3537 3527 3591 Et
3561 3551 3795 3594 nauem

2202 3644 2340 3683 eum.
2384 3627 2554 3700 (Cas)
2603 3627 2776 3686 Metus
2823 3629 2966 3686 inter
3023 3629 3286 3686 beneﬁcia
3345 3630 3693 3700 postulatur,
3743 3645 3797 3688 ut

2203 3720 2409 3774 credita
2439 3730 2596 3776 caute
2641 3721 3018 3776 custodiantur
3051 3739 3064 3775 :
3096 3720 3280 3776 Timor
3331 3721 3426 3778 Dei
3480 3724 3682 3793 incipit
3703 3765 3721 3790 ,
3747 3735 3797 3780 et

2204 3822 2579 3881 consummat;
2607 3814 2698 3884 qui
2729 3813 2920 3868 timere
2950 3813 3118 3879 novit,
3149 3829 3336 3869 amare
3359 3829 3469 3870 non
3496 3815 3726 3872 desinit.

2700 3947 3022 4006 PSALMUS
3059 3948 3265 4005 LXVII.

2275 4082 2437 4138 Vens.
2469 4083 2517 4138 1.
2549 4113 2618 4122 -
2643 4080 2712 4136 In
2749 4081 2925 4151 ﬁnem.
2951 4079 3124 4152 (CAS.)
3169 4078 3418 4140 Psalmns
3453 4078 3635 4138 David
3677 4098 3794 4153 pro-

2203 4175 2378 4246 pbetae
2420 4175 2484 4230 de
2527 4172 2886 4230 exsultatione
2917 4171 3118 4228 Christi
3148 4181 3202 4228 et
3239 4171 3498 4228 Ecclesia
3528 4172 3620 4228 hic
3651 4182 3708 4228 et
3743 4173 3795 4229 in

2203 4265 2416 4330 futuro,
2466 4271 2524 4318 ut
2569 4279 2757 4318 omnes
2788 4263 2898 4318 Deo
2941 4271 3179 4318 cantent.
3227 4259 3496 4332 Surgente
3545 4263 3794 4330 Christo,

2201 4356 2353 4428 quasi
2386 4356 2589 4410 elevata
2641 4370 2787 4421 arca,
2821 4363 2948 4419 etc.,
2991 4371 3152 4424 usque
3191 4355 3261 4408 ad
3315 4355 3500 4411 verbis
3531 4357 3622 4412 bis
3651 4358 3797 4412 sumi-

2201 4449 2340 4503 libus
2367 4447 2579 4518 Moyses
2610 4463 2740 4501 usus
2768 4446 2934 4501 fuisse
2969 4447 3184 4500 dicitur.

2271 4537 2433 4592 Vens.
2469 4536 2522 4590 2.
2554 4566 2623 4576 —
2653 4535 2923 4606 Exsurgat
2958 4534 3100 4590 Deus
3135 4544 3183 4589 et
3226 4535 3572 4606 dissipentur.
3607 4535 3794 4604 (Ibid.)

511 4629 655 4685 intus
685 4631 890 4696 habeo,
939 4639 995 4686 et
1042 4646 1148 4685 non
1199 4619 1537 4700 iniquitatem
1559 4671 1572 4696 ,
1623 4631 1748 4700 quia
1780 4631 1858 4685 sic
1890 4633 2098 4702 puritas
2121 4635 2176 4695 Ι)
2201 4628 2546 4684 Conﬁdenter
2574 4636 2725 4698 optat
2753 4628 2895 4698 quod
2940 4627 3043 4682 scit
3069 4625 3331 4682 futurum.
3365 4625 3434 4680 Et
3469 4627 3684 4698 fugiant
3713 4631 3796 4698 qui

508 4721 802 4788 orationis,
855 4722 1089 4776 auditur.
1141 4721 1374 4776 Clamavi
1423 4732 1471 4776 et
1527 4721 1751 4775 exaltavi
1802 4723 1853 4776 in
1915 4721 2090 4778 corde.

511 4810 696 4886 (Auc.)
726 4811 782 4867 1d
810 4821 914 4878 est,
942 4811 1113 4884 ipsum
1137 4813 1348 4883 publice
1379 4813 1690 4884 praedicavi,
1721 4822 1775 4867 et
1807 4814 1857 4866 in
1881 4825 2092 4869 secreto

509 4903 788 4960 confessus
809 4920 947 4960 sum.
977 4901 1130 4971 Quod
1159 4905 1212 4957 in
1238 4920 1353 4969 ore,
1381 4905 1484 4959 hoc
1511 4913 1565 4958 et
1595 4903 1647 4958 in
1675 4903 1836 4958 corde
1875 4903 2045 4959 habeo
2076 4923 2088 4957 :

512 5003 692 5050 tamen
744 4994 1049 5049 holocausta
1105 4994 1390 5048 medullata
1448 4996 1685 5068 offeram.
1736 4993 1832 5050 His
1887 4993 2093 5051 duobus

511 5086 782 5160 perfectus
815 5096 899 5142 est
923 5085 1284 5142 Christianus.

582 5177 748 5235 Vens.
787 5178 873 5234 18.
899 5207 970 5218 -
998 5176 1134 5232 Meo.
1164 5176 1332 5232 Suum
1377 5187 1481 5244 est,
1527 5180 1668 5250 quod
1709 5197 1812 5235 non
1844 5190 1928 5236 est
1972 5195 2094 5250 per-

511 5282 757 5334 versum;
785 5269 1036 5339 proponit
1065 5267 1286 5330 merito,
1321 5275 1378 5321 ut
1412 5269 1621 5324 discant
1645 5272 1795 5342 prius
1849 5271 2095 5327 laborare

513 5373 674 5430 quam
697 5360 978 5430 premium
1002 5366 1265 5430 quaerant.

585 5450 749 5506 Vens.
777 5451 865 5504 20.
893 5482 964 5492 —
990 5450 1297 5506 Orationem
1327 5469 1515 5518 meam,
1547 5461 1650 5508 etc.
1684 5451 1808 5508 Βᾶτε
1834 5453 1939 5510 duo
1969 5474 2097 5511 eou-

514 5558 654 5600 nexa
677 5554 832 5609 sunt;
860 5545 904 5599 si
935 5559 1039 5598 non
1065 5545 1408 5615 suspenditur
1428 5547 1598 5600 oratio
1620 5587 1634 5610 ,
1664 5561 1762 5601 nec
1792 5548 2093 5616 protelatur

515 5633 906 5692 misericordia.

1033 5727 1349 5783 PSALMUS
1387 5725 1566 5782 LXVI.

587 5818 656 5874 In
678 5818 855 5890 ﬁnem.
881 5821 1051 5892 (ὼε.)
1081 5820 1207 5873 Post.
1233 5820 1500 5874 canticum
1536 5819 1967 5886 resurrectionis,
2002 5821 2094 5876 de-

2201 4721 2440 4775 oderunt.
2469 4718 2674 4791 (Ηιειι.)
2693 4718 2785 4773 Vel
2809 4718 2875 4774 de
2894 4718 3283 4788 pmnitentibus
3307 4717 3409 4787 legi
3437 4727 3643 4789 potest,
3667 4731 3794 4784 etc.,

2202 4828 2362 4883 usque
2437 4811 2506 4864 ad
2580 4819 2640 4888 ut
2693 4810 2946 4882 lacrymis
3011 4811 3342 4880 paenitentia:
3397 4809 3625 4866 admoto
3681 4813 3798 4882 igne

2203 4903 2438 4975 Spiritus
2467 4905 2638 4959 sancti
2668 4905 2864 4960 duritia
2890 4921 3079 4961 eorum
3110 4905 3371 4970 solvatur.
3400 4903 3507 4972 Qui
3548 4908 3796 4962 oderunt.

2203 4997 2382 5070 (Αυα.)
2431 4995 2743 5052 Pertinaces
2792 5014 2822 5051 a
2874 4998 3161 5068 praesentia
3210 4997 3466 5052 tollantur
3509 4997 3666 5070 ejus,
3705 4998 3796 5070 qui

2203 5086 2399 5158 ubique
2425 5102 2700 5158 praesens;
2730 5103 2893 5158 grave
2935 5086 3298 5150 maledictum,
3333 5096 3392 5142 ut
3424 5087 3600 5144 velint
3626 5099 3680 5145 et
3709 5105 3796 5144 oo-

2201 5192 2413 5246 nentur,
2443 5183 2587 5253 quod
2609 5181 2918 5238 nullatenus
2959 5182 3072 5238 ﬁeri
3103 5190 3304 5252 potest.

2274 5271 2435 5328 Vens.
2465 5275 2519 5328 5.
2556 5304 2628 5314 --
2657 5271 2806 5330 Sicut
2834 5273 3008 5342 deﬁcit
3039 5274 3234 5343 fumus.
3263 5271 3436 5343 (Cas)
3489 5271 3700 5332 Fumus
3727 5289 3789 5329 ex

2201 5365 2416 5419 ﬂamma
2444 5380 2669 5419 ascensu
2705 5364 2978 5430 vanescit;
3009 5363 3080 5420 ita
3121 5373 3432 5435 peccatores
3462 5379 3531 5420 ex
3574 5365 3794 5420 ﬂamma

2200 5458 2453 5530 nequitiae
2499 5457 2780 5514 fumiferas
2811 5458 3053 5516 actiones
3081 5458 3400 5532 producunt,
3431 5467 3488 5512 et
3521 5458 3644 5529 ipsa
3683 5459 3794 5514 ela-

2202 5549 2347 5604 tione
2385 5548 2660 5604 deﬁciunt.
2701 5546 2848 5604 Sicut
2882 5550 3020 5619 ﬂuit.
3059 5549 3241 5620 (Auc.)
3289 5549 3365 5604 De
3395 5549 3794 5620 pauitantian

2201 5641 2306 5695 dici
2328 5648 2538 5712 potest;
2571 5641 2654 5695 vel
2681 5641 2736 5696 in
2759 5639 2968 5711 judicio
2997 5658 3026 5696 a
3049 5640 3190 5698 facie
3217 5641 3312 5696 Dei
3335 5638 3598 5702 tollentur
3619 5641 3746 5702 mali
3772 5657 3785 5692 :

2202 5733 2293 5803 qui
2324 5734 2427 5786 erit
2457 5733 2594 5804 ignis
2620 5733 2686 5787 ad
2715 5747 2932 5802 poenam
2963 5731 3268 5810 impiorum,
3299 5738 3354 5786 et
3387 5730 3575 5788 lumen
3607 5732 3790 5805 jussu»

2205 5837 2342 5876 rum.
