3982 6352
243 401 341 460 941

1235 405 1502 474 cLossA
1539 402 1934 464 OBDINARIA.
1972 433 2041 443 —
2076 404 2205 476 un.
2243 402 2502 476 .PSALM.

3377 409 3486 466 942

306 514 470 574 Vsus.
516 515 573 572 4.
617 545 689 558 --
731 515 1037 588 Epulentur.
1090 517 1258 590 (Cas.,
1303 517 1464 588 Anc.)
1499 519 1555 574 In
1584 516 1808 583 deliciis,
1835 521 1890 592 Α
1915 518 2157 582 credunt,
2187 515 2434 572 habitant
2460 517 2516 571 in
2543 516 2876 582 haereditate,
2908 519 3088 587 idest,
3133 521 3186 575 in
3215 521 3478 579 Ecclesia.-

233 624 358 682 qum
384 616 509 664 sunt
528 609 581 664 in
601 618 889 680 conspectu
915 609 1029 666 Dei.
1055 607 1120 668 Et
1145 609 1480 672 delectentur,
1505 610 1607 663 hoc
1628 617 1803 680 potest

233 716 328 768 eos
357 700 650 766 delectare,
677 703 818 772 quod
848 701 954 766 laeti
989 711 1116 758 sunt
1144 702 1270 772 quia
1307 717 1414 764 non
1442 709 1524 757 est
1571 701 1802 766 finienda

233 807 421 852 eorum
451 791 657 846 laititia.

305 884 467 938 Vens.
505 882 556 936 5.
583 913 654 923 —
681 882 899 942 Cantate
929 883 1057 940 Deo.
1089 884 1274 958 (Auc.)
1301 884 1578 940 Convertit
1625 901 1682 944 se
1734 885 1803 942 ad

231 991 358 1044 eos,
397 975 592 1046 quibus
617 983 819 1034 tantam
854 991 1006 1050 spem
1037 978 1185 1034 dedit
1213 986 1266 1033 et
1295 978 1561 1034 hortatur.
1587 978 1690 1048 Qui
1715 995 1801 1032 as-

230 1067 422 1124 cendit.
454 1065 570 1124 Non
602 1083 725 1134 eum
750 1068 983 1140 excipiet
1007 1084 1140 1123 nova
1169 1070 1276 1130 vita
1295 1108 1310 1136 ,
1334 1067 1436 1124 nisi
1453 1076 1626 1124 cretus
1652 1068 1801 1122 occi—

229 1164 399 1230 derit;
438 1163 541 1228 vel,
573 1164 900 1236 resurgendo
943 1179 1128 1226 casum
1167 1163 1410 1236 corporis
1445 1163 1594 1220 vicit.
1632 1160 1803 1232 Super

229 1269 490 1310 occasum.
542 1252 714 1326 (ολδ.)
760 1253 998 1314 Occasus
1040 1256 1230 1312 mortis
1294 1254 1437 1308 cadit
1489 1253 1593 1322 illi,
1641 1267 1802 1322 super

229 1358 388 1414 quem
423 1343 504 1398 sol
524 1341 746 1409 iustitiae
769 1343 961 1400 oritur.
994 1343 1061 1398 Et
1088 1358 1156 1398 ne
1182 1343 1391 1398 dubites
1421 1343 1542 1414 quis
1573 1343 1674 1400 iste
1706 1342 1798 1407 sit,

228 1435 353 1504 quia
376 1433 630 1494 Dominus
657 1450 841 1492 nomen
879 1434 952 1490 illi
994 1433 1292 1500 essentiale,
1337 1449 1498 1506 quem
1537 1429 1704 1494 Judaei
1741 1440 1801 1488 ut

226 1542 566 1594 communem
587 1527 859 1598 hominem
888 1527 1218 1588 occiderunt.
1245 1527 1312 1582 In
1338 1536 1632 1598 conspectu.
1659 1527 1798 1594 Gon-

225 1616 401 1670 sidera
411 1616 483 1671 tio
506 1617 710 1686 praemii
737 1617 899 1672 futuri
920 1633 1190 1680 aerumnas
1212 1617 1439 1699 mitigat.

299 1707 456 1766 Vsus.
496 1708 547 1764 6.
574 1707 1053 1778 —0rpl_tanorum.
1089 1708 1272 1780 (Anth)
1309 1709 1515 1776 Quibus
1554 1717 1798 1770 mortuus

225 1804 309 1852 est
345 1804 518 1866 pater,
565 1798 792 1881 mundps
829 1808 883 1853 et
924 1785 1200 1866 diabolus,
1236 1807 1290 1855 et
1326 1808 1499 1856 mater
1539 1800 1799 1872 concupi-

1907 605 2036 672 Quae
2058 616 2182 662 sunt
2209 605 2458 662 animalia
2481 605 2717 676 exponit.
2763 603 2975 661 Parasti
3004 623 3022 660 :
3067 611 3476 679 praedestinatos

1905 697 2055 763 dicit,
2083 698 2205 766 quia
2241 698 2309 752 ab
2336 697 2544 768 origine
2573 698 2754 752 mundi
2787 701 3073 770 praeparati
3109 711 3252 756 sunt.
3289 705 3474 777 (Auc.)

1903 789 2040 856 Vel,
2079 807 2226 850 mons
2250 791 2382 846 Sina
2410 810 2440 848 α
2471 791 2605 860 {acie
2632 791 2724 845 Dei
2769 790 2954 857 Israel,
2999 795 3224 866 subaudi
3251 796 3473 851 distilla-

1905 880 2004 944 vit,
2035 890 2165 946 etc.,
2215 898 2374 952 usque
2413 882 2481 938 ad
2528 883 2580 936 in
2617 898 2723 954 quo
2767 885 3223 954 superabundavit
3275 889 3471 960 gratia.

1904 972 2077 1046 (Cas)
2124 971 2248 1028 Haec
2296 975 2542 1046 mystice,
2578 976 2670 1030 sed
2723 978 3014 1032 secundum
3067 977 3311 1049 ﬁguram,
3342 991 3474 1045 etc.,

1905 1076 2064 1132 usque
2086 1060 2154 1116 ad
2181 1061 2346 1114 mittit
2385 1077 2512 1134 ergo
2544 1063 2610 1117 ad
2652 1064 2987 1135 mysterium.
3036 1066 3215 1141 (Auc.)
3242 1067 3470 1134 Quidam

1901 1149 2025 1206 libri
2063 1167 2167 1207 non
2197 1152 2393 1216 habent
2417 1170 2587 1218 mons,
2630 1155 2722 1210 sed
2749 1172 2781 1208 a
2821 1154 2955 1224 facie
2981 1156 3078 1211 Dei
3103 1155 3230 1212 Sina
3259 1157 3429 1214 Israel
3452 1177 3472 1226 ,-

1902 1239 1956 1295 id
1982 1250 2086 1307 est,
2121 1244 2211 1312 qui
2246 1243 2416 1311 legem
2448 1243 2592 1298 dedit
2621 1245 2815 1315 popqu
2843 1247 3046 1302 Israel:
3088 1249 3212 1320 quia
3255 1251 3345 1322 qui
3391 1251 3468 1306 le-

1901 1346 2020 1402 gem
2050 1333 2196 1387 dedit
2213 1349 2309 1402 per
2336 1333 2591 1405 Moysem,
2617 1351 2723 1404 qua
2759 1344 3006 1403 terreret,
3049 1337 3196 1398 dedit
3230 1350 3286 1396 et
3313 1342 3473 1398 bene-

1901 1421 2188 1477 dictionem
2217 1438 2313 1494 per
2356 1414 2657 1496 Apostolos',
2694 1441 2798 1494 qua
2840 1426 3051 1483 liberet.
3097 1428 3165 1483 In
3194 1430 3465 1488 dulcedine

1901 1511 2072 1586 (Cas)
2121 1513 2353 1568 Dulcedo
2399 1525 2502 1579 est,
2554 1533 2660 1587 qua
2712 1517 2908 1573 bonum
2960 1517 3054 1584 ﬁt,
3110 1537 3215 1578 non
3259 1521 3454 1578 timore

1897 1618 2089 1676 pacate,
2118 1604 2210 1660 sed
2237 1605 2589 1664 delectatione
2628 1607 2872 1678 justitiae.

1968 1691 2134 1748 Vens.
2191 1693 2278 1747 12.
2327 1725 2400 1735 --
2454 1695 2707 1751 Dominus
2759 1699 2902 1752 dabit
2949 1700 3175 1755 uerbum.
3237 1701 3472 1761 Virtutes

1898 1782 2097 1838 multas
2121 1784 2614 1856 evangelizantibus
2640 1787 2880 1843 verbum.

224 1890 451 1950 scentia.
498 1887 696 1953 Viduas,
728 1875 942 1964 'quibus
982 1905 1137 1946 error
1170 1892 1397 1946 maritus
1428 1891 1688 1962 moritur;
1740 1892 1788 1946 in

1965 1875 2126 1931 Vens.
2161 1877 2246 1930 15.
2273 1907 2344 1918 -
2366 1876 2476 1932 Rea:
2517 1879 2786 1936 virtutum.
2817 1879 3020 1951 (Ηιειι.)
3064 1883 3467 1954 Apostolorum,

222 1982 421 2052 quibus
449 1981 653 2038 habitat
682 1983 844 2050 Deus,
875 1999 1009 2054 quos
1037 1984 1260 2056 colligit,
1291 2000 1426 2054 quos
1453 1985 1641 2050 trahit,
1668 1985 1796 2054 quia

221 2073 290 2130 de
319 2074 492 2130 viduis
515 2084 570 2133 et
595 2075 851 2148 orphanis
879 2076 1009 2131 facit
1033 2077 1137 2132 sibi
1167 2078 1445 2148 templum,
1470 2079 1523 2131 in
1553 2093 1659 2148 quo
1689 2086 1788 2134 est.

293 2163 456 2220 Vsus.
490 2165 540 2218 7.
569 2196 641 2204 -
667 2165 803 2220 Deus
854 2169 943 2238 qui
985 2168 1299 2228 inhabitare.
1334 2169 1539 2241 (HIEB.)
1580 2170 1637 2224 In
1682 2171 1792 2228 He-

217 2255 367 2312 braeo
410 2257 642 2324 habetur
668 2273 686 2312 .'
710 2257 964 2316 Dominus
1001 2270 1174 2322 autem
1204 2261 1498 2316 inhabitare
1527 2263 1654 2330 facit
1677 2278 1792 2320 mo-

218 2351 412 2404 nachos
447 2351 502 2404 in
522 2350 697 2417 domo,
722 2351 775 2408 in
798 2353 992 2426 quibus
1027 2369 1136 2422 non
1174 2354 1445 2410 cohabitat
1488 2363 1786 2425 peccatum.

220 2440 386 2498 Unius
402 2443 579 2498 moris.
602 2441 780 2515 (Auc.)
799 2443 1110 2512 Unanimes,
1132 2461 1297 2500 unum
1321 2445 1637 2513 sentientes,
1660 2455 1790 2513 etc.,

216 2550 380 2604 usque
429 2533 497 2588 ad
556 2549 663 2590 non
715 2535 956 2603 meritis,
1009 2537 1150 2592 unde
1194 2537 1376 2604 subdit
1423 2537 1573 2603 :Qui
1618 2539 1792 2592 educit

217 2627 434 2680 uinctos.
491 2624 680 2682 Educit
745 2627 957 2682 vinctos.
1015 2627 1187 2700 (Cas)
1232 2628 1308 2683 De
1361 2628 1572 2686 inferno
1628 2629 1791 2701 ligato

216 2713 447 2770 diabolo.
479 2713 582 2782 Qui
620 2728 948 2788 exasperant.
980 2717 1330 2790 Blasphemos
1375 2720 1429 2774 in
1471 2719 1658 2776 Deum.
1694 2719 1790 2776 Vel

215 2807 584 2876 persequendo
611 2807 662 2862 in
688 2809 946 2886 sepulcris
968 2810 1022 2866 in
1048 2811 1355 2870 carnalibus
1375 2810 1551 2870 fetidis
1569 2811 1786 2881 sepulti,

215 2905 274 2950 ut
318 2912 418 2952 nec
461 2896 629 2951 velint
675 2913 776 2952 nec
823 2900 1030 2970 possint
1081 2900 1377 2968 ambulare.
1435 2901 1784 2974 Exasperaut.

216 2987 397 3060 (Ama)
431 2987 748 3044 Resistendo
768 2987 1012 3056 iustitiae,
1046 3005 1168 3046 eum
1198 2992 1417 3046 omnino
1444 2993 1550 3048 sint
1590 2993 1787 3049 mortui

211 3081 266 3134 in
305 3079 558 3148 operibus
595 3080 854 3147 mortuis;
899 3080 1065 3136 vincti
1105 3097 1233 3136 vero
1259 3082 1445 3137 volunt
1486 3083 1784 3152 ambulare,

211 3187 314 3226 nec
346 3179 602 3239 possunt;
633 3169 690 3224 hi
719 3171 1000 3226 solvuntur
1029 3187 1126 3241 per
1156 3172 1406 3241 gratiam,
1441 3172 1516 3234 illi
1545 3174 1787 3234 resusci-

216 3271 414 3326 tantur,

287 3353 446 3416 Vsus.
477 3351 787 3424 8.—Deus,
816 3370 932 3408 cum
959 3353 1292 3424 egredereris.
1332 3353 1504 3426 (Cas)
1545 3355 1785 3426 Diapsal-

217 3463 332 3501 mus
361 3446 427 3500 de
452 3447 616 3502 verbo
646 3444 918 3518 Evangelii
950 3460 1045 3516 per
1064 3461 1340 3517 egressum
1368 3447 1588 3504 Christi.
1624 3433 1784 3516 Deus,

215 3553 328 3590 cum
356 3536 688 3608 egredereris.
721 3536 858 3590 Vere
886 3536 1086 3602 educis,
1139 3537 1263 3608 quia
1307 3536 1682 3610 praeﬁguratus
1705 3548 1790 3600 est

213 3645 461 3702 egressus
507 3628 622 3699 ejus
668 3644 851 3684 coram
879 3629 1064 3692 Israel,
1103 3630 1228 3688 dum
1264 3631 1317 3688 iu
1348 3619 1596 3694 columna
1629 3633 1786 3687 nubis

214 3728 265 3775 et
312 3719 450 3791 ignis
503 3721 751 3792 apparuit
825 3719 879 3776 in
932 3722 1175 3786 deserto,
1210 3730 1266 3776 .et
1308 3736 1503 3776 manna
1548 3721 1783 3780 satiavit.

215 3810 396 3884 (Αυς.)
422 3811 677 3882 Egressus
706 3815 836 3876 dum
865 3813 1114 3886 apparuit
1137 3814 1444 3868 hominibus
1473 3829 1569 3886 per
1597 3816 1789 3886 huma-

147 3963 154 3970 ,
213 3903 470 3970 nitatem,
507 3903 590 3958 vel
639 3905 765 3960 dum
815 3906 986 3960 educit
1037 3907 1260 3972 vinctos,
1305 3907 1359 3962 id
1398 3915 1509 3974 est,
1540 3908 1784 3964 suscitat.

217 3993 442 4048 Transiit
468 3997 520 4048 in
556 3995 849 4062 desertum,
879 4013 999 4052 cum
1039 3998 1106 4062 ad
1141 4007 1328 4070 gentes
1357 4000 1521 4054 venit.
1556 3999 1786 4071 (Bestia)

212 4085 564 4156 Egredereris.
595 4086 757 4155 Quasi
779 4089 957 4146 dicat:
987 4106 1110 4144 cum
1139 4093 1464 4158 transiturus
1491 4107 1642 4150 esses
1659 4093 1786 4152 soli-

211 4177 448 4232 tudinem
471 4177 635 4243 illam,
671 4193 790 4250 quaa
817 4180 1054 4236 nondum
1083 4179 1219 4236 lucis
1254 4181 1592 4254 splendorem
1623 4200 1784 4240 acce-

207 4274 399 4336 perat,
453 4274 653 4330 terram
701 4267 916 4338 quidem
955 4271 1276 4326 concussisti
1313 4287 1377 4328 ac
1412 4275 1783 4344 commovisti,

207 4355 420 4412 caelitus
448 4373 576 4414 vero
604 4360 789 4430 gratiae
817 4369 920 4416 tua:
949 4369 1133 4433 guttas
1160 4363 1449 4421 distillasti.

277 4445 438 4503 Vsus.
471 4447 524 4506 9.
546 4479 619 4489 —
645 4448 805 4505 Terra
839 4463 978 4506 mota
1005 4465 1100 4508 est.
1135 4455 1269 4522 Quia
1298 4466 1426 4513 tunc
1464 4460 1665 4528 terreni
1700 4461 1784 4526 vi-

205 4539 383 4596 dendo
412 4549 557 4596 tanta
585 4531 849 4598 mirabilia
881 4547 1010 4600 moti
1053 4555 1199 4602 sunt.
1232 4547 1359 4604 lei
1399 4551 1784 4618 distillaverunt

203 4649 236 4684 α
258 4630 394 4699 facie
406 4631 499 4686 Dei
521 4646 541 4685 :
562 4633 777 4701 Manna,
803 4636 926 4690 dum
950 4638 1005 4690 in
1032 4639 1248 4693 modum
1275 4640 1553 4708 stillicidii,
1581 4659 1778 4700 manna

202 4723 481 4778 descendit
506 4741 536 4779 a
566 4725 704 4790 facie
725 4727 842 4793 Dei,
868 4728 1018 4797 cujus
1043 4733 1331 4802 praesentia
1356 4747 1455 4802 per
1475 4734 1778 4800 columnam

201 4817 544 4871 noscebatur.
591 4818 772 4894 (Auc.)
803 4819 953 4876 Mons
985 4821 1112 4876 Sina
1147 4839 1176 4876 a
1224 4822 1362 4878 facie
1402 4824 1498 4878 Dei
1535 4826 1778 4894 fumavit,

201 4909 520 4978 (secundum
548 4909 708 4978 aliam
739 4910 994 4984 litteram)
1026 4915 1243 4982 quando
1273 4915 1483 4987 Moyses
1513 4918 1586 4984 ibi
1607 4917 1778 4990 legem

201 5009 433 5068 accepit.

276 5090 438 5146 Vsus.
482 5091 567 5156 l0.
593 5123 666 5134 —-
685 5089 948 5148 Pluviam.
977 5093 1092 5150 Hoc
1117 5106 1200 5151 est
1226 5099 1370 5167 quod
1402 5099 1525 5154 caeli
1549 5100 1781 5156 distilla-

199 5189 397 5234 verunt
424 5197 640 5252 manna,
672 5183 1022 5240 uoluntariam
1060 5202 1180 5258 qtae
1225 5188 1564 5244 satisfaceret
1593 5191 1783 5248 volun-

203 5274 302 5327 tati
331 5274 472 5330 illius
497 5277 674 5346 gentis
719 5277 874 5334 avide
913 5279 1248 5342 comedendi.
1297 5279 1602 5353 Segregabis
1640 5284 1782 5339 Deus

202 5363 497 5420 latereditati
535 5377 658 5422 tuae.
701 5366 838 5436 Quia
868 5385 974 5426 non
1013 5371 1134 5426 aliis
1173 5373 1422 5442 gentibus
1442 5373 1608 5440 dedit,
1639 5376 1782 5444 quod

200 5463 334 5512 tunc
358 5454 576 5514 Iudaeis.
620 5459 921 5530 Inﬁrmata,
956 5453 1166 5524 etc.’Ad
1209 5471 1443 5534 tempus,
1469 5465 1596 5520 dum
1619 5467 1779 5520 Chri-

200 5555 288 5606 sto
315 5563 422 5604 non
450 5549 698 5604 credidit.
727 5550 900 5625 (Cas)
945 5551 1194 5621 Perfecit.
1241 5555 1381 5626 Deus
1411 5556 1780 5612 haereditatem

199 5654 380 5708 suam,
412 5642 536 5698 dum
565 5652 752 5715 gentes
778 5644 833 5698 in
856 5645 1287 5715 supplementum
1320 5645 1560 5704 admisit.
1588 5646 1782 5704 Subdit

199 5739 346 5794 unde
375 5736 620 5810 perfecit.
1337 5813 1347 5820 ι

271 5827 433 5890 Vsus.
487 5830 570 5886 ll.
610 5863 678 5872 —
709 5831 990 5888 Animalia.
1023 5832 1078 5888 Id
1111 5841 1214 5894 est,
1263 5841 1449 5902 gentes
1483 5842 1604 5900 ture,
1650 5835 1772 5889 dum

1815 4603 1860 4662 D

1895 1965 1978 2021 vel
2010 1967 2212 2021 dilecti.
2247 1966 2420 2039 (Cas)
2459 1966 2618 2023 Pater
2660 1979 2740 2024 est
2774 1984 2868 2024 rex
2903 1972 3230 2044 angelorum.
3275 1977 3471 2048 quibus

1893 2060 2125 2130 imperat
2147 2070 2200 2114 et
2223 2061 2336 2132 ipse
2365 2060 2612 2116 dilectus.
2641 2061 2820 2134 (Αυθ.)
2861 2062 2974 2117 Rea:
2997 2067 3243 2120 virtutum
3269 2068 3466 2123 dilecti.

1893 2151 2035 2218 Filii,
2067 2151 2118 2205 id
2158 2161 2262 2216 est,
2293 2160 2442 2222 pater
2478 2153 2557 2206 vel
2591 2168 2739 2208 more
2766 2155 2963 2212 veteris
2989 2154 3280 2228 Scripturae
3307 2158 3468 2216 Chri-

1894 2252 2009 2298 stus
2047 2259 2139 2298 rea:
2165 2245 2440 2310 virtutum;
2480 2243 2706 2310 Christi,
2758 2246 2943 2312 idest,
2987 2263 3228 2315 suarum,
3257 2259 3314 2304 ut
3341 2249 3468 2307 fecit

1892 2337 2122 2410 Moyses,
2140 2338 2280 2392 sicut
2314 2339 2566 2410 praecepit
2593 2338 2852 2394 Dominus
2875 2339 3062 2412 Moysi.
3093 2341 3302 2408 Dilecti,
3331 2343 3466 2398 dile-

1893 2431 1979 2484 cti.
2007 2429 2178 2500 (Cas)
2210 2430 2476 2500 Repetitio
2502 2431 2677 2486 dilecti
2703 2433 2768 2487 ad
2792 2435 3345 2504 commendationem;
3372 2438 3464 2492 sed

1892 2537 1998 2576 non
2029 2531 2110 2576 est
2135 2523 2252 2577 haec
2277 2524 2527 2593 repetitio
2553 2523 2609 2578 in
2637 2525 2888 2581 omnibus
2913 2523 3088 2593 libris,
3117 2527 3212 2586 sed
3232 2529 3347 2583 sive
3373 2529 3464 2595 sit,

1893 2613 2006 2668 sive
2032 2628 2159 2676 non,
2186 2613 2274 2668 hic
2303 2621 2388 2668 est
2409 2627 2620 2678 sensus,
2656 2611 2831 2668 dilecti
2868 2631 2880 2643 ·
2909 2630 3017 2670 non
3050 2615 3218 2670 solum
3247 2617 3313 2671 ad
3339 2617 3464 2678 alia,

1891 2706 1985 2761 sed
2007 2707 2170 2761 etiam
2199 2706 2266 2759 ad
2293 2703 2576 2760 dividenda
2620 2705 2808 2777 spolia,
2854 2722 2974 2782 qua:
3003 2706 3310 2775 dividendo,
3347 2724 3467 2780 spe-

1890 2803 2093 2864 ciosam
2119 2801 2250 2858 fecit
2279 2801 2598 2858 Ecclesiam.
3345 2859 3348 2864 ,

1961 2893 2122 2950 Vens.
2169 2894 2254 2949 14.
2291 2922 2365 2935 -
2393 2891 2450 2949 Si
2496 2884 2788 2948 darmiatis.
2831 2891 3015 2966 (AUG.)
3049 2893 3289 2948 Dormire
3335 2895 3469 2950 inter

1888 2988 2086 3044 medios
2111 2987 2272 3042 cleros
2296 2996 2376 3048 est
2398 2988 2452 3041 in
2481 2987 2801 3052 auctoritate
2827 2987 3055 3042 duorum
3097 2986 3467 3044 Testamento-

1890 3092 2010 3132 rum
2044 3077 2380 3147 requiescere
2404 3085 2458 3133 et
2492 3078 2715 3148 paciﬁce
2757 3079 3123 3165 acquiescere.
3157 3075 3354 3134 Penna:
3380 3096 3467 3133 co-

1892 3169 2082 3224 lumba:
2108 3169 2480 3240 deargentatw,
2513 3170 2892 3240 praedicatores
2939 3186 3166 3250 quorum
3200 3173 3463 3241 praedica-

1813 3241 1858 3305 (ἶ
1891 3261 2038 3318 tione
2089 3263 2144 3316 in
2205 3262 2398 3322 ccelum
2449 3262 2623 3318 fertur
2665 3262 2834 3336 gloria
2883 3241 3156 3322 Ecclesiae.
3202 3266 3465 3324 Columbae

1889 3353 2070 3425 (Ana,
2102 3351 2252 3426 Cas.)
2306 3353 2562 3418 Columba
2599 3352 2860 3418 Ecclesia,
2892 3363 3021 3420 etc.,
3047 3371 3208 3426 usque
3234 3355 3301 3409 ad
3330 3371 3467 3428 prae-

1889 3448 2155 3504 dicatione
2186 3449 2237 3503 in
2264 3448 2462 3512 caelum
2483 3446 2675 3503 fertur.
2719 3447 2785 3502 Et
2804 3449 3110 3518 posteriora.
3143 3449 3321 3520 (Αυς.)
3365 3449 3464 3510 Ubi

1889 3539 2098 3594 radices
2127 3538 2332 3598 alarum
2349 3546 2475 3606 etc.,
2494 3553 2653 3609 usque
2678 3537 2746 3590 ad
2761 3537 2913 3607 vigor
2925 3536 3201 3606 sapientia:
3226 3549 3308 3605 est
3335 3539 3464 3594 cha-

1887 3631 2045 3686 ritas.
2071 3629 2218 3684 Inter
2245 3630 2438 3686 medios
2451 3629 2635 3684 cleros.
2659 3627 3067 3700 (Auc.)Latina:
3096 3629 3295 3702 linguae
3321 3640 3463 3696 esset

1889 3723 2032 3778 inter
2051 3722 2246 3790 cleros,
2284 3730 2417 3798 etc.,
2442 3739 2604 3793 usque
2627 3721 2694 3778 ad
2715 3722 2867 3780 vobis
2888 3729 3048 3790 erunt
3072 3737 3262 3794 penna:
3289 3724 3462 3778 ambi—

1889 3830 2050 3886 guum
2083 3823 2185 3870 est.

1960 3905 2124 3965 Vsus.
2154 3905 2238 3960 l5.
2271 3936 2341 3945 —
2370 3904 2544 3978 (Cas)
2571 3904 2930 3976 Diapsahnus,
2953 3905 3080 3968 dum
3102 3906 3366 3972 discernit,
3398 3906 3464 3961 de

1889 3998 2269 4056 donationibus
2310 3997 2509 4054 Christi
2552 3999 2911 4066 ascendentis,
2963 4000 3052 4070 qui
3082 3999 3226 4068 solus
3267 4009 3460 4072 potest,

1889 4101 2059 4147 etnon
2086 4089 2240 4146 alius.
2270 4088 2450 4162 (Auc.)
2474 4090 2606 4144 Dum
2637 4091 2814 4161 gratia
2845 4088 3078 4160 Spiritus
3103 4091 3277 4152 sancti
3308 4106 3464 4161 reges

1887 4182 2287 4248 discernuntur,
2335 4192 2466 4251 etc.,
2515 4199 2676 4254 usque
2722 4183 2790 4238 ad
2835 4192 2890 4238 et
2929 4185 2982 4240 in
3031 4199 3152 4240 eum
3185 4184 3462 4240 credentes

1886 4290 2262 4352 proteguntur.

1957 4368 2121 4426 Vatis.
2155 4368 2474 4423 l7.—Mons
2497 4368 2593 4422 Dei
2622 4384 2768 4424 mons
2803 4369 3028 4438 pinguis.
3075 4366 3230 4439 (Anc.
3253 4407 3268 4433 ,
3312 4367 3460 4436 Cas.)

1887 4458 2419 4515 Commendationem
2471 4459 2668 4512 montis
2725 4456 2924 4521 subdit,
2977 4465 3081 4512 etc.
3119 4499 3134 4523 ,
3185 4474 3344 4528 usque
3391 4461 3458 4516 ad

1887 4550 1985 4605 Hic
2013 4550 2157 4604 enim
2181 4558 2263 4604 est
2293 4564 2446 4610 mons
2474 4549 2564 4619 qui
2598 4549 2648 4604 in
2682 4549 2961 4604 Ezechiele
2985 4549 3232 4605 vulnerat
3261 4551 3461 4622 princi-

1886 4657 2007 4711 pem
2037 4641 2186 4711 Tyri.
2210 4639 2598 4710 Beneplacitum
2631 4652 2702 4695 est
2741 4641 2866 4704 Deo,
2897 4652 2999 4698 etc.
3039 4643 3220 4714 (AUG.)
3251 4643 3456 4714 Etenim

1881 4730 2137 4786 Dominus
2163 4730 2413 4784 habitabit
2437 4748 2553 4785 eum
2577 4731 2630 4785 in
2653 4732 2829 4800 ﬁnem,
2868 4732 2917 4786 id
2949 4741 3032 4787 est
3060 4748 3226 4802 usque
3251 4735 3317 4802 ad
3352 4744 3458 4790 ter-

1882 4824 2087 4879 minum
2113 4823 2410 4892 majestatis
2439 4840 2568 4888 suae,
2601 4825 2691 4894 qui
2718 4834 2799 4880 est
2825 4826 2944 4880 finis
2981 4827 3097 4882 sine
3122 4827 3244 4890 fine,
3269 4835 3322 4881 et
3343 4827 3458 4898 ple-

1881 4915 2072 4970 nitudo
2100 4914 2361 4969 omnium.
2402 4913 2608 4970 Etenim
2659 4916 2911 4969 Dominus
2958 4917 3224 4972 habitavit.
3275 4915 3461 4972 Nullus

1884 5016 1947 5062 ut
1973 5007 2093 5070 iste,
2139 5007 2264 5078 quia
2297 5007 2395 5060 iste
2436 5022 2610 5069 mons,
2640 5007 2846 5062 scilicet
2885 5007 3162 5074 Dominus,
3191 5007 3457 5065 habitabit

1886 5097 2006 5154 illos
2031 5107 2244 5153 montes
2271 5113 2544 5168 usquequo
2575 5099 2733 5153 ducat
2774 5099 2828 5153 in
2869 5100 3046 5168 ﬁnem,
3095 5099 3146 5152 id
3185 5107 3286 5166 est,
3319 5098 3372 5153 in
3399 5115 3458 5154 se

1887 5190 2058 5246 Deum
2125 5189 2615 5259 contemplandum.
2678 5190 2782 5244 Alii
2831 5200 3008 5244 autem
3064 5198 3272 5244 montes
3333 5198 3459 5246 sunt

1887 5299 2080 5338 currus
2133 5297 2228 5352 per
2256 5295 2390 5350 quos
2431 5280 2645 5335 vehitur
2692 5282 2832 5336 Deus
2861 5281 2912 5334 in
2955 5281 3265 5334 universum
3308 5297 3458 5335 mun-

1887 5373 2034 5428 dum.
2090 5371 2309 5434 Curras,
2363 5370 2487 5438 quia
2536 5370 2816 5426 unanimes
2867 5368 3099 5438 copulati
3149 5370 3454 5435 charitate,

1887 5478 2021 5531 quos
2088 5461 2154 5514 ad
2217 5457 2572 5514 ministerium
2636 5459 2926 5513 voluntatis
2983 5474 3092 5513 sua:
3148 5461 3460 5515 moderatur

1883 5552 2045 5616 Deus,
2071 5552 2245 5606 decem
2267 5550 2496 5605 millibus
2521 5592 2536 5616 ,
2576 5549 2870 5605 innumeris
2900 5549 3134 5620 populis;
3172 5551 3457 5605 multitudo

1884 5653 2212 5701 sanctorum.

1956 5738 2020 5791 In
2053 5739 2226 5807 finem.
2257 5737 2390 5804 Quia
2425 5735 2783 5807 personaliter
2823 5736 3002 5790 unitus
3023 5745 3104 5789 est
3135 5735 3204 5800 ei,
3250 5735 3301 5788 in
3349 5750 3454 5805 quo

1884 5836 2146 5890 habitavit
2181 5836 2348 5888 omn's
2378 5831 2646 5903 plenitudo
2680 5831 2963 5884 divinitatis
2999 5828 3354 5908 corporaliter.
