3982 6352
233 449 328 506 9η

1207 452 1474 511 GLOSSA
1509 445 1910 509 ORDINARIA.
1950 480 2023 490 —
2059 451 2185 506 LIB.
2225 451 2452 506 PSALM

3373 452 3477 509 946

234 576 294 622 te.
329 564 558 637 Disstpa.
603 566 823 639 lucrepa
847 569 1014 636 feras,
1037 579 1092 624 et
1131 569 1296 625 etiam
1343 570 1545 640 dissipa
1591 568 1801 623 dissen-
1825 565 1878 626 Δ
1905 562 2077 619 forma
2107 567 2200 621 Dei
2237 567 2290 622 in
2313 567 2551 624 deterius
2576 567 2770 634 Adam,
2801 575 2932 633 ϐίον,
2971 583 3133 638 usque
3158 565 3226 620 αά
3256 569 3366 637 Pali
3398 582 3482 622 SC-

237 657 435 711 tientes.
487 647 673 739 Gentes
693 673 811 728 qua:
851 657 984 714 bella
1018 657 1214 715 volunt.
1247 657 1542 714 Haereticos
1584 666 1637 712 et
1663 657 1799 713 alios

1906 655 2142 710 cundum
2166 655 2587 728 Graecos.(Cas.)
2613 658 2850 726 Quartus
2871 656 3110 728 psalmus
3121 656 3212 726 qui
3229 656 3390 712 latius
3417 656 3484 712 de

235 749 308 805 eis
335 748 754 815 consentientes,
775 765 911 820 quos
939 758 1127 821 gentes
1153 757 1332 817 vocat,
1355 758 1576 820 pr0pter
1603 764 1800 818 genera
1904 745 2176 816 passione,
2209 754 2266 802 et
2292 743 2708 804 resurrectione.
2739 747 2933 819 Agitur
2957 749 3024 802 de
3048 761 3211 801 causa
3251 762 3485 800 commu-

242 840 564 896 diversarum
609 851 923 907 sectarum,
951 856 1020 896 ne
1065 841 1141 898 ibi
1187 843 1358 898 series
1395 841 1800 898 successionum

237 931 511 987 conﬁrmet
539 945 801 988 errorem.

301 1020 455 1076 Vens.
487 1019 575 1074 '52.
601 1052 673 1062 —
697 1021 783 1076 Ex
810 1021 1062 1092 Egypto,
1089 1021 1386 1093 xEthiopia.
1421 1022 1603 1093 (Δυε.)
1633 1020 1805 1092 [Egy-

235 1113 306 1184 pti
335 1111 414 1168 vel
439 1110 734 1183 ΛΕῐὴίορίξε
762 1113 977 1167 nomine
1000 1112 1160 1168 ﬁdem
1196 1112 1436 1167 omnium
1462 1113 1701 1183 gentium
1732 1113 1807 1168 si-

238 1213 376 1277 gnat,
406 1219 437 1257 a
466 1211 622 1274 parte
653 1212 845 1259 totum.
897 1203 1012 1259 Non
1045 1218 1176 1272 ergo
1203 1218 1271 1258 ex
1299 1202 1429 1258 solis
1456 1200 1679 1267 Iudaeis,
1707 1201 1805 1258 sed

237 1300 298 1352 de
349 1296 597 1368 gentibus
637 1312 920 1366 praecones
967 1296 1179 1352 futuros
1227 1295 1535 1366 prophetat.
1581 1293 1804 1366 (Ηιειι.)

238 1387 501 1457 Ᾰτῖῑὶιὶορὶδ
548 1387 836 1442 Gentilitas
872 1387 1024 1459 nigra
1053 1387 1317 1457 peccatis,
1345 1384 1568 1441 festinat
1614 1399 1808 1441 manus

235 1481 356 1534 dare
392 1479 520 1533 Deo.
575 1477 884 1534 Similitudo
919 1494 950 1532 a
976 1479 1154 1543 victis,
1189 1479 1282 1549 qui
1312 1479 1482 1533 armis
1525 1477 1790 1546 depositis

233 1588 321 1626 eas
347 1573 473 1626 dant
513 1571 828 1638 victoribus,
861 1587 929 1626 ne
957 1572 1250 1627 intereant.
1300 1569 1594 1626 Prwveniet
1619 1585 1808 1625 manus

233 1663 358 1732 ejus.
413 1661 602 1734 (lbid.)
645 1662 702 1718 Id
740 1670 845 1729 est,
872 1663 1163 1718 vindictam
1213 1660 1352 1732 ejus,
1382 1676 1480 1732 per
1516 1651 1812 1716 confessio-

234 1769 370 1819 nem,
396 1770 464 1809 ne
495 1763 778 1810 manentes
804 1755 859 1808 in
880 1756 1120 1825 peccatis
1145 1755 1466 1824 puniantur.

1905 838 2143 903 talionis,
2170 837 2224 893 id
2249 847 2355 905 est,
2382 841 2634 910 passione
2661 840 2886 896 Christi.
2917 838 3019 895 Hic
3053 839 3293 909 loquitur
3321 838 3482 894 Chri-

1906 935 2022 984 stus
2044 938 2207 998 caput
2227 940 2280 985 et
2294 946 2510 1002 corpus.
2530 930 2748 986 Salvum
2769 947 2852 985 me
2874 931 2979 1000 fac.
3003 929 3206 995 Primo,
3231 937 3488 999 precatur

1907 1023 2087 1080 salvus
2115 1023 2255 1091 ﬁeri,
2282 1025 2408 1096 quia
2440 1025 2606 1081 multa
2647 1025 2871 1096 patitur,
2901 1033 3162 1095 quantum
3193 1025 3260 1079 ad
3286 1039 3344 1079 se
3370 1038 3490 1094 gra-

1913 1113 2002 1178 tis,
2038 1114 2132 1168 sed
2161 1113 2303 1184 quod
2332 1113 2470 1169 alius
2497 1115 2698 1184 rapuit,
2725 1114 2839 1185 ipse
2861 1113 3039 1170 solvit.
3089 1113 3217 1168 Haec
3258 1120 3342 1168 est
3385 1127 3488 1168 vox

1909 1205 2068 1275 grani
2121 1206 2322 1277 sinapis
2369 1207 2704 1277 contempti,
2753 1205 2881 1262 dum
2919 1207 2974 1261 in
3014 1206 3172 1262 horto
3215 1206 3485 1271 obruitur,

1909 1297 2053 1366 quod
2080 1298 2279 1353 crescit
2307 1298 2362 1352 in
2391 1314 2644 1370 magnum
2673 1298 2824 1353 olus:
2854 1299 2959 1355 hoc
2980 1297 3188 1354 fuscum
3219 1309 3275 1353 et
3304 1313 3492 1368 asper-

1909 1387 2088 1442 na‘bile
2117 1403 2360 1458 prorsus.
2380 1389 2474 1444 Sic
2497 1399 2550 1444 et
2570 1389 2836 1461 Christus,
2851 1390 2918 1446 de
2944 1405 3080 1461 quo:
3108 1389 3350 1444 Vidimus
3377 1405 3495 1444 eum

1911 1494 2015 1532 non
2036 1479 2309 1534 habentem
2330 1482 2550 1552 speciem
2583 1499 2743 1553 neque
2771 1483 3025 1546 decorem,
3058 1483 3152 1538 sed
3183 1490 3361 1537 tamen
3397 1497 3492 1537 oc-

1913 1570 2132 1639 cupavit
2162 1570 2357 1626 faciem
2383 1579 2562 1638 terrae,
2600 1573 2776 1628 factus
2797 1588 2952 1628 mons
2983 1588 3232 1644 magnus.

1981 1661 2144 1732 Aquae
2194 1679 2356 1733 usque
2420 1665 2489 1718 ad
2533 1667 2764 1719 animum
2810 1683 3000 1720 meam.
3049 1666 3242 1737 (Auc.)
3285 1665 3342 1720 ld
3391 1677 3496 1730 est,
3578 1724 3590 1736 I

1911 1750 2114 1814 turbae;
2135 1760 2266 1816 etc.,
2295 1767 2456 1823 usque
2485 1753 2554 1807 ad
2597 1752 2742 1808 ultra
2767 1769 2930 1824 quam
2993 1769 3100 1809 non
3128 1754 3326 1809 habent
3372 1755 3498 1810 mali

301 1847 457 1903 Vens.
507 1847 595 1903 33.
623 1878 694 1889 —
723 1849 829 1903 Deo
858 1865 1034 1919 regna.
1086 1846 1156 1903 Ut
1199 1846 1310 1901 Deo
1340 1847 1410 1901 sit
1459 1846 1514 1900 in
1541 1844 1808 1915 principio
1836 1911 1880 1919 _
1913 1842 2046 1912 quid
2074 1842 2155 1897 eis
2191 1842 2412 1898 faciant.

233 1940 504 2009 sequentis
533 1955 746 1995 versus.
784 1937 876 1994 Vel
903 1911 1075 2009 magis
1097 1938 1152 1992 in
1176 1935 1281 1992 ﬁne
1308 1911 1666 2008 praecedentis
1686 1911 1809 1990 ver-
1836 1911 1889 1974 B
1932 1911 1947 1912 ί
1986 1935 2150 1990 Vnus.
2191 1935 2244 1989 5.
2273 1966 2346 1976 -
2371 1935 2440 1991 1η
2470 1935 2615 1992 limo.
2670 1937 2854 2010 (Auc.)
2893 1937 3070 1994 Homo
3105 1937 3280 1994 factus
3325 1946 3409 1993 est
3434 1937 3501 1994 de

231 2045 320 2084 sus
362 2038 462 2095 est,
507 2029 638 2086 Deo.
681 2028 1210 2099 Commendaturque
1249 2029 1383 2084 ﬁdes
1429 2028 1649 2102 (quasi,
1700 2042 1809 2098 non

230 2119 653 2190 praecedentibus
682 2119 940 2190 operibus
977 2117 1311 2188 justiﬁcatur
1341 2118 1531 2190 homo)
1559 2133 1679 2187 qum
1711 2133 1810 2188 per

232 2207 573 2266 dilectionem
607 2209 799 2279 incipit
845 2207 1079 2278 operari.
1123 2205 1320 2263 Credet
1362 2222 1493 2278 ergo
1533 2206 1810 2277 Ethiopia

232 2299 361 2362 Deo,
384 2309 439 2356 et
465 2301 544 2356 sic
566 2301 840 2372 praeveniet
886 2315 1050 2370 opera
1093 2299 1230 2371 ejus,
1262 2299 1320 2354 id
1345 2308 1449 2366 est,
1496 2299 1807 2370 .Ethiopize,

229 2394 367 2463 quod
395 2393 449 2448 in
477 2393 667 2450 Graeco
707 2409 816 2449 non
850 2401 934 2449 est
964 2393 1295 2464 ambiguum,
1328 2393 1380 2448 id
1409 2401 1512 2458 est,
1542 2392 1813 2448 credendo

227 2487 286 2541 in
309 2487 489 2552 Deum,
511 2489 980 2558 praevenietopera
1009 2503 1126 2543 sua.
1153 2485 1251 2542 Vel
1280 2487 1394 2558 ejus
1435 2485 1655 2557 Egypti
1680 2485 1810 2550 Deo,

233 2577 288 2632 id
318 2589 416 2643 est,
448 2578 501 2632 in
549 2577 742 2634 Deum.
793 2576 970 2648 Regna
999 2585 1172 2643 teme,
1216 2585 1424 2630 cantate
1463 2575 1594 2630 Deo.
1628 2575 1810 2648 (Auc.)

230 2669 474 2725 Decursis
519 2669 789 2735 omnibus,
822 2685 942 2739 qua:
967 2669 1080 2740 jam
1110 2667 1329 2738 impleta
1359 2667 1653 2731 cernimus,
1682 2666 1814 2721 hor—

231 2771 374 2817 tatur
401 2763 468 2817 ad
515 2763 732 2818 laudem
760 2759 983 2827 Christi,
1021 2769 1075 2817 et
1098 2759 1340 2816 futurum
1368 2760 1484 2830 ejus
1513 2759 1810 2814 adventum

229 2860 574 2929 praenuntiat.

304 2946 544 3005 Psallite.
579 2947 800 3021 (Cass)
842 2948 1173 3018 Diapsalma.
1211 2948 1478 3004 Psallite:
1521 2949 1701 3005 veniet
1719 2949 1814 3019 qui

229 3041 492 3107 ascendit,
525 3039 616 3094 ubi
645 3049 863 3096 sanctos
890 3040 1313 3096 consummabit.

303 3132 466 3187 Vens.
519 3131 608 3186 54.
636 3161 710 3173 -
745 3131 1013 3185 Ascendit.
1065 3129 1274 3202 (Ibid)
1329 3133 1626 3188 secundum
1669 3131 1815 3202 quod

227 3226 412 3280 homo.
461 3221 596 3277 Nam
643 3217 936 3278 secundum
969 3223 1113 3294 quod
1163 3223 1341 3289 Deus,
1379 3223 1526 3279 Patri
1572 3223 1812 3294 aequalis,

230 3329 396 3385 super
447 3312 644 3368 etelum
693 3313 837 3380 coeli,
865 3313 1194 3370 excelsiores
1235 3323 1538 3382 creaturas,
1580 3324 1640 3370 ut
1683 3315 1816 3370 nihil

229 3422 392 3476 supra
432 3421 491 3462 se
541 3406 784 3462 haberet.
837 3405 1044 3478 (HIER.,
1080 3404 1231 3478 Cas.)
1279 3406 1490 3463 Oriens.
1522 3405 1759 3463 Verbum
1787 3423 1820 3462 a

229 3499 395 3556 Patre
423 3498 686 3570 genitum.
721 3495 788 3552 Et
811 3498 1042 3554 ascendit
1071 3499 1134 3553 ab
1167 3500 1362 3554 oriente
1386 3498 1600 3554 Virtute
1629 3500 1816 3556 Verbi.

307 3577 387 3643 Ad
429 3592 700 3646 orientem.
768 3589 970 3647 Locum
1007 3592 1316 3662 expressit,
1357 3591 1449 3647 ubi
1497 3593 1736 3649 surrexit
1767 3601 1823 3650 et

235 3683 380 3738 unde
407 3683 671 3740 ascendit.

312 3774 500 3848 (Auc.)
531 3776 614 3830 Ad
663 3777 915 3832 orientem
941 3817 956 3843 ,
993 3785 1194 3833 nostra:
1239 3777 1672 3834 illuminationis.
1725 3778 1823 3834 Vel

232 3869 362 3940 quia
392 3869 691 3924 Jerusalem
720 3877 802 3924 est
832 3869 888 3924 in
914 3868 1156 3926 Oriente.
1199 3867 1323 3924 Voci
1354 3887 1486 3926 sure.
1517 3869 1823 3943 (Ibid.)Qui

235 3961 338 4017 iuit
381 3960 601 4016 humilis
650 3961 704 4014 in
749 3962 1041 4030 passione:
1091 3961 1240 4016 dabit
1283 3975 1470 4018 vocem
1510 3961 1728 4018 virtutis
1768 3963 1826 4017 in

232 4054 513 4111 communi
561 4055 977 4111 resurrectione.
1013 4051 1202 4111 Vocem
1235 4056 1460 4110 virtutis.
1498 4055 1670 4129 (Cas.)
1702 4053 1828 4111 Eili-

233 4147 444 4204 caciam
473 4146 836 4203 resuscitandi
860 4161 1051 4202 omnes
1070 4155 1335 4204 mortuos.

312 4236 486 4293 Vens.
541 4237 634 4294 55.
663 4268 736 4278 -
757 4235 1152 4310 Magniﬁcentia
1186 4237 1302 4309 ejus
1329 4247 1376 4292 et
1406 4237 1590 4293 uirtus.
1640 4236 1825 4309 (AUG.)

233 4330 508 4400 Quoniam
523 4329 639 4400 jam
667 4338 795 4385 tunc
815 4344 923 4384 non
939 4329 1043 4385 erit
1069 4329 1376 4385 commistio
1396 4329 1683 4395 malorum,
1701 4328 1828 4384 inde

232 4420 465 4477 evidens
501 4418 608 4474 erit
651 4419 1050 4489 magniﬁcentia
1075 4419 1193 4490 ejus
1219 4434 1384 4489 super
1407 4434 1600 4476 verum
1629 4417 1820 4474 Israel.

231 4511 309 4566 In
352 4508 596 4564 nubibus.
629 4507 768 4576 Quia
798 4525 905 4566 non
938 4509 1084 4565 solus
1113 4510 1296 4566 veniet
1320 4510 1389 4566 ad
1414 4508 1701 4579 judicium,
1732 4508 1829 4564 sed

231 4616 368 4659 cum
419 4600 724 4656 senioribus
773 4599 977 4671 populi,
1009 4599 1106 4669 qui
1157 4608 1284 4654 sunt
1329 4600 1541 4656 nubes:
1578 4615 1716 4671 quas
1759 4615 1909 4690 neD

228 4692 405 4749 aliter
432 4693 726 4763 acciperes,
758 4691 938 4747 addit:
960 4690 1224 4746 Mirabilis
1246 4691 1302 4747 in
1325 4691 1543 4746 sanctis.

315 4785 616 4858 (Ευτιηιι.)
655 4783 758 4840 Per
793 4783 971 4838 nubes.
1009 4783 1109 4839 Hic
1136 4784 1282 4854 ipsos
1314 4783 1601 4855 Apostolos
1639 4782 1836 4840 intelli-

1913 2027 2044 2082 limo
2070 2035 2227 2082 terrae
2246 2067 2262 2094 ,
2296 2036 2426 2093 etc.,
2447 2045 2612 2100 usque
2646 2029 2716 2082 ad
2745 2030 2801 2084 id
2827 2039 2932 2095 est,
2975 2030 3150 2085 virtus
3170 2030 3352 2085 carnis
3375 2045 3503 2085 eva-

1914 2117 2078 2172 dendi
2103 2117 2435 2187 passionem.
2465 2117 2796 2174 Substantia.
2829 2119 3096 2175 Dicuntur
3117 2119 3342 2186 divitiae,
3366 2128 3498 2186 etc.,

1913 2226 2076 2282 usque
2099 2210 2168 2263 ad
2203 2210 2258 2265 id
2277 2220 2392 2276 est,
2423 2225 2530 2266 non
2562 2211 2741 2265 inveni
2767 2212 2822 2266 in
2852 2212 2932 2267 eis
2975 2212 3118 2280 quod
3165 2210 3290 2265 feci.
3315 2254 3318 2256 η
3347 2208 3497 2264 Veni.

1914 2299 2050 2369 Quia
2074 2311 2286 2372 sponte.
2315 2302 2382 2358 In
2417 2301 2764 2358 altitudinem.
2805 2299 3137 2373 Profundum
3183 2300 3358 2358 insani
3406 2317 3502 2373 po-

1914 2393 2052 2464 puli.
2099 2427 2104 2432 ο

1991 2485 2158 2540 Vnus.
2191 2484 2245 2540 4.
2279 2516 2352 2526 -
2375 2485 2656 2542 Laboravi.
2707 2486 2887 2560 (Auc.)
2922 2487 3024 2542 Diu
3073 2487 3326 2543 clamavit
3357 2504 3371 2542 :
3409 2485 3501 2542 Vte

1915 2575 2090 2629 vobis!
2125 2575 2324 2631 Scriba:
2359 2587 2409 2632 et
2456 2575 2740 2644 Pharisaei,
2787 2586 2847 2633 ut
2884 2592 3079 2632 raucus
3123 2586 3383 2647 quantum
3435 2577 3502 2632 ad

1917 2665 2058 2734 illos,
2087 2669 2215 2738 quia
2246 2684 2353 2725 non
2375 2679 2462 2726 est
2497 2671 2565 2724 ab
2585 2671 2664 2725 eis
2709 2670 3035 2726 intellectus.
3075 2668 3349 2736 Clamans,
3391 2678 3499 2724 etc.

1916 2761 2089 2834 (ΕΑΒ.)
2141 2761 2396 2829 Laborat,
2451 2764 2604 2834 cujus
2649 2773 2832 2818 votum
2862 2778 2970 2818 non
3022 2762 3296 2833 impletur.
3347 2759 3504 2836 Oculi

1913 2853 2036 2907 mei.
2075 2851 2146 2907 Ut
2175 2854 2318 2909 oculi
2347 2854 2576 2910 duorum
2605 2870 2730 2910 eum
2747 2855 2803 2909 in
2827 2855 2914 2909 via
2935 2869 3042 2910 non
3069 2852 3499 2925 agnoscendum,

1915 2945 2112 3015 quibus
2135 2944 2338 3001 factum
2364 2955 2448 3002 est
2468 2956 2621 3002 extra
2655 2947 2799 3017 quod
2824 2955 2944 3001 erat
2985 2947 3149 3012 intra,
3173 2945 3228 2999 id
3253 2951 3360 3010 est,
3400 2958 3504 2998 caa-

1916 3035 2055 3090 citas
2075 3051 2195 3105 quae
2217 3037 2270 3090 in
2297 3037 2460 3092 corde
2486 3036 2627 3092 facta
2671 3046 2754 3092 est
2802 3044 2858 3092 et
2903 3037 2959 3090 in
3002 3036 3190 3092 oculis.
3243 3035 3507 3089 Dixerunt

1918 3131 2106 3185 enim:
2159 3129 2514 3201 Sperabamus
2564 3131 2704 3202 quod
2749 3131 3110 3201 redempturus
3157 3139 3286 3183 esset
3333 3127 3504 3183 Israel

1921 3219 2074 3294 (Luc.
2106 3224 2280 3294 xxrv.)
2311 3222 2496 3295 [Anc].
2532 3222 2638 3279 Sed
2663 3239 2814 3294 spem
2837 3225 2916 3280 eis
2953 3221 3202 3286 reddidit,
3251 3233 3382 3288 etc.,
3416 3239 3507 3276 us-

1920 3333 2020 3387 que
2076 3316 2144 3371 ad
2198 3315 2323 3386 quia
2377 3316 2576 3386 perditi
2631 3316 2880 3372 fuissent.
2933 3315 3072 3368 Dum
3117 3331 3285 3385 spero.
3331 3311 3503 3385 (Cas.)

1921 3406 2098 3464 Causa
2125 3407 2394 3476 subditur,
2417 3408 2705 3480 priestolor
2723 3407 3176 3473 misericordiam,
3199 3421 3308 3461 non
3336 3421 3505 3463 exoro

1921 3499 2240 3571 potentiam.

1998 3610 2164 3666 Vens.
2217 3611 2270 3667 5.
2301 3643 2372 3654 —-
2397 3611 2760 3684 Multiplicuti.
2795 3611 2978 3686 (Auc.)
3021 3611 3176 3680 Quod
3217 3613 3372 3684 prius
3421 3621 3506 3684 ty-

1923 3709 2062 3779 pice,
2094 3722 2238 3762 nunc
2278 3707 2334 3762 in
2379 3722 2442 3762 re
2485 3715 2671 3776 aperte
2713 3706 2864 3762 dicit.
2911 3703 3082 3775 Super
3119 3706 3359 3776 capillos.
3402 3705 3510 3760 Pro

1926 3801 2159 3868 inﬁnito,
2188 3800 2274 3856 vel
2299 3800 2480 3871 plures
2508 3810 2633 3855 sunt
2661 3801 2749 3855 his
2771 3799 2863 3870 qui
2885 3807 3012 3854 sunt
3040 3799 3274 3854 ornatui.
3315 3797 3506 3868 Rapui.

1926 3889 2137 3962 Rapere
2158 3891 2448 3947 voluerunt
2483 3892 2842 3958 divinitatem,
2878 3902 2933 3946 et
2966 3891 3319 3962 perdiderunt
3339 3889 3512 3946 felici-

1927 3994 2096 4041 tatem
2124 4003 2138 4040 :
2166 3985 2345 4054 rapuit
2394 3986 2590 4051 Adam,
2627 4000 2982 4055 praesumens,
3032 3994 3092 4040 ut
3131 3984 3398 4051 diabolus,
3444 3983 3512 4038 de

1929 4079 2231 4135 divinitate.

2000 4191 2166 4246 Vens.
2200 4190 2254 4245 6.
2285 4189 2541 4257 ——Deus,
2601 4200 2659 4246 tu
2705 4192 2825 4246 scis.
2858 4189 3028 4262 (αλδ.)
3074 4188 3210 4255 Quia
3251 4202 3352 4257 pro
3394 4187 3514 4244 aliis

1930 4283 2109 4351 solvit,
2139 4291 2418 4354 precatur,
2445 4291 2798 4353 exspectantes
2841 4280 3113 4348 antiquos,
3139 4287 3196 4333 et
3227 4288 3514 4349 quaerentes

1932 4376 2093 4443 alios,
2123 4375 2352 4441 scilicet,
2395 4375 2708 4439 modernos,
2733 4373 2789 4427 in
2827 4387 2886 4427 se
2924 4385 3031 4426 non
3069 4369 3344 4435 frustrari,
3391 4385 3515 4426 cum

1933 4477 2083 4524 tanta
2111 4475 2221 4522 tam
2246 4466 2624 4538 aequanimiter
2664 4465 2826 4521 ferat.

2006 4579 2394 4651 Insipientiam.
2427 4577 2625 4650 (Auc.)
2668 4577 2748 4632 Ex
2780 4576 3058 4631 membris.
3087 4574 3206 4643 Vel,
3233 4575 3373 4646 quod
3394 4577 3521 4630 stul-

1936 4680 2046 4724 tum
2081 4678 2158 4724 est
2182 4669 2298 4732 Dei,
2339 4667 2625 4738 sapientius
2661 4676 2739 4720 est
2776 4664 3090 4720 horninibus.
3136 4663 3288 4732 Quod
3333 4665 3390 4720 in
3434 4681 3522 4720 me

1937 4760 2252 4825 irriserunt,
2291 4760 2382 4830 qui
2407 4758 2511 4814 sibi
2555 4758 2826 4826 sapientes
2874 4756 3217 4821 videbantur,
3261 4765 3316 4810 tu
3372 4755 3520 4810 scisti

230 4881 342 4953 git,
368 4879 536 4935 veluti
561 4895 725 4950 supra
751 4880 1094 4944 exsistentes,
1126 4887 1290 4948 atque
1319 4877 1624 4933 eminentes
1655 4892 1687 4932 a
1720 4887 1818 4932 ter-

1939 4869 2114 4925 quare
2163 4852 2321 4908 ﬁeret
2345 4851 2566 4915 irrisio,
2615 4849 2840 4915 scilicet,
2883 4847 3006 4904 talis
3035 4856 3090 4903 et
3131 4863 3277 4902 mors
3347 4843 3521 4916 (Cas.)

231 4974 397 5028 renis
427 4973 682 5045 negotiis,
705 4988 770 5028 ac
792 4972 958 5028 veluti
973 4970 1244 5042 spirituali
1270 4985 1410 5040 aqua
1438 4970 1646 5041 plenos,
1670 4986 1834 5040 quam

232 5081 310 5120 ex
339 5065 516 5120 sancti
543 5063 780 5135 Spiritus
799 5063 1080 5134 profundis
1104 5063 1420 5129 hauserunt,
1450 5071 1508 5117 ut
1531 5063 1839 5118 animarum

233 5173 383 5213 arva
406 5173 472 5214 ac
500 5173 744 5230 campos,
768 5159 874 5214 hoc
893 5165 1000 5223 est,
1032 5163 1092 5212 ut
1125 5156 1274 5226 ipsos
1304 5157 1612 5222 credentes,
1643 5156 1837 5228 irriga-

234 5259 396 5308 rent.

317 5341 494 5398 Vnus.
538 5341 626 5398 36.
669 5371 742 5383 —
768 5340 890 5415 Ipse
923 5341 1070 5397 dabit
1108 5340 1353 5396 virtutem
1391 5348 1441 5395 et
1471 5339 1840 5410 fortitudinem

233 5434 389 5493 plebi
439 5452 550 5491 sua:
603 5435 900 5492 benedictus
942 5435 1105 5491 Deus.
1138 5433 1309 5507 (Cas).
1350 5433 1538 5506 Magna
1570 5435 1839 5505 promisit,

236 5542 322 5584 ne
350 5526 476 5596 quis
499 5541 598 5599 pro
621 5527 860 5582 humana
887 5527 1202 5583 inﬁrmitate
1225 5525 1480 5597 desperet
1504 5541 1563 5582 se
1591 5527 1658 5583 ad
1688 5535 1842 5583 tanta

231 5617 484 5694 praemia
509 5617 817 5688 pervenire.

735 5746 1057 5805 PSALMUS
1086 5745 1322 5803 LXVIII.

335 5881 509 5950 Vens.
539 5883 593 5942 l.
617 5913 687 5924 —
711 5881 778 5938 In
822 5883 1000 5962 ﬁnem.
1047 5879 1232 5960 (Auc.)
1270 5880 1756 5948 Commutatus-est
1782 5896 1851 5937 ex

1940 4947 2330 5019 Insiptentiam.
2363 4943 2517 5011 Quod
2545 4943 2650 4997 mei
2673 4941 2848 5012 ignari
2883 4941 3004 5007 Dei,
3035 4940 3093 4996 hi
3115 4946 3241 4994 sunt
3267 4936 3359 5006 qui
3382 4951 3524 4991 com-

1944 5044 2222 5093 mutantur
2249 5035 2304 5089 in
2342 5033 2616 5104 sapientes
2643 5040 2699 5086 et
2733 5030 2930 5102 justos.

1964 5144 1970 5151 ”
2015 5148 2184 5204 Vnus.
2201 5145 2387 5202 7.-Ν
2391 5163 2459 5200 οη
2477 5146 2803 5200 erubescant.
2820 5143 2873 5214 (1
2879 5140 3011 5214 bid.)
3025 5139 3156 5210 Qum
3171 5137 3413 5207 solverit,
3425 5153 3526 5196 ex-

1945 5243 2128 5316 ponit;
2159 5241 2248 5297 hic
2259 5239 2650 5309 ostenditquod
2663 5237 2913 5309 superius
2927 5235 2995 5290 de
3017 5232 3278 5288 membris
3293 5233 3525 5288 dixerat.

1949 5334 2133 5408 (Auc.)
2166 5333 2292 5388 Non
2336 5332 2659 5398 erubescant,
2685 5331 2740 5386 id
2760 5337 2864 5396 est,
2893 5342 3002 5382 non
3030 5327 3242 5382 dicatur
3275 5326 3355 5382 eis
3383 5343 3396 5380 :
3425 5324 3530 5382 Ubi

1949 5435 2031 5482 est
2055 5424 2305 5481 Christus
2333 5422 2550 5478 vester?
2577 5420 2662 5477 vel
2687 5435 2795 5476 non
2839 5423 3116 5488 prematur
3162 5415 3424 5481 Ecclesia,
3471 5422 3534 5470 ut

1954 5519 2046 5574 ﬁlii
2077 5517 2420 5574 erubescant.
2455 5513 2557 5580 Qui
2608 5517 2931 5582 exspectant.
2977 5505 3152 5580 (CA8.)
3199 5505 3349 5574 Quod
3397 5519 3533 5559 ocu-

1952 5609 2020 5664 lis
2043 5607 2224 5663 videre
2249 5621 2357 5660 non
2384 5610 2676 5674 potuerunt
2701 5600 2977 5670 prophetae
3007 5607 3062 5653 et
3085 5597 3239 5669 justi.
3286 5593 3364 5650 Ne
3403 5609 3534 5665 ergo

1956 5697 2114 5752 aliter
2157 5695 2370 5750 eveniat
2400 5707 2563 5763 quam
2602 5689 2836 5760 Spiritus
2883 5696 3104 5744 sanctus
3143 5701 3240 5758 per
3266 5700 3358 5741 eos
3399 5699 3537 5756 prae-

1957 5789 2114 5854 dixit,
2144 5783 2389 5857 sequitur
2409 5803 2420 5838 :
2439 5783 2581 5838 Deus
2606 5782 2880 5848 uirtutum,
2903 5780 2990 5836 cui
3017 5779 3153 5834 nihil
3175 5785 3258 5832 est
3291 5774 3537 5846 impossi-

1957 5880 2086 5938 bile.
2116 5877 2259 5934 Deus
2311 5873 2500 5934 Israel.
2537 5872 2720 5946 (Auo.)
2752 5870 2824 5927 Ut
2849 5871 2944 5944 qui
2986 5870 3252 5939 Deitatem
3297 5866 3412 5942 ejus
3456 5867 3537 5922 in-
