3982 6352
512 502 615 562 θυι

1013 501 1407 558 WALAFRIDI
1446 498 1691 557 STRABI
1730 502 1931 561 FULD.
1973 496 2138 564 ΜΟΝ.
2181 500 2332 564 OPP.
2372 498 2552 562 PARS
2588 502 2630 559 l.
2669 534 2739 545 —-
2778 499 3232 560 THEOLOGICA.

3676 480 3785 554 94's

513 623 649 679 tueri
672 624 919 694 possunt,
940 630 1046 675 non
1089 619 1414 674 seducantur
1457 616 1772 677 inﬁrmitate
1816 620 1932 693 ejus
1964 638 2086 678 car-
2111 634 2165 694 Α
2188 614 2342 679 blicis
2361 612 2739 689 conventibus,
2768 630 2826 677 et
2868 621 2924 676 in
2958 620 3221 676 conviviis
3248 618 3555 690 psallebant
3583 637 3596 673 :
3645 617 3783 672 irri-

580 804 747 863 Yans.
770 800 898 861 8.—
923 796 1187 869 Quoniam
1202 806 1412 873 propter
1438 808 1487 857 te
1520 802 1747 858 sustinui
1787 804 2083 875 opprobria.

513 896 691 972 (αλδ.)
744 892 1049 968 Cougregat
1086 894 1143 948 in
1188 900 1352 949 unum
1388 893 1553 949 multa
1583 910 1701 965 qua).
1747 896 1991 966 pertulit,
2020 896 2089 952 ad

512 982 769 1046 invidiam
820 988 875 1043 in
931 978 1140 1041 Judaaos
1193 982 1567 1052 eicitandam;
1629 982 1984 1056 opprobrium,
2032 984 2088 1040 in

510 1076 811 1138 BeelZebub
864 1074 1011 1149 ejicit
1044 1076 1328 1144 daemonia,
1356 1084 1587 1148 potator,
1639 1088 1828 1133 vorax.
1868 1074 2090 1149 (Matth.

511 1170 613 1243 ιι.)
1902 1216 1911 1233 .

585 1257 823 1331 aperuit.
866 1254 982 1315 Hoc
1020 1258 1155 1315 solet
1190 1254 1409 1314 evenire
1442 1252 1496 1313 in
1525 1258 1667 1314 bono
1706 1257 1974 1324 laceratis,
2001 1257 2093 1329 qui

514 1350 688 1408 solent
715 1359 864 1407 tanto
892 1348 1120 1421 amplius
1150 1348 1217 1406 ad
1260 1359 1470 1422 tempus
1507 1348 1643 1407 efﬁci
1687 1350 1868 1406 tristes
1892 1356 2094 1421 quanto

512 1452 844 1516 cognoscunt
867 1444 920 1498 in
948 1446 1008 1497 se
1046 1440 1226 1512 iniqua
1267 1439 1517 1512 conﬁngi.

584 1535 744 1591 Vens.
762 1534 816 1592 9.
837 1564 909 1575 —
924 1533 1258 1605 Peregrinus.
1280 1530 1379 1590 Vel
1404 1534 1616 1604 hospes,
1652 1532 1744 1604 qui
1762 1533 1817 1588 in
1844 1532 2001 1589 domo
2026 1531 2094 1588 ad

511 1632 721 1696 tempus
770 1623 1061 1695 recipitur;
1098 1638 1208 1680 non
1251 1631 1312 1679 ut
1340 1620 1509 1680 frater
1546 1620 1913 1688 cbarissimus,
1953 1622 2095 1695 quod

437 1778 444 1789 ν
509 1728 679 1771 eram.

580 1810 743 1868 Vens.
771 1806 855 1866 10.
876 1840 950 1850 -
968 1804 1125 1866 Zelus
1139 1810 1324 1866 domus
1350 1812 1454 1866 iure
1479 1810 1704 1865 comedit
1743 1827 1842 1865 me.
1868 1807 2095 1876 Quando

511 1902 749 1959 funiculo
795 1901 1088 1958 vendentes
1111 1899 1289 1970 ejecit.
1318 1900 1457 1968 Quid
1498 1902 1658 1956 istum
1709 1899 1881 1955 zelum
1906 1899 2089 1970 sequi-

512 2001 620 2060 tur,
676 1982 947 2064 stibiungit
1004 2008 1018 2047 :

512 2086 805 2142 reciderunt
822 2098 980 2156 super
1008 2100 1108 2141 me.
1137 2084 1273 2153 Quia
1303 2085 1563 2156 increpati
1604 2082 1772 2141 Judaei
1818 2082 2083 2153 convicia,

511 2180 667 2252 quasi
695 2178 824 2246 tela,
861 2186 1024 2248 super
1046 2182 1167 2234 eu‘m
1196 2178 1482 2245 miserunt,
1531 2182 1621 2234 ut:
1658 2174 1847 2233 Nonne
1889 2177 1973 2232 hic
2013 2187 2087 2232 est

509 2268 653 2342 ﬁlius
677 2268 911 2342 Ioseph!
937 2262 1087 2342 (Luc.
1112 2267 1213 2333 ιγ.)
1257 2264 1697 2339 Exprobrantium
1722 2266 1834 2323 tibi.
1862 2266 2090 2336 Quando

511 2363 763 2418 dixerunt
800 2380 814 2416 :
848 2354 1102 2433 Nunquid
1137 2369 1301 2429 potest
1349 2358 1491 2415 Deus
1529 2364 1719 2430 parare
1762 2360 1996 2413 mensam
2032 2358 2090 2413 in

510 2454 753 2511 deserto?
801 2449 973 2524 (Psal.
1036 2452 1263 2523 Lum.)
1331 2450 1430 2507 Isti
1489 2461 1609 2507 sunt
1647 2451 1724 2505 dii
1767 2452 1866 2518 tui,
1921 2447 2090 2505 Israel

513 2538 709 2617 (Exod.
739 2542 934 2617 inn).
965 2534 1119 2601 Unde
1142 2554 1287 2600 nunc
1318 2538 1449 2599 dicit
1486 2542 1675 2598 eadem
1703 2538 1945 2598 convicia
1993 2557 2087 2598 ca-

514 2634 643 2693 dere
666 2646 827 2706 super
852 2646 932 2701 se,
964 2646 1083 2706 qua:
1108 2634 1237 2690 olim
1277 2635 1699 2706 exprobrabant,
1736 2636 1798 2688 'ut
1844 2638 1912 2688 ex
1956 2648 2086 2688 con-

514 2722 800 2782 suetudine
823 2723 984 2796 impia
1014 2720 1201 2781 videas
1225 2738 1319 2780 eos
1365 2730 1421 2779 et
1463 2728 1569 2779 non
1613 2722 1825 2778 noviter
1868 2720 1970 2779 hoc
2008 2720 2088 2778 l'e-

515 2817 676 2873 cisse.

585 2907 913 2965 Ceciderunt.
944 2902 1118 2979 (ωε.)
1144 2902 1354 2963 Cadunt
1371 2918 1533 2977 super
1552 2918 1653 2961 nos
1684 2900 1846 2971 tiiala,
1875 2902 2090 2975 Quando

508 3010 619 3057 non
644 3008 931 3072 possumus
971 2998 1265 3054 vitareilla
1291 3012 1305 3053 :
1333 2994 1626 3054 ceciderunt
1664 2994 1847 3068 igitUr,
1894 2982 1949 3051 i‘d
1983 3002 2084 3060 est,

509 3086 756 3147 enectum
778 3092 1097 3147 habitarunt.
1731 3090 1738 3101 '

579 3180 743 3238 Vens.
806 3180 892 3237 ll.
946 3208 1017 3223 -
1058 3177 1128 3234 Et
1387 3178 1445 3233 in
1475 3177 1702 3250 jejunio,
1750 3184 1855 3232 etc.
1898 3172 2083 3250 (Auo.)

510 3272 1033 3346 Praelegijejunare
1054 3272 1234 3345 potius
1266 3279 1428 3341 quam
1480 3269 1551 3325 fel
1594 3278 1648 3325 et
1691 3276 1902 3324 acetum
1943 3264 2086 3323 acci-

2187 716 2269 771 sio
2330 731 2448 771 mea
2509 721 2626 773 erat
2694 706 3028 786 psalterium.
3103 710 3207 779 Qui
3273 710 3509 766 bibebant
3570 712 3779 767 vinum.

2188 809 2373 884 (Auo.)
2430 808 2531 876 Qui
2581 808 2919 865 inebriantar
2966 800 3248 877 temporali
3288 802 3597 884 _voluptale.
3653 802 3783 873 vel,

2190 882 2362 972 (ολδ.)
2392 900 2443 955 in
2474 901 2638 955 Deum
2667 884 2931 970 probabili
2970 911 3134 968 opere
3163 882 3423 967 psallam,
3450 895 3549 968 qui
3585 896 3785 953 vinum

2189 992 2467 1063 spirituale
2496 993 2702 1081 bibunt.

2259 1078 2421 1137 Vens.
2446 1076 2530 1135 ΗΣ
2547 1110 2618 1120 -
2636 1079 2749 1151 Ego
2776 1095 2912 1134 uero.
2935 1076 3106 1151 (Cas)
3122 1077 3400 1137 Praedictis
3420 1076 3588 1133 malis
3608 1093 3785 1150 oppo-

2194 1173 2297 1228 sita
2318 1182 2403 1228 est
2423 1172 2599 1227 oratio
2620 1187 2718 1244 pro
2740 1180 2893 1241 parte
2919 1185 3039 1235 sua,
3075 1178 3134 1225 ut
3158 1169 3434 1227 discamus
3460 1185 3577 1227 non
3604 1171 3781 1239 rixae,

2192 1263 2287 1319 sed
2325 1263 2599 1318 orationes
2633 1277 2906 1335 opponere
2931 1259 3150 1332 iurgiis.
3179 1259 3400 1331 Tempus
3436 1260 3781 1332 beneplacits’.

2193 1350 2374 1428 (Αυθ.)
2390 1353 2517 1409 ideo
2530 1370 2675 1409 nunc
2685 1361 2973 1424 esttempus
2991 1351 3293 1423 beneplaciti
3303 1359 3359 1407 et
3374 1352 3785 1409 reconciliatio-

2193 1447 2277 1502 nis
2295 1461 2392 1517 per
2419 1444 2863 1511 incarnationem,
2891 1459 2990 1515 per
3006 1443 3345 1514 sanguinem,
3376 1459 3477 1517 per
3498 1454 3781 1510 mortem;

2194 1536 2389 1594 deinde
2410 1537 2676 1607 quomodo
2716 1534 2819 1590 hac
2866 1544 3080 1609 tempus
3114 1536 3449 1606 provenerit,
3499 1538 3781 1607 exponit:

2194 1622 2262 1687 In
2300 1629 2635 1685 multitudine
2693 1628 3085 1683 misericordiw.
3129 1625 3198 1682 In
3219 1630 3456 1685 veritate.
3500 1627 3788 1684 Prmisit

2195 1718 2263 1777 de
2288 1716 2669 1785 misericordia,
2684 1720 2825 1774 nunc
2842 1719 3117 1790 subjungit
3147 1718 3214 1774 de
3233 1719 3474 1785 veritate,
3500 1718 3643 1790 quia
3666 1718 3784 1774 ui-

2194 1828 2351 1867 uerste
2377 1812 2475 1865 via:
2518 1808 2876 1865 misericordia
2911 1819 2958 1864 et
2992 1806 3213 1864 ueritas'
3238 1810 3655 1875 misericordia,
3696 1808 3785 1864 di-

2195 1896 2465 1959 mittenda.
2485 1908 2738 1972 peccata;
2765 1896 2991 1966 veritas,
3039 1898 3311 1954 reddendo
3332 1899 3636 1971 promissa.

1073 1988 1144 2045 Et
1194 1992 1469 2063 opprobria
1524 1986 1951 2062 exprobrantium
1995 1990 2088 2046 tibi
2116 2007 2164 2068 Β
2200 1986 2211 1995 ’
2262 1990 2425 2048 Vens.
2457 1988 2543 2046 l5.
2573 1988 2737 2046 —Ut
2764 2006 2868 2045 non
2898 1982 3108 2063 inﬁgar.
3154 1989 3336 2062 (Aue.)
3363 1990 3573 2057 Mente,
3618 2004 3784 2062 supra

2189 2080 2327 2139 dixit
2370 2074 2592 2137 inlisum
2637 2090 2894 2153 corpore;
2936 2070 3136 2155 dicitur
3183 2081 3288 2157 hoc
3342 2095 3410 2135 ex
3452 2074 3785 2157 inﬁrmitate

2188 2171 2572 2228 membrorum.
2603 2166 2683 2227 De
2709 2170 2846 2237 luto,
2895 2168 2948 2226 id
2978 2181 3083 2238 est,
3122 2170 3312 2229 lutosis
3353 2172 3677 2229 desideriis.
3711 2173 3786 2230 De

2186 2262 2461 2335 profundis
2503 2276 2780 2336 aquarum.
2831 2248 3002 2335 (Cas)
3048 2258 3215 2319 Judaei
3268 2263 3623 2334 malignitate
3657 2281 3785 2323 con-

2188 2354 2294 2411 silii
2319 2352 2568 2427 profundi
2593 2364 2737 2422 sunt,
2774 2354 3130 2412 seditionibus
3164 2356 3485 2412 turbulenti.

2260 2442 2424 2503 Vens.
2476 2444 2562 2503 ιθ.
2606 2476 2678 2487 -
2723 2434 3082 2517 Profundum.
3142 2446 3326 2525 ¹((Ξιιε.)
3384 2447 3784 2519 Peccatorusn,

2190 2541 2334 2612 quod
2362 2536 2587 2611 deglu'tit
2613 2538 2853 2606 animas;
2896 2539 3079 2595 unde:
3123 2532 3380 2594 Peccator
3407 2556 3535 2594 cum
3584 2541 3784 2596 seueri

2191 2631 2246 2685 in
2299 2628 2618 2704 profundum
2654 2636 3011 2700 peccatorum,
3060 2630 3341 2685 contemnit
3372 2614 3560 2715 (Ρνου.
3599 2634 3783 2703 mnu).

2189 2718 2316 2779 Haec
2342 2718 2579 2794 pericula
2601 2721 2857 2778 membris
2883 2718 3001 2792 ejus
3024 2721 3328 2777 imminent.
3360 2720 3551 2797 Neque
3594 2731 3784 2797 urgeat

2189 2832 2346 2889 super
2367 2832 2472 2881 me,
2498 2824 2603 2870 etc.
2630 2812 2815 2888 (Αυθ.)
2841 2810 2910 2868 Et
2935 2812 2981 2868 si
2993 2800 3255 2880 cecidisti,
3299 2828 3409 2868 non
3441 2796 3661 2871 claudit
3688 2828 3781 2869 su-

2188 2924 2288 2981 per
2312 2917 2365 2964 te
2390 2914 2583 2979 puteus
2605 2920 2668 2962 os
2690 2920 2867 2971 suum,
2907 2905 2953 2959 si
2979 2918 3085 2959 non
3113 2904 3322 2960 dandis
3340 2921 3406 2961 os
3444 2892 3645 2973 luam;
3687 2902 3781 2962 sed

2189 3002 2447 3058 confitere
2487 3008 2541 3058 et
2570 2996 2657 3058 dic
2681 3023 2693 3058 :
2721 3000 2800 3059 De
2828 2994 3102 3075 profundis
3133 2996 3355 3075 clamavi
3379 2999 3449 3053 ad
3483 3010 3556 3065 te,
3593 2997 3757 3053 Donni

2192 3109 2274 3160 ne,
2301 3103 2357 3148 et
2381 3093 2596 3150 evades.
2626 3074 2841 3150 Claudii
2871 3109 3033 3165 super
3054 3082 3231 3175 illum,
3259 3074 3351 3162 qui
3402 3091 3459 3147 in
3501 3090 3781 3161 profundo

2191 3187 2507 3255 contemnit,
2538 3201 2698 3260 aquo
2738 3198 2971 3256 mortuo,
3018 3186 3167 3243 velut
3207 3184 3299 3256 qui
3339 3199 3449 3240 non
3491 3184 3586 3250 sit,
3640 3186 3781 3259 perit

2191 3281 2478 3339 confessio.

510 3388 643 3446 pere
673 3390 689 3439 ;
716 3371 767 3427 id
792 3379 897 3437 est,
928 3376 1139 3426 Veteres
1161 3376 1217 3424 et
1264 3378 1496 3432 amaros,
1530 3367 1620 3436 qui
1666 3374 1769 3420 non
1791 3364 1994 3420 intrant
2028 3360 2084 3421 in
2112 3368 2157 3432 ρ
2260 3373 2424 3430 vus.
2459 3368 2546 3428 l7.
2595 3400 2666 3411 -
2692 3366 2909 3426 Exaudi
2950 3385 3062 3437 me,
3109 3356 3354 3436 bonum,
3417 3377 3531 3424 etc.
3581 3367 3777 3439 (Cie)

510 3479 707 3536 corpus
736 3472 870 3534 ejus.
898 3462 1071 3535 (ω.)
1125 3456 1195 3514 Et
1244 3459 1445 3531 operui.
1477 3452 1592 3514 Non
1640 3448 1855 3513 exercui
1896 3464 2085 3528 p’otcn—

511 3558 642 3613 tiam
663 3554 1009 3612 vindicando.
1052 3552 1118 3606 Et
1149 3552 1347 3621 factum
1374 3558 1475 3614 est,
1511 3550 1650 3621 quod
1679 3549 1853 3618 patuit
1882 3546 1933 3602 in
1954 3552 2082 3618 spu-

510 3651 602 3716 tis,
638 3651 696 3705 in
719 3646 1071 3720 opprobrium.
1108 3642 1293 3716 (Ana)
1318 3642 1723 3699 Dotrsbemium
1771 3651 1828 3698 et
1872 3641 2084 3698 deriso-

585 3829 747 3887 Vns.
774 3827 860 3882 η.
884 3854 953 3871 -κ
983 3827 1055 3882 Et
1082 3826 1252 3896 posui.
1294 3823 1478 3898 (Αυο.)
1503 3824 1613 3882 Illis
1657 3838 1877 3882 carnem
1923 3836 2086 3896 appo-

513 3919 619 3983 sui,
640 3919 696 3973 in
716 3930 880 3989 quam
904 3916 1175 3982 saevirent,
1191 3925 1248 3971 et
1266 3915 1477 3971 occului
1501 3916 1788 3972 Deitatem.
1818 3915 2081 3973 cum.

518 4008 701 4083 (Δυαη
724 4007 909 4079 Hm.)
937 4007 1178 4065 Mortalis
1204 4023 1357 4075 caro,
1389 4017 1450 4063 ut
1478 4009 1546 4064 de
1564 4016 1788 4080 peccato
1808 4010 2090 4066 damnaret

513 4111 814 4175 peccatum.

582 4193 846 4260 Ciliciam,
871 4192 1114 4265 lugubris
1133 4208 1283 4261 caro,
1311 4200 1371 4249 nt
1395 4192 1612 4264 quando
1636 4191 1786 4248 ﬂevit
1816 4208 1977 4266 super
1998 4191 2089 4250 Je-

512 4288 743 4346 rusalem
768 4285 919 4360 (Luc.
940 4286 1080 4361 six),
1106 4294 1160 4340 et
1192 4300 1289 4357 pro
1313 4284 1519 4343 Lazaro
1545 4268 1726 4358 (loan.
1754 4284 1854 4357 XI).

584 4380 651 4435 In
676 4377 999 4452 parabolam.
1028 4368 1213 4449 ’(Αοςη
1241 4376 1423 4448 lites.)
1440 4376 1762 4443 Irrisoriam,
1793 4384 1854 4431 ut
1870 4376 2090 4439 cuilibet

515 4472 903 4538 maledicendo,
942 4471 1217 4528 dicerent:
1248 4470 1338 4526 Sic
1367 4470 1463 4525 tibi
1492 4470 1769 4540 contingat
1806 4478 1870 4524 ut
1909 4470 2091 4527 cruci-

517 4566 646 4622 ﬂxo.
671 4562 791 4630 Vel,
819 4565 942 4635 quia
968 4562 1254 4634 parabolas
1274 4577 1368 4617 eos
1398 4562 1686 4627 docebam;
1718 4561 1860 4616 unde
1906 4560 2090 4616 :Vobis

513 4656 693 4711 datum
716 4664 792 4709 est
816 4634 963 4708 nosse
983 4653 1285 4723 mysterium
1305 4644 1459 4706 Verbi
1484 4636 1603 4717 Dei,
1629 4648 1827 4706 ctrteris
1850 4634 2021 4705 autem
2040 4651 2094 4704 in

510 4742 792 4817 parabolis.
825 4742 892 4799 Et
904 4752 1031 4799 tunc
1054 4742 1339 4798 adversum
1360 4757 1447 4798 me
1468 4740 1844 4812 loquebantur.

580 4834 746 4894 Vens.
778 4836 864 4893 15.
901 4867 970 4878 —-
1010 4832 1113 4902 Qui
1163 4834 1425 4890 sedebant.
1471 4833 1645 4908 (ολδ.)
1698 4832 1755 4891 in
1799 4843 1955 4907 porta
2000 4851 2076 4891 se.

513 4929 659 4995 dent,
690 4927 783 4999 qui
827 4926 1180 4983 conventibus
1212 4922 1492 4981 hominum
1539 4927 1727 4983 sedula
1773 4927 2085 4985 curiositate

513 5022 822 5077 miscentur.
863 5016 1003 5076 Dicit
1052 5034 1180 5090 ergo
1224 5019 1531 5091 passionem
1577 5036 1730 5076 suam
1778 5018 2082 5077 Judmorum

514 5126 632 5166 esse
653 5111 907 5176 fabulam,
933 5119 992 5165 ut
1023 5096 1198 5165 nullus
1236 5110 1597 5182 exciperetur,
1645 5113 1735 5183 qui
1780 5112 2085 5184 hujusmodi

514 5200 801 5257 locutionis
830 5196 973 5257 essei
997 5201 1236 5266 alienus;
1264 5198 1403 5258 unde
1429 5200 1695 5273 Cleophas
1720 5202 1796 5258 ait
1822 5219 1835 5258 :
1879 5202 1956 5257 Tu
2004 5220 2089 5258 so-

514 5288 598 5344 lus
620 5291 917 5361 peregrinas
946 5298 1001 5346 es
1030 5290 1083 5346 in
1108 5289 1426 5358 Jerusalem,
1450 5302 1497 5346 et
1536 5293 1768 5362 ignoras,
1794 5301 1896 5347 etc.
1930 5286 2084 5366 (Luc.

514 5381 756 5450 Lnxrv).

582 5473 650 5530 In
671 5484 839 5545 porta.
872 5474 1118 5533 Civitatis
1146 5495 1161 5531 :
1194 5476 1284 5532 ubi
1324 5472 1499 5531 solent
1530 5474 1743 5545 iudices
1788 5479 1977 5533 sedere
2016 5474 2084 5535 ad

505 5564 833 5636 iudicandas
858 5576 1073 5630 causas,
1102 5564 1155 5621 id
1185 5576 1268 5621 est
1297 5564 1351 5621 in
1394 5564 1605 5637 publico
1641 5564 1863 5638 judicio.

580 5654 859 5727 (Ηικιοιι.)
897 5652 1050 5710 Sicut
1073 5650 1281 5735 Scriba;
1299 5665 1352 5711 et
1406 5652 1661 5711 Pharisaei
1684 5656 1947 5714 habentes
1977 5659 2082 5714 cla-

510 5762 632 5805 vem
656 5748 896 5804 scientia
924 5766 938 5802 :
970 5746 1064 5803 sed
1090 5758 1190 5802 nec
1229 5748 1515 5812 intrantes,
1558 5762 1659 5803 nec
1700 5748 1833 5804 alios
1877 5750 2082 5807 intrare

516 5842 775 5896 sinentes.

590 5924 651 5979 Et
676 5926 730 5978 in
760 5940 841 5979 me
863 5920 1173 5999 psaliebant.
1198 5920 1367 5999 (ὣς.)
1400 5926 1474 5985 De
1508 5944 1591 5987 me
1622 5934 1838 5990 aiebant
1882 5934 1938 5990 in
1984 5938 2081 6009 pa.

2185 3460 2449 3523 Periculis
2470 3464 2747 3522 hominum
2776 3462 3057 3534 expositis,
3099 3477 3233 3518 voce
3264 3477 3453 3518 eorum
3476 3472 3769 3537 precatur:

2188 3558 2401 3612 Exaudi
2429 3573 2531 3622 me,
2572 3536 2808 3618 Domine,
2842 3556 2965 3627 quia
2988 3542 3210 3625 benigna
3238 3536 3635 3617 misericordia,
3670 3568 3773 3607 non

2187 3650 2313 3720 quia
2358 3649 2550 3704 merui.
2605 3632 2863 3718 Benigno.
2914 3642 3097 3718 (Αυς.)
3140 3630 3334 3700 Suavis
3371 3653 3454 3700 est
3514 3645 3777 3700 tribulato

2186 3741 2583 3807 misericordia,
2634 3749 2695 3794 ut
2723 3740 2880 3810 panis
2925 3737 3205 3793 esurienti.
3258 3734 3418 3791 Venit
3447 3722 3771 3801 tribulatio;

2188 3822 2365 3891 differt
2411 3816 2551 3888 Deus
2613 3826 2921 3897 subvenire,
2966 3820 3025 3884 ut
3062 3822 3279 3884 moveat
3328 3816 3693 3891 desiderium,
3720 3836 3775 3881 et

2190 3925 2259 3981 sit
2290 3918 2447 3979 dulce
2471 3918 2729 3978 auxilium
2763 3938 2778 3989 ;
2807 3910 2950 3993 quod
2977 3935 3099 3977 cum
3128 3912 3210 3987 iit,
3240 3916 3360 3989 jam
3411 3933 3525 3973 non
3554 3910 3646 3974 est
3667 3931 3774 3989 qm

2187 4014 2421 4071 differat.

2262 4100 2425 4163 Veis.
2451 4106 2538 4165 i8.
2558 4104 2630 4149 -'—-
2655 4104 2701 4160 Ᾱ
2721 4122 2905 4179 puero,
2930 4114 3035 4161 etc.
3065 4094 3250 4178 (Ᾰυς.)
3288 4086 3536 4174 quolibet
3557 4113 3775 4170 sancto,

2188 4214 2376 4271 parvo,
2407 4212 2513 4251 non
2539 4190 2810 4267 superbo;
2840 4186 2871 4251 a
2902 4196 3011 4268 quo
3038 4184 3347 4269 superbiam
3404 4190 3555 4250 tollit
3600 4190 3771 4249 disci.

2188 4280 2331 4356 plina
2368 4276 2746 4342 tribulationis.
2980 4348 2995 4357 _

2260 4374 2423 4431 Vens.
2454 4368 2862 4446 i9.—Propter
2899 4354 3277 4439 iniinicé‘s,étc.
3306 4366 3491 4446 (λοῦ.)
3536 4354 3611 4431 Ut
3640 4391 3774 4433 cou-

2190 4467 2483 4522 fundantur
2507 4462 2826 4521 liberatione
2861 4470 3001 4532 inea,
3026 4472 3157 4529 etc.,
3184 4476 3347 4536 usque
3389 4460 3459 4518 ad
3487 4466 3637 4520 unde
3663 4467 3775 4535 ipse

2190 4546 2685 4613 Nabuchodonosoi'
2711 4562 3003 4612 cunversus
3034 4556 3199 4611 Deum
3227 4546 3511 4626 praedicat.
3550 4550 3777 4628 Propter

2146 4694 2157 4701 .
2191 4651 2451 4704 inimicos.
2481 4647 2604 4721 (ιο.)
2633 4628 2746 4703 iioc
2780 4646 2847 4703 ad
2868 4644 3129 4719 apertam,
3176 4642 3236 4701 ut
3260 4662 3386 4702 caro
3408 4658 3687 4717 resurgat,
3722 4658 3773 4702 et

2114 4725 2168 4786 D
2192 4743 2487 4799 ascendens
2510 4732 2758 4813 spirilutit
2795 4732 3011 4809 mittat;
3066 4740 3207 4796 unde
3253 4726 3461 4797 inimici
3516 4742 3775 4796 conversi

2186 4830 2334 4900 sunl,
2366 4833 2561 4905 quibus
2596 4828 2701 4888 ἔιοῆ
2731 4826 2988 4903 proderii,
3019 4830 3065 4887 si
3103 4826 3272 4887 solam
3300 4833 3543 4887 animam
3573 4830 3775 4888 libera-

2187 4927 2348 4983 veris.

2258 5020 2420 5074 Vtilis.
2442 5016 2606 5073 20.—
2630 5016 2710 5072 Ta
2730 5019 2832 5074 scis
2854 5020 3242 5091 imprbperium.
3277 5016 3400 5091 (ῐυ.)
3424 5004 3572 5087 Quia
3599 5034 3776 5091 quare

2189 5112 2297 5168 sint
2324 5108 2428 5166 ista
2485 5106 2638 5177 mihi,
2690 5110 2744 5166 l'u
2786 5110 2950 5180 nosti,
3008 5110 3083 5167 illi
3134 5126 3240 5167 non
3291 5120 3511 5167 norunt.
3546 5108 3617 5167 Et
3644 5112 3775 5183 quia

2190 5204 2290 5276 ipsi
2317 5192 2371 5259 in
2394 5206 2682 5275 cons'péclu
2702 5210 2794 5259 tuo
2818 5216 2961 5270 sunt,
2986 5202 3090 5259 ista
3121 5196 3425 5259 nescientes
3471 5218 3583 5257 non
3622 5214 3776 5272 pote.

2192 5307 2318 5350 runt
2366 5295 2617 5352 confundi
2668 5296 2751 5351 vel
2781 5297 3000 5367 corrigi,
3046 5296 3150 5351 nisi
3184 5295 3467 5352 manifeste
3490 5310 3681 5349 eruas.
3710 5292 3775 5349 Et

2190 5386 2309 5441 ideo
2344 5387 2458 5441 ait:
2501 5384 2723 5458 Prdpter
2750 5388 3010 5441 inimicos.
3046 5384 3166 5460 (ἰν.)
3208 5380 3601 5457 Improperiuns
3627 5428 3643 5449 ,
3692 5385 3775 5441 rel

2187 5476 2554 5549 opprobrium,
2586 5487 2719 5544 etc,
2755 5482 2918 5550 usque
2941 5476 3010 5534 ad
3032 5481 3123 5533 sed
3160 5476 3465 5551 adjuvando
3491 5479 3773 5549 perﬁciat.

2168 5566 2570 5623 'Reverentiam.
2594 5556 2853 5641 (lmidlii
2878 5569 3247 5639 ignominiam,
3294 5570 3355 5623 ut
3403 5560 3621 5640 alapas,
3678 5567 3775 5622 ﬂa-

2189 5659 2344 5731 gella,
2375 5669 2431 5713 et
2455 5662 2598 5729 quod
2623 5659 2796 5716 Pilato
2817 5670 3069 5732 tanquam
3094 5676 3217 5715 reus
3239 5658 3468 5715 traditus
3487 5672 3581 5716 est
3606 5681 3621 5716 :
3654 5654 3775 5717 bac

2190 5765 2295 5805 non
2326 5766 2425 5820 pro
2459 5765 2558 5806 suo
2605 5757 2777 5815 reatu,
2813 5752 2909 5807 sed
2932 5758 3032 5822 pro
3065 5752 3225 5808 nobis
3274 5753 3553 5819 sustinuit,
3610 5762 3670 5807 ut
3716 5755 3769 5808 in

2191 5840 2388 5895 talibus
2429 5856 2527 5896 nos
2562 5841 2871 5899 instrueret.

2263 5934 2419 5990 Vens.
2445 5922 2532 5990 Ἦ.
2552 5965 2620 5975 --
2665 5920 2731 5989 In
2749 5944 3023 6007 conspectu
3057 5945 3166 5991 tuo.
3193 5934 3366 6011 (Ωιι.)
3388 5922 3653 5993 Invidiam
3674 5950 3742 5992 ex
