3982 6352
217 466 324 528 049

1200 460 1468 526 αιοεεΑ
1502 462 1898 525 οιωιΝΑιιιΑ.
1940 496 2011 509 —-
2047 460 2177 523 LIB.
2217 456 2466 524 PSALH.

3365 464 3470 524 950

219 581 350 637 citat
389 587 579 659 contra
616 592 729 648 eos,
783 586 845 636 ut
885 586 1094 636 tantum
1150 578 1328 637 scelus
1365 587 1633 651 praesente
1672 574 1784 635 Deo
1811 576 1865 641 Α
1891 579 2086 636 mentis
2121 576 2312 636 aﬂ‘ectu
2343 598 2357 647 ;
2387 578 2456 636 ad
2505 576 2693 637 domos
2718 577 2979 648 habitare,
3018 578 3161 651 quod
3188 578 3249 636 iit
3270 592 3467 652 corpo-

217 673 638 730 committerent.

285 781 391 840 Cor
412 800 607 843 meum.
634 783 771 853 Quia
799 783 1076 843 voluntate
1096 780 1380 861 sustinuit,
1408 780 1703 838 secundum
1724 774 1790 835 il-

216 876 307 933 lud
338 894 351 933 :
384 876 660 934 Desiderio
685 877 979 935 desideravi
1018 876 1116 933 hoc
1139 882 1336 951 pascha
1359 874 1681 935 manducare
1701 890 1791 933 vo-

216 966 430 1023 biscum.
508 1010 513 1015 -

286 1080 449 1137 Vsus.
476 1081 569 1137 Si.
594 1111 667 1123 —
686 1081 791 1149 Qui
818 1081 975 1138 simul
995 1081 1414 1148 contristaretur,
1444 1087 1492 1134 et
1517 1092 1623 1135 non
1643 1076 1787 1149 fuit;

213 1180 265 1227 et
292 1174 381 1244 qui
407 1173 787 1241 consolaretur,
817 1184 867 1230 et
894 1191 1002 1231 non
1020 1174 1211 1231 iuveni.
1254 1170 1441 1245 (Astur)
1466 1168 1788 1229 011111τὶ1)ιώ

212 1274 337 1322 sunt
371 1265 619 1337 discipuli
640 1275 697 1322 et
727 1267 1004 1333 mlieres,
1046 1280 1169 1338 qum
1210 1274 1375 1337 super
1398 1276 1526 1321 eum
1560 1262 1784 1330 ﬂebant,

213 1358 307 1414 sed
341 1366 447 1414 non
476 1359 660 1415 simui.
684 1358 987 1416 Carnaliter
1031 1360 1177 1416 enirn
1200 1386 1203 1391 ε
1228 1359 1698 1416 conﬂictabantur
1720 1356 1789 1414 di

211 1449 322 1504 vita
341 1449 578 1517 mortali,
609 1453 731 1521 quae
762 1459 881 1507 erat
933 1451 1187 1509 mutanda
1220 1461 1419 1517 morte,
1464 1462 1593 1506 cum
1622 1449 1787 1505 debe-

209 1544 332 1596 rent
350 1554 473 1597 cum
495 1556 560 1597 eo
582 1543 892 1599 contristari
918 1543 988 1599 de
1018 1543 1255 1612 caeteris,
1288 1542 1677 1614 qui'madieum
1692 1554 1788 1597 oo-

211 1634 481 1700 cidebant,
501 1635 648 1705 quod
676 1650 837 1691 nemo
862 1645 991 1693 tunc
1024 1636 1174 1693 fecit.

281 1739 443 1798 Vens.
466 1772 541 1784 -—
573 1740 664 1800 22.
684 1774 758 1785 —
783 1744 854 1800 Et
880 1746 1135 1803 dederunt
1178 1744 1239 1801 itt
1274 1756 1447 1801 escam
1490 1756 1664 1799 meum
1690 1736 1781 1813 fel,

207 1840 259 1888 et
293 1833 451 1890 insit!
486 1846 601 1890 mea
639 1844 949 1906 potaverunt
969 1854 1050 1893 me
1075 1846 1240 1894 aceto.
1270 1833 1454 1910 (AL'ez)
1480 1835 1639 1904 Quod
1676 1846 1787 1890 non

208 1925 391 1983 inveni
434 1924 600 1984 simul
658 1930 844 1987 tristes
867 1939 922 1987 et
949 1932 1309 1998 consolantes,
1358 1928 1469 1987 hoc
1511 1929 1617 1985 fuit
1646 1927 1784 1984 mihi

206 2015 283 2073 fel
308 2028 550 2076 amarum
582 2026 804 2093 propter
831 2036 1143 2079 maerorem.
1266 2056 1273 2063 -
1357 2037 1361 2042 ‘
1436 2036 1443 2045 θ

279 2135 511 2204 Acetum,
557 2147 663 2195 etc.
692 2137 749 2193 id
776 2147 880 2206 est,
906 2138 1140 2204 acidum,
1186 2143 1408 2209 propter
1451 2140 1781 2194 vetustatem

206 2241 411 2283 eorum.
454 2224 675 2301 Legitur
700 2230 754 2285 in
781 2222 1072 2302 Evangelio
1107 2227 1178 2284 fel
1204 2230 1251 2285 ei
1280 2224 1520 2284 oblatum
1546 2268 1562 2294 ,
1595 2226 1691 2282 sed
1724 2226 1781 2280 in

205 2328 351 2391 potu,
381 2334 488 2374 non
521 2320 573 2374 in
599 2336 740 2376 esea.
768 2316 993 2393 Mystice
1012 2336 1139 2393 ergo
1162 2310 1381 2383 dicitur,
1408 2314 1460 2374 id
1488 2324 1592 2385 est,
1617 2320 1780 2388 super

205 2424 384 2465 eseam
413 2424 630 2465 suavem
675 2427 837 2481 quam
881 2427 1003 2468 cum
1021 2409 1298 2480 discipulis
1327 2412 1631 2479 acceperat,
1656 2418 1777 2479 quae

204 2506 290 2553 est
310 2514 426 2555 esea
448 2499 676 2557 unitatis
700 2498 923 2567 Christi,
952 2498 1254 2570 injecerunt
1280 2497 1351 2555 fel
1376 2517 1389 2553 :
1425 2499 1569 2570 quod
1599 2496 1779 2553 adhuc

209 2588 370 2647 hodie
398 2591 549 2661 facit,
574 2592 629 2649 et
664 2593 884 2664 gravius
925 2596 1113 2665 peccat
1150 2600 1489 2662 contemptor
1537 2589 1778 2648 sedentis

207 2682 263 2738 in
292 2683 446 2751 ccelo,
480 2701 642 2757 quam
672 2688 763 2760 qui
791 2685 1061 2744 crucifixit
1110 2684 1475 2743 ambulantem
1520 2684 1577 2741 in
1607 2690 1774 2741 terra.

206 2774 343 2830 Dant
363 2766 651 2833 bibendum
690 2780 935 2833 amarum
982 2784 1192 2850 potum,
1227 2778 1317 2850 qui
1374 2772 1515 2833 male
1546 2770 1777 2833 iiveudo

203 2862 507 2922 scandalum
534 2866 738 2924 faciunt
762 2858 1037 2936 Ecclesiae,
1071 2870 1133 2926 'tlt
1156 2862 1420 2925 haeretici.

271 2976 517 3034 Gustavit
568 2960 848 3046 Dominus,
914 2982 1113 3036 docens
1160 2988 1216 3034 et
1265 2995 1365 3036 nos
1426 2987 1666 3051 gustare,
1722 2978 1781 3039 id

198 3077 304 3136 est,
332 3071 445 3141 pati
470 3070 605 3126 tales
632 3088 647 3125 :
680 3072 779 3128 sed
805 3086 912 3141 non
934 3071 1094 3149 bibit,
1115 3072 1243 3145 quia
1262 3086 1369 3127 non
1386 3079 1619 3143 possunt
1645 3071 1778 3129 tales

196 3178 256 3218 sn
285 3176 481 3233 corpus
537 3150 653 3237 eius
678 3162 865 3239 recipi.
920 3163 1143 3235 Mystiee
1187 3177 1318 3239 ergo
1388 3163 1493 3219 hoc
1528 3162 1785 3234 praedici-.

198 3260 313 3319 tur,
340 3250 481 3307 sicut
499 3263 555 3308 et
583 3253 808 3325 mystice
831 3253 1034 3309 factum
1059 3261 1143 3309 est
1168 3252 1224 3309 iu
1249 3252 1526 3327 passione.

1893 686 1985 730 rea
2015 672 2312 730 mansione.

1966 763 2121 823 Vens.
2153 764 2243 821 27.
2262 796 2331 807 —
2360 762 2440 820 Tu
2463 760 2783 837 percussisti.
2817 762 2993 838 (Cas)
3024 762 3140 820 Non
3157 778 3253 820 sua
3276 765 3464 838 culpa:

1889 855 2203 927 percussisti
2256 854 2528 927 passione,
2572 854 2641 910 ad
2676 852 2906 911 salutem
2940 853 3213 925 gentium;
3264 853 3370 911 hoc
3390 853 3465 912 illi

1889 946 2095 1004 crudeli
2120 955 2247 1003 voto
2270 942 2653 1017 impleverunt.

1960 1039 2034 1097 Et
2059 1054 2215 1112 super
2241 1038 2494 1096 dolorem.
2535 1032 2672 1109 Quia
2720 1050 2840 1096 erat
2882 1054 2983 1112 pro
3026 1036 3328 1113 perditione
3373 1052 3467 1095 eo-

1891 1134 2030 1187 rum.
2978 1148 2987 1157 ‘

1960 1214 2307 1277 Addiderunt.
2338 1212 2547 1279 inferre
2584 1224 2838 1278 martem.
2869 1216 2967 1277 Vel
3015 1232 3178 1292 super
3219 1219 3465 1277 dolorem

1888 1312 2167 1371 vulnerum
2190 1332 2455 1383 meorum,
2473 1310 2526 1372 id
2549 1318 2657 1382 est,
2680 1328 2798 1387 quae
2817 1315 2952 1371 mihi
2976 1314 3228 1372 inﬁxerat
3254 1312 3465 1381 lancea,

1887 1412 1945 1461 et
1964 1405 2150 1472 clavis,
2190 1406 2515 1462 addiderunt
2544 1396 2796 1461 custodes
2827 1400 3083 1476 sepulcri.

1955 1496 2119 1554 Vens.
2142 1498 2231 1555 28.
2253 1529 2323 1540 —
2342 1499 2896 1571 Apponeiniqailateut
2917 1515 3074 1570 super
3093 1498 3425 1571 iniquitatem
3441 1535 3461 1566 ,

1884 1596 1989 1645 etc.
2020 1588 2205 1662 (Auc.)
2248 1588 2511 1660 iniquitas
2565 1604 2754 1647 eorum
2778 1589 2902 1656 fuit,
2930 1597 2990 1645 ut
3014 1589 3288 1649 hominem
3319 1586 3466 1644 oeci-

1883 1680 2092 1749 derent,
2115 1690 2171 1736 et
2191 1695 2357 1752 super
2378 1682 2482 1737 hoc
2508 1682 2758 1753 apposuit
2783 1681 2947 1749 Deus,
2977 1690 3037 1736 ut
3054 1678 3253 1736 Filium
3308 1696 3465 1736 suum

1884 1775 2214 1844 occiderent,
2250 1785 2312 1831 ut
2359 1776 2504 1834 sicut
2560 1792 2749 1834 servos
2791 1776 3122 1849 praemissos,
3160 1776 3237 1832 ita
3285 1772 3464 1848 ipsum

1888 1866 2179 1925 baeredem.

1810 1967 1860 2029 Β
1960 1957 2116 2014 Vens.
2148 1957 2652 2027 29.-—Deleantur,
2676 1968 2784 2016 etc.
2815 1958 2942 2033 (11).)
2967 1958 3104 2028 Quia
3136 1957 3370 2033 scriptos
3397 1966 3459 2014 se

1880 2058 2091 2121 putant,
2121 2058 2253 2121 etc.,
2290 2067 2451 2127 usque
2479 2050 2548 2105 ad
2574 2059 2630 2107 et
2657 2060 2899 2109 staturos
2944 2051 3011 2105 ad
3042 2051 3345 2109 dexteram.
3374 2042 3456 2107 De

1878 2139 2010 2194 libro
2031 2141 2329 2208 viventium,
2360 2151 2465 2196 etc.
2497 2139 2670 2212 ((1118.)
2698 2141 2897 2196 Notitia
2929 2140 3046 2207 Dei,
3085 2155 3204 2211 quae
3254 2139 3463 2213 praede-

1878 2230 2100 2287 stinavit
2115 2245 2179 2286 ac
2198 2232 2386 2295 vitam,
2401 2246 2539 2309 quos
2562 2232 2833 2305 praescivit
2853 2230 3161 2288 conformes
3185 2228 3303 2287 ﬁeri
3326 2230 3465 2286 ima-

1878 2319 1989 2391 gini
2024 2319 2145 2376 Filii
2175 2321 2279 2376 sui.
2317 2321 2434 2377 Non
2462 2322 2542 2378 sic
2571 2331 2751 2379 tamen
2800 2320 3175 2392 accipiendum
3204 2327 3309 2388 est,
3340 2328 3462 2375 tau-

1878 2427 2042 2483 quam
2081 2411 2135 2466 in
2158 2412 2261 2467 hoc
2281 2411 2419 2469 libro
2445 2411 2679 2484 aliquem
2708 2412 2913 2468 scribat
2942 2410 3105 2479 Deus,
3138 2427 3299 2483 quem
3337 2420 3463 2482 pos-

1879 2511 1967 2559 tea
1992 2502 2171 2559 deleat
2198 2520 2211 2559 :
2248 2500 2343 2560 sed
2371 2503 2665 2561 secundum
2690 2518 2841 2575 spem
2858 2502 3095 2571 illorum,
3112 2501 3203 2575 qui
3230 2502 3461 2573 scriptos

1878 2609 1938 2649 se
1962 2602 2173 2664 putant.

1948 2685 2116 2743 Vens.
2149 2684 2239 2739 30.
2269 2715 2342 2729 —
2371 2684 2485 2757 Ego
2534 2700 2653 2739 sum
2695 2700 2915 2756 pauper,
2971 2692 3076 2740 etc.
3124 2676 3298 2755 (Cas.)
3358 2678 3461 2737 llic

1877 2762 2333 2845 dispensationem
2364 2770 2756 2831 incarnationis
2783 2783 2837 2831 et
2866 2775 3209 2831 sanctitatem
3263 2782 3463 2845 propo-

1875 2868 2038 2941 positi
2068 2868 2311 2939 exponit,
2335 2868 2521 2925 dicens
2546 2882 2561 2922 :
2595 2866 2728 2936 Quis
2762 2867 2885 2923 linis
2904 2860 3217 2940 passionis?
3249 2860 3462 2921 Dolens.

1877 2952 2061 3032 (Αυε.)
2089 2954 2205 3015 Hoc
2238 2958 2535 3016 secundum
2584 2968 2769 3031 caput,
2812 2975 2913 3031 pro
2970 2959 3224 3016 omnibus
3276 2954 3456 3027 dolet;

1879 3051 2021 3107 unde
2051 3070 2064 3105 ;
2092 3048 2309 3105 Dolores
2348 3062 2550 3106 nostros
2576 3050 2686 3122 ipse
2715 3052 2939 3122 portavit
2968 3044 3092 3122 (lsa.
3138 3049 3279 3123 Lm),
3314 3048 3461 3121 quod

1882 3140 2062 3196 nullus
2087 3136 2244 3196 alius.
2275 3139 2403 3196 Ideo
2433 3141 2565 3196 dicit
2589 3157 2604 3195 :

1959 3228 2119 3288 Vens.
2149 3228 2238 3286 32.
2276 3261 2346 3272 —
2375 3230 2443 3286 Et
2473 3232 2711 3304 placebit.
2764 3231 2940 3307 (ΕΔΒ.)
2978 3228 3124 3291 Laus
3166 3232 3289 3306 puri
3338 3248 3459 3291 cor-

273 3358 446 3433 (ωδ
472 3360 541 3417 Ei
566 3322 842 3421 ἀδίκημα,
880 3363 1008 3421 Hac
1037 3372 1121 3421 es,
1147 3322 1545 3423 00mm
1565 3364 1777 3436 pm
1801 3326 1848 3393 C
1878 3326 1963 3384 dis
1999 3324 2121 3436 plus
2166 3322 2534 3436 plaeet‘quam
2574 3326 2833 3431 mactatio
2877 3328 3164 3436 pecudum.
3228 3327 3464 3436 Vitatur»

198 3451 319 3520 nis;
352 3468 477 3515 eum
494 3453 759 3513 dixisset:
790 3452 943 3521 Sitio,
984 3454 1057 3513 fel
1078 3472 1205 3515 cum
1255 3465 1411 3515 aceto
1438 3456 1772 3527 obtulerunt,

198 3541 307 3598 hoc
344 3541 486 3598 iacto
512 3558 694 3601 mores
717 3554 848 3603 suos
873 3545 1245 3609 amarissimos
1272 3546 1597 3609 iudicantes.

274 3653 433 3713 Vitas.
455 3656 547 3713 ὓ.
572 3684 647 3701 --
673 3655 800 3713 Fiet
826 3672 1027 3715 strenu.
1056 3658 1229 3734 (016.)
1254 3658 1543 3733 Prophetia
1584 3664 1774 3719 contra

200 3745 563 3804 adversarios.
606 3747 792 3824 (Δυο.)
831 3748 1179 3809 Pietatem.
1221 3752 1427 3820 laesa,
1454 3755 1773 3826 Scriptura:

200 3837 523 3905 lia-eludat
538 3841 864 3907 habuerunt,
876 3843 1008 3898 dum
1018 3845 1332 3903 mandatum
1348 3846 1443 3902 Dei
1456 3848 1773 3915 coluerunt;

196 3944 487 4010 postquam
512 3946 545 3993 ι
574 3930 870 4011 legejejuni
894 3948 1034 4004 stunt,
1065 3941 1182 3996 haec
1210 3946 1398 3996 mensa
1424 3948 1611 3998 eor-am
1637 3942 1770 4015 ipsis

198 4027 454 4099 gentibus
480 4026 606 4084 data
632 4038 735 4096 est,
760 4037 821 4085 ut
848 4031 1064 4101 gravius
1084 4030 1353 4088 dolerent.

272 4121 342 4178 111
369 4121 629 4195 meum.
661 4125 733 4181 Ut
755 4127 848 4197 qui
882 4126 1059 4182 littera
1086 4127 1222 4201 legis
1252 4128 1388 4185 alios
1413 4126 1776 4203 stringebant,

199 4212 259 4268 in
282 4227 347 4269 ea
384 4214 605 4283 obligati
651 4216 924 4272 caderent.
948 4214 1017 4272 In
1055 4217 1441 4275 retributiones.
1469 4220 1607 4288 Quia
1664 4220 1773 4279 illis

198 4303 403 4371 ablata,
429 4314 486 4360 et
525 4306 774 4378 gentibus
813 4308 954 4363 data.
1006 4307 1267 4365 Malorum
1317 4306 1422 4367 fuit
1466 4313 1774 4381 retributio,

199 4397 331 4454 dum
382 4397 624 4455 nolentes
646 4400 703 4455 in
728 4408 794 4456 ea
818 4394 1045 4472 epulari,
1081 4402 1148 4458 ab
1193 4417 1259 4460 ea
1287 4404 1417 4459 sunt
1451 4405 1679 4462 inclusi.
1710 4404 1778 4462 In

195 4490 534 4548 scandalum.
567 4492 703 4562 Quia
732 4496 1044 4552 deserentes
1079 4495 1232 4567 pacis
1279 4506 1580 4564 auctorem,
1628 4500 1782 4555 ritas

197 4585 306 4641 sibi
332 4592 387 4641 et
408 4596 576 4658 prava
604 4596 768 4657 opera
804 4588 1099 4644 concitant.

1877 3412 2150 3474 novellum.
2179 3416 2360 3489 (Αυρ.)
2384 3410 2491 3473 Pro
2547 3419 2785 3489 peccatis
2843 3416 3169 3475 eliciebatur
3220 3414 3467 3474 novellus
3551 3466 3557 3472 .

1877 3508 2100 3573 vitulus,
2124 3508 2213 3579 qui
2241 3508 2581 3581 signiﬁcabat
2602 3510 2899 3567 novitatem
2950 3517 3293 3577 secuturam;
3343 3521 3465 3581 qua:

1878 3588 2245 3655 defensionem
2265 3594 2431 3654 habet
2461 3600 2514 3655 iii
2545 3599 2819 3667 cornibus,
2853 3601 3129 3657 munimen
3174 3596 3377 3672 pedum
3402 3600 3459 3656 in

1876 3688 2093 3760 ungulis
2121 3688 2239 3761 (per
2262 3702 2396 3761 quas
2427 3702 2619 3760 aspera
2649 3691 2833 3747 saeculi
2872 3690 3066 3765 calcet)
3098 3709 3112 3758 ;
3165 3691 3459 3762 producen-

1877 3786 2002 3845 rem,
2020 3780 2145 3851 quia
2172 3776 2343 3836 ﬁdelis
2366 3781 2609 3852 quotidie
2633 3783 2833 3838 virtute
2858 3780 2951 3839 Dei
2994 3790 3241 3857 augetur.
3268 3782 3457 3856 (Αυα.)

1884 3862 2088 3928 Vitulus
2111 3871 2323 3944 ungulis
2352 3876 2555 3928 terram
2581 3874 2805 3941 excitat,
2844 3876 2924 3931 sic
2950 3875 3041 3946 qui
3094 3888 3201 3932 non
3254 3884 3467 3931 contra-

1878 3962 2033 4030 dicit,
2084 3960 2178 4020 sed
2232 3970 2414 4020 tamen
2458 3970 2734 4022 terrenum
2791 3962 3001 4036 abiecte
3046 3968 3211 4038 sapit,
3245 3964 3463 4039 ungulis

1880 4055 2197 4112 excitandus
2223 4064 2338 4113 est:
2369 4065 2425 4112 et
2456 4068 2619 4128 super
2647 4056 2790 4114 hunc
2814 4058 3041 4114 vitulum
3064 4056 3298 4130 placebit
3340 4055 3463 4114 latio

1881 4149 2028 4204 datio
2048 4160 2167 4205 mea
2190 4150 2313 4206 cum
2336 4134 2683 4231 angelis,‘ubi
2699 4162 2799 4206 nec
2828 4151 3173 4206 adversarius
3193 4146 3300 4205 erit
3328 4162 3461 4205 ven—

1883 4238 2138 4307 tilandus,
2172 4254 2272 4298 nec
2298 4240 2454 4313 piger
2484 4233 2563 4298 de’
2583 4238 2726 4296 terra
2747 4232 3088 4296 etcitaudus.

1952 4328 2117 4389 Vens.
2149 4328 2237 4389 35.
2276 4365 2348 4375 —-
2384 4328 2623 4389 Videant.
2684 4317 2859 4411 (Cas)
2909 4330 3062 4399 Quod
3108 4324 3312 4387 oblatio
3344 4329 3459 4402 jam

1880 4425 2041 4481 estin
2072 4430 2273 4493 mente,
2304 4432 2411 4481 non
2439 4427 2495 4481 in
2522 4424 2705 4503 rebus,
2732 4422 2827 4479 ubi
2854 4436 3061 4495 pauper
3103 4432 3348 4494 aequatur
3372 4424 3458 4481 di-

1881 4517 1998 4572 viti.
2033 4506 2120 4585 Et,
2142 4533 2176 4573 ο
2202 4532 2484 4589 pauperes,
2516 4518 2619 4573 hoc
2648 4516 2828 4571 tamen
2864 4516 3109 4571 contuitu
3141 4514 3234 4572 Dei
3272 4512 3456 4583 facite,

1881 4610 2098 4682 quivi-ile
2129 4604 2429 4663 Dominum.
2473 4607 2592 4673 Vel,
2622 4610 2684 4663 ut
2715 4606 2962 4674 videatis,
2992 4607 3217 4678 quaerite
3265 4596 3459 4675 Deum,

270 4697 436 4754 Vnus.
462 4698 551 4753 24.
573 4730 640 4740 -
662 4698 834 4755 Oculi.
860 4700 1040 4775 (Auc.)
1065 4700 1327 4760 Doctores
1371 4704 1465 4775 qui
1504 4702 1769 4775 prmeunt.
1798 4701 1852 4762 D
1876 4704 2057 4756 eseam
2087 4699 2301 4753 mentis.
2347 4696 2575 4753 Vinctos.
2611 4694 2794 4770 (Auc.)
2826 4696 2931 4765 Qui
2976 4697 3113 4753 ultra
3151 4688 3461 4755 necessaria

196 4786 580 4858 Obscut'etitur,
604 4790 659 4847 i‘d
688 4798 790 4877 est,
814 4782 1264 4877 lumeii’SCientiaa
1286 4786 1533 4867 perdant.
1564 4782 1634 4851 Et
1654 4799 1778 4853 dor-

193 4888 544 4949 trutinantur,
570 4892 675 4939 etc.
700 4872 757 4939 id
782 4890 884 4951 est,
914 4872 1172 4942 mitiores.
1220 4885 1353 4943 Cum
1401 4889 1546 4944 enim
1598 4890 1778 4947 lumen

195 4974 443 5032 scientiae
466 4978 701 5048 perdunt
727 4979 819 5049 Qui
848 4984 1110 5050 praeeunt,
1142 4980 1209 5036 ad
1236 4978 1498 5051 portanda
1528 4981 1786 5053 peccato?

197 5080 323 5124 rum
354 5070 541 5141 onera,
566 5080 621 5128 et
651 5073 719 5128 ad
746 5073 1042 5144 appetenda
1084 5078 1298 5128 terrena
1331 5072 1666 5129 inclinantur
1694 5091 1781 5131 se-

192 5166 470 5229 quentes;
520 5160 640 5230 vel,
679 5164 912 5229 dorsum,
956 5178 1109 5220 mens
1154 5166 1488 5221 eorumdem,
1551 5164 1778 5237 Semper

194 5244 305 5302 hoc
335 5247 402 5302 de
422 5247 528 5303 illis
555 5250 647 5320 qui
678 5256 784 5304 non
817 5248 1102 5318 poeniteat.
1474 5250 1479 5257 ‘

272 5335 442 5393 Vens.
471 5338 561 5395 25.
591 5368 663 5379 -—
686 5338 938 5410 Eﬁ‘unde,
973 5348 1077 5397 etc.
1122 5338 1328 5414 (0553.)
1356 5336 1427 5399 Ut
1475 5344 1527 5398 in
1570 5352 1773 5400 morem

188 5428 442 5484 nuntiata
463 5429 535 5485 sit
556 5431 796 5502 copiosa.

266 5520 714 5595 Compnttmdtit.
743 5523 814 5581 Ut
833 5537 938 5579 non
959 5523 1119 5580 liceat
1138 5523 1393 5596 adtigerit.

266 5612 442 5674 Visus.
463 5617 553 5673 18.
568 5648 640 5659 -
660 5614 783 5671 Fiat
802 5618 1075 5672 habitatio.
1099 5616 1283 5693 (Auc.)
1310 5606 1423 5675 Hoc
1437 5616 1549 5689 jam
1578 5621 1633 5676 in
1665 5632 1767 5676 ma-

193 5707 438 5777 nifesto,
463 5720 598 5777 etc.,
644 5720 807 5781 usque
842 5710 913 5764 ad
947 5708 1003 5764 in
1026 5724 1135 5780 quo
1176 5710 1560 5782 superbierunt
1587 5723 1777 5769 contra

187 5799 400 5856 Deum.
445 5799 513 5855 Iit
553 5799 921 5856 tabernaculis.
949 5799 1119 5873 ((3118.)
1150 5796 1372 5872 Templo
1394 5810 1449 5858 et
1492 5804 1642 5873 regio
1686 5818 1779 5874 pa-

188 5890 362 5951 111111).
414 5891 497 5947 Ad
538 5892 641 5949 isse
687 5893 841 5967 ponit
904 5892 1221 5961 inhabitare,
1260 5890 1403 5969 quod
1456 5892 1518 5950 ﬁt
1572 5892 1779 5951 deiotae

1884 4789 2096 4861 quaerit,
2120 4788 2406 4860 compedes
2451 4796 2681 4854 onerat;
2711 4786 2805 4844 sed
2854 4784 3051 4845 Sullicit
3099 4784 3207 4845 diei
3253 4790 3460 4845 malitia
3568 4788 3579 4795 '

1883 4897 2000 4937 sua.
2031 4880 2263 4936 Vinctos.
2294 4881 2419 4953 (11).)
2446 4879 2668 4937 Vinctos
2696 4882 3040 4947 mortalitate,
3066 4898 3172 4954 qua
3196 4880 3458 4938 Dominus

1878 4973 2116 5030 offensus
2158 4988 2347 5029 servos
2376 4972 2733 5043 compedivit:
2769 4973 2860 5028 sed
2892 4973 3019 5029 inde
3047 4973 3347 5029 clamantes
3366 4987 3465 5027 au-

1880 5068 1978 5123 dit.

1952 5159 2113 5215 Vens.
2140 5156 2227 5214 35.
2252 5189 2320 5199 —
2346 5156 2565 5225 Cwluni,
2595 5168 2754 5227 terra,
2803 5176 2967 5214 mare.
3001 5152 3176 5231 (0118.)
3204 5154 3286 5211 Ad
3308 5154 3457 5225 litte-

1883 5270 2017 5320 ram,
2044 5253 2094 5308 id
2114 5261 2214 5317 est,
2238 5251 2497 5318 coelestia,
2523 5250 2820 5318 terrestria,
2844 5259 2895 5304 et
2924 5246 3185 5315 natantia,
3210 5248 3326 5305 haec
3346 5246 3460 5303 lau-

1880 5345 2029 5409 dant,
2053 5344 2178 5399 dum
2199 5358 2266 5398 ex
2293 5343 2371 5399 eis
2390 5342 2642 5398 laudatur
2661 5350 2891 5398 creator.
2920 5338 3044 5411 (11).)
3077 5337 3292 5395 Divitiae
3330 5348 3459 5396 sunt

1881 5436 2130 5509 pauperis
2166 5435 2347 5491 videre
2380 5442 2585 5501 creata,
2613 5442 2668 5491 et
2691 5434 2816 5489 inde
2859 5430 3082 5489 laudare
3128 5439 3459 5489 creatorem.

1883 5525 2117 5580 Laudent
2164 5524 2333 5591 illum,
2377 5534 2482 5581 etc.
2529 5524 2651 5598 (11).)
2703 5518 2855 5591 Quod
2896 5523 3046 5593 prius
3088 5520 3268 5590 simul,
3316 5538 3460 5579 nunc

1882 5616 2153 5688 sigillatiui
2182 5608 2365 5673 monet
2397 5634 2412 5682 ;
2452 5616 2557 5683 vel,
2596 5612 2815 5670 laudent
2842 5614 3105 5681 cmlestia,
3141 5615 3448 5682 terrestria,
3518 5640 3531 5647 -

1886 5710 2144 5765 natantia.
2180 5708 2263 5775 Et,
2309 5712 2370 5764 ut
2416 5708 2654 5780 perfecte
2695 5706 2876 5761 omnia
2929 5704 3233 5773 concludat,
3267 5705 3458 5763 addit:

1887 5802 2079 5858 Omnia
2103 5818 2219 5874 qua:
2239 5803 2294 5858 in
2318 5804 2392 5857 eis
2413 5811 2533 5856 sunt
2558 5813 2576 5853 :
2612 5799 2691 5856 sic
2719 5799 2897 5856 omnis
2934 5806 3182 5856 creatura
3225 5799 3293 5856 ad
3342 5798 3463 5855 lau-

1886 5895 1981 5951 des
2001 5896 2275 5951 invitatur.
2311 5892 2520 5965 (illam,
2557 5891 2711 5965 ω.)
2763 5882 2840 5949 λθ
2884 5892 2931 5951 si
2974 5892 3229 5951 diceret:
3290 5886 3462 5950 Omtte
