3982 6352
293 446 400 502 953

1279 445 1545 504 GLOSSA
1582 447 1982 508 ORDINARIA.
2023 485 2090 495 —
2129 454 2254 512 LIB.
2293 455 2542 514 PSALM.

3435 472 3540 530 954

286 564 505 620 natione
530 571 586 619 et
607 564 1023 628 resurrectione,
1052 563 1196 633 quod
1221 563 1479 620 inferiora
1499 565 1708 621 docent.
1736 564 1861 620 Om-
1885 571 1941 632 Δ
1963 568 2091 625 dum
2135 579 2418 643 utramque
2454 582 2724 630 naturam.
2771 573 2965 649 (Cas)
3011 576 3246 652 Quartus
3301 583 3542 654 psalmus

289 673 424 711 nem.
451 656 632 728 (Aoe.)
653 655 786 724 Quia
811 657 856 712 si
890 656 1136 712 laudatus
1171 657 1224 712 in
1265 659 1512 715 omnibus
1547 660 1698 726 aliis,
1736 676 1868 716 non-

286 749 415 804 dum
439 749 502 810 in
523 763 590 804 eo
618 749 763 820 quod
797 748 1076 804 suscitavit
1097 763 1318 806 carnem
1346 759 1588 806 nostram
1615 752 1670 806 in
1699 752 1864 807 vitam

284 848 566 906 teternam,
612 855 732 910 qua:
777 847 862 895 est
903 837 1021 895 laus
1068 838 1279 910 adjecta
1325 856 1423 912 pro
1467 843 1862 899 resurrectione

283 927 502 986 Christi.
533 926 630 985 Vel
660 929 838 986 omnis
869 929 988 1000 laus
1013 937 1173 996 esset,
1205 939 1261 986 et
1293 930 1427 987 nihil
1451 931 1593 987 laudi
1622 933 1856 1001 deesset,

283 1019 328 1074 si
355 1019 636 1074 damnaret
659 1030 968 1091 peccantes,
999 1021 1126 1092 quia
1161 1019 1373 1090 justitia
1403 1030 1576 1088 esset;
1610 1021 1704 1077 sed
1731 1023 1857 1092 quia

281 1119 336 1164 et
362 1111 460 1164 hos
479 1109 710 1166 liberas:
733 1109 997 1180 Adjiciam
1017 1127 1174 1182 super
1189 1128 1392 1167 omnem
1420 1112 1627 1166 laudem
1648 1120 1812 1167 tuam.

358 1197 513 1254 Vens.
541 1199 627 1254 l5.
645 1199 800 1255 —0s
824 1217 998 1255 meum
1028 1200 1358 1256 annuntiabit
1375 1201 1663 1270 justitiam.
1692 1199 1852 1257 Chri-

279 1299 444 1354 stum,
463 1288 556 1345 sed
576 1305 644 1347 ne
665 1289 824 1346 aliter
837 1291 1132 1362 acciperes,
1154 1289 1301 1345 addit
1324 1289 1616 1347 :Salutare.
1638 1292 1855 1360 Quare?

277 1384 405 1452 quia
451 1398 555 1438 non
609 1383 934 1454 approbatur
981 1398 1048 1438 ex
1087 1383 1341 1453 operibus
1391 1383 1526 1455 legis
1565 1384 1850 1455 iustiﬁcari

277 1488 622 1543 quemquam.
656 1473 726 1527 Et
751 1475 854 1530 hoc
877 1481 960 1528 est
988 1490 1000 1526 :
1033 1473 1294 1540 Quoniam
1330 1489 1435 1528 non
1472 1476 1685 1546 cognovi
1715 1476 1851 1531 litte-

278 1575 533 1631 raturam,
571 1565 625 1620 id
659 1573 773 1630 est,
799 1564 998 1636 ﬁguras
1032 1565 1164 1636 legis
1196 1580 1292 1635 per
1315 1566 1457 1635 quod
1484 1565 1609 1620 ﬁam
1633 1574 1839 1636 potens.

281 1654 410 1708 Tota
441 1655 543 1710 die.
585 1655 766 1727 (Αυε.)
791 1655 887 1710 Vel
909 1657 1004 1723 ita,
1029 1666 1158 1721 etc.,
1181 1673 1340 1729 usque
1369 1659 1440 1712 ad
1462 1657 1686 1728 iustitiae
1731 1674 1847 1715 ser-

275 1748 401 1802 viat.
435 1746 694 1812 Quoniam
720 1764 824 1802 non
849 1749 1061 1820 cognovi
1091 1747 1458 1804 litteraturam.
1488 1748 1615 1822 (ιιι.)
1643 1749 1845 1806 Praedi-

275 1838 409 1893 cabo
455 1837 683 1892 salutem
732 1845 877 1892 tuam
920 1845 1032 1893 tota
1073 1838 1178 1904 die,
1225 1847 1368 1904 etc.,
1396 1856 1556 1910 usque
1605 1840 1674 1893 ad
1715 1841 1841 1909 quia

1967 659 2035 714 de
2062 658 2272 718 duabus
2295 665 2506 720 naturis
2531 663 2733 721 Christi
2761 675 2946 720 monet
2970 676 3032 722 ut
3051 667 3325 727 Christum
3350 689 3538 733 verum

1964 747 2136 804 Deum
2177 759 2234 806 et
2271 767 2460 808 verum
2499 755 2774 811 hominem
2819 771 2999 828 regem
3040 759 3346 830 credamus,
3377 773 3432 819 et
3456 777 3539 823 est

1963 842 2248 912 prophetia
2278 846 2345 900 de
2373 844 2608 902 Christo.

2031 931 2196 990 Vens.
2243 935 2299 989 2.
2336 968 2403 977 —-
2434 936 2578 992 Deus
2616 939 2904 1009 judicium.
2951 940 3126 1014 (αλδ.)
3164 943 3242 1000 De
3279 945 3486 1015 judicio
3517 989 3532 1016 ,

1957 1025 2196 1096 optando
2227 1027 2356 1082 illud
2389 1030 2505 1083 dari
2535 1030 2694 1086 Filio.
2723 1031 2998 1086 Justitiam
3026 1044 3192 1102 tuam,
3215 1045 3320 1093 etc.
3351 1038 3533 1112 (Auc.)

1959 1116 2098 1173 Nota
2123 1121 2477 1190 repetitiones
2515 1123 2777 1193 ejusdem,
2800 1124 2889 1178 vel
2915 1124 3036 1181 aliis
3076 1128 3279 1195 verbis,
3305 1130 3532 1186 multum

1955 1211 2335 1266 commendant
2373 1212 2555 1268 divina
2599 1213 2831 1284 eloquia,
2871 1231 2993 1286 quae
3032 1218 3271 1274 maxime
3311 1228 3438 1274 sunt
3477 1221 3532 1276 in

1951 1298 2215 1369 psalmis:
2246 1310 2302 1356 et
2345 1302 2399 1358 in
2445 1319 2514 1360 eo
2565 1320 2763 1376 genere
2811 1309 3109 1375 sermonis,
3160 1323 3267 1379 quo
3309 1310 3532 1368 allectus

1951 1392 2117 1447 animi
2146 1402 2229 1449 est
2257 1395 2571 1451 movendus.

2021 1481 2187 1540 Vens.
2225 1485 2373 1539 5.-
2398 1485 2623 1542 Montes.
2665 1486 2868 1562 (Auc.)
2913 1488 3218 1561 Prophetas,
3264 1491 3524 1564 Apostoli,

1947 1573 2041 1642 qui
2080 1574 2218 1629 ctelo
2259 1575 2539 1632 altitudine
2577 1579 2913 1649 proximam;
2965 1599 3145 1652 pacem
3177 1585 3528 1639 nuntiandam

1943 1661 2142 1732 populo
2169 1661 2333 1729 ﬁdeli,
2363 1664 2659 1721 Christum.
2703 1667 2774 1721 Et
2810 1667 2986 1724 colles.
3029 1668 3339 1742 Suscipiant
3359 1673 3524 1744 justi-

1944 1754 2094 1820 tiam,
2125 1754 2180 1809 id
2208 1765 2313 1822 est,
2335 1755 2631 1825 Christum,
2654 1759 2740 1815 vel
2763 1770 2962 1816 montes
2989 1779 3170 1832 pacem
3210 1765 3400 1834 populo
3431 1781 3450 1820 :
3472 1776 3528 1822 et

1941 1843 2099 1900 colles
2134 1846 2201 1902 de
2241 1848 2482 1920 utrisque
2524 1851 2967 1920 praedicatoribus
3001 1854 3428 1925 praecedentibus
3465 1866 3523 1913 et

275 1928 461 1983 habitu
506 1927 756 1984 iuventus
805 1937 889 1984 est
924 1937 984 1984 ut
1021 1928 1182 1985 homo
1205 1927 1426 2002 (Philip.
1454 1930 1540 2003 ll),
1571 1939 1629 1986 ct
1665 1931 1836 2002 surgit
1861 1923 1909 1984 Β
1935 1938 2284 2006 sequentibus
2327 1939 2475 1995 dicit.
2525 1938 2623 1996 Vel
2666 1943 2952 2014 suscipiant
3003 1923 3210 2000 montes
3239 1986 3255 2012 ,
3313 1947 3365 2001 id
3421 1954 3524 2015 est,

275 2029 540 2077 mortuus.
621 2075 626 2078 .

342 2112 503 2168 Vens.
540 2113 628 2181 17,
659 2113 743 2171 18.
773 2143 847 2158 --
869 2113 1122 2170 Docuisti.
1171 2113 1343 2186 (ολδ.)
1386 2113 1490 2170 Per
1527 2115 1726 2183 libros,
1759 2118 1844 2178 vel

271 2205 588 2276 inspirando
611 2221 783 2277 usque
809 2221 996 2262 nunc.:
1023 2220 1119 2276 per
1143 2206 1320 2277 spatia
1346 2213 1647 2277 temporum
1672 2209 1844 2264 crevit

271 2299 536 2354 doctrina.
570 2297 858 2354 Mirabilia.
896 2298 1050 2367 Quod
1081 2299 1149 2354 de
1186 2299 1372 2368 iniquo
1398 2297 1596 2367 justus.
1622 2297 1844 2354 Mirabi-

271 2391 366 2445 lia.
401 2391 580 2463 (Auc.)
611 2390 749 2459 Quid
773 2390 1074 2446 mirabilius
1097 2406 1256 2461 quam
1280 2399 1520 2446 mortuos
1546 2392 1843 2448 suscitare?

268 2488 399 2545 etc.,
435 2498 592 2552 usque
617 2480 686 2534 ad
712 2481 814 2536 hoc
844 2489 929 2536 est
955 2496 987 2535 a
1023 2481 1308 2551 iuventute
1344 2489 1398 2536 et
1439 2496 1602 2536 nunc.
1645 2480 1843 2537 Juven-

269 2582 397 2626 tute.
445 2572 568 2643 (lo.)
599 2571 780 2642 Aliqui
822 2580 1011 2628 notant
1037 2581 1270 2643 quatuor
1295 2581 1535 2642 tempora
1563 2572 1836 2640 Ecclesiae,

271 2663 438 2733 aliqui
465 2671 671 2718 tantum
717 2664 821 2718 tria
872 2663 1150 2736 distingui,
1181 2663 1324 2718 idem
1349 2662 1718 2734 signiﬁcantes
1745 2679 1842 2734 per

271 2771 407 2808 nunc
427 2764 482 2810 et
500 2764 778 2810 senectam.
799 2753 950 2811 Unde
961 2753 1219 2824 juventus
1235 2753 1490 2810 Ecclesia:
1509 2753 1609 2809 fuit
1623 2755 1838 2824 quando

263 2845 438 2900 virtus
483 2853 776 2916 martyrum
833 2845 1129 2900 dimicavit.
1188 2843 1411 2916 (ολδ.)
1483 2843 1840 2914 Progrediens

263 2953 395 2994 vero
424 2945 656 3008 tempus,
687 2952 851 3003 nunc,
875 2951 999 2992 cum
1019 2936 1154 2992 ﬁdes
1176 2951 1274 3006 per
1301 2935 1574 2992 Ecclesias
1601 2936 1834 3006 proﬁcit.

263 3031 451 3104 (Auc.)
483 3030 712 3086 Senecta
729 3071 745 3098 ,
781 3031 836 3086 id
864 3040 970 3099 est,
1000 3031 1181 3103 gravis
1205 3040 1357 3097 aetas,
1383 3031 1597 3101 quando
1621 3032 1839 3101 incipiet

261 3125 555 3195 frigescere
585 3125 824 3180 charitas
867 3123 1179 3190 multorum,
1212 3138 1336 3179 cum
1365 3124 1552 3180 mundi
1593 3132 1835 3195 tempora

260 3217 600 3272 decrescunt.
647 3215 885 3272 Seniani.
917 3214 1086 3288 (αλδ.)
1123 3213 1416 3271 Occiduum
1446 3223 1676 3285 tempus,
1698 3224 1830 3281 etc.,

1943 2040 2194 2094 majores.

2014 2115 2227 2173 Pacem.
2254 2118 2493 2176 Verbum
2523 2123 3001 2190 reconciliationis,
3048 2125 3256 2182 scilicet
3297 2128 3520 2184 verbum

1941 2208 2238 2280 Evangelii,
2259 2211 2325 2266 ad
2349 2213 2452 2268 hoc
2479 2222 2538 2268 ut
2563 2214 2811 2269 nuntient
2831 2215 3052 2286 populo.

2013 2302 2082 2357 Et
2110 2303 2283 2359 colles.
2313 2304 2372 2361 ld
2399 2314 2481 2361 est
2499 2345 2514 2371 ,
2551 2307 2816 2373 minores;
2860 2307 3148 2376 justitiam,
3178 2310 3236 2365 id
3262 2317 3364 2377 est,
3397 2311 3524 2367 obe-

1943 2394 2221 2463 dientiam,
2250 2403 2309 2450 ut
2341 2397 2596 2454 obediant
2623 2399 2881 2456 doctrinae
2903 2401 3167 2456 veritatis.

2015 2487 2185 2564 Tuum
2214 2497 2268 2545 et
2294 2499 2409 2544 tuos
2462 2491 2706 2558 dicendo,
2757 2493 2992 2548 ostendit
3027 2495 3210 2550 omnia
3247 2510 3366 2566 qua:
3392 2507 3518 2552 sunt

1939 2578 2118 2635 Patris
2147 2595 2268 2636 esse
2292 2589 2348 2636 et
2377 2581 2522 2648 Filii,
2553 2591 2610 2637 et
2637 2598 2667 2638 e
2694 2597 2975 2640 converso.

2009 2670 2173 2726 Vens.
2197 2671 2250 2724 4.
2274 2703 2345 2712 -
2370 2672 2637 2728 Judicabit
2655 2690 2910 2745 pauperes
2942 2674 3141 2744 populi.
3172 2674 3345 2747 (ολδ.)
3374 2677 3519 2733 Idem

1940 2762 2049 2834 agit
2076 2763 2143 2817 de
2177 2765 2365 2820 eodem
2389 2762 2596 2832 judicio
2625 2763 2961 2822 allirmando.
2998 2766 3128 2821 Post
3165 2751 3516 2838 optationem,

1938 2853 2135 2908 virtute
2179 2854 2497 2925 prophetiae,
2529 2855 2662 2910 dicit
2701 2871 2822 2926 qua:
2865 2863 2991 2911 sunt
3018 2856 3257 2912 adventu
3304 2857 3517 2913 Domini

1936 2944 2263 3012 praestanda.
2323 2942 2505 3014 (Auc.)
2557 2943 2655 2999 Vel
2705 2946 3001 3001 secundum
3031 2945 3192 3001 aliam
3238 2945 3513 3002 litteram:

1935 3031 2426 3102 Justitiajudicabit
2448 3049 2750 3104 pauperem.
2795 3032 2904 3090 Sed
2943 3035 3157 3092 codices
3197 3036 3286 3107 qui
3316 3037 3518 3092 habent

1937 3119 1991 3175 in
2021 3120 2200 3176 littera
2242 3123 2414 3193 magis
2463 3124 2846 3193 approbantur.
2908 3125 3174 3197 Pauperes
3221 3127 3418 3198 populi.
3458 3128 3515 3184 ld

1935 3217 2039 3276 est,
2068 3225 2161 3266 eos
2180 3212 2274 3282 qui
2297 3227 2561 3283 pauperes
2583 3215 2637 3268 in
2658 3215 2873 3284 populo,
2905 3215 2958 3269 in
2984 3231 3091 3285 quo
3117 3216 3245 3273 boni
3284 3219 3516 3288 malique

261 3324 425 3378 usque
446 3307 514 3361 ad
536 3316 726 3363 contra
752 3322 888 3377 quos
908 3275 1167 3362 Dominus
1191 3323 1206 3361 :
1237 3305 1512 3360 Vobiscum
1531 3275 1648 3360 sum
1670 3323 1832 3377 usque
1858 3275 1908 3370 (Ξ
1934 3304 2225 3360 commisti.
2289 3303 2606 3360 Humiliabit
2656 3305 3108 3362 calumniatorem.
3163 3308 3300 3362 Dum
3367 3275 3512 3364 enim

260 3399 332 3453 ad
366 3399 862 3456 consummationem
887 3396 1090 3464 steculi,
1117 3404 1223 3453 etc.
1256 3394 1467 3467 (Matth.
1494 3395 1832 3469 ut).—Do-

263 3509 357 3548 nec
397 3493 700 3548 annuntiem
733 3492 1015 3547 brachium
1041 3501 1209 3546 tuum.
1239 3490 1409 3562 (Cas)
1447 3490 1585 3545 Dum
1619 3505 1718 3560 per
1748 3488 1832 3544 in-

263 3567 634 3640 carnationem
678 3583 922 3654 captivos
951 3582 1166 3638 liberat.
1216 3582 1284 3637 Et
1312 3579 1579 3650 justitiam
1617 3577 1828 3647 iudicii,

261 3673 517 3746 puniendi
569 3673 807 3742 scilicet,
855 3687 963 3745 qua
1005 3671 1281 3728 hominem
1323 3677 1639 3741 peccantem
1679 3669 1830 3742 justo

255 3768 458 3838 judicio
487 3767 726 3822 damnat.

329 3862 490 3919 Vens.
517 3862 607 3928 l9,
633 3861 722 3918 20.
753 3890 823 3903 —
853 3858 1026 3932 Usque
1065 3861 1120 3916 in
1156 3858 1432 3914 altissima.
1469 3856 1537 3912 Et
1577 3872 1648 3912 ne
1669 3864 1829 3927 putes

257 3958 401 4026 quod
424 3955 575 4012 solus
599 3955 760 4012 homo
784 3962 941 4027 egeat
961 3955 1157 4027 gratia,
1180 3962 1309 4020 etc.,
1346 3967 1506 4024 usque
1541 3951 1610 4006 ad
1655 3949 1827 4007 conti-

261 4058 353 4101 net
379 4047 432 4101 in
455 4062 520 4102 eo
545 4044 688 4117 quod
714 4052 860 4102 sunt.

333 4135 504 4208 Usque
545 4138 600 4192 in
652 4135 929 4192 altissima.
981 4133 1116 4202 Quia
1162 4133 1326 4190 homo
1368 4133 1510 4189 Deus
1560 4133 1713 4189 sedet
1757 4132 1827 4187 ad

261 4230 540 4284 dexteram
570 4227 748 4284 Patris
775 4242 1008 4299 regnans
1036 4242 1158 4282 cum
1197 4241 1281 4282 co.
1332 4223 1463 4292 Quae
1504 4225 1672 4295 fecisti
1707 4241 1824 4278 ma-

183 4309 186 4314 ’
259 4320 455 4390 gualia.
483 4319 780 4390 Utrumque
810 4318 1078 4382 mirabile,
1103 4332 1200 4388 per
1225 4317 1454 4389 gratiam
1493 4316 1686 4372 redimi
1723 4316 1825 4372 ho-

259 4413 482 4480 minem,
510 4413 600 4484 qui
629 4427 727 4484 per
748 4410 1010 4482 justitiam
1041 4411 1326 4466 damnatus
1345 4417 1486 4466 erat.

333 4503 493 4570 Deus,
517 4504 632 4576 quis
655 4503 840 4559 similis
874 4505 1008 4560 tibi?
1029 4504 1265 4570 Quantas
1279 4503 1548 4559 ostendisti
1573 4502 1702 4558 mihi
1727 4502 1824 4556 tri-

260 4593 548 4649 bulationes
568 4593 760 4650 multas
786 4605 835 4649 et
855 4593 1047 4660 malas,
1069 4603 1116 4648 et
1135 4610 1407 4647 conversus
1427 4593 1700 4661 viviﬁcasti
1723 4609 1823 4658 me,

261 4695 307 4739 et
340 4684 405 4739 de
426 4683 622 4755 abyssis
653 4693 825 4749 teme,
851 4690 958 4738 etc.
987 4682 1086 4739 Cui
1110 4697 1356 4754 personae
1381 4697 1502 4752 qua:
1538 4681 1709 4752 gratia
1733 4680 1823 4748 sit,

259 4777 481 4847 captiva:
501 4775 724 4839 scilicet,
768 4783 999 4845 utraque
1027 4774 1356 4830 resurrectio
1379 4773 1578 4829 mentis
1606 4781 1665 4829 et
1699 4789 1824 4830 cor-

259 4866 436 4937 poris;
465 4864 605 4920 unde
627 4865 896 4936 promittit
923 4863 1144 4935 gratias.

332 4961 493 5016 Vens.
518 4956 752 5014 2‘2.—In
773 4958 905 5014 vasis
940 4956 1146 5028 psalmi.
1177 4955 1351 5028 (Cas)
1387 4955 1446 5011 In
1470 4955 1828 5012 viviﬁcatione

258 5053 480 5124 spiritus
507 5049 592 5107 vel
611 5049 1028 5120 contemplativa
1053 5048 1182 5103 vita.

331 5143 490 5199 Vens.
516 5143 606 5198 25.
634 5173 705 5182 —
730 5141 917 5196 Anima
960 5155 1074 5195 mea
1110 5153 1268 5209 quam
1312 5136 1589 5194 redemisti.
1645 5136 1827 5208 (Ave)

261 5236 396 5308 Ipsis
422 5235 651 5291 internis
677 5233 836 5289 labiis
867 5232 1062 5303 quibus
1086 5229 1252 5285 tacite
1275 5227 1476 5284 clamat
1496 5226 1682 5281 Deum.

337 5329 498 5385 Vens.
529 5327 621 5382 Ἡ.
645 5357 716 5368 -
743 5325 874 5382 Cum
904 5323 1109 5394 confusi
1135 5331 1184 5376 et
1211 5319 1412 5376 reveriti
1437 5317 1648 5388 fuerint.
1678 5317 1830 5374 Tunc

259 5424 413 5479 locus
440 5430 526 5478 est
552 5435 693 5478 verae
719 5428 776 5476 et
802 5432 1007 5476 securae
1027 5414 1391 5480 exaltationis,
1413 5427 1537 5469 cum
1567 5427 1674 5467 non
1703 5411 1829 5468 licet

262 5515 446 5588 impiis
467 5512 757 5575 dominari.
927 5559 946 5598 ..

782 5640 1100 5701 PSALMUS
1135 5637 1319 5696 LXXI.

333 5785 497 5841 Vens.
529 5784 583 5838 1.
608 5812 680 5824 --
705 5779 774 5835 In
798 5777 1150 5840 Salomonem,
1180 5781 1284 5829 etc.
1308 5772 1491 5844 (Auc.)
1519 5771 1711 5828 Verum
1735 5787 1832 5843 pa-

264 5878 502 5950 ciﬁcum,
528 5885 660 5948 etc.,
683 5889 846 5947 usque
875 5870 944 5926 ad
969 5870 1061 5943 qui
1088 5868 1176 5924 hic
1202 5866 1608 5936 commendatur
1636 5881 1832 5937 secun-

1931 3394 2106 3466 gratia
2133 3411 2228 3452 sua
2277 3397 2514 3468 adjuvat,
2569 3408 2697 3464 etc.,
2748 3415 2910 3470 usque
2957 3399 3024 3453 ad
3075 3400 3168 3469 qui
3194 3400 3514 3456 innocentes

1930 3487 2124 3544 nititur
2146 3487 2361 3544 trahere
2403 3488 2458 3542 in
2477 3487 2714 3559 culpam.
2749 3487 3024 3562 (HIBRON.,
3063 3489 3224 3563 Avo.)
3257 3489 3373 3555 Vel,
3403 3491 3502 3544 Itu-

1927 3577 2176 3645 miliabit,
2205 3587 2280 3646 et,
2300 3579 2446 3635 victo
2467 3579 2702 3647 diabolo,
2729 3582 3050 3653 permanebit
3071 3599 3189 3638 cum
3207 3583 3317 3639 sole
3338 3583 3516 3655 splen-

1930 3668 2059 3734 dor;
2090 3670 2144 3724 id
2171 3678 2273 3736 est,
2312 3670 2481 3726 Filius
2505 3687 2628 3726 cum
2666 3671 2850 3738 Patre,
2889 3673 3086 3729 sedens
3124 3673 3191 3728 ad
3234 3674 3512 3739 dexteram

1929 3759 2108 3818 Patris
2142 3762 2196 3817 in
2228 3771 2512 3829 aeternum,
2553 3765 2656 3820 hoc
2693 3772 2777 3821 est
2819 3777 2940 3822 ante
2995 3764 3212 3834 lunam,
3245 3767 3299 3822 in
3356 3782 3514 3838 gene-

1929 3855 2142 3910 ratione
2163 3863 2218 3910 et
2246 3857 2667 3926 generationem.

1999 3946 2163 4005 Vens.
2191 3949 2246 4004 7.
2267 3979 2338 3990 —
2355 3949 2643 4006 Descendet
2667 3951 2801 4006 sicut
2819 3948 3016 4022 pluvia,
3043 3958 3150 4007 etc.
3181 3949 3352 4024 (Cas.)
3373 3951 3514 4008 Ecce

1928 4039 2050 4110 quis
2079 4047 2134 4096 et
2163 4040 2342 4111 qualis
2373 4040 2464 4096 ille
2491 4056 2610 4108 rex,
2661 4042 2754 4113 qui
2799 4039 3141 4112 iudicaturus
3189 4052 3292 4098 est.
3328 4041 3510 4115 (Αυε.)

1925 4133 2130 4191 Alludit
2175 4133 2321 4192 iacto
2369 4135 2667 4205 Gedeonis,
2716 4147 2824 4194 etc.
2845 4179 2862 4206 ,
2916 4155 3079 4210 usque
3119 4139 3188 4193 ad
3234 4147 3288 4193 et
3323 4149 3510 4210 postea

1927 4225 2324 4297 complueretur
2342 4228 2611 4299 gentilitas
2625 4229 2770 4286 sicco
2788 4229 2986 4286 vellere
3004 4228 3508 4304 Judzeorum.(Css.)
3589 4225 3592 4230 ’

1927 4317 2230 4374 Descendet
2273 4317 2543 4386 Christus,
2565 4327 2698 4386 etc.,
2745 4335 2906 4389 usque
2955 4319 3024 4372 ad
3071 4320 3193 4388 quis
3238 4335 3366 4391 ergo
3388 4330 3509 4390 post

1925 4419 2038 4467 tam
2064 4419 2278 4483 apertas
2306 4411 2687 4468 similitudines
2711 4411 2921 4468 dubitet
2955 4411 3022 4466 de
3041 4420 3197 4482 partu
3229 4411 3510 4484 Virginis?

1926 4501 1996 4556 In
2033 4501 2214 4568 vellus,
2253 4511 2301 4557 et
2334 4502 2468 4556 sicut
2509 4501 2800 4558 stillicidia.
2834 4501 3016 4574 (Auc.)
3060 4500 3261 4569 Velius,
3304 4501 3503 4568 Iudaea,

1927 4607 2048 4662 quae
2082 4591 2406 4646 auctoritate
2444 4591 2704 4647 doctrina:
2739 4591 3088 4662 exspolianda
3135 4599 3275 4658 erat,
3305 4599 3365 4646 ut
3391 4592 3509 4648 ovis

1931 4681 2129 4737 vellere
2153 4699 2167 4736 :
2191 4682 2297 4748 vel,
2323 4683 2450 4752 quia
2472 4683 2730 4739 doctrinae
2750 4683 2985 4754 pluviam
3017 4681 3308 4751 detinebat,
3345 4697 3506 4754 quan:

1932 4776 2150 4832 nolebat
2173 4775 2422 4848 gentibus
2446 4775 2762 4846 praedicare.

2007 4865 2168 4921 Vens.
2201 4866 2254 4922 8.
2285 4895 2357 4906 —-
2384 4863 2454 4919 Et
2474 4864 2830 4919 dominabitur
2853 4883 2884 4920 a
2907 4865 3042 4920 mari
3065 4882 3227 4938 usque
3248 4864 3317 4919 ad
3340 4881 3422 4918 me.
3472 4891 3484 4916 ε

1933 4956 2106 5030 (Cas.)
2135 4955 2384 5014 Ostendit
2411 4970 2532 5028 quae
2557 4957 2630 5012 sit
2668 4957 2967 5028 amplitudo
2994 4959 3170 5030 regni.
3197 4956 3243 5010 A
3263 4958 3497 5028 ﬂumine.

1935 5047 2118 5122 (Aue.)
2148 5047 2196 5102 Α
2216 5045 2474 5113 Iordane,
2501 5047 2591 5103 ubi
2618 5063 2724 5103 vox
2751 5048 2899 5106 :.Hic
2923 5059 2998 5104 est
3043 5047 3216 5102 Filius
3253 5064 3397 5102 meus
3425 5047 3506 5103 di-

1926 5140 2113 5196 lectus.
2139 5139 2268 5196 [nde
2303 5154 2432 5212 ergo
2473 5140 2716 5196 doctrina
2762 5141 2882 5211 ejus
2911 5142 3076 5212 coepit
3108 5159 3122 5196 :
3155 5141 3280 5196 inde
3322 5150 3507 5196 aucto-

1930 5232 2068 5287 ritas
2111 5231 2353 5303 magistri
2415 5230 2674 5287 dilatatur
2715 5247 2889 5303 usque
2933 5233 3002 5288 ad
3050 5232 3311 5288 terminos
3357 5234 3505 5288 orbis

1930 5331 2112 5390 terrae,
2156 5324 2449 5394 praedicata
2494 5323 2784 5396 Evangelio
2813 5324 2985 5394 regni.
3033 5323 3232 5396 (Cass)
3264 5323 3389 5378 Inde
3419 5341 3504 5379 re-
3623 5355 3626 5358 ~

1929 5414 2053 5485 gula
2097 5414 2347 5485 baptismi
2389 5428 2489 5485 per
2539 5423 2712 5471 totum
2767 5415 2957 5470 orbem
3005 5415 3266 5470 manavit.
3311 5415 3504 5471 Paucis

1932 5503 2110 5560 verbis
2135 5520 2328 5576 magna
2365 5506 2522 5561 docet
2546 5511 2885 5561 sacramenta

1999 5592 2166 5649 Vens.
2203 5595 2289 5649 10.
2316 5624 2388 5636 —-
2409 5592 2570 5664 Reges
2603 5591 2818 5646 Tharsis
2843 5601 2893 5646 et
2921 5590 3110 5648 insqu
3132 5608 3349 5647 munera
3378 5595 3505 5664 οπε-

1931 5693 2064 5740 rent.
2088 5685 2256 5757 (Cas)
2285 5685 2595 5740 Pertinaces
2637 5683 2890 5738 dicuntur
2926 5683 3152 5749 inimici,
3175 5690 3304 5750 etc.,
3345 5700 3504 5756 usque

1931 5775 2002 5830 ad
2035 5775 2149 5840 vel,
2201 5775 2550 5830 historialiter
2597 5781 2774 5845 potest
2811 5774 2981 5846 accipi
3037 5775 3102 5830 de
3151 5774 3367 5844 regibus
3411 5773 3503 5848 qui

1932 5878 2196 5935 venenum
2216 5871 2446 5929 adorare
2466 5865 2764 5932 Christum.
