  <div class='ocr_page' id='page_1' title='image "/cluster/home/n/w/nwhite01/storage/ocr_20150623/113/hvd.32044018909572/483.png"; bbox 0 0 4008 6348; ppageno 0'>
   <div class='ocr_carea' id='block_1_1' title="bbox 458 489 562 546">
    <p class='ocr_par' dir='ltr' id='par_1_1' title="bbox 458 489 562 546">
     <span class='ocr_line' id='line_1_1' title="bbox 458 489 562 546; baseline -0.029 0"><span class='ocrx_word' id='word_1_1' title='bbox 458 489 562 546; x_wconf 77' lang='lat'><strong>955</strong></span> 
     </span>
    </p>
   </div>
   <div class='ocr_carea' id='block_1_2' title="bbox 957 462 3190 534">
    <p class='ocr_par' dir='ltr' id='par_1_2' title="bbox 957 462 3190 534">
     <span class='ocr_line' id='line_1_2' title="bbox 957 462 3190 534; baseline -0.007 0"><span class='ocrx_word' id='word_1_2' title='bbox 957 474 1348 534; x_wconf 77' lang='lat' dir='ltr'><strong>WALAFRIDI</strong></span> <span class='ocrx_word' id='word_1_3' title='bbox 1388 469 1632 527; x_wconf 76' lang='lat' dir='ltr'><strong>STRABI</strong></span> <span class='ocrx_word' id='word_1_4' title='bbox 1673 467 1876 522; x_wconf 81' lang='lat' dir='ltr'><strong>FU&#39;LD.</strong></span> <span class='ocrx_word' id='word_1_5' title='bbox 1921 465 2085 522; x_wconf 83' lang='lat' dir='ltr'><strong>MON.</strong></span> <span class='ocrx_word' id='word_1_6' title='bbox 2124 463 2278 522; x_wconf 84' lang='lat' dir='ltr'><strong>OPP.</strong></span> <span class='ocrx_word' id='word_1_7' title='bbox 2320 462 2504 520; x_wconf 81' lang='lat' dir='ltr'><strong>PARS</strong></span> <span class='ocrx_word' id='word_1_8' title='bbox 2542 463 2584 518; x_wconf 87' lang='lat' dir='ltr'><strong>l.</strong></span> <span class='ocrx_word' id='word_1_9' title='bbox 2626 491 2695 504; x_wconf 91' lang='lat'><em>-</em></span> <span class='ocrx_word' id='word_1_10' title='bbox 2734 463 3190 522; x_wconf 82' lang='lat' dir='ltr'><strong>THEOLOGICA.</strong></span> 
     </span>
    </p>
   </div>
   <div class='ocr_carea' id='block_1_3' title="bbox 3635 465 3747 520">
    <p class='ocr_par' dir='ltr' id='par_1_3' title="bbox 3635 465 3747 520">
     <span class='ocr_line' id='line_1_3' title="bbox 3635 465 3747 520; baseline 0 0"><span class='ocrx_word' id='word_1_11' title='bbox 3635 465 3747 520; x_wconf 72' lang='lat'><strong>956</strong></span> 
     </span>
    </p>
   </div>
   <div class='ocr_carea' id='block_1_4' title="bbox 533 573 3746 652">
    <p class='ocr_par' dir='ltr' id='par_1_4' title="bbox 533 573 3746 652">
     <span class='ocr_line' id='line_1_4' title="bbox 533 573 3746 652; baseline -0.004 -4"><span class='ocrx_word' id='word_1_12' title='bbox 533 593 694 648; x_wconf 79' lang='lat' dir='ltr'><strong>Vsus.</strong></span> <span class='ocrx_word' id='word_1_13' title='bbox 727 591 906 648; x_wconf 68' lang='lat' dir='ltr'><strong>ti.——</strong></span> <span class='ocrx_word' id='word_1_14' title='bbox 934 587 1071 652; x_wconf 80' lang='lat' dir='ltr'><strong>Quia</strong></span> <span class='ocrx_word' id='word_1_15' title='bbox 1117 585 1352 639; x_wconf 74' lang='lat' dir='ltr'><strong>liberabit</strong></span> <span class='ocrx_word' id='word_1_16' title='bbox 1400 595 1676 652; x_wconf 76' lang='lat' dir='ltr'><strong><em>pauperem</em></strong></span> <span class='ocrx_word' id='word_1_17' title='bbox 1723 595 1757 632; x_wconf 76' lang='grc' dir='ltr'><em>α</em></span> <span class='ocrx_word' id='word_1_18' title='bbox 1805 586 2031 648; x_wconf 76' lang='lat' dir='ltr'><strong>potente,</strong></span> <span class='ocrx_word' id='word_1_19' title='bbox 2061 585 2111 642; x_wconf 81' lang='grc' dir='ltr'><strong>Α</strong></span> <span class='ocrx_word' id='word_1_20' title='bbox 2136 575 2302 631; x_wconf 86' lang='lat' dir='ltr'><strong>lsrael</strong></span> <span class='ocrx_word' id='word_1_21' title='bbox 2344 586 2585 646; x_wconf 85' lang='lat' dir='ltr'><strong>tempore</strong></span> <span class='ocrx_word' id='word_1_22' title='bbox 2617 573 2827 632; x_wconf 83' lang='lat' dir='ltr'><strong>Veteris</strong></span> <span class='ocrx_word' id='word_1_23' title='bbox 2868 577 3204 634; x_wconf 85' lang='lat' dir='ltr'><strong>Testamenti</strong></span> <span class='ocrx_word' id='word_1_24' title='bbox 3256 580 3312 634; x_wconf 92' lang='lat' dir='ltr'><strong>in</strong></span> <span class='ocrx_word' id='word_1_25' title='bbox 3365 593 3472 649; x_wconf 90' lang='lat' dir='ltr'><strong>quo</strong></span> <span class='ocrx_word' id='word_1_26' title='bbox 3521 579 3746 634; x_wconf 76' lang='lat' dir='ltr'><strong>Novum</strong></span> 
     </span>
    </p>
   </div>
   <div class='ocr_carea' id='block_1_5' title="bbox 463 667 2039 752">
    <p class='ocr_par' dir='ltr' id='par_1_5' title="bbox 463 667 2039 752">
     <span class='ocr_line' id='line_1_5' title="bbox 463 667 2039 752; baseline -0.012 -13"><span class='ocrx_word' id='word_1_27' title='bbox 463 694 568 741; x_wconf 86' lang='lat' dir='ltr'><strong>etc.</strong></span> <span class='ocrx_word' id='word_1_28' title='bbox 611 679 814 752; x_wconf 56' lang='lat' dir='ltr'><strong>(Casa)</strong></span> <span class='ocrx_word' id='word_1_29' title='bbox 859 677 935 733; x_wconf 89' lang='lat' dir='ltr'><strong>De</strong></span> <span class='ocrx_word' id='word_1_30' title='bbox 974 675 1226 746; x_wconf 84' lang='lat' dir='ltr'><strong>operibus</strong></span> <span class='ocrx_word' id='word_1_31' title='bbox 1249 671 1364 742; x_wconf 83' lang='lat' dir='ltr'><strong>ejus</strong></span> <span class='ocrx_word' id='word_1_32' title='bbox 1393 671 1521 742; x_wconf 92' lang='lat' dir='ltr'><strong>agit,</strong></span> <span class='ocrx_word' id='word_1_33' title='bbox 1552 680 1680 735; x_wconf 91' lang='lat' dir='ltr'><strong>etc.,</strong></span> <span class='ocrx_word' id='word_1_34' title='bbox 1707 683 1866 738; x_wconf 82' lang='lat' dir='ltr'><strong>usque</strong></span> <span class='ocrx_word' id='word_1_35' title='bbox 1887 667 1956 722; x_wconf 80' lang='lat' dir='ltr'><strong>ad</strong></span> <span class='ocrx_word' id='word_1_36' title='bbox 1983 667 2039 721; x_wconf 92' lang='lat' dir='ltr'><strong>in</strong></span> 
     </span>
    </p>
   </div>
   <div class='ocr_carea' id='block_1_6' title="bbox 467 766 1149 845">
    <p class='ocr_par' dir='ltr' id='par_1_6' title="bbox 467 766 1149 845">
     <span class='ocr_line' id='line_1_6' title="bbox 467 766 1149 845; baseline -0.015 -18"><span class='ocrx_word' id='word_1_37' title='bbox 467 770 886 845; x_wconf 74' lang='lat' dir='ltr'><strong>participatione</strong></span> <span class='ocrx_word' id='word_1_38' title='bbox 907 766 1149 839; x_wconf 60' lang='lat' dir='ltr'><strong>justitim.</strong></span> 
     </span>
    </p>
   </div>
   <div class='ocr_carea' id='block_1_7' title="bbox 537 850 2039 925">
    <p class='ocr_par' dir='ltr' id='par_1_7' title="bbox 537 850 2039 925">
     <span class='ocr_line' id='line_1_7' title="bbox 537 850 2039 925; baseline -0.011 -7"><span class='ocrx_word' id='word_1_39' title='bbox 537 862 703 918; x_wconf 72' lang='lat' dir='ltr'><strong>Vens.</strong></span> <span class='ocrx_word' id='word_1_40' title='bbox 743 860 828 916; x_wconf 72' lang='grc' dir='ltr'><strong>Η.</strong></span> <span class='ocrx_word' id='word_1_41' title='bbox 863 889 934 899; x_wconf 91' lang='grc'><strong>-</strong></span> <span class='ocrx_word' id='word_1_42' title='bbox 964 857 1048 911; x_wconf 78' lang='lat' dir='ltr'><strong>Ea:</strong></span> <span class='ocrx_word' id='word_1_43' title='bbox 1094 857 1289 910; x_wconf 87' lang='lat' dir='ltr'><strong>usuris.</strong></span> <span class='ocrx_word' id='word_1_44' title='bbox 1339 851 1519 925; x_wconf 79' lang='lat' dir='ltr'><strong>(Aue.)</strong></span> <span class='ocrx_word' id='word_1_45' title='bbox 1549 850 1756 912; x_wconf 75' lang='lat' dir='ltr'><strong>Usum,</strong></span> <span class='ocrx_word' id='word_1_46' title='bbox 1792 857 2039 918; x_wconf 83' lang='lat' dir='ltr'><strong>peccata,</strong></span> 
     </span>
    </p>
   </div>
   <div class='ocr_carea' id='block_1_8' title="bbox 470 938 2045 1024">
    <p class='ocr_par' dir='ltr' id='par_1_8' title="bbox 470 938 2045 1024">
     <span class='ocr_line' id='line_1_8' title="bbox 470 938 2045 1024; baseline -0.013 -13"><span class='ocrx_word' id='word_1_47' title='bbox 470 962 604 1020; x_wconf 89' lang='lat' dir='ltr'><strong>etc.,</strong></span> <span class='ocrx_word' id='word_1_48' title='bbox 629 967 790 1024; x_wconf 74' lang='lat' dir='ltr'><strong>usque</strong></span> <span class='ocrx_word' id='word_1_49' title='bbox 809 951 878 1004; x_wconf 82' lang='lat' dir='ltr'><strong>ad</strong></span> <span class='ocrx_word' id='word_1_50' title='bbox 910 947 1146 1020; x_wconf 68' lang='lat' dir='ltr'><strong>iuvando</strong></span> <span class='ocrx_word' id='word_1_51' title='bbox 1176 961 1274 1018; x_wconf 86' lang='lat' dir='ltr'><strong>per</strong></span> <span class='ocrx_word' id='word_1_52' title='bbox 1301 946 1527 1016; x_wconf 80' lang='lat' dir='ltr'><strong>gratiam</strong></span> <span class='ocrx_word' id='word_1_53' title='bbox 1565 943 1632 997; x_wconf 89' lang='lat' dir='ltr'><strong>ad</strong></span> <span class='ocrx_word' id='word_1_54' title='bbox 1673 940 1938 1010; x_wconf 83' lang='lat' dir='ltr'><strong>justitiam</strong></span> <span class='ocrx_word' id='word_1_55' title='bbox 1969 938 2045 992; x_wconf 80' lang='lat' dir='ltr'><strong>fa-</strong></span> 
     </span>
    </p>
   </div>
   <div class='ocr_carea' id='block_1_9' title="bbox 472 1031 2046 1107">
    <p class='ocr_par' dir='ltr' id='par_1_9' title="bbox 472 1031 2046 1107">
     <span class='ocr_line' id='line_1_9' title="bbox 472 1031 2046 1107; baseline -0.012 -5"><span class='ocrx_word' id='word_1_56' title='bbox 472 1045 737 1102; x_wconf 84' lang='lat' dir='ltr'><strong>ciendam.</strong></span> <span class='ocrx_word' id='word_1_57' title='bbox 782 1041 897 1107; x_wconf 83' lang='lat' dir='ltr'><strong>Vel,</strong></span> <span class='ocrx_word' id='word_1_58' title='bbox 944 1057 1008 1095; x_wconf 75' lang='lat' dir='ltr'><strong>ea:</strong></span> <span class='ocrx_word' id='word_1_59' title='bbox 1047 1039 1244 1103; x_wconf 82' lang='lat' dir='ltr'><strong>usuris,</strong></span> <span class='ocrx_word' id='word_1_60' title='bbox 1289 1037 1357 1091; x_wconf 90' lang='lat' dir='ltr'><strong>de</strong></span> <span class='ocrx_word' id='word_1_61' title='bbox 1387 1035 1588 1098; x_wconf 80' lang='lat' dir='ltr'><strong>futuro,</strong></span> <span class='ocrx_word' id='word_1_62' title='bbox 1645 1033 1696 1087; x_wconf 89' lang='lat' dir='ltr'><strong>id</strong></span> <span class='ocrx_word' id='word_1_63' title='bbox 1735 1041 1836 1096; x_wconf 88' lang='lat' dir='ltr'><strong>est,</strong></span> <span class='ocrx_word' id='word_1_64' title='bbox 1870 1031 2046 1101; x_wconf 82' lang='lat' dir='ltr'><strong>pcenis</strong></span> 
     </span>
    </p>
   </div>
   <div class='ocr_carea' id='block_1_10' title="bbox 473 1125 2044 1201">
    <p class='ocr_par' dir='ltr' id='par_1_10' title="bbox 473 1125 2044 1201">
     <span class='ocr_line' id='line_1_10' title="bbox 473 1125 2044 1201; baseline -0.012 -8"><span class='ocrx_word' id='word_1_65' title='bbox 473 1138 720 1201; x_wconf 68' lang='lat' dir='ltr'><strong>aatemis;</strong></span> <span class='ocrx_word' id='word_1_66' title='bbox 748 1143 805 1190; x_wconf 92' lang='lat' dir='ltr'><strong>et</strong></span> <span class='ocrx_word' id='word_1_67' title='bbox 831 1134 1126 1201; x_wconf 73' lang='lat' dir='ltr'><strong>iniquitate,</strong></span> <span class='ocrx_word' id='word_1_68' title='bbox 1165 1130 1218 1184; x_wconf 92' lang='lat' dir='ltr'><strong>id</strong></span> <span class='ocrx_word' id='word_1_69' title='bbox 1247 1137 1348 1191; x_wconf 84' lang='lat' dir='ltr'><strong>est,</strong></span> <span class='ocrx_word' id='word_1_70' title='bbox 1381 1135 1604 1198; x_wconf 89' lang='lat' dir='ltr'><strong>peccato</strong></span> <span class='ocrx_word' id='word_1_71' title='bbox 1647 1125 1783 1193; x_wconf 91' lang='lat' dir='ltr'><strong>ipso,</strong></span> <span class='ocrx_word' id='word_1_72' title='bbox 1811 1137 1912 1191; x_wconf 91' lang='lat' dir='ltr'><strong>pro</strong></span> <span class='ocrx_word' id='word_1_73' title='bbox 1938 1133 2044 1191; x_wconf 87' lang='lat' dir='ltr'><strong>quo</strong></span> 
     </span>
    </p>
   </div>
   <div class='ocr_carea' id='block_1_11' title="bbox 472 1213 2045 1299">
    <p class='ocr_par' dir='ltr' id='par_1_11' title="bbox 472 1213 2045 1299">
     <span class='ocr_line' id='line_1_11' title="bbox 472 1213 2045 1299; baseline -0.012 -15"><span class='ocrx_word' id='word_1_74' title='bbox 472 1245 630 1299; x_wconf 76' lang='lat' dir='ltr'><strong>pana</strong></span> <span class='ocrx_word' id='word_1_75' title='bbox 653 1228 966 1283; x_wconf 83' lang='lat' dir='ltr'><strong>debebatur.-</strong></span> <span class='ocrx_word' id='word_1_76' title='bbox 1007 1223 1232 1277; x_wconf 81' lang='lat' dir='ltr'><strong>Nomen.</strong></span> <span class='ocrx_word' id='word_1_77' title='bbox 1265 1220 1653 1276; x_wconf 91' lang='lat' dir='ltr'><strong>Christianum.</strong></span> <span class='ocrx_word' id='word_1_78' title='bbox 1699 1215 1891 1270; x_wconf 85' lang='lat' dir='ltr'><strong>Coram</strong></span> <span class='ocrx_word' id='word_1_79' title='bbox 1931 1213 2045 1267; x_wconf 88' lang='lat' dir='ltr'><strong>illo.</strong></span> 
     </span>
    </p>
   </div>
   <div class='ocr_carea' id='block_1_12' title="bbox 475 1310 1776 1389">
    <p class='ocr_par' dir='ltr' id='par_1_12' title="bbox 475 1310 1776 1389">
     <span class='ocr_line' id='line_1_12' title="bbox 475 1310 1776 1389; baseline -0.009 -16"><span class='ocrx_word' id='word_1_80' title='bbox 475 1320 608 1387; x_wconf 77' lang='lat' dir='ltr'><strong>Quia</strong></span> <span class='ocrx_word' id='word_1_81' title='bbox 641 1318 693 1372; x_wconf 92' lang='lat' dir='ltr'><strong>in</strong></span> <span class='ocrx_word' id='word_1_82' title='bbox 717 1319 833 1389; x_wconf 83' lang='lat' dir='ltr'><strong>ejus</strong></span> <span class='ocrx_word' id='word_1_83' title='bbox 861 1328 1025 1387; x_wconf 82' lang='lat' dir='ltr'><strong>regno</strong></span> <span class='ocrx_word' id='word_1_84' title='bbox 1053 1324 1178 1368; x_wconf 84' lang='lat' dir='ltr'><strong>ante</strong></span> <span class='ocrx_word' id='word_1_85' title='bbox 1206 1314 1379 1383; x_wconf 87' lang='lat' dir='ltr'><strong>ipsum</strong></span> <span class='ocrx_word' id='word_1_86' title='bbox 1413 1310 1604 1365; x_wconf 86' lang='lat' dir='ltr'><strong>victuri</strong></span> <span class='ocrx_word' id='word_1_87' title='bbox 1633 1315 1776 1363; x_wconf 89' lang='lat' dir='ltr'><strong>sunt.</strong></span> 
     </span>
    </p>
   </div>
   <div class='ocr_carea' id='block_1_13' title="bbox 546 1402 2047 1470">
    <p class='ocr_par' dir='ltr' id='par_1_13' title="bbox 546 1402 2047 1470">
     <span class='ocr_line' id='line_1_13' title="bbox 546 1402 2047 1470; baseline -0.009 -5"><span class='ocrx_word' id='word_1_88' title='bbox 546 1410 708 1464; x_wconf 76' lang='lat' dir='ltr'><strong>Vens.</strong></span> <span class='ocrx_word' id='word_1_89' title='bbox 742 1410 829 1464; x_wconf 81' lang='grc'><strong>15.</strong></span> <span class='ocrx_word' id='word_1_90' title='bbox 858 1439 930 1448; x_wconf 91' lang='grc'><strong><em>-</em></strong></span> <span class='ocrx_word' id='word_1_91' title='bbox 952 1407 1019 1460; x_wconf 86' lang='lat' dir='ltr'><strong>Et</strong></span> <span class='ocrx_word' id='word_1_92' title='bbox 1051 1409 1196 1470; x_wconf 88' lang='lat' dir='ltr'><strong>vivet,</strong></span> <span class='ocrx_word' id='word_1_93' title='bbox 1237 1416 1282 1459; x_wconf 89' lang='lat' dir='ltr'><strong>et</strong></span> <span class='ocrx_word' id='word_1_94' title='bbox 1315 1405 1526 1457; x_wconf 88' lang='lat' dir='ltr'><strong>dabitur</strong></span> <span class='ocrx_word' id='word_1_95' title='bbox 1561 1402 1608 1455; x_wconf 87' lang='lat' dir='ltr'><strong>ei</strong></span> <span class='ocrx_word' id='word_1_96' title='bbox 1647 1402 1711 1455; x_wconf 83' lang='lat' dir='ltr'><strong>de</strong></span> <span class='ocrx_word' id='word_1_97' title='bbox 1758 1415 1908 1464; x_wconf 81' lang='lat' dir='ltr'><strong>auro,</strong></span> <span class='ocrx_word' id='word_1_98' title='bbox 1939 1407 2047 1453; x_wconf 86' lang='lat' dir='ltr'><strong>etc.</strong></span> 
     </span>
    </p>
   </div>
   <div class='ocr_carea' id='block_1_14' title="bbox 478 1487 2052 1569">
    <p class='ocr_par' dir='ltr' id='par_1_14' title="bbox 478 1487 2052 1569">
     <span class='ocr_line' id='line_1_14' title="bbox 478 1487 2052 1569; baseline -0.008 -14"><span class='ocrx_word' id='word_1_99' title='bbox 478 1499 649 1569; x_wconf 67' lang='lat' dir='ltr'><strong>(Cas.)</strong></span> <span class='ocrx_word' id='word_1_100' title='bbox 690 1499 764 1553; x_wconf 88' lang='lat' dir='ltr'><strong>De</strong></span> <span class='ocrx_word' id='word_1_101' title='bbox 807 1497 1216 1554; x_wconf 88' lang='lat' dir='ltr'><strong>honoriﬁcentia</strong></span> <span class='ocrx_word' id='word_1_102' title='bbox 1265 1496 1424 1565; x_wconf 86' lang='lat' dir='ltr'><strong>regis.</strong></span> <span class='ocrx_word' id='word_1_103' title='bbox 1465 1491 1694 1545; x_wconf 66' lang='lat' dir='ltr'><strong>Arabiae.</strong></span> <span class='ocrx_word' id='word_1_104' title='bbox 1733 1489 1915 1562; x_wconf 79' lang='lat' dir='ltr'><strong>(Auc.)</strong></span> <span class='ocrx_word' id='word_1_105' title='bbox 1946 1487 2052 1543; x_wconf 84' lang='lat' dir='ltr'><strong>Per</strong></span> 
     </span>
    </p>
   </div>
   <div class='ocr_carea' id='block_1_15' title="bbox 479 1584 2051 1662">
    <p class='ocr_par' dir='ltr' id='par_1_15' title="bbox 479 1584 2051 1662">
     <span class='ocr_line' id='line_1_15' title="bbox 479 1584 2051 1662; baseline -0.01 -15"><span class='ocrx_word' id='word_1_106' title='bbox 479 1593 755 1655; x_wconf 84' lang='lat' dir='ltr'><strong>Arabiam,</strong></span> <span class='ocrx_word' id='word_1_107' title='bbox 784 1599 1002 1662; x_wconf 86' lang='lat' dir='ltr'><strong>gentes;</strong></span> <span class='ocrx_word' id='word_1_108' title='bbox 1045 1603 1140 1660; x_wconf 91' lang='lat' dir='ltr'><strong>per</strong></span> <span class='ocrx_word' id='word_1_109' title='bbox 1169 1601 1379 1649; x_wconf 89' lang='lat' dir='ltr'><strong>aurum,</strong></span> <span class='ocrx_word' id='word_1_110' title='bbox 1420 1584 1761 1655; x_wconf 88' lang='lat' dir='ltr'><strong>sapientiam,</strong></span> <span class='ocrx_word' id='word_1_111' title='bbox 1790 1597 1910 1650; x_wconf 70' lang='lat' dir='ltr'><strong>quae</strong></span> <span class='ocrx_word' id='word_1_112' title='bbox 1953 1595 2051 1634; x_wconf 80' lang='lat' dir='ltr'><strong>ex-</strong></span> 
     </span>
    </p>
   </div>
   <div class='ocr_carea' id='block_1_16' title="bbox 479 1669 2054 1746">
    <p class='ocr_par' dir='ltr' id='par_1_16' title="bbox 479 1669 2054 1746">
     <span class='ocr_line' id='line_1_16' title="bbox 479 1669 2054 1746; baseline -0.008 -11"><span class='ocrx_word' id='word_1_113' title='bbox 479 1683 623 1736; x_wconf 89' lang='lat' dir='ltr'><strong>cellit</strong></span> <span class='ocrx_word' id='word_1_114' title='bbox 651 1684 791 1736; x_wconf 89' lang='lat' dir='ltr'><strong>inter</strong></span> <span class='ocrx_word' id='word_1_115' title='bbox 813 1681 1105 1736; x_wconf 83' lang='lat' dir='ltr'><strong>doctrinas.</strong></span> <span class='ocrx_word' id='word_1_116' title='bbox 1138 1678 1215 1732; x_wconf 82' lang='lat' dir='ltr'><strong>De</strong></span> <span class='ocrx_word' id='word_1_117' title='bbox 1251 1679 1362 1746; x_wconf 83' lang='lat' dir='ltr'><strong>ipso</strong></span> <span class='ocrx_word' id='word_1_118' title='bbox 1385 1691 1602 1745; x_wconf 87' lang='lat' dir='ltr'><strong>semper.</strong></span> <span class='ocrx_word' id='word_1_119' title='bbox 1645 1673 1769 1744; x_wconf 86' lang='lat' dir='ltr'><strong>(ln.)</strong></span> <span class='ocrx_word' id='word_1_120' title='bbox 1803 1669 2054 1739; x_wconf 78' lang='lat' dir='ltr'><strong>Multipli-</strong></span> 
     </span>
    </p>
   </div>
   <div class='ocr_carea' id='block_1_17' title="bbox 477 1762 2050 1838">
    <p class='ocr_par' dir='ltr' id='par_1_17' title="bbox 477 1762 2050 1838">
     <span class='ocr_line' id='line_1_17' title="bbox 477 1762 2050 1838; baseline -0.008 -12"><span class='ocrx_word' id='word_1_121' title='bbox 477 1774 681 1836; x_wconf 86' lang='lat' dir='ltr'><strong>cando,</strong></span> <span class='ocrx_word' id='word_1_122' title='bbox 730 1772 816 1827; x_wconf 87' lang='lat' dir='ltr'><strong>vel</strong></span> <span class='ocrx_word' id='word_1_123' title='bbox 864 1769 1262 1838; x_wconf 76' lang='lat' dir='ltr'><strong>consequentia,</strong></span> <span class='ocrx_word' id='word_1_124' title='bbox 1309 1766 1392 1821; x_wconf 91' lang='lat' dir='ltr'><strong>vel</strong></span> <span class='ocrx_word' id='word_1_125' title='bbox 1435 1768 1501 1820; x_wconf 92' lang='lat' dir='ltr'><strong>de</strong></span> <span class='ocrx_word' id='word_1_126' title='bbox 1545 1763 1662 1832; x_wconf 88' lang='lat' dir='ltr'><strong>ejus</strong></span> <span class='ocrx_word' id='word_1_127' title='bbox 1694 1762 2050 1827; x_wconf 84' lang='lat' dir='ltr'><strong>institutione,</strong></span> 
     </span>
    </p>
   </div>
   <div class='ocr_carea' id='block_1_18' title="bbox 474 1861 1148 1932">
    <p class='ocr_par' dir='ltr' id='par_1_18' title="bbox 474 1861 1148 1932">
     <span class='ocr_line' id='line_1_18' title="bbox 474 1861 1148 1932; baseline -0.006 -16"><span class='ocrx_word' id='word_1_128' title='bbox 474 1864 599 1932; x_wconf 89' lang='lat' dir='ltr'><strong>quia</strong></span> <span class='ocrx_word' id='word_1_129' title='bbox 629 1864 741 1932; x_wconf 90' lang='lat' dir='ltr'><strong>ipse</strong></span> <span class='ocrx_word' id='word_1_130' title='bbox 765 1877 922 1916; x_wconf 89' lang='lat' dir='ltr'><strong>orare</strong></span> <span class='ocrx_word' id='word_1_131' title='bbox 950 1861 1148 1916; x_wconf 88' lang='lat' dir='ltr'><strong>docuit.</strong></span> 
     </span>
    </p>
   </div>
   <div class='ocr_carea' id='block_1_19' title="bbox 2149 669 3751 736">
    <p class='ocr_par' dir='ltr' id='par_1_19' title="bbox 2149 669 3751 736">
     <span class='ocr_line' id='line_1_19' title="bbox 2149 669 3751 736; baseline 0.001 -11"><span class='ocrx_word' id='word_1_132' title='bbox 2149 680 2291 736; x_wconf 86' lang='lat' dir='ltr'><strong>erat,</strong></span> <span class='ocrx_word' id='word_1_133' title='bbox 2323 671 2417 725; x_wconf 90' lang='lat' dir='ltr'><strong>sed</strong></span> <span class='ocrx_word' id='word_1_134' title='bbox 2447 669 2718 724; x_wconf 89' lang='lat' dir='ltr'><strong>occultum</strong></span> <span class='ocrx_word' id='word_1_135' title='bbox 2749 689 2762 725; x_wconf 91' lang='lat'><strong>:</strong></span> <span class='ocrx_word' id='word_1_136' title='bbox 2813 671 2954 725; x_wconf 87' lang='lat' dir='ltr'><strong>sicut</strong></span> <span class='ocrx_word' id='word_1_137' title='bbox 2982 679 3037 725; x_wconf 89' lang='lat' dir='ltr'><strong>et</strong></span> <span class='ocrx_word' id='word_1_138' title='bbox 3066 670 3317 728; x_wconf 86' lang='lat' dir='ltr'><strong>Christus</strong></span> <span class='ocrx_word' id='word_1_139' title='bbox 3365 673 3420 727; x_wconf 91' lang='lat' dir='ltr'><strong>in</strong></span> <span class='ocrx_word' id='word_1_140' title='bbox 3467 674 3646 728; x_wconf 84' lang='lat' dir='ltr'><strong>David</strong></span> <span class='ocrx_word' id='word_1_141' title='bbox 3695 682 3751 727; x_wconf 81' lang='lat' dir='ltr'><strong>et</strong></span> 
     </span>
    </p>
   </div>
   <div class='ocr_carea' id='block_1_20' title="bbox 2143 761 3750 829">
    <p class='ocr_par' dir='ltr' id='par_1_20' title="bbox 2143 761 3750 829">
     <span class='ocr_line' id='line_1_20' title="bbox 2143 761 3750 829; baseline 0.002 -13"><span class='ocrx_word' id='word_1_142' title='bbox 2143 763 2199 816; x_wconf 90' lang='lat' dir='ltr'><strong>in</strong></span> <span class='ocrx_word' id='word_1_143' title='bbox 2226 761 2521 826; x_wconf 80' lang='lat' dir='ltr'><strong>Abraham,</strong></span> <span class='ocrx_word' id='word_1_144' title='bbox 2552 762 2647 816; x_wconf 89' lang='lat' dir='ltr'><strong>sed</strong></span> <span class='ocrx_word' id='word_1_145' title='bbox 2676 762 2939 829; x_wconf 88' lang='lat' dir='ltr'><strong>occultus,</strong></span> <span class='ocrx_word' id='word_1_146' title='bbox 2971 772 3030 817; x_wconf 91' lang='lat' dir='ltr'><strong>ut</strong></span> <span class='ocrx_word' id='word_1_147' title='bbox 3078 763 3286 818; x_wconf 81' lang='lat' dir='ltr'><strong>fructus</strong></span> <span class='ocrx_word' id='word_1_148' title='bbox 3335 765 3499 821; x_wconf 79' lang='lat' dir='ltr'><strong>est-in</strong></span> <span class='ocrx_word' id='word_1_149' title='bbox 3534 766 3750 828; x_wconf 77' lang='lat' dir='ltr'><strong>radice,</strong></span> 
     </span>
    </p>
   </div>
   <div class='ocr_carea' id='block_1_21' title="bbox 2144 853 3752 926">
    <p class='ocr_par' dir='ltr' id='par_1_21' title="bbox 2144 853 3752 926">
     <span class='ocr_line' id='line_1_21' title="bbox 2144 853 3752 926; baseline 0.001 -19"><span class='ocrx_word' id='word_1_150' title='bbox 2144 853 2238 907; x_wconf 84' lang='lat' dir='ltr'><strong>sed</strong></span> <span class='ocrx_word' id='word_1_151' title='bbox 2263 867 2372 908; x_wconf 88' lang='lat' dir='ltr'><strong>non</strong></span> <span class='ocrx_word' id='word_1_152' title='bbox 2401 861 2641 924; x_wconf 87' lang='lat' dir='ltr'><strong>apparet.</strong></span> <span class='ocrx_word' id='word_1_153' title='bbox 2671 853 2950 909; x_wconf 79' lang='lat' dir='ltr'><strong>Noverunt</strong></span> <span class='ocrx_word' id='word_1_154' title='bbox 2976 863 3154 909; x_wconf 89' lang='lat' dir='ltr'><strong>autem</strong></span> <span class='ocrx_word' id='word_1_155' title='bbox 3180 857 3337 926; x_wconf 84' lang='lat' dir='ltr'><strong>pauci</strong></span> <span class='ocrx_word' id='word_1_156' title='bbox 3362 855 3660 926; x_wconf 65' lang='lat' dir='ltr'><strong>Propheta</strong></span> <span class='ocrx_word' id='word_1_157' title='bbox 3695 866 3752 909; x_wconf 80' lang='lat' dir='ltr'><strong>et</strong></span> 
     </span>
    </p>
   </div>
   <div class='ocr_carea' id='block_1_22' title="bbox 2146 941 3752 1009">
    <p class='ocr_par' dir='ltr' id='par_1_22' title="bbox 2146 941 3752 1009">
     <span class='ocr_line' id='line_1_22' title="bbox 2146 941 3752 1009; baseline 0.003 -12"><span class='ocrx_word' id='word_1_158' title='bbox 2146 941 2444 1009; x_wconf 89' lang='lat' dir='ltr'><strong>Christum,</strong></span> <span class='ocrx_word' id='word_1_159' title='bbox 2485 952 2541 998; x_wconf 86' lang='lat' dir='ltr'><strong>et</strong></span> <span class='ocrx_word' id='word_1_160' title='bbox 2569 942 2776 998; x_wconf 86' lang='lat' dir='ltr'><strong>Novum</strong></span> <span class='ocrx_word' id='word_1_161' title='bbox 2821 945 3246 1008; x_wconf 83' lang='lat' dir='ltr'><strong>Testamentum.</strong></span> <span class='ocrx_word' id='word_1_162' title='bbox 3299 945 3510 1003; x_wconf 84' lang='lat' dir='ltr'><strong>scilicet</strong></span> <span class='ocrx_word' id='word_1_163' title='bbox 3567 950 3626 1002; x_wconf 88' lang='lat' dir='ltr'><strong>in</strong></span> <span class='ocrx_word' id='word_1_164' title='bbox 3657 961 3752 1002; x_wconf 89' lang='lat' dir='ltr'><strong>oc-</strong></span> 
     </span>
    </p>
   </div>
   <div class='ocr_carea' id='block_1_23' title="bbox 2147 1033 3753 1108">
    <p class='ocr_par' dir='ltr' id='par_1_23' title="bbox 2147 1033 3753 1108">
     <span class='ocr_line' id='line_1_23' title="bbox 2147 1033 3753 1108; baseline 0.002 -20"><span class='ocrx_word' id='word_1_165' title='bbox 2147 1033 2309 1100; x_wconf 89' lang='lat' dir='ltr'><strong>culto,</strong></span> <span class='ocrx_word' id='word_1_166' title='bbox 2333 1043 2388 1089; x_wconf 89' lang='lat' dir='ltr'><strong>et</strong></span> <span class='ocrx_word' id='word_1_167' title='bbox 2416 1036 2908 1104; x_wconf 83' lang='lat' dir='ltr'><strong>pronuntiaverunt</strong></span> <span class='ocrx_word' id='word_1_168' title='bbox 2939 1036 3307 1091; x_wconf 89' lang='lat' dir='ltr'><strong>revelandum.</strong></span> <span class='ocrx_word' id='word_1_169' title='bbox 3331 1036 3426 1092; x_wconf 91' lang='lat' dir='ltr'><strong>lllo</strong></span> <span class='ocrx_word' id='word_1_170' title='bbox 3454 1049 3590 1108; x_wconf 85' lang='lat' dir='ltr'><strong>ergo</strong></span> <span class='ocrx_word' id='word_1_171' title='bbox 3609 1045 3753 1093; x_wconf 87' lang='lat' dir='ltr'><strong>tem-</strong></span> 
     </span>
    </p>
   </div>
   <div class='ocr_carea' id='block_1_24' title="bbox 2146 1126 3754 1198">
    <p class='ocr_par' dir='ltr' id='par_1_24' title="bbox 2146 1126 3754 1198">
     <span class='ocr_line' id='line_1_24' title="bbox 2146 1126 3754 1198; baseline 0.002 -19"><span class='ocrx_word' id='word_1_172' title='bbox 2146 1141 2294 1196; x_wconf 90' lang='lat' dir='ltr'><strong>pore,</strong></span> <span class='ocrx_word' id='word_1_173' title='bbox 2323 1141 2421 1195; x_wconf 91' lang='lat' dir='ltr'><strong>pro</strong></span> <span class='ocrx_word' id='word_1_174' title='bbox 2443 1141 2608 1196; x_wconf 88' lang='lat' dir='ltr'><strong>regno</strong></span> <span class='ocrx_word' id='word_1_175' title='bbox 2635 1126 2748 1191; x_wconf 89' lang='lat' dir='ltr'><strong>illo,</strong></span> <span class='ocrx_word' id='word_1_176' title='bbox 2775 1128 2865 1181; x_wconf 92' lang='lat' dir='ltr'><strong>ubi</strong></span> <span class='ocrx_word' id='word_1_177' title='bbox 2897 1128 3140 1198; x_wconf 76' lang='lat' dir='ltr'><strong>regnavit</strong></span> <span class='ocrx_word' id='word_1_178' title='bbox 3164 1128 3326 1182; x_wconf 87' lang='lat' dir='ltr'><strong>homo</strong></span> <span class='ocrx_word' id='word_1_179' title='bbox 3377 1128 3526 1186; x_wconf 86' lang='lat' dir='ltr'><strong>ﬁlius</strong></span> <span class='ocrx_word' id='word_1_180' title='bbox 3571 1127 3754 1194; x_wconf 81' lang='lat' dir='ltr'><strong>Jesse,</strong></span> 
     </span>
    </p>
   </div>
   <div class='ocr_carea' id='block_1_25' title="bbox 2148 1215 3756 1290">
    <p class='ocr_par' dir='ltr' id='par_1_25' title="bbox 2148 1215 3756 1290">
     <span class='ocr_line' id='line_1_25' title="bbox 2148 1215 3756 1290; baseline 0.003 -21"><span class='ocrx_word' id='word_1_181' title='bbox 2148 1231 2247 1286; x_wconf 90' lang='lat' dir='ltr'><strong>pro</strong></span> <span class='ocrx_word' id='word_1_182' title='bbox 2271 1215 2573 1285; x_wconf 87' lang='lat' dir='ltr'><strong>hujusmodi</strong></span> <span class='ocrx_word' id='word_1_183' title='bbox 2615 1218 2926 1274; x_wconf 88' lang='lat' dir='ltr'><strong>carnalibus</strong></span> <span class='ocrx_word' id='word_1_184' title='bbox 2956 1219 3193 1273; x_wconf 87' lang='lat' dir='ltr'><strong>carnalis</strong></span> <span class='ocrx_word' id='word_1_185' title='bbox 3215 1221 3443 1290; x_wconf 89' lang='lat' dir='ltr'><strong>populus</strong></span> <span class='ocrx_word' id='word_1_186' title='bbox 3489 1219 3756 1275; x_wconf 80' lang='lat' dir='ltr'><strong>laudabat</strong></span> 
     </span>
    </p>
   </div>
   <div class='ocr_carea' id='block_1_26' title="bbox 2150 1307 3754 1380">
    <p class='ocr_par' dir='ltr' id='par_1_26' title="bbox 2150 1307 3754 1380">
     <span class='ocr_line' id='line_1_26' title="bbox 2150 1307 3754 1380; baseline 0.002 -17"><span class='ocrx_word' id='word_1_187' title='bbox 2150 1307 2340 1364; x_wconf 90' lang='lat' dir='ltr'><strong>Deum.</strong></span> <span class='ocrx_word' id='word_1_188' title='bbox 2375 1309 2480 1364; x_wconf 90' lang='lat' dir='ltr'><strong>Sed</strong></span> <span class='ocrx_word' id='word_1_189' title='bbox 2519 1325 2684 1380; x_wconf 88' lang='lat' dir='ltr'><strong>regno</strong></span> <span class='ocrx_word' id='word_1_190' title='bbox 2710 1310 2802 1366; x_wconf 87' lang='lat' dir='ltr'><strong>illo</strong></span> <span class='ocrx_word' id='word_1_191' title='bbox 2827 1320 2881 1366; x_wconf 93' lang='lat' dir='ltr'><strong>et</strong></span> <span class='ocrx_word' id='word_1_192' title='bbox 2897 1312 3107 1366; x_wconf 58' lang='lat' dir='ltr'><strong>caeteris</strong></span> <span class='ocrx_word' id='word_1_193' title='bbox 3139 1310 3445 1379; x_wconf 88' lang='lat' dir='ltr'><strong>hujusmodi</strong></span> <span class='ocrx_word' id='word_1_194' title='bbox 3481 1312 3754 1367; x_wconf 82' lang='lat' dir='ltr'><strong>deﬁcien-</strong></span> 
     </span>
    </p>
   </div>
   <div class='ocr_carea' id='block_1_27' title="bbox 2151 1401 3758 1472">
    <p class='ocr_par' dir='ltr' id='par_1_27' title="bbox 2151 1401 3758 1472">
     <span class='ocr_line' id='line_1_27' title="bbox 2151 1401 3758 1472; baseline 0.002 -18"><span class='ocrx_word' id='word_1_195' title='bbox 2151 1401 2312 1465; x_wconf 89' lang='lat' dir='ltr'><strong>tibus,</strong></span> <span class='ocrx_word' id='word_1_196' title='bbox 2338 1401 2516 1456; x_wconf 90' lang='lat' dir='ltr'><strong>deﬁcit</strong></span> <span class='ocrx_word' id='word_1_197' title='bbox 2537 1402 2675 1464; x_wconf 87' lang='lat' dir='ltr'><strong>laus,</strong></span> <span class='ocrx_word' id='word_1_198' title='bbox 2723 1418 2830 1457; x_wconf 92' lang='lat' dir='ltr'><strong>non</strong></span> <span class='ocrx_word' id='word_1_199' title='bbox 2875 1402 2996 1457; x_wconf 89' lang='lat' dir='ltr'><strong>Filii</strong></span> <span class='ocrx_word' id='word_1_200' title='bbox 3023 1403 3136 1466; x_wconf 89' lang='lat' dir='ltr'><strong>Dei,</strong></span> <span class='ocrx_word' id='word_1_201' title='bbox 3168 1404 3260 1458; x_wconf 88' lang='lat' dir='ltr'><strong>sed</strong></span> <span class='ocrx_word' id='word_1_202' title='bbox 3289 1404 3392 1472; x_wconf 73' lang='lat' dir='ltr'><strong>filii</strong></span> <span class='ocrx_word' id='word_1_203' title='bbox 3431 1404 3609 1457; x_wconf 82' lang='lat' dir='ltr'><strong>Jesse.</strong></span> <span class='ocrx_word' id='word_1_204' title='bbox 3657 1404 3758 1458; x_wconf 80' lang='lat' dir='ltr'><strong>His</strong></span> 
     </span>
    </p>
   </div>
   <div class='ocr_carea' id='block_1_28' title="bbox 2153 1493 3757 1564">
    <p class='ocr_par' dir='ltr' id='par_1_28' title="bbox 2153 1493 3757 1564">
     <span class='ocr_line' id='line_1_28' title="bbox 2153 1493 3757 1564; baseline 0.001 -18"><span class='ocrx_word' id='word_1_205' title='bbox 2153 1503 2329 1547; x_wconf 88' lang='lat' dir='ltr'><strong>autem</strong></span> <span class='ocrx_word' id='word_1_206' title='bbox 2357 1494 2728 1548; x_wconf 89' lang='lat' dir='ltr'><strong>deﬁcientibus</strong></span> <span class='ocrx_word' id='word_1_207' title='bbox 2769 1509 2890 1564; x_wconf 63' lang='lat' dir='ltr'><strong>quae</strong></span> <span class='ocrx_word' id='word_1_208' title='bbox 2937 1493 3080 1549; x_wconf 92' lang='lat' dir='ltr'><strong>Deus</strong></span> <span class='ocrx_word' id='word_1_209' title='bbox 3121 1496 3396 1549; x_wconf 78' lang='lat' dir='ltr'><strong>subtraxit</strong></span> <span class='ocrx_word' id='word_1_210' title='bbox 3447 1504 3510 1548; x_wconf 91' lang='lat' dir='ltr'><strong>ut</strong></span> <span class='ocrx_word' id='word_1_211' title='bbox 3542 1509 3757 1563; x_wconf 66' lang='lat' dir='ltr'><strong>quaere-</strong></span> 
     </span>
    </p>
   </div>
   <div class='ocr_carea' id='block_1_29' title="bbox 2154 1588 3758 1658">
    <p class='ocr_par' dir='ltr' id='par_1_29' title="bbox 2154 1588 3758 1658">
     <span class='ocr_line' id='line_1_29' title="bbox 2154 1588 3758 1658; baseline 0.001 -18"><span class='ocrx_word' id='word_1_212' title='bbox 2154 1595 2342 1640; x_wconf 89' lang='lat' dir='ltr'><strong>rentur</strong></span> <span class='ocrx_word' id='word_1_213' title='bbox 2366 1601 2429 1640; x_wconf 92' lang='lat' dir='ltr'><strong>ea</strong></span> <span class='ocrx_word' id='word_1_214' title='bbox 2473 1601 2592 1655; x_wconf 81' lang='lat' dir='ltr'><strong>quae</strong></span> <span class='ocrx_word' id='word_1_215' title='bbox 2637 1588 2846 1642; x_wconf 89' lang='lat' dir='ltr'><strong>occulta</strong></span> <span class='ocrx_word' id='word_1_216' title='bbox 2879 1588 2930 1642; x_wconf 91' lang='lat' dir='ltr'><strong>in</strong></span> <span class='ocrx_word' id='word_1_217' title='bbox 2980 1588 3084 1642; x_wconf 91' lang='lat' dir='ltr'><strong>illis</strong></span> <span class='ocrx_word' id='word_1_218' title='bbox 3123 1592 3473 1658; x_wconf 82' lang='lat' dir='ltr'><strong>tegebantur,</strong></span> <span class='ocrx_word' id='word_1_219' title='bbox 3501 1589 3758 1657; x_wconf 85' lang='lat' dir='ltr'><strong>loquitur</strong></span> 
     </span>
    </p>
   </div>
   <div class='ocr_carea' id='block_1_30' title="bbox 2155 1675 3754 1749">
    <p class='ocr_par' dir='ltr' id='par_1_30' title="bbox 2155 1675 3754 1749">
     <span class='ocr_line' id='line_1_30' title="bbox 2155 1675 3754 1749; baseline 0.004 -22"><span class='ocrx_word' id='word_1_220' title='bbox 2155 1675 2350 1744; x_wconf 82' lang='lat' dir='ltr'><strong>Asaplt,</strong></span> <span class='ocrx_word' id='word_1_221' title='bbox 2381 1676 2432 1729; x_wconf 94' lang='lat' dir='ltr'><strong>id</strong></span> <span class='ocrx_word' id='word_1_222' title='bbox 2460 1683 2545 1731; x_wconf 87' lang='lat' dir='ltr'><strong>est</strong></span> <span class='ocrx_word' id='word_1_223' title='bbox 2583 1676 2888 1749; x_wconf 83' lang='lat' dir='ltr'><strong>Synagoga.</strong></span> <span class='ocrx_word' id='word_1_224' title='bbox 2922 1681 3014 1732; x_wconf 88' lang='lat' dir='ltr'><strong>sed</strong></span> <span class='ocrx_word' id='word_1_225' title='bbox 3059 1677 3255 1744; x_wconf 88' lang='lat' dir='ltr'><strong>ﬁdelis,</strong></span> <span class='ocrx_word' id='word_1_226' title='bbox 3284 1685 3405 1749; x_wconf 72' lang='lat' dir='ltr'><strong>quae</strong></span> <span class='ocrx_word' id='word_1_227' title='bbox 3450 1681 3546 1749; x_wconf 84' lang='lat' dir='ltr'><strong>pie</strong></span> <span class='ocrx_word' id='word_1_228' title='bbox 3577 1680 3754 1734; x_wconf 85' lang='lat' dir='ltr'><strong>Deum</strong></span> 
     </span>
    </p>
   </div>
   <div class='ocr_carea' id='block_1_31' title="bbox 2154 1765 3754 1840">
    <p class='ocr_par' dir='ltr' id='par_1_31' title="bbox 2154 1765 3754 1840">
     <span class='ocr_line' id='line_1_31' title="bbox 2154 1765 3754 1840; baseline 0.004 -21"><span class='ocrx_word' id='word_1_229' title='bbox 2154 1765 2339 1829; x_wconf 90' lang='lat' dir='ltr'><strong>coluit,</strong></span> <span class='ocrx_word' id='word_1_230' title='bbox 2374 1766 2500 1820; x_wconf 89' lang='lat' dir='ltr'><strong>licet</strong></span> <span class='ocrx_word' id='word_1_231' title='bbox 2527 1779 2751 1837; x_wconf 83' lang='lat' dir='ltr'><strong>prepter</strong></span> <span class='ocrx_word' id='word_1_232' title='bbox 2781 1777 3016 1834; x_wconf 88' lang='lat' dir='ltr'><strong>terrena,</strong></span> <span class='ocrx_word' id='word_1_233' title='bbox 3049 1786 3169 1840; x_wconf 64' lang='lat' dir='ltr'><strong>quae</strong></span> <span class='ocrx_word' id='word_1_234' title='bbox 3197 1786 3227 1824; x_wconf 90' lang='lat' dir='ltr'><strong>a</strong></span> <span class='ocrx_word' id='word_1_235' title='bbox 3257 1771 3384 1836; x_wconf 87' lang='lat' dir='ltr'><strong>Deo,</strong></span> <span class='ocrx_word' id='word_1_236' title='bbox 3425 1786 3539 1824; x_wconf 89' lang='lat' dir='ltr'><strong>non</strong></span> <span class='ocrx_word' id='word_1_237' title='bbox 3587 1787 3620 1824; x_wconf 86' lang='lat' dir='ltr'><strong>a</strong></span> <span class='ocrx_word' id='word_1_238' title='bbox 3651 1772 3754 1825; x_wconf 50' lang='lat' dir='ltr'><strong>das</strong></span> 
     </span>
    </p>
   </div>
   <div class='ocr_carea' id='block_1_32' title="bbox 2159 1860 3760 1931">
    <p class='ocr_par' dir='ltr' id='par_1_32' title="bbox 2159 1860 3760 1931">
     <span class='ocr_line' id='line_1_32' title="bbox 2159 1860 3760 1931; baseline 0.005 -20"><span class='ocrx_word' id='word_1_239' title='bbox 2159 1860 2434 1924; x_wconf 91' lang='lat' dir='ltr'><strong>monibus,</strong></span> <span class='ocrx_word' id='word_1_240' title='bbox 2477 1867 2535 1914; x_wconf 86' lang='lat' dir='ltr'><strong>ut</strong></span> <span class='ocrx_word' id='word_1_241' title='bbox 2580 1869 2804 1931; x_wconf 85' lang='lat' dir='ltr'><strong>gentes,</strong></span> <span class='ocrx_word' id='word_1_242' title='bbox 2861 1863 3156 1931; x_wconf 71' lang='lat' dir='ltr'><strong>quaerebat.</strong></span> <span class='ocrx_word' id='word_1_243' title='bbox 3210 1865 3512 1921; x_wconf 84' lang='lat' dir='ltr'><strong>Attendens</strong></span> <span class='ocrx_word' id='word_1_244' title='bbox 3574 1875 3760 1920; x_wconf 80' lang='lat' dir='ltr'><strong>autem</strong></span> 
     </span>
    </p>
   </div>
   <div class='ocr_carea' id='block_1_33' title="bbox 551 1941 3758 2025">
    <p class='ocr_par' dir='ltr' id='par_1_33' title="bbox 551 1941 3758 2025">
     <span class='ocr_line' id='line_1_33' title="bbox 551 1941 3758 2025; baseline 0.001 -17"><span class='ocrx_word' id='word_1_245' title='bbox 551 1955 709 2010; x_wconf 72' lang='lat' dir='ltr'><strong>Vens.</strong></span> <span class='ocrx_word' id='word_1_246' title='bbox 748 1954 1387 2009; x_wconf 78' lang='lat' dir='ltr'><strong>iB.-—Firmamentum.</strong></span> <span class='ocrx_word' id='word_1_247' title='bbox 1433 1951 1614 2022; x_wconf 74' lang='grc' dir='ltr'><strong>(Ᾱυσ.)</strong></span> <span class='ocrx_word' id='word_1_248' title='bbox 1662 1947 2052 2020; x_wconf 88' lang='lat' dir='ltr'><strong>Prophetarum</strong></span> <span class='ocrx_word' id='word_1_249' title='bbox 2084 1941 2130 2003; x_wconf 80' lang='grc' dir='ltr'><strong>Β</strong></span> <span class='ocrx_word' id='word_1_250' title='bbox 2157 1949 2498 2021; x_wconf 88' lang='lat' dir='ltr'><strong>blasphemos</strong></span> <span class='ocrx_word' id='word_1_251' title='bbox 2552 1953 2637 2007; x_wconf 86' lang='lat' dir='ltr'><strong>his</strong></span> <span class='ocrx_word' id='word_1_252' title='bbox 2683 1953 2998 2018; x_wconf 87' lang='lat' dir='ltr'><strong>abundare,</strong></span> <span class='ocrx_word' id='word_1_253' title='bbox 3053 1971 3152 2024; x_wconf 88' lang='lat' dir='ltr'><strong>pro</strong></span> <span class='ocrx_word' id='word_1_254' title='bbox 3207 1955 3403 2025; x_wconf 87' lang='lat' dir='ltr'><strong>quibus</strong></span> <span class='ocrx_word' id='word_1_255' title='bbox 3449 1958 3758 2023; x_wconf 83' lang='lat' dir='ltr'><strong>serviebat,</strong></span> 
     </span>
    </p>
   </div>
   <div class='ocr_carea' id='block_1_34' title="bbox 480 2042 2054 2119">
    <p class='ocr_par' dir='ltr' id='par_1_34' title="bbox 480 2042 2054 2119">
     <span class='ocr_line' id='line_1_34' title="bbox 480 2042 2054 2119; baseline -0.005 -15"><span class='ocrx_word' id='word_1_256' title='bbox 480 2057 581 2114; x_wconf 92' lang='lat' dir='ltr'><strong>cst,</strong></span> <span class='ocrx_word' id='word_1_257' title='bbox 629 2049 753 2119; x_wconf 90' lang='lat' dir='ltr'><strong>quia</strong></span> <span class='ocrx_word' id='word_1_258' title='bbox 801 2048 944 2116; x_wconf 92' lang='lat' dir='ltr'><strong>quod</strong></span> <span class='ocrx_word' id='word_1_259' title='bbox 987 2047 1371 2117; x_wconf 71' lang='lat' dir='ltr'><strong>praedixerunt,</strong></span> <span class='ocrx_word' id='word_1_260' title='bbox 1422 2043 1682 2114; x_wconf 83' lang='lat' dir='ltr'><strong>implevit.</strong></span> <span class='ocrx_word' id='word_1_261' title='bbox 1732 2042 1798 2096; x_wconf 89' lang='lat' dir='ltr'><strong>In</strong></span> <span class='ocrx_word' id='word_1_262' title='bbox 1839 2045 2054 2096; x_wconf 82' lang='lat' dir='ltr'><strong>summis</strong></span> 
     </span>
    </p>
   </div>
   <div class='ocr_carea' id='block_1_35' title="bbox 482 2135 2056 2211">
    <p class='ocr_par' dir='ltr' id='par_1_35' title="bbox 482 2135 2056 2211">
     <span class='ocr_line' id='line_1_35' title="bbox 482 2135 2056 2211; baseline -0.003 -17"><span class='ocrx_word' id='word_1_263' title='bbox 482 2143 753 2194; x_wconf 80' lang='lat' dir='ltr'><strong>utentium.</strong></span> <span class='ocrx_word' id='word_1_264' title='bbox 789 2141 912 2211; x_wconf 78' lang='lat' dir='ltr'><strong>(1b.)</strong></span> <span class='ocrx_word' id='word_1_265' title='bbox 953 2139 1216 2194; x_wconf 80' lang='lat' dir='ltr'><strong>Auctores</strong></span> <span class='ocrx_word' id='word_1_266' title='bbox 1251 2137 1649 2208; x_wconf 88' lang='lat' dir='ltr'><strong>Scripturarum</strong></span> <span class='ocrx_word' id='word_1_267' title='bbox 1679 2135 1963 2206; x_wconf 77' lang='lat' dir='ltr'><strong>Propheta:</strong></span> <span class='ocrx_word' id='word_1_268' title='bbox 2001 2145 2056 2189; x_wconf 91' lang='lat' dir='ltr'><strong>ct</strong></span> 
     </span>
    </p>
   </div>
   <div class='ocr_carea' id='block_1_36' title="bbox 479 2226 2054 2309">
    <p class='ocr_par' dir='ltr' id='par_1_36' title="bbox 479 2226 2054 2309">
     <span class='ocr_line' id='line_1_36' title="bbox 479 2226 2054 2309; baseline -0.004 -22"><span class='ocrx_word' id='word_1_269' title='bbox 479 2232 747 2302; x_wconf 82' lang='lat' dir='ltr'><strong>Apostoli;</strong></span> <span class='ocrx_word' id='word_1_270' title='bbox 795 2248 929 2302; x_wconf 90' lang='lat' dir='ltr'><strong>quos</strong></span> <span class='ocrx_word' id='word_1_271' title='bbox 949 2231 1161 2297; x_wconf 87' lang='lat' dir='ltr'><strong>ﬁrmat,</strong></span> <span class='ocrx_word' id='word_1_272' title='bbox 1201 2230 1328 2309; x_wconf 79' lang='lat' dir='ltr'><strong>quia</strong></span> <span class='ocrx_word' id='word_1_273' title='bbox 1357 2229 1536 2284; x_wconf 89' lang='lat' dir='ltr'><strong>omnia</strong></span> <span class='ocrx_word' id='word_1_274' title='bbox 1559 2227 1627 2281; x_wconf 90' lang='lat' dir='ltr'><strong>ab</strong></span> <span class='ocrx_word' id='word_1_275' title='bbox 1655 2226 1760 2282; x_wconf 89' lang='lat' dir='ltr'><strong>illis</strong></span> <span class='ocrx_word' id='word_1_276' title='bbox 1800 2227 2054 2297; x_wconf 61' lang='lat' dir='ltr'><strong>praedicta</strong></span> 
     </span>
    </p>
   </div>
   <div class='ocr_carea' id='block_1_37' title="bbox 479 2323 1053 2393">
    <p class='ocr_par' dir='ltr' id='par_1_37' title="bbox 479 2323 1053 2393">
     <span class='ocr_line' id='line_1_37' title="bbox 479 2323 1053 2393; baseline -0.003 -16"><span class='ocrx_word' id='word_1_277' title='bbox 479 2323 532 2377; x_wconf 89' lang='lat' dir='ltr'><strong>in</strong></span> <span class='ocrx_word' id='word_1_278' title='bbox 556 2323 642 2376; x_wconf 92' lang='lat' dir='ltr'><strong>illo</strong></span> <span class='ocrx_word' id='word_1_279' title='bbox 671 2331 793 2376; x_wconf 91' lang='lat' dir='ltr'><strong>sunt</strong></span> <span class='ocrx_word' id='word_1_280' title='bbox 816 2323 1053 2393; x_wconf 89' lang='lat' dir='ltr'><strong>impleta.</strong></span> 
     </span>
    </p>
   </div>
   <div class='ocr_carea' id='block_1_38' title="bbox 550 2412 2054 2484">
    <p class='ocr_par' dir='ltr' id='par_1_38' title="bbox 550 2412 2054 2484">
     <span class='ocr_line' id='line_1_38' title="bbox 550 2412 2054 2484; baseline -0.001 -19"><span class='ocrx_word' id='word_1_281' title='bbox 550 2412 616 2466; x_wconf 85' lang='lat' dir='ltr'><strong>In</strong></span> <span class='ocrx_word' id='word_1_282' title='bbox 660 2425 818 2468; x_wconf 88' lang='lat' dir='ltr'><strong>terra.</strong></span> <span class='ocrx_word' id='word_1_283' title='bbox 870 2414 1007 2482; x_wconf 77' lang='lat' dir='ltr'><strong>Quia</strong></span> <span class='ocrx_word' id='word_1_284' title='bbox 1052 2421 1271 2484; x_wconf 78' lang='lat' dir='ltr'><strong>propter</strong></span> <span class='ocrx_word' id='word_1_285' title='bbox 1318 2427 1413 2467; x_wconf 87' lang='lat' dir='ltr'><strong>eos</strong></span> <span class='ocrx_word' id='word_1_286' title='bbox 1462 2413 1554 2482; x_wconf 91' lang='lat' dir='ltr'><strong>qui</strong></span> <span class='ocrx_word' id='word_1_287' title='bbox 1614 2412 1666 2466; x_wconf 90' lang='lat' dir='ltr'><strong>in</strong></span> <span class='ocrx_word' id='word_1_288' title='bbox 1723 2419 1864 2466; x_wconf 87' lang='lat' dir='ltr'><strong>terra</strong></span> <span class='ocrx_word' id='word_1_289' title='bbox 1911 2419 2054 2477; x_wconf 88' lang='lat' dir='ltr'><strong>sunt,</strong></span> 
     </span>
    </p>
   </div>
   <div class='ocr_carea' id='block_1_39' title="bbox 479 2503 2058 2574">
    <p class='ocr_par' dir='ltr' id='par_1_39' title="bbox 479 2503 2058 2574">
     <span class='ocr_line' id='line_1_39' title="bbox 479 2503 2058 2574; baseline -0.001 -16"><span class='ocrx_word' id='word_1_290' title='bbox 479 2505 658 2558; x_wconf 86' lang='lat' dir='ltr'><strong>omnia</strong></span> <span class='ocrx_word' id='word_1_291' title='bbox 689 2506 888 2574; x_wconf 84' lang='lat' dir='ltr'><strong>scripta</strong></span> <span class='ocrx_word' id='word_1_292' title='bbox 917 2513 1061 2561; x_wconf 87' lang='lat' dir='ltr'><strong>sunt.</strong></span> <span class='ocrx_word' id='word_1_293' title='bbox 1091 2505 1242 2560; x_wconf 86' lang='lat' dir='ltr'><strong>Unde</strong></span> <span class='ocrx_word' id='word_1_294' title='bbox 1269 2513 1323 2560; x_wconf 91' lang='lat' dir='ltr'><strong>et</strong></span> <span class='ocrx_word' id='word_1_295' title='bbox 1357 2504 1470 2574; x_wconf 91' lang='lat' dir='ltr'><strong>ipse</strong></span> <span class='ocrx_word' id='word_1_296' title='bbox 1495 2503 1547 2558; x_wconf 89' lang='lat' dir='ltr'><strong>in</strong></span> <span class='ocrx_word' id='word_1_297' title='bbox 1584 2512 1782 2558; x_wconf 90' lang='lat' dir='ltr'><strong>terram</strong></span> <span class='ocrx_word' id='word_1_298' title='bbox 1808 2504 1977 2567; x_wconf 90' lang='lat' dir='ltr'><strong>venit,</strong></span> <span class='ocrx_word' id='word_1_299' title='bbox 1999 2511 2058 2557; x_wconf 94' lang='lat' dir='ltr'><strong>ut</strong></span> 
     </span>
    </p>
   </div>
   <div class='ocr_carea' id='block_1_40' title="bbox 481 2596 834 2666">
    <p class='ocr_par' dir='ltr' id='par_1_40' title="bbox 481 2596 834 2666">
     <span class='ocr_line' id='line_1_40' title="bbox 481 2596 834 2666; baseline -0.003 -16"><span class='ocrx_word' id='word_1_300' title='bbox 481 2610 543 2650; x_wconf 87' lang='lat' dir='ltr'><strong>ea</strong></span> <span class='ocrx_word' id='word_1_301' title='bbox 572 2596 834 2666; x_wconf 89' lang='lat' dir='ltr'><strong>impleret.</strong></span> 
     </span>
    </p>
   </div>
   <div class='ocr_carea' id='block_1_41' title="bbox 554 2685 2059 2759">
    <p class='ocr_par' dir='ltr' id='par_1_41' title="bbox 554 2685 2059 2759">
     <span class='ocr_line' id='line_1_41' title="bbox 554 2685 2059 2759; baseline -0.001 -17"><span class='ocrx_word' id='word_1_302' title='bbox 554 2687 724 2757; x_wconf 84' lang='lat' dir='ltr'><strong>Super</strong></span> <span class='ocrx_word' id='word_1_303' title='bbox 764 2687 1040 2758; x_wconf 68' lang='lat' dir='ltr'><strong>Libanum.</strong></span> <span class='ocrx_word' id='word_1_304' title='bbox 1092 2687 1274 2759; x_wconf 82' lang='lat' dir='ltr'><strong>(Auo.)</strong></span> <span class='ocrx_word' id='word_1_305' title='bbox 1325 2687 1477 2743; x_wconf 86' lang='lat' dir='ltr'><strong>Sicut</strong></span> <span class='ocrx_word' id='word_1_306' title='bbox 1522 2685 1759 2742; x_wconf 83' lang='lat' dir='ltr'><strong>Libanus</strong></span> <span class='ocrx_word' id='word_1_307' title='bbox 1800 2700 2059 2756; x_wconf 90' lang='lat' dir='ltr'><strong>proceras</strong></span> 
     </span>
    </p>
   </div>
   <div class='ocr_carea' id='block_1_42' title="bbox 483 2781 2052 2854">
    <p class='ocr_par' dir='ltr' id='par_1_42' title="bbox 483 2781 2052 2854">
     <span class='ocr_line' id='line_1_42' title="bbox 483 2781 2052 2854; baseline -0.003 -16"><span class='ocrx_word' id='word_1_308' title='bbox 483 2785 675 2839; x_wconf 90' lang='lat' dir='ltr'><strong>cedros</strong></span> <span class='ocrx_word' id='word_1_309' title='bbox 719 2785 997 2854; x_wconf 87' lang='lat' dir='ltr'><strong>producit,</strong></span> <span class='ocrx_word' id='word_1_310' title='bbox 1043 2785 1122 2840; x_wconf 88' lang='lat' dir='ltr'><strong>sic</strong></span> <span class='ocrx_word' id='word_1_311' title='bbox 1169 2784 1416 2839; x_wconf 86' lang='lat' dir='ltr'><strong>Christus</strong></span> <span class='ocrx_word' id='word_1_312' title='bbox 1455 2789 1672 2838; x_wconf 89' lang='lat' dir='ltr'><strong>sanctos</strong></span> <span class='ocrx_word' id='word_1_313' title='bbox 1725 2783 1790 2836; x_wconf 88' lang='lat' dir='ltr'><strong>ad</strong></span> <span class='ocrx_word' id='word_1_314' title='bbox 1834 2781 2052 2837; x_wconf 64' lang='lat' dir='ltr'><strong>caelum.</strong></span> 
     </span>
    </p>
   </div>
   <div class='ocr_carea' id='block_1_43' title="bbox 2157 2042 3760 2120">
    <p class='ocr_par' dir='ltr' id='par_1_43' title="bbox 2157 2042 3760 2120">
     <span class='ocr_line' id='line_1_43' title="bbox 2157 2042 3760 2120; baseline 0.005 -24"><span class='ocrx_word' id='word_1_315' title='bbox 2157 2042 2319 2110; x_wconf 73' lang='lat' dir='ltr'><strong>ccepit</strong></span> <span class='ocrx_word' id='word_1_316' title='bbox 2366 2055 2580 2109; x_wconf 88' lang='lat' dir='ltr'><strong>nutare,</strong></span> <span class='ocrx_word' id='word_1_317' title='bbox 2627 2046 2872 2101; x_wconf 90' lang='lat' dir='ltr'><strong>nesciens</strong></span> <span class='ocrx_word' id='word_1_318' title='bbox 2911 2047 3038 2115; x_wconf 92' lang='lat' dir='ltr'><strong>quid</strong></span> <span class='ocrx_word' id='word_1_319' title='bbox 3079 2049 3134 2101; x_wconf 92' lang='lat' dir='ltr'><strong>in</strong></span> <span class='ocrx_word' id='word_1_320' title='bbox 3169 2049 3254 2102; x_wconf 90' lang='lat' dir='ltr'><strong>his</strong></span> <span class='ocrx_word' id='word_1_321' title='bbox 3299 2049 3489 2120; x_wconf 87' lang='lat' dir='ltr'><strong>ﬁguris</strong></span> <span class='ocrx_word' id='word_1_322' title='bbox 3535 2049 3760 2117; x_wconf 82' lang='lat' dir='ltr'><strong>lateret,</strong></span> 
     </span>
    </p>
   </div>
   <div class='ocr_carea' id='block_1_44' title="bbox 2158 2136 3760 2210">
    <p class='ocr_par' dir='ltr' id='par_1_44' title="bbox 2158 2136 3760 2210">
     <span class='ocr_line' id='line_1_44' title="bbox 2158 2136 3760 2210; baseline 0.005 -22"><span class='ocrx_word' id='word_1_323' title='bbox 2158 2136 2311 2205; x_wconf 87' lang='lat' dir='ltr'><strong>quasi</strong></span> <span class='ocrx_word' id='word_1_324' title='bbox 2344 2151 2448 2190; x_wconf 92' lang='lat' dir='ltr'><strong>non</strong></span> <span class='ocrx_word' id='word_1_325' title='bbox 2502 2147 2646 2192; x_wconf 89' lang='lat' dir='ltr'><strong>esset</strong></span> <span class='ocrx_word' id='word_1_326' title='bbox 2673 2137 2875 2209; x_wconf 89' lang='lat' dir='ltr'><strong>aliquid</strong></span> <span class='ocrx_word' id='word_1_327' title='bbox 2931 2139 3128 2195; x_wconf 89' lang='lat' dir='ltr'><strong>melius</strong></span> <span class='ocrx_word' id='word_1_328' title='bbox 3172 2137 3314 2210; x_wconf 86' lang='lat' dir='ltr'><strong>quod</strong></span> <span class='ocrx_word' id='word_1_329' title='bbox 3362 2143 3507 2196; x_wconf 86' lang='lat' dir='ltr'><strong>Deus</strong></span> <span class='ocrx_word' id='word_1_330' title='bbox 3557 2143 3760 2198; x_wconf 84' lang='lat' dir='ltr'><strong>daret:</strong></span> 
     </span>
    </p>
   </div>
   <div class='ocr_carea' id='block_1_45' title="bbox 2158 2228 3763 2304">
    <p class='ocr_par' dir='ltr' id='par_1_45' title="bbox 2158 2228 3763 2304">
     <span class='ocr_line' id='line_1_45' title="bbox 2158 2228 3763 2304; baseline 0.006 -22"><span class='ocrx_word' id='word_1_331' title='bbox 2158 2228 2252 2282; x_wconf 89' lang='lat' dir='ltr'><strong>sed</strong></span> <span class='ocrx_word' id='word_1_332' title='bbox 2281 2229 2588 2284; x_wconf 88' lang='lat' dir='ltr'><strong>admonitus</strong></span> <span class='ocrx_word' id='word_1_333' title='bbox 2631 2245 2728 2299; x_wconf 89' lang='lat' dir='ltr'><strong>per</strong></span> <span class='ocrx_word' id='word_1_334' title='bbox 2769 2230 2884 2285; x_wconf 68' lang='lat' dir='ltr'><strong>haec</strong></span> <span class='ocrx_word' id='word_1_335' title='bbox 2933 2232 3036 2286; x_wconf 85' lang='lat' dir='ltr'><strong>sibi</strong></span> <span class='ocrx_word' id='word_1_336' title='bbox 3071 2233 3350 2289; x_wconf 86' lang='lat' dir='ltr'><strong>subtracta</strong></span> <span class='ocrx_word' id='word_1_337' title='bbox 3398 2247 3660 2304; x_wconf 72' lang='lat' dir='ltr'><strong>quaerere</strong></span> <span class='ocrx_word' id='word_1_338' title='bbox 3700 2251 3763 2291; x_wconf 80' lang='lat' dir='ltr'><strong>ca</strong></span> 
     </span>
    </p>
   </div>
   <div class='ocr_carea' id='block_1_46' title="bbox 2160 2321 3765 2397">
    <p class='ocr_par' dir='ltr' id='par_1_46' title="bbox 2160 2321 3765 2397">
     <span class='ocr_line' id='line_1_46' title="bbox 2160 2321 3765 2397; baseline 0.006 -25"><span class='ocrx_word' id='word_1_339' title='bbox 2160 2335 2278 2389; x_wconf 68' lang='lat' dir='ltr'><strong>qua:</strong></span> <span class='ocrx_word' id='word_1_340' title='bbox 2303 2335 2408 2375; x_wconf 91' lang='lat' dir='ltr'><strong>non</strong></span> <span class='ocrx_word' id='word_1_341' title='bbox 2441 2321 2604 2376; x_wconf 88' lang='lat' dir='ltr'><strong>habet</strong></span> <span class='ocrx_word' id='word_1_342' title='bbox 2641 2338 2764 2376; x_wconf 91' lang='lat' dir='ltr'><strong>cum</strong></span> <span class='ocrx_word' id='word_1_343' title='bbox 2813 2323 2970 2379; x_wconf 89' lang='lat' dir='ltr'><strong>malis</strong></span> <span class='ocrx_word' id='word_1_344' title='bbox 3017 2327 3345 2390; x_wconf 89' lang='lat' dir='ltr'><strong>communia,</strong></span> <span class='ocrx_word' id='word_1_345' title='bbox 3389 2327 3682 2397; x_wconf 77' lang='lat' dir='ltr'><strong>castigans</strong></span> <span class='ocrx_word' id='word_1_346' title='bbox 3707 2343 3765 2382; x_wconf 83' lang='lat' dir='ltr'><strong>se</strong></span> 
     </span>
    </p>
   </div>
   <div class='ocr_carea' id='block_1_47' title="bbox 2157 2415 3764 2482">
    <p class='ocr_par' dir='ltr' id='par_1_47' title="bbox 2157 2415 3764 2482">
     <span class='ocr_line' id='line_1_47' title="bbox 2157 2415 3764 2482; baseline 0.007 -16"><span class='ocrx_word' id='word_1_347' title='bbox 2157 2427 2277 2466; x_wconf 90' lang='lat' dir='ltr'><strong>cum</strong></span> <span class='ocrx_word' id='word_1_348' title='bbox 2326 2415 2705 2477; x_wconf 89' lang='lat' dir='ltr'><strong>admiratione.</strong></span> <span class='ocrx_word' id='word_1_349' title='bbox 2749 2415 2920 2470; x_wconf 90' lang='lat' dir='ltr'><strong>dicit:</strong></span> <span class='ocrx_word' id='word_1_350' title='bbox 2968 2416 3141 2482; x_wconf 82' lang='lat' dir='ltr'><strong>Quam</strong></span> <span class='ocrx_word' id='word_1_351' title='bbox 3193 2418 3358 2472; x_wconf 82' lang='lat' dir='ltr'><strong>bonus</strong></span> <span class='ocrx_word' id='word_1_352' title='bbox 3403 2418 3626 2474; x_wconf 76' lang='lat' dir='ltr'><strong>Israel!</strong></span> <span class='ocrx_word' id='word_1_353' title='bbox 3661 2421 3764 2477; x_wconf 80' lang='lat' dir='ltr'><strong>Sed</strong></span> 
     </span>
    </p>
   </div>
   <div class='ocr_carea' id='block_1_48' title="bbox 2159 2505 3762 2583">
    <p class='ocr_par' dir='ltr' id='par_1_48' title="bbox 2159 2505 3762 2583">
     <span class='ocr_line' id='line_1_48' title="bbox 2159 2505 3762 2583; baseline 0.006 -26"><span class='ocrx_word' id='word_1_354' title='bbox 2159 2506 2396 2574; x_wconf 85' lang='lat' dir='ltr'><strong>quibus?</strong></span> <span class='ocrx_word' id='word_1_355' title='bbox 2429 2505 2602 2560; x_wconf 83' lang='lat' dir='ltr'><strong>Rectis</strong></span> <span class='ocrx_word' id='word_1_356' title='bbox 2633 2508 2804 2561; x_wconf 84' lang='lat' dir='ltr'><strong>corde.</strong></span> <span class='ocrx_word' id='word_1_357' title='bbox 2831 2507 3014 2563; x_wconf 87' lang='lat' dir='ltr'><strong>Primo</strong></span> <span class='ocrx_word' id='word_1_358' title='bbox 3044 2524 3174 2580; x_wconf 85' lang='lat' dir='ltr'><strong>ergo</strong></span> <span class='ocrx_word' id='word_1_359' title='bbox 3202 2510 3524 2566; x_wconf 83' lang='lat' dir='ltr'><strong>describens</strong></span> <span class='ocrx_word' id='word_1_360' title='bbox 3557 2515 3762 2583; x_wconf 81' lang='lat' dir='ltr'><strong>nequi-</strong></span> 
     </span>
    </p>
   </div>
   <div class='ocr_carea' id='block_1_49' title="bbox 2162 2595 3762 2673">
    <p class='ocr_par' dir='ltr' id='par_1_49' title="bbox 2162 2595 3762 2673">
     <span class='ocr_line' id='line_1_49' title="bbox 2162 2595 3762 2673; baseline 0.006 -23"><span class='ocrx_word' id='word_1_361' title='bbox 2162 2597 2288 2652; x_wconf 90' lang='lat' dir='ltr'><strong>tiam</strong></span> <span class='ocrx_word' id='word_1_362' title='bbox 2333 2595 2628 2663; x_wconf 89' lang='lat' dir='ltr'><strong>maiorum,</strong></span> <span class='ocrx_word' id='word_1_363' title='bbox 2677 2599 2808 2653; x_wconf 88' lang='lat' dir='ltr'><strong>dicit</strong></span> <span class='ocrx_word' id='word_1_364' title='bbox 2853 2613 2912 2654; x_wconf 89' lang='lat' dir='ltr'><strong>se</strong></span> <span class='ocrx_word' id='word_1_365' title='bbox 2961 2599 3173 2655; x_wconf 86' lang='lat' dir='ltr'><strong>zelasse</strong></span> <span class='ocrx_word' id='word_1_366' title='bbox 3223 2615 3484 2673; x_wconf 90' lang='lat' dir='ltr'><strong>prospera</strong></span> <span class='ocrx_word' id='word_1_367' title='bbox 3533 2621 3762 2670; x_wconf 84' lang='lat' dir='ltr'><strong>eorum;</strong></span> 
     </span>
    </p>
   </div>
   <div class='ocr_carea' id='block_1_50' title="bbox 2161 2689 3690 2767">
    <p class='ocr_par' dir='ltr' id='par_1_50' title="bbox 2161 2689 3690 2767">
     <span class='ocr_line' id='line_1_50' title="bbox 2161 2689 3690 2767; baseline 0.005 -25"><span class='ocrx_word' id='word_1_368' title='bbox 2161 2695 2338 2743; x_wconf 90' lang='lat' dir='ltr'><strong>tamen</strong></span> <span class='ocrx_word' id='word_1_369' title='bbox 2370 2689 2492 2744; x_wconf 91' lang='lat' dir='ltr'><strong>inde</strong></span> <span class='ocrx_word' id='word_1_370' title='bbox 2519 2699 2846 2756; x_wconf 89' lang='lat' dir='ltr'><strong>correctum,</strong></span> <span class='ocrx_word' id='word_1_371' title='bbox 2870 2699 2924 2746; x_wconf 92' lang='lat' dir='ltr'><strong>et</strong></span> <span class='ocrx_word' id='word_1_372' title='bbox 2954 2702 3236 2748; x_wconf 88' lang='lat' dir='ltr'><strong>correctus</strong></span> <span class='ocrx_word' id='word_1_373' title='bbox 3266 2695 3402 2748; x_wconf 89' lang='lat' dir='ltr'><strong>alios</strong></span> <span class='ocrx_word' id='word_1_374' title='bbox 3430 2699 3690 2767; x_wconf 83' lang='lat' dir='ltr'><strong>corrigit.</strong></span> 
     </span>
    </p>
   </div>
   <div class='ocr_carea' id='block_1_51' title="bbox 2229 2779 3754 2858">
    <p class='ocr_par' dir='ltr' id='par_1_51' title="bbox 2229 2779 3754 2858">
     <span class='ocr_line' id='line_1_51' title="bbox 2229 2779 3754 2858; baseline 0.005 -22"><span class='ocrx_word' id='word_1_375' title='bbox 2229 2781 2401 2852; x_wconf 63' lang='lat' dir='ltr'><strong>(Cas)</strong></span> <span class='ocrx_word' id='word_1_376' title='bbox 2433 2779 2531 2836; x_wconf 83' lang='lat' dir='ltr'><strong>ilic</strong></span> <span class='ocrx_word' id='word_1_377' title='bbox 2559 2783 2756 2852; x_wconf 90' lang='lat' dir='ltr'><strong>agitur,</strong></span> <span class='ocrx_word' id='word_1_378' title='bbox 2806 2785 2947 2853; x_wconf 89' lang='lat' dir='ltr'><strong>quod</strong></span> <span class='ocrx_word' id='word_1_379' title='bbox 2995 2783 3178 2838; x_wconf 76' lang='lat' dir='ltr'><strong>laudes</strong></span> <span class='ocrx_word' id='word_1_380' title='bbox 3219 2785 3572 2855; x_wconf 78' lang='lat' dir='ltr'><strong>defecerunt:</strong></span> <span class='ocrx_word' id='word_1_381' title='bbox 3627 2793 3754 2858; x_wconf 88' lang='lat' dir='ltr'><strong>quia</strong></span> 
     </span>
    </p>
   </div>
   <div class='ocr_carea' id='block_1_52' title="bbox 485 2867 3761 2947">
    <p class='ocr_par' dir='ltr' id='par_1_52' title="bbox 485 2867 3761 2947">
     <span class='ocr_line' id='line_1_52' title="bbox 485 2867 3761 2947; baseline 0 -14"><span class='ocrx_word' id='word_1_382' title='bbox 485 2876 634 2933; x_wconf 80' lang='lat' dir='ltr'><strong>Sicut</strong></span> <span class='ocrx_word' id='word_1_383' title='bbox 681 2877 880 2946; x_wconf 78' lang='lat' dir='ltr'><strong>fenum.</strong></span> <span class='ocrx_word' id='word_1_384' title='bbox 926 2876 1096 2947; x_wconf 59' lang='lat' dir='ltr'><strong>(Cas)</strong></span> <span class='ocrx_word' id='word_1_385' title='bbox 1150 2876 1263 2932; x_wconf 82' lang='lat' dir='ltr'><strong>Non</strong></span> <span class='ocrx_word' id='word_1_386' title='bbox 1320 2877 1452 2930; x_wconf 71' lang='lat' dir='ltr'><strong>tetas</strong></span> <span class='ocrx_word' id='word_1_387' title='bbox 1509 2875 1622 2929; x_wconf 87' lang='lat' dir='ltr'><strong>seni</strong></span> <span class='ocrx_word' id='word_1_388' title='bbox 1670 2875 1764 2929; x_wconf 89' lang='lat' dir='ltr'><strong>sed</strong></span> <span class='ocrx_word' id='word_1_389' title='bbox 1812 2873 2058 2927; x_wconf 84' lang='lat' dir='ltr'><strong>viriditas</strong></span> <span class='ocrx_word' id='word_1_390' title='bbox 2153 2867 2264 2937; x_wconf 83' lang='lat' dir='ltr'><strong>Jam</strong></span> <span class='ocrx_word' id='word_1_391' title='bbox 2299 2885 2403 2925; x_wconf 90' lang='lat' dir='ltr'><strong>non</strong></span> <span class='ocrx_word' id='word_1_392' title='bbox 2437 2869 2529 2925; x_wconf 90' lang='lat' dir='ltr'><strong>dat</strong></span> <span class='ocrx_word' id='word_1_393' title='bbox 2558 2871 2701 2927; x_wconf 88' lang='lat' dir='ltr'><strong>Deus</strong></span> <span class='ocrx_word' id='word_1_394' title='bbox 2728 2873 2944 2938; x_wconf 89' lang='lat' dir='ltr'><strong>blanda,</strong></span> <span class='ocrx_word' id='word_1_395' title='bbox 2993 2883 3053 2929; x_wconf 92' lang='lat' dir='ltr'><strong>ut</strong></span> <span class='ocrx_word' id='word_1_396' title='bbox 3089 2877 3271 2946; x_wconf 87' lang='lat' dir='ltr'><strong>pueris</strong></span> <span class='ocrx_word' id='word_1_397' title='bbox 3301 2875 3367 2931; x_wconf 85' lang='lat' dir='ltr'><strong>ad</strong></span> <span class='ocrx_word' id='word_1_398' title='bbox 3401 2880 3761 2934; x_wconf 86' lang='lat' dir='ltr'><strong>serviendum</strong></span> 
     </span>
    </p>
   </div>
   <div class='ocr_carea' id='block_1_53' title="bbox 482 2965 2057 3038">
    <p class='ocr_par' dir='ltr' id='par_1_53' title="bbox 482 2965 2057 3038">
     <span class='ocr_line' id='line_1_53' title="bbox 482 2965 2057 3038; baseline -0.003 -15"><span class='ocrx_word' id='word_1_399' title='bbox 482 2969 684 3024; x_wconf 85' lang='lat' dir='ltr'><strong>sanctis</strong></span> <span class='ocrx_word' id='word_1_400' title='bbox 707 2979 1068 3038; x_wconf 86' lang='lat' dir='ltr'><strong>comparatur.</strong></span> <span class='ocrx_word' id='word_1_401' title='bbox 1101 2968 1228 3022; x_wconf 87' lang='lat' dir='ltr'><strong>Boni</strong></span> <span class='ocrx_word' id='word_1_402' title='bbox 1269 2967 1334 3022; x_wconf 87' lang='lat' dir='ltr'><strong>de</strong></span> <span class='ocrx_word' id='word_1_403' title='bbox 1367 2965 1468 3022; x_wconf 79' lang='lat' dir='ltr'><strong>ista</strong></span> <span class='ocrx_word' id='word_1_404' title='bbox 1522 2967 1738 3021; x_wconf 86' lang='lat' dir='ltr'><strong>civitate</strong></span> <span class='ocrx_word' id='word_1_405' title='bbox 1779 2965 2057 3036; x_wconf 62' lang='lat' dir='ltr'><strong>praesentis</strong></span> 
     </span>
    </p>
   </div>
   <div class='ocr_carea' id='block_1_54' title="bbox 486 3056 2052 3130">
    <p class='ocr_par' dir='ltr' id='par_1_54' title="bbox 486 3056 2052 3130">
     <span class='ocr_line' id='line_1_54' title="bbox 486 3056 2052 3130; baseline -0.003 -15"><span class='ocrx_word' id='word_1_406' title='bbox 486 3060 738 3116; x_wconf 77' lang='lat' dir='ltr'><strong>Ecclesia:</strong></span> <span class='ocrx_word' id='word_1_407' title='bbox 787 3060 1081 3130; x_wconf 81' lang='lat' dir='ltr'><strong>migrantes</strong></span> <span class='ocrx_word' id='word_1_408' title='bbox 1134 3061 1187 3115; x_wconf 92' lang='lat' dir='ltr'><strong>in</strong></span> <span class='ocrx_word' id='word_1_409' title='bbox 1236 3057 1324 3115; x_wconf 84' lang='lat' dir='ltr'><strong>illa</strong></span> <span class='ocrx_word' id='word_1_410' title='bbox 1382 3057 1712 3115; x_wconf 84' lang='lat' dir='ltr'><strong>beatitudine</strong></span> <span class='ocrx_word' id='word_1_411' title='bbox 1766 3056 2052 3112; x_wconf 82' lang='lat' dir='ltr'><strong>ﬂorebunt.</strong></span> 
     </span>
    </p>
   </div>
   <div class='ocr_carea' id='block_1_55' title="bbox 485 3146 2057 3225">
    <p class='ocr_par' dir='ltr' id='par_1_55' title="bbox 485 3146 2057 3225">
     <span class='ocr_line' id='line_1_55' title="bbox 485 3146 2057 3225; baseline -0.004 -19"><span class='ocrx_word' id='word_1_412' title='bbox 485 3151 662 3225; x_wconf 77' lang='lat' dir='ltr'><strong>(Aue.)</strong></span> <span class='ocrx_word' id='word_1_413' title='bbox 693 3151 749 3207; x_wconf 86' lang='lat' dir='ltr'><strong>In</strong></span> <span class='ocrx_word' id='word_1_414' title='bbox 770 3152 965 3209; x_wconf 87' lang='lat' dir='ltr'><strong>Genesi</strong></span> <span class='ocrx_word' id='word_1_415' title='bbox 1001 3153 1106 3222; x_wconf 81' lang='lat' dir='ltr'><strong>feni</strong></span> <span class='ocrx_word' id='word_1_416' title='bbox 1138 3151 1355 3207; x_wconf 88' lang='lat' dir='ltr'><strong>nomine</strong></span> <span class='ocrx_word' id='word_1_417' title='bbox 1395 3158 1448 3205; x_wconf 88' lang='lat' dir='ltr'><strong>et</strong></span> <span class='ocrx_word' id='word_1_418' title='bbox 1491 3149 1821 3204; x_wconf 82' lang='lat' dir='ltr'><strong>frumentum</strong></span> <span class='ocrx_word' id='word_1_419' title='bbox 1864 3146 2057 3202; x_wconf 84' lang='lat' dir='ltr'><strong>intelli-</strong></span> 
     </span>
    </p>
   </div>
   <div class='ocr_carea' id='block_1_56' title="bbox 483 3235 2058 3314">
    <p class='ocr_par' dir='ltr' id='par_1_56' title="bbox 483 3235 2058 3314">
     <span class='ocr_line' id='line_1_56' title="bbox 483 3235 2058 3314; baseline -0.004 -17"><span class='ocrx_word' id='word_1_420' title='bbox 483 3244 642 3313; x_wconf 84' lang='lat' dir='ltr'><strong>gitur,</strong></span> <span class='ocrx_word' id='word_1_421' title='bbox 661 3251 788 3308; x_wconf 92' lang='lat' dir='ltr'><strong>etc.,</strong></span> <span class='ocrx_word' id='word_1_422' title='bbox 807 3245 969 3314; x_wconf 85' lang='lat' dir='ltr'><strong>usque</strong></span> <span class='ocrx_word' id='word_1_423' title='bbox 989 3241 1058 3297; x_wconf 84' lang='lat' dir='ltr'><strong>ad</strong></span> <span class='ocrx_word' id='word_1_424' title='bbox 1084 3253 1138 3297; x_wconf 93' lang='lat' dir='ltr'><strong>et</strong></span> <span class='ocrx_word' id='word_1_425' title='bbox 1161 3241 1560 3313; x_wconf 85' lang='lat' dir='ltr'><strong>comparabitur</strong></span> <span class='ocrx_word' id='word_1_426' title='bbox 1579 3239 1703 3295; x_wconf 78' lang='lat' dir='ltr'><strong>leno</strong></span> <span class='ocrx_word' id='word_1_427' title='bbox 1727 3247 1882 3294; x_wconf 69' lang='lat' dir='ltr'><strong>terra:</strong></span> <span class='ocrx_word' id='word_1_428' title='bbox 1905 3235 2058 3307; x_wconf 91' lang='lat' dir='ltr'><strong>quid-</strong></span> 
     </span>
    </p>
   </div>
   <div class='ocr_carea' id='block_1_57' title="bbox 484 3333 1524 3406">
    <p class='ocr_par' dir='ltr' id='par_1_57' title="bbox 484 3333 1524 3406">
     <span class='ocr_line' id='line_1_57' title="bbox 484 3333 1524 3406; baseline -0.002 -18"><span class='ocrx_word' id='word_1_429' title='bbox 484 3337 610 3406; x_wconf 89' lang='lat' dir='ltr'><strong>quid</strong></span> <span class='ocrx_word' id='word_1_430' title='bbox 635 3351 734 3406; x_wconf 90' lang='lat' dir='ltr'><strong>pro</strong></span> <span class='ocrx_word' id='word_1_431' title='bbox 763 3351 959 3406; x_wconf 89' lang='lat' dir='ltr'><strong>magno</strong></span> <span class='ocrx_word' id='word_1_432' title='bbox 983 3335 1212 3389; x_wconf 90' lang='lat' dir='ltr'><strong>habetur</strong></span> <span class='ocrx_word' id='word_1_433' title='bbox 1243 3336 1294 3389; x_wconf 91' lang='lat' dir='ltr'><strong>in</strong></span> <span class='ocrx_word' id='word_1_434' title='bbox 1326 3333 1524 3389; x_wconf 91' lang='lat' dir='ltr'><strong>seculo.</strong></span> 
     </span>
    </p>
   </div>
   <div class='ocr_carea' id='block_1_58' title="bbox 554 3423 2055 3494">
    <p class='ocr_par' dir='ltr' id='par_1_58' title="bbox 554 3423 2055 3494">
     <span class='ocr_line' id='line_1_58' title="bbox 554 3423 2055 3494; baseline -0.003 -13"><span class='ocrx_word' id='word_1_435' title='bbox 554 3425 716 3482; x_wconf 78' lang='lat' dir='ltr'><strong>Vens.</strong></span> <span class='ocrx_word' id='word_1_436' title='bbox 763 3425 848 3480; x_wconf 72' lang='grc'><strong>4⁵1.</strong></span> <span class='ocrx_word' id='word_1_437' title='bbox 897 3457 968 3468; x_wconf 91' lang='grc'><strong><em>-</em></strong></span> <span class='ocrx_word' id='word_1_438' title='bbox 1020 3425 1099 3482; x_wconf 89' lang='lat' dir='ltr'><strong>Sit</strong></span> <span class='ocrx_word' id='word_1_439' title='bbox 1159 3441 1344 3480; x_wconf 80' lang='lat' dir='ltr'><strong>nomen</strong></span> <span class='ocrx_word' id='word_1_440' title='bbox 1399 3425 1512 3494; x_wconf 84' lang='lat' dir='ltr'><strong>ejus</strong></span> <span class='ocrx_word' id='word_1_441' title='bbox 1553 3423 1900 3488; x_wconf 79' lang='lat' dir='ltr'><strong>benedictum,</strong></span> <span class='ocrx_word' id='word_1_442' title='bbox 1949 3433 2055 3476; x_wconf 89' lang='lat' dir='ltr'><strong>etc.</strong></span> 
     </span>
    </p>
   </div>
   <div class='ocr_carea' id='block_1_59' title="bbox 486 3513 2062 3588">
    <p class='ocr_par' dir='ltr' id='par_1_59' title="bbox 486 3513 2062 3588">
     <span class='ocr_line' id='line_1_59' title="bbox 486 3513 2062 3588; baseline -0.003 -15"><span class='ocrx_word' id='word_1_443' title='bbox 486 3519 659 3588; x_wconf 65' lang='grc' dir='ltr'><strong>(ὼε.)</strong></span> <span class='ocrx_word' id='word_1_444' title='bbox 705 3515 884 3573; x_wconf 84' lang='lat' dir='ltr'><strong>Monet</strong></span> <span class='ocrx_word' id='word_1_445' title='bbox 936 3531 1125 3573; x_wconf 89' lang='lat' dir='ltr'><strong>omnes</strong></span> <span class='ocrx_word' id='word_1_446' title='bbox 1169 3515 1355 3571; x_wconf 84' lang='lat' dir='ltr'><strong>laudes</strong></span> <span class='ocrx_word' id='word_1_447' title='bbox 1394 3517 1441 3570; x_wconf 87' lang='lat' dir='ltr'><strong>ei</strong></span> <span class='ocrx_word' id='word_1_448' title='bbox 1474 3515 1673 3579; x_wconf 90' lang='lat' dir='ltr'><strong>dicere,</strong></span> <span class='ocrx_word' id='word_1_449' title='bbox 1707 3513 1831 3583; x_wconf 83' lang='lat' dir='ltr'><strong>quia</strong></span> <span class='ocrx_word' id='word_1_450' title='bbox 1874 3529 2062 3569; x_wconf 87' lang='lat' dir='ltr'><strong>onmes</strong></span> 
     </span>
    </p>
   </div>
   <div class='ocr_carea' id='block_1_60' title="bbox 486 3605 2064 3678">
    <p class='ocr_par' dir='ltr' id='par_1_60' title="bbox 486 3605 2064 3678">
     <span class='ocr_line' id='line_1_60' title="bbox 486 3605 2064 3678; baseline -0.004 -12"><span class='ocrx_word' id='word_1_451' title='bbox 486 3613 536 3666; x_wconf 89' lang='lat' dir='ltr'><strong>in</strong></span> <span class='ocrx_word' id='word_1_452' title='bbox 566 3627 629 3667; x_wconf 85' lang='lat' dir='ltr'><strong>eo</strong></span> <span class='ocrx_word' id='word_1_453' title='bbox 669 3609 1071 3666; x_wconf 85' lang='lat' dir='ltr'><strong>benedicentur.</strong></span> <span class='ocrx_word' id='word_1_454' title='bbox 1121 3607 1252 3664; x_wconf 82' lang='lat' dir='ltr'><strong>Artt&#39;e</strong></span> <span class='ocrx_word' id='word_1_455' title='bbox 1299 3609 1480 3663; x_wconf 75' lang='lat' dir='ltr'><strong>solent.</strong></span> <span class='ocrx_word' id='word_1_456' title='bbox 1527 3605 1650 3678; x_wconf 86' lang='lat' dir='ltr'><strong>(lo.)</strong></span> <span class='ocrx_word' id='word_1_457' title='bbox 1693 3605 1750 3660; x_wconf 89' lang='lat' dir='ltr'><strong>ld</strong></span> <span class='ocrx_word' id='word_1_458' title='bbox 1782 3616 1898 3671; x_wconf 84' lang='lat' dir='ltr'><strong>est,</strong></span> <span class='ocrx_word' id='word_1_459' title='bbox 1938 3613 2064 3661; x_wconf 84' lang='lat' dir='ltr'><strong>ante</strong></span> 
     </span>
    </p>
   </div>
   <div class='ocr_carea' id='block_1_61' title="bbox 485 3697 2058 3770">
    <p class='ocr_par' dir='ltr' id='par_1_61' title="bbox 485 3697 2058 3770">
     <span class='ocr_line' id='line_1_61' title="bbox 485 3697 2058 3770; baseline -0.003 -13"><span class='ocrx_word' id='word_1_460' title='bbox 485 3717 698 3758; x_wconf 85' lang='lat' dir='ltr'><strong>onmem</strong></span> <span class='ocrx_word' id='word_1_461' title='bbox 724 3709 1052 3767; x_wconf 82' lang='lat' dir='ltr'><strong>creaturam,</strong></span> <span class='ocrx_word' id='word_1_462' title='bbox 1071 3715 1142 3757; x_wconf 89' lang='lat' dir='ltr'><strong>ne</strong></span> <span class='ocrx_word' id='word_1_463' title='bbox 1161 3710 1318 3770; x_wconf 89' lang='lat' dir='ltr'><strong>putes</strong></span> <span class='ocrx_word' id='word_1_464' title='bbox 1347 3699 1692 3768; x_wconf 88' lang='lat' dir='ltr'><strong>temporalem</strong></span> <span class='ocrx_word' id='word_1_465' title='bbox 1717 3698 1811 3752; x_wconf 90' lang='lat' dir='ltr'><strong>Dei</strong></span> <span class='ocrx_word' id='word_1_466' title='bbox 1841 3697 2058 3752; x_wconf 85' lang='lat' dir='ltr'><strong>Filium.</strong></span> 
     </span>
    </p>
   </div>
   <div class='ocr_carea' id='block_1_62' title="bbox 489 3791 2061 3865">
    <p class='ocr_par' dir='ltr' id='par_1_62' title="bbox 489 3791 2061 3865">
     <span class='ocr_line' id='line_1_62' title="bbox 489 3791 2061 3865; baseline 0.001 -18"><span class='ocrx_word' id='word_1_467' title='bbox 489 3793 680 3849; x_wconf 83' lang='lat' dir='ltr'><strong>Omnes</strong></span> <span class='ocrx_word' id='word_1_468' title='bbox 710 3805 904 3865; x_wconf 82' lang='lat' dir='ltr'><strong>gentes.</strong></span> <span class='ocrx_word' id='word_1_469' title='bbox 933 3793 1119 3865; x_wconf 81' lang='lat' dir='ltr'><strong>(Auc.)</strong></span> <span class='ocrx_word' id='word_1_470' title='bbox 1157 3792 1236 3850; x_wconf 83' lang='lat' dir='ltr'><strong>Ne</strong></span> <span class='ocrx_word' id='word_1_471' title='bbox 1283 3794 1454 3849; x_wconf 89' lang='lat' dir='ltr'><strong>tribus</strong></span> <span class='ocrx_word' id='word_1_472' title='bbox 1495 3791 1777 3848; x_wconf 87' lang='lat' dir='ltr'><strong>duodecim</strong></span> <span class='ocrx_word' id='word_1_473' title='bbox 1805 3793 2061 3863; x_wconf 85' lang='lat' dir='ltr'><strong>accipias,</strong></span> 
     </span>
    </p>
   </div>
   <div class='ocr_carea' id='block_1_63' title="bbox 489 3885 1082 3956">
    <p class='ocr_par' dir='ltr' id='par_1_63' title="bbox 489 3885 1082 3956">
     <span class='ocr_line' id='line_1_63' title="bbox 489 3885 1082 3956; baseline 0.003 -18"><span class='ocrx_word' id='word_1_474' title='bbox 489 3885 636 3938; x_wconf 87' lang='lat' dir='ltr'><strong>addit</strong></span> <span class='ocrx_word' id='word_1_475' title='bbox 675 3902 849 3939; x_wconf 88' lang='lat' dir='ltr'><strong>omnes</strong></span> <span class='ocrx_word' id='word_1_476' title='bbox 890 3896 1082 3956; x_wconf 78' lang='lat' dir='ltr'><strong>gentes.</strong></span> 
     </span>
    </p>
   </div>
   <div class='ocr_carea' id='block_1_64' title="bbox 558 3975 2062 4045">
    <p class='ocr_par' dir='ltr' id='par_1_64' title="bbox 558 3975 2062 4045">
     <span class='ocr_line' id='line_1_64' title="bbox 558 3975 2062 4045; baseline 0.003 -15"><span class='ocrx_word' id='word_1_477' title='bbox 558 3975 719 4031; x_wconf 76' lang='lat' dir='ltr'><strong>Vens.</strong></span> <span class='ocrx_word' id='word_1_478' title='bbox 753 3975 840 4030; x_wconf 80' lang='grc'><strong>18.</strong></span> <span class='ocrx_word' id='word_1_479' title='bbox 862 4007 933 4017; x_wconf 92' lang='lat'><em>-</em></span> <span class='ocrx_word' id='word_1_480' title='bbox 965 3977 1275 4032; x_wconf 74' lang='lat' dir='ltr'><strong>Benedictus</strong></span> <span class='ocrx_word' id='word_1_481' title='bbox 1297 3977 1549 4032; x_wconf 79' lang='lat' dir='ltr'><strong>Dominus</strong></span> <span class='ocrx_word' id='word_1_482' title='bbox 1578 3975 1715 4033; x_wconf 88' lang='lat' dir='ltr'><strong>Deus</strong></span> <span class='ocrx_word' id='word_1_483' title='bbox 1743 3979 1932 4045; x_wconf 80' lang='lat' dir='ltr'><strong>Israel,</strong></span> <span class='ocrx_word' id='word_1_484' title='bbox 1957 3988 2062 4035; x_wconf 87' lang='lat' dir='ltr'><strong>etc.</strong></span> 
     </span>
    </p>
   </div>
   <div class='ocr_carea' id='block_1_65' title="bbox 491 4065 2064 4138">
    <p class='ocr_par' dir='ltr' id='par_1_65' title="bbox 491 4065 2064 4138">
     <span class='ocr_line' id='line_1_65' title="bbox 491 4065 2064 4138; baseline 0.004 -20"><span class='ocrx_word' id='word_1_485' title='bbox 491 4065 672 4137; x_wconf 72' lang='grc' dir='ltr'><strong>(Αυσ.)</strong></span> <span class='ocrx_word' id='word_1_486' title='bbox 700 4065 742 4120; x_wconf 79' lang='grc' dir='ltr'>Α</span> <span class='ocrx_word' id='word_1_487' title='bbox 767 4067 920 4138; x_wconf 77' lang='lat' dir='ltr'><strong>parte</strong></span> <span class='ocrx_word' id='word_1_488' title='bbox 961 4083 1058 4122; x_wconf 88' lang='lat' dir='ltr'><strong>sua</strong></span> <span class='ocrx_word' id='word_1_489' title='bbox 1093 4067 1294 4122; x_wconf 85' lang='lat' dir='ltr'><strong>laudat.</strong></span> <span class='ocrx_word' id='word_1_490' title='bbox 1325 4068 1464 4122; x_wconf 85' lang='lat' dir='ltr'><strong>Nota</strong></span> <span class='ocrx_word' id='word_1_491' title='bbox 1495 4069 1941 4124; x_wconf 84' lang='lat' dir='ltr'><strong>exclamatoriam</strong></span> <span class='ocrx_word' id='word_1_492' title='bbox 1967 4071 2064 4125; x_wconf 83' lang='lat' dir='ltr'><strong>be-</strong></span> 
     </span>
    </p>
   </div>
   <div class='ocr_carea' id='block_1_66' title="bbox 491 4158 2064 4229">
    <p class='ocr_par' dir='ltr' id='par_1_66' title="bbox 491 4158 2064 4229">
     <span class='ocr_line' id='line_1_66' title="bbox 491 4158 2064 4229; baseline 0.003 -17"><span class='ocrx_word' id='word_1_493' title='bbox 491 4158 875 4222; x_wconf 87' lang='lat' dir='ltr'><strong>nedictionem,</strong></span> <span class='ocrx_word' id='word_1_494' title='bbox 925 4167 1047 4214; x_wconf 87' lang='lat' dir='ltr'><strong>cum</strong></span> <span class='ocrx_word' id='word_1_495' title='bbox 1077 4159 1443 4214; x_wconf 88' lang='lat' dir='ltr'><strong>admonitione</strong></span> <span class='ocrx_word' id='word_1_496' title='bbox 1472 4169 1527 4214; x_wconf 90' lang='lat' dir='ltr'><strong>et</strong></span> <span class='ocrx_word' id='word_1_497' title='bbox 1567 4161 1872 4229; x_wconf 88' lang='lat' dir='ltr'><strong>prophetia.</strong></span> <span class='ocrx_word' id='word_1_498' title='bbox 1916 4160 2064 4228; x_wconf 83' lang='lat' dir='ltr'><strong>Fiat,</strong></span> 
     </span>
    </p>
   </div>
   <div class='ocr_carea' id='block_1_67' title="bbox 489 4249 2062 4324">
    <p class='ocr_par' dir='ltr' id='par_1_67' title="bbox 489 4249 2062 4324">
     <span class='ocr_line' id='line_1_67' title="bbox 489 4249 2062 4324; baseline 0.004 -21"><span class='ocrx_word' id='word_1_499' title='bbox 489 4250 600 4319; x_wconf 78' lang='lat' dir='ltr'><strong>ﬁat,</strong></span> <span class='ocrx_word' id='word_1_500' title='bbox 631 4260 735 4306; x_wconf 88' lang='lat' dir='ltr'><strong>etc.</strong></span> <span class='ocrx_word' id='word_1_501' title='bbox 767 4250 940 4324; x_wconf 58' lang='grc' dir='ltr'><strong>(αλδ.)</strong></span> <span class='ocrx_word' id='word_1_502' title='bbox 973 4249 1312 4323; x_wconf 86' lang='lat' dir='ltr'><strong>Magniﬁcum</strong></span> <span class='ocrx_word' id='word_1_503' title='bbox 1338 4259 1440 4317; x_wconf 88' lang='lat' dir='ltr'><strong>est,</strong></span> <span class='ocrx_word' id='word_1_504' title='bbox 1480 4251 1623 4323; x_wconf 88' lang='lat' dir='ltr'><strong>quod</strong></span> <span class='ocrx_word' id='word_1_505' title='bbox 1650 4253 1728 4308; x_wconf 92' lang='lat' dir='ltr'><strong>sic</strong></span> <span class='ocrx_word' id='word_1_506' title='bbox 1756 4253 2062 4310; x_wconf 86' lang='lat' dir='ltr'><strong>concludit:</strong></span> 
     </span>
    </p>
   </div>
   <div class='ocr_carea' id='block_1_68' title="bbox 492 4340 2069 4417">
    <p class='ocr_par' dir='ltr' id='par_1_68' title="bbox 492 4340 2069 4417">
     <span class='ocr_line' id='line_1_68' title="bbox 492 4340 2069 4417; baseline 0.002 -20"><span class='ocrx_word' id='word_1_507' title='bbox 492 4340 738 4411; x_wconf 88' lang='lat' dir='ltr'><strong>Optantis</strong></span> <span class='ocrx_word' id='word_1_508' title='bbox 763 4352 843 4397; x_wconf 88' lang='lat' dir='ltr'><strong>est</strong></span> <span class='ocrx_word' id='word_1_509' title='bbox 870 4343 1032 4397; x_wconf 88' lang='lat' dir='ltr'><strong>semel</strong></span> <span class='ocrx_word' id='word_1_510' title='bbox 1057 4343 1257 4408; x_wconf 85' lang='lat' dir='ltr'><strong>dicere,</strong></span> <span class='ocrx_word' id='word_1_511' title='bbox 1285 4343 1511 4398; x_wconf 89' lang='lat' dir='ltr'><strong>nimium</strong></span> <span class='ocrx_word' id='word_1_512' title='bbox 1539 4343 1895 4400; x_wconf 75' lang='lat' dir='ltr'><strong>desiderantis</strong></span> <span class='ocrx_word' id='word_1_513' title='bbox 1917 4359 2069 4417; x_wconf 76' lang='lat' dir='ltr'><strong>repe-</strong></span> 
     </span>
    </p>
   </div>
   <div class='ocr_carea' id='block_1_69' title="bbox 495 4433 2066 4506">
    <p class='ocr_par' dir='ltr' id='par_1_69' title="bbox 495 4433 2066 4506">
     <span class='ocr_line' id='line_1_69' title="bbox 495 4433 2066 4506; baseline 0.001 -15"><span class='ocrx_word' id='word_1_514' title='bbox 495 4446 626 4491; x_wconf 90' lang='lat' dir='ltr'><strong>tere.</strong></span> <span class='ocrx_word' id='word_1_515' title='bbox 655 4436 819 4503; x_wconf 83' lang='lat' dir='ltr'><strong>Quasi</strong></span> <span class='ocrx_word' id='word_1_516' title='bbox 844 4436 1030 4492; x_wconf 86' lang='lat' dir='ltr'><strong>dicat:</strong></span> <span class='ocrx_word' id='word_1_517' title='bbox 1077 4433 1229 4503; x_wconf 83' lang='lat' dir='ltr'><strong>Quod</strong></span> <span class='ocrx_word' id='word_1_518' title='bbox 1275 4437 1505 4506; x_wconf 86' lang='lat' dir='ltr'><strong>jussisti,</strong></span> <span class='ocrx_word' id='word_1_519' title='bbox 1555 4437 1797 4503; x_wconf 88' lang='lat' dir='ltr'><strong>Domine,</strong></span> <span class='ocrx_word' id='word_1_520' title='bbox 1832 4438 1903 4492; x_wconf 86' lang='lat' dir='ltr'><strong>ita</strong></span> <span class='ocrx_word' id='word_1_521' title='bbox 1952 4437 2066 4506; x_wconf 77' lang='lat' dir='ltr'><strong>ﬁat,</strong></span> 
     </span>
    </p>
   </div>
   <div class='ocr_carea' id='block_1_70' title="bbox 494 4527 2067 4600">
    <p class='ocr_par' dir='ltr' id='par_1_70' title="bbox 494 4527 2067 4600">
     <span class='ocr_line' id='line_1_70' title="bbox 494 4527 2067 4600; baseline 0.001 -18"><span class='ocrx_word' id='word_1_522' title='bbox 494 4527 610 4590; x_wconf 87' lang='lat' dir='ltr'><strong>ﬁat,</strong></span> <span class='ocrx_word' id='word_1_523' title='bbox 642 4528 809 4582; x_wconf 88' lang='lat' dir='ltr'><strong>donec</strong></span> <span class='ocrx_word' id='word_1_524' title='bbox 833 4529 973 4597; x_wconf 88' lang='lat' dir='ltr'><strong>quod</strong></span> <span class='ocrx_word' id='word_1_525' title='bbox 999 4528 1161 4597; x_wconf 59' lang='lat' dir='ltr'><strong>carpit</strong></span> <span class='ocrx_word' id='word_1_526' title='bbox 1191 4544 1220 4582; x_wconf 88' lang='lat' dir='ltr'><strong>a</strong></span> <span class='ocrx_word' id='word_1_527' title='bbox 1251 4527 1468 4583; x_wconf 87' lang='lat' dir='ltr'><strong>ﬁumine</strong></span> <span class='ocrx_word' id='word_1_528' title='bbox 1490 4528 1767 4598; x_wconf 81' lang='lat' dir='ltr'><strong>perveniat</strong></span> <span class='ocrx_word' id='word_1_529' title='bbox 1798 4545 1969 4600; x_wconf 89' lang='lat' dir='ltr'><strong>usque</strong></span> <span class='ocrx_word' id='word_1_530' title='bbox 2000 4529 2067 4584; x_wconf 88' lang='lat' dir='ltr'><strong>ad</strong></span> 
     </span>
    </p>
   </div>
   <div class='ocr_carea' id='block_1_71' title="bbox 495 4619 2146 4718">
    <p class='ocr_par' dir='ltr' id='par_1_71' title="bbox 495 4619 2146 4718">
     <span class='ocr_line' id='line_1_71' title="bbox 495 4619 2146 4718; baseline 0.002 -44"><span class='ocrx_word' id='word_1_531' title='bbox 495 4621 754 4674; x_wconf 89' lang='lat' dir='ltr'><strong>terminos</strong></span> <span class='ocrx_word' id='word_1_532' title='bbox 788 4622 935 4674; x_wconf 88' lang='lat' dir='ltr'><strong>orbis</strong></span> <span class='ocrx_word' id='word_1_533' title='bbox 965 4627 1142 4674; x_wconf 71' lang='lat' dir='ltr'><strong>teme.</strong></span> <span class='ocrx_word' id='word_1_534' title='bbox 1191 4619 1396 4690; x_wconf 72' lang='lat' dir='ltr'><strong>(HIEB.)</strong></span> <span class='ocrx_word' id='word_1_535' title='bbox 1441 4620 1730 4676; x_wconf 89' lang='lat' dir='ltr'><strong>Sciendum</strong></span> <span class='ocrx_word' id='word_1_536' title='bbox 1777 4623 1918 4692; x_wconf 87' lang='lat' dir='ltr'><strong>quod</strong></span> <span class='ocrx_word' id='word_1_537' title='bbox 1949 4639 2069 4694; x_wconf 89' lang='lat' dir='ltr'><strong>sep-</strong></span> <span class='ocrx_word' id='word_1_538' title='bbox 2093 4647 2146 4718; x_wconf 71' lang='lat' dir='ltr'><strong>D</strong></span> 
     </span>
    </p>
   </div>
   <div class='ocr_carea' id='block_1_72' title="bbox 497 4709 2062 4782">
    <p class='ocr_par' dir='ltr' id='par_1_72' title="bbox 497 4709 2062 4782">
     <span class='ocr_line' id='line_1_72' title="bbox 497 4709 2062 4782; baseline 0.002 -17"><span class='ocrx_word' id='word_1_539' title='bbox 497 4713 1048 4782; x_wconf 87' lang='lat' dir='ltr'><strong>tuagesimusprimus</strong></span> <span class='ocrx_word' id='word_1_540' title='bbox 1075 4709 1312 4782; x_wconf 83' lang='lat' dir='ltr'><strong>psalmus</strong></span> <span class='ocrx_word' id='word_1_541' title='bbox 1359 4711 1584 4766; x_wconf 83' lang='lat' dir='ltr'><strong>secundi</strong></span> <span class='ocrx_word' id='word_1_542' title='bbox 1627 4711 1746 4767; x_wconf 90' lang='lat' dir='ltr'><strong>libri</strong></span> <span class='ocrx_word' id='word_1_543' title='bbox 1782 4711 1902 4767; x_wconf 87' lang='lat' dir='ltr'><strong>ﬁnis</strong></span> <span class='ocrx_word' id='word_1_544' title='bbox 1945 4721 2062 4768; x_wconf 89' lang='lat' dir='ltr'><strong>est:</strong></span> 
     </span>
    </p>
   </div>
   <div class='ocr_carea' id='block_1_73' title="bbox 498 4799 2068 4873">
    <p class='ocr_par' dir='ltr' id='par_1_73' title="bbox 498 4799 2068 4873">
     <span class='ocr_line' id='line_1_73' title="bbox 498 4799 2068 4873; baseline 0.002 -18"><span class='ocrx_word' id='word_1_545' title='bbox 498 4802 637 4856; x_wconf 89' lang='lat' dir='ltr'><strong>unde</strong></span> <span class='ocrx_word' id='word_1_546' title='bbox 681 4801 816 4855; x_wconf 90' lang='lat' dir='ltr'><strong>etin</strong></span> <span class='ocrx_word' id='word_1_547' title='bbox 867 4809 1107 4856; x_wconf 74' lang='lat' dir='ltr'><strong>extremo</strong></span> <span class='ocrx_word' id='word_1_548' title='bbox 1151 4803 1346 4856; x_wconf 87' lang='lat' dir='ltr'><strong>habet:</strong></span> <span class='ocrx_word' id='word_1_549' title='bbox 1378 4799 1531 4864; x_wconf 82' lang='lat' dir='ltr'><strong>Fiat,</strong></span> <span class='ocrx_word' id='word_1_550' title='bbox 1560 4801 1675 4870; x_wconf 81' lang='lat' dir='ltr'><strong>ﬁat,</strong></span> <span class='ocrx_word' id='word_1_551' title='bbox 1719 4817 1817 4873; x_wconf 89' lang='lat' dir='ltr'><strong>pro</strong></span> <span class='ocrx_word' id='word_1_552' title='bbox 1858 4817 1965 4872; x_wconf 90' lang='lat' dir='ltr'><strong>quo</strong></span> <span class='ocrx_word' id='word_1_553' title='bbox 2013 4804 2068 4858; x_wconf 89' lang='lat' dir='ltr'><strong>in</strong></span> 
     </span>
    </p>
   </div>
   <div class='ocr_carea' id='block_1_74' title="bbox 499 4891 1403 4957">
    <p class='ocr_par' dir='ltr' id='par_1_74' title="bbox 499 4891 1403 4957">
     <span class='ocr_line' id='line_1_74' title="bbox 499 4891 1403 4957; baseline 0 -10"><span class='ocrx_word' id='word_1_554' title='bbox 499 4894 722 4948; x_wconf 73' lang='lat' dir='ltr'><strong>Hebrmo</strong></span> <span class='ocrx_word' id='word_1_555' title='bbox 749 4894 978 4948; x_wconf 86' lang='lat' dir='ltr'><strong>dicitur:</strong></span> <span class='ocrx_word' id='word_1_556' title='bbox 1017 4891 1198 4957; x_wconf 80' lang='lat' dir='ltr'><strong>Amen,</strong></span> <span class='ocrx_word' id='word_1_557' title='bbox 1233 4911 1403 4948; x_wconf 87' lang='lat' dir='ltr'><strong>amen.</strong></span> 
     </span>
    </p>
   </div>
   <div class='ocr_carea' id='block_1_75' title="bbox 568 4975 2071 5056">
    <p class='ocr_par' dir='ltr' id='par_1_75' title="bbox 568 4975 2071 5056">
     <span class='ocr_line' id='line_1_75' title="bbox 568 4975 2071 5056; baseline 0.001 -18"><span class='ocrx_word' id='word_1_558' title='bbox 568 4985 730 5038; x_wconf 71' lang='lat' dir='ltr'><strong>Vens.</strong></span> <span class='ocrx_word' id='word_1_559' title='bbox 776 4983 863 5038; x_wconf 69' lang='lat'><strong>20&#39;.</strong></span> <span class='ocrx_word' id='word_1_560' title='bbox 890 4984 1292 5053; x_wconf 78' lang='lat' dir='ltr'><strong>——De]&#39;ecerunt</strong></span> <span class='ocrx_word' id='word_1_561' title='bbox 1342 4984 1542 5038; x_wconf 79' lang='lat' dir='ltr'><strong>laudes.</strong></span> <span class='ocrx_word' id='word_1_562' title='bbox 1597 4975 1718 5056; x_wconf 74' lang='grc'><strong>(11).)</strong></span> <span class='ocrx_word' id='word_1_563' title='bbox 1757 4983 1930 5039; x_wconf 83' lang='lat' dir='ltr'><strong>Etiam</strong></span> <span class='ocrx_word' id='word_1_564' title='bbox 1967 4985 2071 5040; x_wconf 89' lang='lat' dir='ltr'><strong>hoc</strong></span> 
     </span>
    </p>
   </div>
   <div class='ocr_carea' id='block_1_76' title="bbox 500 5075 2069 5148">
    <p class='ocr_par' dir='ltr' id='par_1_76' title="bbox 500 5075 2069 5148">
     <span class='ocr_line' id='line_1_76' title="bbox 500 5075 2069 5148; baseline 0.003 -20"><span class='ocrx_word' id='word_1_565' title='bbox 500 5075 804 5145; x_wconf 86' lang='lat' dir='ltr'><strong>diligentius</strong></span> <span class='ocrx_word' id='word_1_566' title='bbox 837 5077 1227 5131; x_wconf 85' lang='lat' dir='ltr'><strong>observandum</strong></span> <span class='ocrx_word' id='word_1_567' title='bbox 1254 5087 1356 5142; x_wconf 90' lang='lat' dir='ltr'><strong>est,</strong></span> <span class='ocrx_word' id='word_1_568' title='bbox 1386 5079 1526 5146; x_wconf 90' lang='lat' dir='ltr'><strong>quod</strong></span> <span class='ocrx_word' id='word_1_569' title='bbox 1553 5078 1683 5132; x_wconf 91' lang='lat' dir='ltr'><strong>illud</strong></span> <span class='ocrx_word' id='word_1_570' title='bbox 1715 5097 1726 5129; x_wconf 89' lang='lat'><strong>:</strong></span> <span class='ocrx_word' id='word_1_571' title='bbox 1757 5079 2069 5148; x_wconf 80' lang='lat' dir='ltr'><strong>Defecertmt</strong></span> 
     </span>
    </p>
   </div>
   <div class='ocr_carea' id='block_1_77' title="bbox 499 5163 2071 5238">
    <p class='ocr_par' dir='ltr' id='par_1_77' title="bbox 499 5163 2071 5238">
     <span class='ocr_line' id='line_1_77' title="bbox 499 5163 2071 5238; baseline 0.003 -19"><span class='ocrx_word' id='word_1_572' title='bbox 499 5167 674 5236; x_wconf 77' lang='lat' dir='ltr'><strong>hymni</strong></span> <span class='ocrx_word' id='word_1_573' title='bbox 700 5166 864 5219; x_wconf 81' lang='lat' dir='ltr'><strong>David</strong></span> <span class='ocrx_word' id='word_1_574' title='bbox 894 5165 989 5234; x_wconf 77' lang='lat' dir='ltr'><strong>ﬁlii</strong></span> <span class='ocrx_word' id='word_1_575' title='bbox 1011 5163 1178 5230; x_wconf 81' lang='lat' dir='ltr'><strong>Jesse,</strong></span> <span class='ocrx_word' id='word_1_576' title='bbox 1209 5167 1274 5219; x_wconf 90' lang='lat' dir='ltr'><strong>ad</strong></span> <span class='ocrx_word' id='word_1_577' title='bbox 1308 5166 1466 5222; x_wconf 90' lang='lat' dir='ltr'><strong>ﬁnem</strong></span> <span class='ocrx_word' id='word_1_578' title='bbox 1499 5170 1874 5236; x_wconf 79' lang='lat' dir='ltr'><strong>septuagesimi</strong></span> <span class='ocrx_word' id='word_1_579' title='bbox 1914 5171 2071 5238; x_wconf 86' lang='lat' dir='ltr'><strong>primi</strong></span> 
     </span>
    </p>
   </div>
   <div class='ocr_carea' id='block_1_78' title="bbox 501 5257 2072 5330">
    <p class='ocr_par' dir='ltr' id='par_1_78' title="bbox 501 5257 2072 5330">
     <span class='ocr_line' id='line_1_78' title="bbox 501 5257 2072 5330; baseline 0.003 -19"><span class='ocrx_word' id='word_1_580' title='bbox 501 5257 690 5327; x_wconf 85' lang='lat' dir='ltr'><strong>psalmi</strong></span> <span class='ocrx_word' id='word_1_581' title='bbox 739 5259 1020 5326; x_wconf 89' lang='lat' dir='ltr'><strong>pertineat.</strong></span> <span class='ocrx_word' id='word_1_582' title='bbox 1069 5257 1122 5311; x_wconf 90' lang='lat' dir='ltr'><strong>ld</strong></span> <span class='ocrx_word' id='word_1_583' title='bbox 1154 5274 1280 5313; x_wconf 87' lang='lat' dir='ltr'><strong>vero</strong></span> <span class='ocrx_word' id='word_1_584' title='bbox 1314 5259 1454 5328; x_wconf 88' lang='lat' dir='ltr'><strong>quod</strong></span> <span class='ocrx_word' id='word_1_585' title='bbox 1501 5261 1786 5330; x_wconf 87' lang='lat' dir='ltr'><strong>sequitur:</strong></span> <span class='ocrx_word' id='word_1_586' title='bbox 1829 5259 2072 5316; x_wconf 85' lang='lat' dir='ltr'><strong>Psalmus</strong></span> 
     </span>
    </p>
   </div>
   <div class='ocr_carea' id='block_1_79' title="bbox 503 5347 1360 5419">
    <p class='ocr_par' dir='ltr' id='par_1_79' title="bbox 503 5347 1360 5419">
     <span class='ocr_line' id='line_1_79' title="bbox 503 5347 1360 5419; baseline 0.002 -19"><span class='ocrx_word' id='word_1_587' title='bbox 503 5348 699 5418; x_wconf 73' lang='lat' dir='ltr'><strong>Asaph,</strong></span> <span class='ocrx_word' id='word_1_588' title='bbox 729 5347 936 5402; x_wconf 84' lang='lat' dir='ltr'><strong>initium</strong></span> <span class='ocrx_word' id='word_1_589' title='bbox 968 5349 1037 5402; x_wconf 91' lang='lat' dir='ltr'><strong>sit</strong></span> <span class='ocrx_word' id='word_1_590' title='bbox 1066 5350 1360 5419; x_wconf 83' lang='lat' dir='ltr'><strong>sequentis.</strong></span> 
     </span>
    </p>
   </div>
   <div class='ocr_carea' id='block_1_80' title="bbox 573 5437 2069 5509">
    <p class='ocr_par' dir='ltr' id='par_1_80' title="bbox 573 5437 2069 5509">
     <span class='ocr_line' id='line_1_80' title="bbox 573 5437 2069 5509; baseline 0.003 -17"><span class='ocrx_word' id='word_1_591' title='bbox 573 5437 812 5509; x_wconf 81' lang='lat' dir='ltr'><strong>Hymnus</strong></span> <span class='ocrx_word' id='word_1_592' title='bbox 865 5440 964 5493; x_wconf 89' lang='lat' dir='ltr'><strong>tria</strong></span> <span class='ocrx_word' id='word_1_593' title='bbox 987 5439 1149 5495; x_wconf 85' lang='lat' dir='ltr'><strong>habet</strong></span> <span class='ocrx_word' id='word_1_594' title='bbox 1193 5459 1204 5493; x_wconf 95' lang='lat'><strong>:</strong></span> <span class='ocrx_word' id='word_1_595' title='bbox 1252 5439 1460 5494; x_wconf 87' lang='lat' dir='ltr'><strong>laudem</strong></span> <span class='ocrx_word' id='word_1_596' title='bbox 1504 5439 1600 5493; x_wconf 89' lang='lat' dir='ltr'><strong>Dei</strong></span> <span class='ocrx_word' id='word_1_597' title='bbox 1645 5449 1767 5493; x_wconf 87' lang='lat' dir='ltr'><strong>cum</strong></span> <span class='ocrx_word' id='word_1_598' title='bbox 1811 5442 2069 5497; x_wconf 89' lang='lat' dir='ltr'><strong>cantico:</strong></span> 
     </span>
    </p>
   </div>
   <div class='ocr_carea' id='block_1_81' title="bbox 504 5529 2074 5598">
    <p class='ocr_par' dir='ltr' id='par_1_81' title="bbox 504 5529 2074 5598">
     <span class='ocr_line' id='line_1_81' title="bbox 504 5529 2074 5598; baseline 0.002 -14"><span class='ocrx_word' id='word_1_599' title='bbox 504 5530 604 5584; x_wconf 89' lang='lat' dir='ltr'><strong>nisi</strong></span> <span class='ocrx_word' id='word_1_600' title='bbox 635 5530 777 5583; x_wconf 91' lang='lat' dir='ltr'><strong>enim</strong></span> <span class='ocrx_word' id='word_1_601' title='bbox 812 5538 1058 5584; x_wconf 89' lang='lat' dir='ltr'><strong>cantetur</strong></span> <span class='ocrx_word' id='word_1_602' title='bbox 1101 5531 1361 5594; x_wconf 87' lang='lat' dir='ltr'><strong>hilariter,</strong></span> <span class='ocrx_word' id='word_1_603' title='bbox 1397 5545 1502 5583; x_wconf 91' lang='lat' dir='ltr'><strong>non</strong></span> <span class='ocrx_word' id='word_1_604' title='bbox 1531 5537 1611 5583; x_wconf 89' lang='lat' dir='ltr'><strong>est</strong></span> <span class='ocrx_word' id='word_1_605' title='bbox 1660 5529 1890 5598; x_wconf 84' lang='lat' dir='ltr'><strong>hymnus</strong></span> <span class='ocrx_word' id='word_1_606' title='bbox 1923 5551 1935 5584; x_wconf 90' lang='lat'><strong>:</strong></span> <span class='ocrx_word' id='word_1_607' title='bbox 1967 5549 2074 5587; x_wconf 88' lang='lat' dir='ltr'><strong>non</strong></span> 
     </span>
    </p>
   </div>
   <div class='ocr_carea' id='block_1_82' title="bbox 502 5619 2080 5690">
    <p class='ocr_par' dir='ltr' id='par_1_82' title="bbox 502 5619 2080 5690">
     <span class='ocr_line' id='line_1_82' title="bbox 502 5619 2080 5690; baseline 0.002 -15"><span class='ocrx_word' id='word_1_608' title='bbox 502 5629 686 5676; x_wconf 87' lang='lat' dir='ltr'><strong>cantat</strong></span> <span class='ocrx_word' id='word_1_609' title='bbox 722 5629 898 5675; x_wconf 87' lang='lat' dir='ltr'><strong>autem</strong></span> <span class='ocrx_word' id='word_1_610' title='bbox 947 5621 1034 5690; x_wconf 90' lang='lat' dir='ltr'><strong>qui</strong></span> <span class='ocrx_word' id='word_1_611' title='bbox 1069 5638 1172 5676; x_wconf 90' lang='lat' dir='ltr'><strong>non</strong></span> <span class='ocrx_word' id='word_1_612' title='bbox 1201 5619 1364 5675; x_wconf 82' lang='lat' dir='ltr'><strong>amal.</strong></span> <span class='ocrx_word' id='word_1_613' title='bbox 1396 5620 1452 5674; x_wconf 90' lang='lat' dir='ltr'><strong>Si</strong></span> <span class='ocrx_word' id='word_1_614' title='bbox 1499 5621 1566 5673; x_wconf 90' lang='lat' dir='ltr'><strong>sit</strong></span> <span class='ocrx_word' id='word_1_615' title='bbox 1595 5620 1734 5684; x_wconf 85' lang='lat' dir='ltr'><strong>laus,</strong></span> <span class='ocrx_word' id='word_1_616' title='bbox 1763 5629 1814 5674; x_wconf 89' lang='lat' dir='ltr'><strong>et</strong></span> <span class='ocrx_word' id='word_1_617' title='bbox 1861 5639 1964 5676; x_wconf 91' lang='lat' dir='ltr'><strong>non</strong></span> <span class='ocrx_word' id='word_1_618' title='bbox 1996 5636 2080 5678; x_wconf 88' lang='lat' dir='ltr'><strong>est</strong></span> 
     </span>
    </p>
   </div>
   <div class='ocr_carea' id='block_1_83' title="bbox 504 5709 2080 5784">
    <p class='ocr_par' dir='ltr' id='par_1_83' title="bbox 504 5709 2080 5784">
     <span class='ocr_line' id='line_1_83' title="bbox 504 5709 2080 5784; baseline -0.001 -17"><span class='ocrx_word' id='word_1_619' title='bbox 504 5712 620 5776; x_wconf 91' lang='lat' dir='ltr'><strong>Dei,</strong></span> <span class='ocrx_word' id='word_1_620' title='bbox 654 5727 758 5766; x_wconf 91' lang='lat' dir='ltr'><strong>non</strong></span> <span class='ocrx_word' id='word_1_621' title='bbox 788 5723 865 5767; x_wconf 89' lang='lat' dir='ltr'><strong>est</strong></span> <span class='ocrx_word' id='word_1_622' title='bbox 898 5711 1130 5782; x_wconf 86' lang='lat' dir='ltr'><strong>hymnus</strong></span> <span class='ocrx_word' id='word_1_623' title='bbox 1167 5728 1178 5764; x_wconf 97' lang='lat'><strong>:</strong></span> <span class='ocrx_word' id='word_1_624' title='bbox 1209 5721 1261 5765; x_wconf 87' lang='lat' dir='ltr'><strong>et</strong></span> <span class='ocrx_word' id='word_1_625' title='bbox 1282 5712 1324 5764; x_wconf 85' lang='lat' dir='ltr'><strong>si</strong></span> <span class='ocrx_word' id='word_1_626' title='bbox 1350 5713 1420 5766; x_wconf 87' lang='lat' dir='ltr'><strong>sit</strong></span> <span class='ocrx_word' id='word_1_627' title='bbox 1449 5709 1564 5784; x_wconf 79' lang='lat' dir='ltr'><strong>Dei,</strong></span> <span class='ocrx_word' id='word_1_628' title='bbox 1594 5719 1645 5764; x_wconf 89' lang='lat' dir='ltr'><strong>et</strong></span> <span class='ocrx_word' id='word_1_629' title='bbox 1671 5725 1771 5763; x_wconf 88' lang='lat' dir='ltr'><strong>non</strong></span> <span class='ocrx_word' id='word_1_630' title='bbox 1801 5726 1922 5766; x_wconf 88' lang='lat' dir='ltr'><strong>cum</strong></span> <span class='ocrx_word' id='word_1_631' title='bbox 1956 5715 2080 5766; x_wconf 85' lang='lat' dir='ltr'><strong>caii-</strong></span> 
     </span>
    </p>
   </div>
   <div class='ocr_carea' id='block_1_84' title="bbox 506 5799 2078 5873">
    <p class='ocr_par' dir='ltr' id='par_1_84' title="bbox 506 5799 2078 5873">
     <span class='ocr_line' id='line_1_84' title="bbox 506 5799 2078 5873; baseline 0.001 -19"><span class='ocrx_word' id='word_1_632' title='bbox 506 5803 632 5866; x_wconf 89' lang='lat' dir='ltr'><strong>tico,</strong></span> <span class='ocrx_word' id='word_1_633' title='bbox 659 5817 767 5858; x_wconf 90' lang='lat' dir='ltr'><strong>non</strong></span> <span class='ocrx_word' id='word_1_634' title='bbox 795 5803 1042 5873; x_wconf 86' lang='lat' dir='ltr'><strong>hymnus.</strong></span> <span class='ocrx_word' id='word_1_635' title='bbox 1071 5802 1270 5855; x_wconf 70' lang='lat' dir='ltr'><strong>Praeter</strong></span> <span class='ocrx_word' id='word_1_636' title='bbox 1291 5802 1506 5855; x_wconf 82' lang='lat' dir='ltr'><strong>solitum</strong></span> <span class='ocrx_word' id='word_1_637' title='bbox 1539 5799 1714 5854; x_wconf 88' lang='lat' dir='ltr'><strong>addit:</strong></span> <span class='ocrx_word' id='word_1_638' title='bbox 1747 5799 1873 5853; x_wconf 80' lang='lat' dir='ltr'><strong>Filii</strong></span> <span class='ocrx_word' id='word_1_639' title='bbox 1899 5801 2044 5856; x_wconf 76' lang='lat' dir='ltr'><strong>Iesse</strong></span> <span class='ocrx_word' id='word_1_640' title='bbox 2061 5819 2078 5868; x_wconf 89' lang='lat'><em>;</em></span> 
     </span>
    </p>
   </div>
   <div class='ocr_carea' id='block_1_85' title="bbox 511 5890 2077 5962">
    <p class='ocr_par' dir='ltr' id='par_1_85' title="bbox 511 5890 2077 5962">
     <span class='ocr_line' id='line_1_85' title="bbox 511 5890 2077 5962; baseline 0 -16"><span class='ocrx_word' id='word_1_641' title='bbox 511 5891 676 5946; x_wconf 84' lang='lat' dir='ltr'><strong>David</strong></span> <span class='ocrx_word' id='word_1_642' title='bbox 699 5893 842 5946; x_wconf 87' lang='lat' dir='ltr'><strong>enim</strong></span> <span class='ocrx_word' id='word_1_643' title='bbox 873 5896 1050 5955; x_wconf 88' lang='lat' dir='ltr'><strong>homo,</strong></span> <span class='ocrx_word' id='word_1_644' title='bbox 1079 5892 1295 5962; x_wconf 87' lang='lat' dir='ltr'><strong>quidam</strong></span> <span class='ocrx_word' id='word_1_645' title='bbox 1333 5893 1475 5946; x_wconf 88' lang='lat' dir='ltr'><strong>ﬁlius</strong></span> <span class='ocrx_word' id='word_1_646' title='bbox 1524 5890 1695 5956; x_wconf 84' lang='lat' dir='ltr'><strong>Jesse,</strong></span> <span class='ocrx_word' id='word_1_647' title='bbox 1745 5895 1985 5960; x_wconf 80' lang='lat' dir='ltr'><strong>regnavit</strong></span> <span class='ocrx_word' id='word_1_648' title='bbox 2025 5895 2077 5948; x_wconf 82' lang='lat' dir='ltr'><strong>in</strong></span> 
     </span>
    </p>
   </div>
   <div class='ocr_carea' id='block_1_86' title="bbox 2160 2961 3764 3038">
    <p class='ocr_par' dir='ltr' id='par_1_86' title="bbox 2160 2961 3764 3038">
     <span class='ocr_line' id='line_1_86' title="bbox 2160 2961 3764 3038; baseline 0.007 -23"><span class='ocrx_word' id='word_1_649' title='bbox 2160 2961 2480 3030; x_wconf 88' lang='lat' dir='ltr'><strong>alliciendis,</strong></span> <span class='ocrx_word' id='word_1_650' title='bbox 2513 2973 2568 3020; x_wconf 90' lang='lat' dir='ltr'><strong>et</strong></span> <span class='ocrx_word' id='word_1_651' title='bbox 2594 2965 2694 3021; x_wconf 90' lang='lat' dir='ltr'><strong>hoc</strong></span> <span class='ocrx_word' id='word_1_652' title='bbox 2726 2965 2857 3022; x_wconf 90' lang='lat' dir='ltr'><strong>dicit</strong></span> <span class='ocrx_word' id='word_1_653' title='bbox 2879 2965 3162 3038; x_wconf 83' lang='lat' dir='ltr'><strong>Synagoga</strong></span> <span class='ocrx_word' id='word_1_654' title='bbox 3201 2985 3320 3038; x_wconf 71' lang='lat' dir='ltr'><strong>qua:</strong></span> <span class='ocrx_word' id='word_1_655' title='bbox 3344 2969 3461 3038; x_wconf 85' lang='lat' dir='ltr'><strong>jam</strong></span> <span class='ocrx_word' id='word_1_656' title='bbox 3497 2971 3606 3025; x_wconf 88' lang='lat' dir='ltr'><strong>sibi</strong></span> <span class='ocrx_word' id='word_1_657' title='bbox 3637 2988 3764 3026; x_wconf 65' lang='lat' dir='ltr'><strong>com</strong></span> 
     </span>
    </p>
   </div>
   <div class='ocr_carea' id='block_1_87' title="bbox 2161 3057 3760 3132">
    <p class='ocr_par' dir='ltr' id='par_1_87' title="bbox 2161 3057 3760 3132">
     <span class='ocr_line' id='line_1_87' title="bbox 2161 3057 3760 3132; baseline 0.006 -22"><span class='ocrx_word' id='word_1_658' title='bbox 2161 3063 2245 3110; x_wconf 92' lang='lat' dir='ltr'><strong>tra</strong></span> <span class='ocrx_word' id='word_1_659' title='bbox 2297 3057 2400 3113; x_wconf 83' lang='lat' dir='ltr'><strong>hoc</strong></span> <span class='ocrx_word' id='word_1_660' title='bbox 2447 3059 2588 3131; x_wconf 89' lang='lat' dir='ltr'><strong>quod</strong></span> <span class='ocrx_word' id='word_1_661' title='bbox 2643 3060 2793 3131; x_wconf 87' lang='lat' dir='ltr'><strong>prius</strong></span> <span class='ocrx_word' id='word_1_662' title='bbox 2837 3061 3030 3132; x_wconf 83' lang='lat' dir='ltr'><strong>agebat</strong></span> <span class='ocrx_word' id='word_1_663' title='bbox 3083 3069 3348 3131; x_wconf 89' lang='lat' dir='ltr'><strong>testatur,</strong></span> <span class='ocrx_word' id='word_1_664' title='bbox 3403 3071 3469 3120; x_wconf 87' lang='lat' dir='ltr'><strong>ut</strong></span> <span class='ocrx_word' id='word_1_665' title='bbox 3517 3066 3760 3121; x_wconf 79' lang='lat' dir='ltr'><strong>credibi-</strong></span> 
     </span>
    </p>
   </div>
   <div class='ocr_carea' id='block_1_88' title="bbox 2161 3148 2382 3205">
    <p class='ocr_par' dir='ltr' id='par_1_88' title="bbox 2161 3148 2382 3205">
     <span class='ocr_line' id='line_1_88' title="bbox 2161 3148 2382 3205; baseline 0.005 -3"><span class='ocrx_word' id='word_1_666' title='bbox 2161 3148 2263 3205; x_wconf 92' lang='lat' dir='ltr'><strong>lius</strong></span> <span class='ocrx_word' id='word_1_667' title='bbox 2292 3149 2382 3204; x_wconf 85' lang='lat' dir='ltr'><strong>sit.</strong></span> 
     </span>
    </p>
   </div>
   <div class='ocr_carea' id='block_1_89' title="bbox 2669 3240 3237 3300">
    <p class='ocr_par' dir='ltr' id='par_1_89' title="bbox 2669 3240 3237 3300">
     <span class='ocr_line' id='line_1_89' title="bbox 2669 3240 3237 3300; baseline 0.005 -3"><span class='ocrx_word' id='word_1_668' title='bbox 2669 3240 2988 3299; x_wconf 83' lang='lat' dir='ltr'><strong>PSALMUS</strong></span> <span class='ocrx_word' id='word_1_669' title='bbox 3031 3241 3237 3300; x_wconf 74' lang='lat' dir='ltr'><strong>LXXI].</strong></span> 
     </span>
    </p>
   </div>
   <div class='ocr_carea' id='block_1_90' title="bbox 2235 3390 3763 3471">
    <p class='ocr_par' dir='ltr' id='par_1_90' title="bbox 2235 3390 3763 3471">
     <span class='ocr_line' id='line_1_90' title="bbox 2235 3390 3763 3471; baseline 0.01 -26"><span class='ocrx_word' id='word_1_670' title='bbox 2235 3390 2398 3450; x_wconf 80' lang='lat' dir='ltr'><strong>Vens.</strong></span> <span class='ocrx_word' id='word_1_671' title='bbox 2452 3393 2502 3446; x_wconf 83' lang='lat' dir='ltr'><strong>l.</strong></span> <span class='ocrx_word' id='word_1_672' title='bbox 2547 3421 2616 3433; x_wconf 90' lang='lat'><strong>-—</strong></span> <span class='ocrx_word' id='word_1_673' title='bbox 2651 3391 2824 3458; x_wconf 77' lang='lat' dir='ltr'><strong>Quam</strong></span> <span class='ocrx_word' id='word_1_674' title='bbox 2865 3396 3049 3462; x_wconf 76' lang='lat' dir='ltr'><strong>bonus.</strong></span> <span class='ocrx_word' id='word_1_675' title='bbox 3105 3399 3280 3471; x_wconf 62' lang='grc' dir='ltr'><strong>(ωδε)</strong></span> <span class='ocrx_word' id='word_1_676' title='bbox 3325 3399 3508 3458; x_wconf 66' lang='lat' dir='ltr'><strong>Monet</strong></span> <span class='ocrx_word' id='word_1_677' title='bbox 3547 3413 3612 3459; x_wconf 77' lang='lat' dir='ltr'><strong>ut</strong></span> <span class='ocrx_word' id='word_1_678' title='bbox 3659 3419 3763 3460; x_wconf 80' lang='lat' dir='ltr'><strong>non</strong></span> 
     </span>
    </p>
   </div>
   <div class='ocr_carea' id='block_1_91' title="bbox 2161 3485 3579 3556">
    <p class='ocr_par' dir='ltr' id='par_1_91' title="bbox 2161 3485 3579 3556">
     <span class='ocr_line' id='line_1_91' title="bbox 2161 3485 3579 3556; baseline 0.004 -14"><span class='ocrx_word' id='word_1_679' title='bbox 2161 3499 2260 3556; x_wconf 89' lang='lat' dir='ltr'><strong>pro</strong></span> <span class='ocrx_word' id='word_1_680' title='bbox 2284 3485 2689 3556; x_wconf 86' lang='lat' dir='ltr'><strong>temporalibus,</strong></span> <span class='ocrx_word' id='word_1_681' title='bbox 2717 3488 2811 3544; x_wconf 91' lang='lat' dir='ltr'><strong>sed</strong></span> <span class='ocrx_word' id='word_1_682' title='bbox 2833 3491 3054 3546; x_wconf 65' lang='lat' dir='ltr'><strong>aeternis</strong></span> <span class='ocrx_word' id='word_1_683' title='bbox 3077 3490 3245 3548; x_wconf 88' lang='lat' dir='ltr'><strong>Deum</strong></span> <span class='ocrx_word' id='word_1_684' title='bbox 3273 3493 3579 3552; x_wconf 79' lang='lat' dir='ltr'><strong>laudemus.</strong></span> 
     </span>
    </p>
   </div>
   <div class='ocr_carea' id='block_1_92' title="bbox 2234 3576 3761 3655">
    <p class='ocr_par' dir='ltr' id='par_1_92' title="bbox 2234 3576 3761 3655">
     <span class='ocr_line' id='line_1_92' title="bbox 2234 3576 3761 3655; baseline 0.008 -21"><span class='ocrx_word' id='word_1_685' title='bbox 2234 3576 2396 3634; x_wconf 74' lang='lat' dir='ltr'><strong>Vens.</strong></span> <span class='ocrx_word' id='word_1_686' title='bbox 2442 3577 2495 3632; x_wconf 73' lang='grc'><strong>2.</strong></span> <span class='ocrx_word' id='word_1_687' title='bbox 2525 3609 2595 3618; x_wconf 92' lang='lat'><strong>—</strong></span> <span class='ocrx_word' id='word_1_688' title='bbox 2625 3577 2811 3636; x_wconf 79' lang='lat' dir='ltr'><strong>Pedes.</strong></span> <span class='ocrx_word' id='word_1_689' title='bbox 2871 3582 3045 3652; x_wconf 68' lang='lat' dir='ltr'><strong>(Cas)</strong></span> <span class='ocrx_word' id='word_1_690' title='bbox 3092 3583 3198 3640; x_wconf 87' lang='lat' dir='ltr'><strong>Pro</strong></span> <span class='ocrx_word' id='word_1_691' title='bbox 3241 3587 3470 3642; x_wconf 85' lang='lat' dir='ltr'><strong>arbitrio</strong></span> <span class='ocrx_word' id='word_1_692' title='bbox 3519 3591 3761 3655; x_wconf 80' lang='lat' dir='ltr'><strong>mentis.</strong></span> 
     </span>
    </p>
   </div>
   <div class='ocr_carea' id='block_1_93' title="bbox 2163 3671 3760 3753">
    <p class='ocr_par' dir='ltr' id='par_1_93' title="bbox 2163 3671 3760 3753">
     <span class='ocr_line' id='line_1_93' title="bbox 2163 3671 3760 3753; baseline 0.011 -30"><span class='ocrx_word' id='word_1_693' title='bbox 2163 3671 2306 3740; x_wconf 79' lang='lat' dir='ltr'><strong>qod</strong></span> <span class='ocrx_word' id='word_1_694' title='bbox 2333 3686 2363 3724; x_wconf 90' lang='lat' dir='ltr'><strong>a</strong></span> <span class='ocrx_word' id='word_1_695' title='bbox 2393 3672 2620 3726; x_wconf 87' lang='lat' dir='ltr'><strong>veritate</strong></span> <span class='ocrx_word' id='word_1_696' title='bbox 2654 3673 3014 3744; x_wconf 86' lang='lat' dir='ltr'><strong>discrepabat.</strong></span> <span class='ocrx_word' id='word_1_697' title='bbox 3068 3674 3311 3745; x_wconf 80' lang='lat' dir='ltr'><strong>Gressus,</strong></span> <span class='ocrx_word' id='word_1_698' title='bbox 3361 3690 3520 3737; x_wconf 86' lang='lat' dir='ltr'><strong>actus</strong></span> <span class='ocrx_word' id='word_1_699' title='bbox 3557 3685 3760 3753; x_wconf 61' lang='lat' dir='ltr'><strong>praeci-</strong></span> 
     </span>
    </p>
   </div>
   <div class='ocr_carea' id='block_1_94' title="bbox 2165 3763 3026 3834">
    <p class='ocr_par' dir='ltr' id='par_1_94' title="bbox 2165 3763 3026 3834">
     <span class='ocr_line' id='line_1_94' title="bbox 2165 3763 3026 3834; baseline 0.008 -19"><span class='ocrx_word' id='word_1_700' title='bbox 2165 3763 2348 3832; x_wconf 89' lang='lat' dir='ltr'><strong>pitati;</strong></span> <span class='ocrx_word' id='word_1_701' title='bbox 2384 3781 2528 3833; x_wconf 85' lang='lat' dir='ltr'><strong>pene,</strong></span> <span class='ocrx_word' id='word_1_702' title='bbox 2561 3765 2686 3834; x_wconf 89' lang='lat' dir='ltr'><strong>quia</strong></span> <span class='ocrx_word' id='word_1_703' title='bbox 2715 3766 2824 3820; x_wconf 89' lang='lat' dir='ltr'><strong>cito</strong></span> <span class='ocrx_word' id='word_1_704' title='bbox 2848 3767 3026 3822; x_wconf 90' lang='lat' dir='ltr'><strong>rediit.</strong></span> 
     </span>
    </p>
   </div>
   <div class='ocr_carea' id='block_1_95' title="bbox 2241 3856 3757 3940">
    <p class='ocr_par' dir='ltr' id='par_1_95' title="bbox 2241 3856 3757 3940">
     <span class='ocr_line' id='line_1_95' title="bbox 2241 3856 3757 3940; baseline 0.009 -27"><span class='ocrx_word' id='word_1_705' title='bbox 2241 3856 2398 3914; x_wconf 75' lang='lat' dir='ltr'><strong>Vens.</strong></span> <span class='ocrx_word' id='word_1_706' title='bbox 2429 3859 2484 3925; x_wconf 81' lang='grc'>5,</span> <span class='ocrx_word' id='word_1_707' title='bbox 2513 3858 2659 3913; x_wconf 62' lang='grc'><strong>1.-</strong></span> <span class='ocrx_word' id='word_1_708' title='bbox 2685 3857 2879 3916; x_wconf 84' lang='lat' dir='ltr'><strong>Pacem</strong></span> <span class='ocrx_word' id='word_1_709' title='bbox 2915 3873 3262 3932; x_wconf 80' lang='lat' dir='ltr'><strong>peccatorum.</strong></span> <span class='ocrx_word' id='word_1_710' title='bbox 3299 3866 3483 3938; x_wconf 67' lang='grc' dir='ltr'><strong>(Δίες.)</strong></span> <span class='ocrx_word' id='word_1_711' title='bbox 3518 3868 3757 3940; x_wconf 86' lang='lat' dir='ltr'><strong>Tempo-</strong></span> 
     </span>
    </p>
   </div>
   <div class='ocr_carea' id='block_1_96' title="bbox 2168 3947 3753 4031">
    <p class='ocr_par' dir='ltr' id='par_1_96' title="bbox 2168 3947 3753 4031">
     <span class='ocr_line' id='line_1_96' title="bbox 2168 3947 3753 4031; baseline 0.009 -29"><span class='ocrx_word' id='word_1_712' title='bbox 2168 3948 2353 4015; x_wconf 73' lang='lat' dir='ltr'><strong>ralem,</strong></span> <span class='ocrx_word' id='word_1_713' title='bbox 2404 3947 2624 4015; x_wconf 79' lang='lat' dir='ltr'><strong>ﬂuxam,</strong></span> <span class='ocrx_word' id='word_1_714' title='bbox 2669 3952 2947 4008; x_wconf 85' lang='lat' dir='ltr'><strong>caducam.</strong></span> <span class='ocrx_word' id='word_1_715' title='bbox 3004 3951 3220 4010; x_wconf 75' lang='lat' dir='ltr'><strong>Videas.</strong></span> <span class='ocrx_word' id='word_1_716' title='bbox 3267 3955 3384 4012; x_wconf 88' lang='lat' dir='ltr'><strong>Non</strong></span> <span class='ocrx_word' id='word_1_717' title='bbox 3423 3959 3753 4031; x_wconf 81' lang='lat' dir='ltr'><strong>intelligens.</strong></span> 
     </span>
    </p>
   </div>
   <div class='ocr_carea' id='block_1_97' title="bbox 2167 4038 3758 4120">
    <p class='ocr_par' dir='ltr' id='par_1_97' title="bbox 2167 4038 3758 4120">
     <span class='ocr_line' id='line_1_97' title="bbox 2167 4038 3758 4120; baseline 0.011 -28"><span class='ocrx_word' id='word_1_718' title='bbox 2167 4038 2303 4106; x_wconf 85' lang='lat' dir='ltr'><strong>Quia</strong></span> <span class='ocrx_word' id='word_1_719' title='bbox 2346 4039 2460 4094; x_wconf 61' lang='lat' dir='ltr'><strong>haec</strong></span> <span class='ocrx_word' id='word_1_720' title='bbox 2531 4055 2636 4109; x_wconf 80' lang='lat' dir='ltr'><strong>pax</strong></span> <span class='ocrx_word' id='word_1_721' title='bbox 2709 4041 2946 4106; x_wconf 86' lang='lat' dir='ltr'><strong>videtur,</strong></span> <span class='ocrx_word' id='word_1_722' title='bbox 3002 4060 3108 4099; x_wconf 92' lang='lat' dir='ltr'><strong>non</strong></span> <span class='ocrx_word' id='word_1_723' title='bbox 3145 4047 3464 4120; x_wconf 81' lang='lat' dir='ltr'><strong>intelligitur</strong></span> <span class='ocrx_word' id='word_1_724' title='bbox 3493 4091 3511 4114; x_wconf 93' lang='lat'><strong>,</strong></span> <span class='ocrx_word' id='word_1_725' title='bbox 3570 4055 3758 4109; x_wconf 79' lang='lat' dir='ltr'><strong>oculos</strong></span> 
     </span>
    </p>
   </div>
   <div class='ocr_carea' id='block_1_98' title="bbox 2167 4129 3758 4214">
    <p class='ocr_par' dir='ltr' id='par_1_98' title="bbox 2167 4129 3758 4214">
     <span class='ocr_line' id='line_1_98' title="bbox 2167 4129 3758 4214; baseline 0.01 -29"><span class='ocrx_word' id='word_1_726' title='bbox 2167 4129 2353 4196; x_wconf 86' lang='lat' dir='ltr'><strong>eludit,</strong></span> <span class='ocrx_word' id='word_1_727' title='bbox 2383 4140 2458 4185; x_wconf 86' lang='lat' dir='ltr'><strong>est</strong></span> <span class='ocrx_word' id='word_1_728' title='bbox 2492 4132 2636 4186; x_wconf 89' lang='lat' dir='ltr'><strong>enim</strong></span> <span class='ocrx_word' id='word_1_729' title='bbox 2661 4131 2799 4188; x_wconf 85' lang='lat' dir='ltr'><strong>ﬁuxa</strong></span> <span class='ocrx_word' id='word_1_730' title='bbox 2830 4144 2884 4189; x_wconf 93' lang='lat' dir='ltr'><strong>et</strong></span> <span class='ocrx_word' id='word_1_731' title='bbox 2907 4136 3125 4192; x_wconf 87' lang='lat' dir='ltr'><strong>caduca.</strong></span> <span class='ocrx_word' id='word_1_732' title='bbox 3155 4138 3330 4211; x_wconf 70' lang='grc' dir='ltr'><strong>(ὼε.)</strong></span> <span class='ocrx_word' id='word_1_733' title='bbox 3355 4138 3554 4197; x_wconf 80' lang='lat' dir='ltr'><strong>Pacem</strong></span> <span class='ocrx_word' id='word_1_734' title='bbox 3576 4162 3758 4214; x_wconf 79' lang='lat' dir='ltr'><strong>pecce-</strong></span> 
     </span>
    </p>
   </div>
   <div class='ocr_carea' id='block_1_99' title="bbox 2167 4225 3755 4302">
    <p class='ocr_par' dir='ltr' id='par_1_99' title="bbox 2167 4225 3755 4302">
     <span class='ocr_line' id='line_1_99' title="bbox 2167 4225 3755 4302; baseline 0.011 -27"><span class='ocrx_word' id='word_1_735' title='bbox 2167 4232 2338 4276; x_wconf 88' lang='lat' dir='ltr'><strong>torum</strong></span> <span class='ocrx_word' id='word_1_736' title='bbox 2365 4225 2487 4293; x_wconf 77' lang='lat' dir='ltr'><strong>quia</strong></span> <span class='ocrx_word' id='word_1_737' title='bbox 2525 4241 2629 4278; x_wconf 87' lang='lat' dir='ltr'><strong>non</strong></span> <span class='ocrx_word' id='word_1_738' title='bbox 2675 4235 2748 4279; x_wconf 84' lang='lat' dir='ltr'><strong>est</strong></span> <span class='ocrx_word' id='word_1_739' title='bbox 2790 4227 3072 4283; x_wconf 84' lang='lat' dir='ltr'><strong>declinatio</strong></span> <span class='ocrx_word' id='word_1_740' title='bbox 3115 4233 3271 4286; x_wconf 84' lang='lat' dir='ltr'><strong>morti</strong></span> <span class='ocrx_word' id='word_1_741' title='bbox 3321 4249 3529 4289; x_wconf 79' lang='lat' dir='ltr'><strong>eorum.</strong></span> <span class='ocrx_word' id='word_1_742' title='bbox 3559 4235 3620 4291; x_wconf 84' lang='lat' dir='ltr'><strong>id</strong></span> <span class='ocrx_word' id='word_1_743' title='bbox 3648 4249 3755 4302; x_wconf 88' lang='lat' dir='ltr'><strong>est,</strong></span> 
     </span>
    </p>
   </div>
   <div class='ocr_carea' id='block_1_100' title="bbox 2169 4315 3762 4397">
    <p class='ocr_par' dir='ltr' id='par_1_100' title="bbox 2169 4315 3762 4397">
     <span class='ocr_line' id='line_1_100' title="bbox 2169 4315 3762 4397; baseline 0.01 -29"><span class='ocrx_word' id='word_1_744' title='bbox 2169 4331 2275 4370; x_wconf 85' lang='lat' dir='ltr'><strong>non</strong></span> <span class='ocrx_word' id='word_1_745' title='bbox 2302 4315 2409 4372; x_wconf 92' lang='lat' dir='ltr'><strong>cito</strong></span> <span class='ocrx_word' id='word_1_746' title='bbox 2443 4317 2764 4382; x_wconf 90' lang='lat' dir='ltr'><strong>moriuntur,</strong></span> <span class='ocrx_word' id='word_1_747' title='bbox 2794 4319 2886 4374; x_wconf 84' lang='lat' dir='ltr'><strong>sed</strong></span> <span class='ocrx_word' id='word_1_748' title='bbox 2917 4320 3004 4374; x_wconf 92' lang='lat' dir='ltr'><strong>diu</strong></span> <span class='ocrx_word' id='word_1_749' title='bbox 3032 4321 3251 4388; x_wconf 82' lang='lat' dir='ltr'><strong>vivunt;</strong></span> <span class='ocrx_word' id='word_1_750' title='bbox 3281 4325 3384 4380; x_wconf 83' lang='lat' dir='ltr'><strong>etsi</strong></span> <span class='ocrx_word' id='word_1_751' title='bbox 3439 4325 3601 4397; x_wconf 75' lang='lat' dir='ltr'><strong>plaga</strong></span> <span class='ocrx_word' id='word_1_752' title='bbox 3662 4329 3762 4384; x_wconf 82' lang='lat' dir='ltr'><strong>ali—</strong></span> 
     </span>
    </p>
   </div>
   <div class='ocr_carea' id='block_1_101' title="bbox 2171 4407 3755 4484">
    <p class='ocr_par' dir='ltr' id='par_1_101' title="bbox 2171 4407 3755 4484">
     <span class='ocr_line' id='line_1_101' title="bbox 2171 4407 3755 4484; baseline 0.01 -24"><span class='ocrx_word' id='word_1_753' title='bbox 2171 4407 2388 4475; x_wconf 90' lang='lat' dir='ltr'><strong>quando</strong></span> <span class='ocrx_word' id='word_1_754' title='bbox 2412 4423 2520 4462; x_wconf 93' lang='lat' dir='ltr'><strong>non</strong></span> <span class='ocrx_word' id='word_1_755' title='bbox 2553 4408 2728 4474; x_wconf 84' lang='lat' dir='ltr'><strong>ﬁrma,</strong></span> <span class='ocrx_word' id='word_1_756' title='bbox 2761 4418 2820 4466; x_wconf 92' lang='lat' dir='ltr'><strong>ut</strong></span> <span class='ocrx_word' id='word_1_757' title='bbox 2859 4411 3018 4466; x_wconf 89' lang='lat' dir='ltr'><strong>durat</strong></span> <span class='ocrx_word' id='word_1_758' title='bbox 3059 4412 3326 4484; x_wconf 81' lang='lat' dir='ltr'><strong>ﬂagellum</strong></span> <span class='ocrx_word' id='word_1_759' title='bbox 3369 4421 3755 4476; x_wconf 84' lang='lat' dir='ltr'><strong>correctionis.</strong></span> 
     </span>
    </p>
   </div>
   <div class='ocr_carea' id='block_1_102' title="bbox 2171 4495 3762 4574">
    <p class='ocr_par' dir='ltr' id='par_1_102' title="bbox 2171 4495 3762 4574">
     <span class='ocr_line' id='line_1_102' title="bbox 2171 4495 3762 4574; baseline 0.012 -24"><span class='ocrx_word' id='word_1_760' title='bbox 2171 4495 2240 4552; x_wconf 86' lang='lat' dir='ltr'><strong>Et</strong></span> <span class='ocrx_word' id='word_1_761' title='bbox 2265 4499 2652 4568; x_wconf 72' lang='lat' dir='ltr'><strong>[imitamentum</strong></span> <span class='ocrx_word' id='word_1_762' title='bbox 2673 4503 2728 4556; x_wconf 87' lang='lat' dir='ltr'><strong>in</strong></span> <span class='ocrx_word' id='word_1_763' title='bbox 2749 4502 2904 4574; x_wconf 80' lang='lat' dir='ltr'><strong>plaga</strong></span> <span class='ocrx_word' id='word_1_764' title='bbox 2925 4519 3124 4560; x_wconf 86' lang='lat' dir='ltr'><strong>eorum.</strong></span> <span class='ocrx_word' id='word_1_765' title='bbox 3157 4507 3271 4563; x_wconf 80' lang='lat' dir='ltr'><strong>Non</strong></span> <span class='ocrx_word' id='word_1_766' title='bbox 3297 4510 3594 4567; x_wconf 84' lang='lat' dir='ltr'><strong>miseretur</strong></span> <span class='ocrx_word' id='word_1_767' title='bbox 3614 4513 3762 4569; x_wconf 84' lang='lat' dir='ltr'><strong>Deus</strong></span> 
     </span>
    </p>
   </div>
   <div class='ocr_carea' id='block_1_103' title="bbox 2172 4592 3758 4672">
    <p class='ocr_par' dir='ltr' id='par_1_103' title="bbox 2172 4592 3758 4672">
     <span class='ocr_line' id='line_1_103' title="bbox 2172 4592 3758 4672; baseline 0.011 -27"><span class='ocrx_word' id='word_1_768' title='bbox 2172 4592 2556 4648; x_wconf 87' lang='lat' dir='ltr'><strong>consolidando</strong></span> <span class='ocrx_word' id='word_1_769' title='bbox 2577 4594 2759 4665; x_wconf 83' lang='lat' dir='ltr'><strong>plagas</strong></span> <span class='ocrx_word' id='word_1_770' title='bbox 2785 4611 2970 4652; x_wconf 87' lang='lat' dir='ltr'><strong>eorum</strong></span> <span class='ocrx_word' id='word_1_771' title='bbox 2997 4617 3007 4651; x_wconf 94' lang='lat'><strong>:</strong></span> <span class='ocrx_word' id='word_1_772' title='bbox 3038 4600 3143 4666; x_wconf 89' lang='lat' dir='ltr'><strong>vel,</strong></span> <span class='ocrx_word' id='word_1_773' title='bbox 3166 4616 3196 4655; x_wconf 86' lang='lat' dir='ltr'><strong>a</strong></span> <span class='ocrx_word' id='word_1_774' title='bbox 3219 4602 3382 4658; x_wconf 88' lang='lat' dir='ltr'><strong>simili</strong></span> <span class='ocrx_word' id='word_1_775' title='bbox 3415 4605 3758 4672; x_wconf 77' lang='lat' dir='ltr'><strong>incurabilis,</strong></span> 
     </span>
    </p>
   </div>
   <div class='ocr_carea' id='block_1_104' title="bbox 2172 4685 2778 4756">
    <p class='ocr_par' dir='ltr' id='par_1_104' title="bbox 2172 4685 2778 4756">
     <span class='ocr_line' id='line_1_104' title="bbox 2172 4685 2778 4756; baseline 0.008 -18"><span class='ocrx_word' id='word_1_776' title='bbox 2172 4685 2256 4738; x_wconf 92' lang='lat' dir='ltr'><strong>cui</strong></span> <span class='ocrx_word' id='word_1_777' title='bbox 2291 4686 2419 4740; x_wconf 89' lang='lat' dir='ltr'><strong>nihil</strong></span> <span class='ocrx_word' id='word_1_778' title='bbox 2441 4688 2778 4756; x_wconf 88' lang='lat' dir='ltr'><strong>prohibetur.</strong></span> 
     </span>
    </p>
   </div>
   <div class='ocr_carea' id='block_1_105' title="bbox 2245 4799 3759 4882">
    <p class='ocr_par' dir='ltr' id='par_1_105' title="bbox 2245 4799 3759 4882">
     <span class='ocr_line' id='line_1_105' title="bbox 2245 4799 3759 4882; baseline 0.01 -29"><span class='ocrx_word' id='word_1_779' title='bbox 2245 4799 2408 4854; x_wconf 80' lang='lat' dir='ltr'><strong>Vens.</strong></span> <span class='ocrx_word' id='word_1_780' title='bbox 2442 4801 2495 4854; x_wconf 82' lang='grc'><strong>6.</strong></span> <span class='ocrx_word' id='word_1_781' title='bbox 2522 4831 2593 4840; x_wconf 94' lang='lat'><strong>——</strong></span> <span class='ocrx_word' id='word_1_782' title='bbox 2615 4802 2796 4873; x_wconf 84' lang='lat' dir='ltr'><strong>Operti</strong></span> <span class='ocrx_word' id='word_1_783' title='bbox 2820 4813 2938 4859; x_wconf 86' lang='lat' dir='ltr'><strong>sunt</strong></span> <span class='ocrx_word' id='word_1_784' title='bbox 2967 4808 3242 4878; x_wconf 83' lang='lat' dir='ltr'><strong>iniquitate</strong></span> <span class='ocrx_word' id='word_1_785' title='bbox 3265 4819 3312 4864; x_wconf 91' lang='lat' dir='ltr'><strong>et</strong></span> <span class='ocrx_word' id='word_1_786' title='bbox 3341 4810 3609 4882; x_wconf 80' lang='lat' dir='ltr'><strong>impietate</strong></span> <span class='ocrx_word' id='word_1_787' title='bbox 3636 4832 3759 4868; x_wconf 77' lang='lat' dir='ltr'><strong>sua.</strong></span> 
     </span>
    </p>
   </div>
   <div class='ocr_carea' id='block_1_106' title="bbox 2171 4888 3760 4966">
    <p class='ocr_par' dir='ltr' id='par_1_106' title="bbox 2171 4888 3760 4966">
     <span class='ocr_line' id='line_1_106' title="bbox 2171 4888 3760 4966; baseline 0.01 -23"><span class='ocrx_word' id='word_1_788' title='bbox 2171 4888 2341 4962; x_wconf 62' lang='grc' dir='ltr'><strong>(ΕΑΒ.)</strong></span> <span class='ocrx_word' id='word_1_789' title='bbox 2387 4890 2462 4945; x_wconf 85' lang='lat' dir='ltr'><strong>Ne</strong></span> <span class='ocrx_word' id='word_1_790' title='bbox 2527 4895 2877 4964; x_wconf 86' lang='lat' dir='ltr'><strong>resipiscam;</strong></span> <span class='ocrx_word' id='word_1_791' title='bbox 2913 4911 3015 4950; x_wconf 90' lang='lat' dir='ltr'><strong>non</strong></span> <span class='ocrx_word' id='word_1_792' title='bbox 3053 4899 3266 4966; x_wconf 90' lang='lat' dir='ltr'><strong>amicti,</strong></span> <span class='ocrx_word' id='word_1_793' title='bbox 3308 4911 3368 4955; x_wconf 92' lang='lat' dir='ltr'><strong>ut</strong></span> <span class='ocrx_word' id='word_1_794' title='bbox 3399 4901 3484 4958; x_wconf 86' lang='lat' dir='ltr'><strong>vel</strong></span> <span class='ocrx_word' id='word_1_795' title='bbox 3527 4902 3760 4959; x_wconf 79' lang='lat' dir='ltr'><strong>liberum</strong></span> 
     </span>
    </p>
   </div>
   <div class='ocr_carea' id='block_1_107' title="bbox 2172 4983 3110 5058">
    <p class='ocr_par' dir='ltr' id='par_1_107' title="bbox 2172 4983 3110 5058">
     <span class='ocr_line' id='line_1_107' title="bbox 2172 4983 3110 5058; baseline 0.009 -24"><span class='ocrx_word' id='word_1_796' title='bbox 2172 4991 2331 5050; x_wconf 89' lang='lat' dir='ltr'><strong>caput</strong></span> <span class='ocrx_word' id='word_1_797' title='bbox 2359 4983 2642 5050; x_wconf 89' lang='lat' dir='ltr'><strong>haberent,</strong></span> <span class='ocrx_word' id='word_1_798' title='bbox 2672 4989 2762 5040; x_wconf 85' lang='lat' dir='ltr'><strong>sed</strong></span> <span class='ocrx_word' id='word_1_799' title='bbox 2793 4989 2887 5042; x_wconf 89' lang='lat' dir='ltr'><strong>toti</strong></span> <span class='ocrx_word' id='word_1_800' title='bbox 2918 4991 3110 5058; x_wconf 86' lang='lat' dir='ltr'><strong>operti.</strong></span> 
     </span>
    </p>
   </div>
   <div class='ocr_carea' id='block_1_108' title="bbox 2245 5071 3760 5156">
    <p class='ocr_par' dir='ltr' id='par_1_108' title="bbox 2245 5071 3760 5156">
     <span class='ocr_line' id='line_1_108' title="bbox 2245 5071 3760 5156; baseline 0.011 -30"><span class='ocrx_word' id='word_1_801' title='bbox 2245 5071 2403 5127; x_wconf 70' lang='lat' dir='ltr'><strong>Vens.</strong></span> <span class='ocrx_word' id='word_1_802' title='bbox 2435 5074 2486 5127; x_wconf 86' lang='lat'><strong>7.</strong></span> <span class='ocrx_word' id='word_1_803' title='bbox 2518 5103 2589 5119; x_wconf 87' lang='lat'><strong>-</strong></span> <span class='ocrx_word' id='word_1_804' title='bbox 2613 5073 2811 5130; x_wconf 84' lang='lat' dir='ltr'><strong>Prodiit</strong></span> <span class='ocrx_word' id='word_1_805' title='bbox 2838 5081 3010 5148; x_wconf 85' lang='lat' dir='ltr'><strong>quasi,</strong></span> <span class='ocrx_word' id='word_1_806' title='bbox 3033 5089 3134 5134; x_wconf 89' lang='lat' dir='ltr'><strong>etc.</strong></span> <span class='ocrx_word' id='word_1_807' title='bbox 3167 5080 3348 5154; x_wconf 81' lang='lat' dir='ltr'><strong>(Auc.)</strong></span> <span class='ocrx_word' id='word_1_808' title='bbox 3373 5083 3511 5140; x_wconf 89' lang='lat' dir='ltr'><strong>Sunt</strong></span> <span class='ocrx_word' id='word_1_809' title='bbox 3536 5089 3760 5156; x_wconf 83' lang='lat' dir='ltr'><strong>quidam</strong></span> 
     </span>
    </p>
   </div>
   <div class='ocr_carea' id='block_1_109' title="bbox 2175 5164 3763 5234">
    <p class='ocr_par' dir='ltr' id='par_1_109' title="bbox 2175 5164 3763 5234">
     <span class='ocr_line' id='line_1_109' title="bbox 2175 5164 3763 5234; baseline 0.01 -18"><span class='ocrx_word' id='word_1_810' title='bbox 2175 5164 2304 5218; x_wconf 87' lang='lat' dir='ltr'><strong>mali</strong></span> <span class='ocrx_word' id='word_1_811' title='bbox 2340 5181 2406 5218; x_wconf 75' lang='lat' dir='ltr'><strong>ex</strong></span> <span class='ocrx_word' id='word_1_812' title='bbox 2437 5166 2627 5230; x_wconf 88' lang='lat' dir='ltr'><strong>macie,</strong></span> <span class='ocrx_word' id='word_1_813' title='bbox 2661 5167 2840 5234; x_wconf 87' lang='lat' dir='ltr'><strong>idest,</strong></span> <span class='ocrx_word' id='word_1_814' title='bbox 2875 5173 3233 5227; x_wconf 87' lang='lat' dir='ltr'><strong>necessitate:</strong></span> <span class='ocrx_word' id='word_1_815' title='bbox 3263 5174 3352 5228; x_wconf 86' lang='lat' dir='ltr'><strong>alii</strong></span> <span class='ocrx_word' id='word_1_816' title='bbox 3379 5191 3444 5228; x_wconf 76' lang='lat' dir='ltr'><strong>ex</strong></span> <span class='ocrx_word' id='word_1_817' title='bbox 3477 5178 3763 5232; x_wconf 85' lang='lat' dir='ltr'><strong>abundan-</strong></span> 
     </span>
    </p>
   </div>
   <div class='ocr_carea' id='block_1_110' title="bbox 2175 5256 3755 5338">
    <p class='ocr_par' dir='ltr' id='par_1_110' title="bbox 2175 5256 3755 5338">
     <span class='ocr_line' id='line_1_110' title="bbox 2175 5256 3755 5338; baseline 0.009 -29"><span class='ocrx_word' id='word_1_818' title='bbox 2175 5256 2247 5310; x_wconf 88' lang='lat' dir='ltr'><strong>tia</strong></span> <span class='ocrx_word' id='word_1_819' title='bbox 2267 5297 2282 5319; x_wconf 90' lang='lat'><strong>,</strong></span> <span class='ocrx_word' id='word_1_820' title='bbox 2313 5265 2372 5310; x_wconf 93' lang='lat' dir='ltr'><strong>ut</strong></span> <span class='ocrx_word' id='word_1_821' title='bbox 2407 5273 2607 5327; x_wconf 88' lang='lat' dir='ltr'><strong>pauper</strong></span> <span class='ocrx_word' id='word_1_822' title='bbox 2631 5269 2868 5329; x_wconf 84' lang='lat' dir='ltr'><strong>egestate</strong></span> <span class='ocrx_word' id='word_1_823' title='bbox 2897 5261 3104 5316; x_wconf 76' lang='lat' dir='ltr'><strong>furatur</strong></span> <span class='ocrx_word' id='word_1_824' title='bbox 3124 5305 3137 5328; x_wconf 92' lang='lat'><strong>,</strong></span> <span class='ocrx_word' id='word_1_825' title='bbox 3165 5265 3312 5319; x_wconf 87' lang='lat' dir='ltr'><strong>dives</strong></span> <span class='ocrx_word' id='word_1_826' title='bbox 3337 5281 3404 5320; x_wconf 79' lang='lat' dir='ltr'><strong>ex</strong></span> <span class='ocrx_word' id='word_1_827' title='bbox 3433 5269 3755 5338; x_wconf 87' lang='lat' dir='ltr'><strong>cupiditate.</strong></span> 
     </span>
    </p>
   </div>
   <div class='ocr_carea' id='block_1_111' title="bbox 2177 5343 3436 5419">
    <p class='ocr_par' dir='ltr' id='par_1_111' title="bbox 2177 5343 3436 5419">
     <span class='ocr_line' id='line_1_111' title="bbox 2177 5343 3436 5419; baseline 0.013 -23"><span class='ocrx_word' id='word_1_828' title='bbox 2177 5343 2533 5398; x_wconf 78' lang='lat' dir='ltr'><strong>Transierunt.</strong></span> <span class='ocrx_word' id='word_1_829' title='bbox 2571 5347 2741 5419; x_wconf 70' lang='grc' dir='ltr'><strong>((ΣΑε.)</strong></span> <span class='ocrx_word' id='word_1_830' title='bbox 2770 5349 2932 5415; x_wconf 80' lang='lat' dir='ltr'><strong>Quasi</strong></span> <span class='ocrx_word' id='word_1_831' title='bbox 2961 5365 2989 5405; x_wconf 90' lang='lat' dir='ltr'><strong>a</strong></span> <span class='ocrx_word' id='word_1_832' title='bbox 3019 5355 3180 5409; x_wconf 89' lang='lat' dir='ltr'><strong>rectis</strong></span> <span class='ocrx_word' id='word_1_833' title='bbox 3209 5358 3436 5412; x_wconf 86' lang='lat' dir='ltr'><strong>semitis.</strong></span> 
     </span>
    </p>
   </div>
   <div class='ocr_carea' id='block_1_112' title="bbox 2246 5435 3760 5518">
    <p class='ocr_par' dir='ltr' id='par_1_112' title="bbox 2246 5435 3760 5518">
     <span class='ocr_line' id='line_1_112' title="bbox 2246 5435 3760 5518; baseline 0.013 -29"><span class='ocrx_word' id='word_1_834' title='bbox 2246 5435 2409 5491; x_wconf 77' lang='lat' dir='ltr'><strong>Vens.</strong></span> <span class='ocrx_word' id='word_1_835' title='bbox 2447 5439 2501 5492; x_wconf 92' lang='lat'><strong>8.</strong></span> <span class='ocrx_word' id='word_1_836' title='bbox 2541 5469 2611 5477; x_wconf 93' lang='lat'><strong>—</strong></span> <span class='ocrx_word' id='word_1_837' title='bbox 2650 5439 2716 5493; x_wconf 85' lang='grc' dir='ltr'><strong>1η</strong></span> <span class='ocrx_word' id='word_1_838' title='bbox 2751 5443 2971 5497; x_wconf 70' lang='lat' dir='ltr'><strong>excelso.</strong></span> <span class='ocrx_word' id='word_1_839' title='bbox 3019 5445 3200 5518; x_wconf 66' lang='grc' dir='ltr'><strong>(Αυθ.)</strong></span> <span class='ocrx_word' id='word_1_840' title='bbox 3239 5445 3422 5504; x_wconf 84' lang='lat' dir='ltr'><strong>Palam</strong></span> <span class='ocrx_word' id='word_1_841' title='bbox 3475 5449 3530 5509; x_wconf 80' lang='lat' dir='ltr'><strong>ia</strong></span> <span class='ocrx_word' id='word_1_842' title='bbox 3575 5455 3760 5508; x_wconf 82' lang='lat' dir='ltr'><strong>mani-</strong></span> 
     </span>
    </p>
   </div>
   <div class='ocr_carea' id='block_1_113' title="bbox 2175 5523 3249 5604">
    <p class='ocr_par' dir='ltr' id='par_1_113' title="bbox 2175 5523 3249 5604">
     <span class='ocr_line' id='line_1_113' title="bbox 2175 5523 3249 5604; baseline 0.012 -26"><span class='ocrx_word' id='word_1_843' title='bbox 2175 5523 2313 5580; x_wconf 86' lang='lat' dir='ltr'><strong>festo</strong></span> <span class='ocrx_word' id='word_1_844' title='bbox 2340 5541 2353 5579; x_wconf 89' lang='lat'><strong>:</strong></span> <span class='ocrx_word' id='word_1_845' title='bbox 2385 5527 2488 5591; x_wconf 89' lang='lat' dir='ltr'><strong>vel,</strong></span> <span class='ocrx_word' id='word_1_846' title='bbox 2523 5537 2712 5583; x_wconf 89' lang='lat' dir='ltr'><strong>contra</strong></span> <span class='ocrx_word' id='word_1_847' title='bbox 2740 5531 2904 5585; x_wconf 90' lang='lat' dir='ltr'><strong>Deum</strong></span> <span class='ocrx_word' id='word_1_848' title='bbox 2933 5533 3249 5604; x_wconf 86' lang='lat' dir='ltr'><strong>blasphemi.</strong></span> 
     </span>
    </p>
   </div>
   <div class='ocr_carea' id='block_1_114' title="bbox 2247 5617 3758 5698">
    <p class='ocr_par' dir='ltr' id='par_1_114' title="bbox 2247 5617 3758 5698">
     <span class='ocr_line' id='line_1_114' title="bbox 2247 5617 3758 5698; baseline 0.011 -28"><span class='ocrx_word' id='word_1_849' title='bbox 2247 5617 2410 5672; x_wconf 79' lang='lat' dir='ltr'><strong>Vens.</strong></span> <span class='ocrx_word' id='word_1_850' title='bbox 2450 5620 2500 5673; x_wconf 88' lang='lat'><strong>9.</strong></span> <span class='ocrx_word' id='word_1_851' title='bbox 2526 5649 2596 5658; x_wconf 92' lang='lat'><strong><em>—</em></strong></span> <span class='ocrx_word' id='word_1_852' title='bbox 2617 5619 2683 5673; x_wconf 88' lang='lat' dir='ltr'><strong>In</strong></span> <span class='ocrx_word' id='word_1_853' title='bbox 2719 5623 2922 5678; x_wconf 78' lang='lat' dir='ltr'><strong>coelum.</strong></span> <span class='ocrx_word' id='word_1_854' title='bbox 2953 5624 3074 5696; x_wconf 76' lang='grc' dir='ltr'>(ιο.)</span> <span class='ocrx_word' id='word_1_855' title='bbox 3103 5627 3182 5681; x_wconf 83' lang='lat' dir='ltr'><strong>Ac</strong></span> <span class='ocrx_word' id='word_1_856' title='bbox 3219 5628 3264 5682; x_wconf 90' lang='lat' dir='ltr'><strong>si</strong></span> <span class='ocrx_word' id='word_1_857' title='bbox 3295 5629 3368 5683; x_wconf 86' lang='lat' dir='ltr'><strong>dii</strong></span> <span class='ocrx_word' id='word_1_858' title='bbox 3399 5642 3616 5696; x_wconf 86' lang='lat' dir='ltr'><strong>essent;</strong></span> <span class='ocrx_word' id='word_1_859' title='bbox 3651 5634 3758 5698; x_wconf 81' lang='lat' dir='ltr'><strong>vel,</strong></span> 
     </span>
    </p>
   </div>
   <div class='ocr_carea' id='block_1_115' title="bbox 2178 5712 3758 5785">
    <p class='ocr_par' dir='ltr' id='par_1_115' title="bbox 2178 5712 3758 5785">
     <span class='ocr_line' id='line_1_115' title="bbox 2178 5712 3758 5785; baseline 0.008 -21"><span class='ocrx_word' id='word_1_860' title='bbox 2178 5722 2365 5765; x_wconf 87' lang='lat' dir='ltr'><strong>contra</strong></span> <span class='ocrx_word' id='word_1_861' title='bbox 2400 5712 2596 5776; x_wconf 89' lang='lat' dir='ltr'><strong>Deum,</strong></span> <span class='ocrx_word' id='word_1_862' title='bbox 2631 5728 2790 5783; x_wconf 89' lang='lat' dir='ltr'><strong>quem</strong></span> <span class='ocrx_word' id='word_1_863' title='bbox 2830 5715 3233 5785; x_wconf 89' lang='lat' dir='ltr'><strong>blasphemant,</strong></span> <span class='ocrx_word' id='word_1_864' title='bbox 3271 5721 3540 5776; x_wconf 87' lang='lat' dir='ltr'><strong>dicentes:</strong></span> <span class='ocrx_word' id='word_1_865' title='bbox 3583 5724 3758 5777; x_wconf 84' lang='lat' dir='ltr'><strong>Deum</strong></span> 
     </span>
    </p>
   </div>
   <div class='ocr_carea' id='block_1_116' title="bbox 2182 5801 3756 5883">
    <p class='ocr_par' dir='ltr' id='par_1_116' title="bbox 2182 5801 3756 5883">
     <span class='ocr_line' id='line_1_116' title="bbox 2182 5801 3756 5883; baseline 0.009 -28"><span class='ocrx_word' id='word_1_866' title='bbox 2182 5801 2261 5856; x_wconf 87' lang='lat' dir='ltr'><strong>vel</strong></span> <span class='ocrx_word' id='word_1_867' title='bbox 2293 5804 2498 5856; x_wconf 88' lang='lat' dir='ltr'><strong>nescire</strong></span> <span class='ocrx_word' id='word_1_868' title='bbox 2527 5817 2623 5856; x_wconf 88' lang='lat' dir='ltr'><strong>sua</strong></span> <span class='ocrx_word' id='word_1_869' title='bbox 2655 5803 2812 5869; x_wconf 86' lang='lat' dir='ltr'><strong>mala,</strong></span> <span class='ocrx_word' id='word_1_870' title='bbox 2859 5807 2942 5861; x_wconf 89' lang='lat' dir='ltr'><strong>vel</strong></span> <span class='ocrx_word' id='word_1_871' title='bbox 2969 5821 3076 5863; x_wconf 86' lang='lat' dir='ltr'><strong>non</strong></span> <span class='ocrx_word' id='word_1_872' title='bbox 3102 5813 3311 5881; x_wconf 86' lang='lat' dir='ltr'><strong>punire.</strong></span> <span class='ocrx_word' id='word_1_873' title='bbox 3335 5813 3539 5883; x_wconf 76' lang='lat' dir='ltr'><strong>Lingua</strong></span> <span class='ocrx_word' id='word_1_874' title='bbox 3572 5825 3756 5869; x_wconf 74' lang='lat' dir='ltr'><strong>trans-</strong></span> 
     </span>
    </p>
   </div>
   <div class='ocr_carea' id='block_1_117' title="bbox 2181 5895 3758 5972">
    <p class='ocr_par' dir='ltr' id='par_1_117' title="bbox 2181 5895 3758 5972">
     <span class='ocr_line' id='line_1_117' title="bbox 2181 5895 3758 5972; baseline 0.008 -26"><span class='ocrx_word' id='word_1_875' title='bbox 2181 5895 2267 5948; x_wconf 82' lang='lat' dir='ltr'><strong>ivit</strong></span> <span class='ocrx_word' id='word_1_876' title='bbox 2297 5911 2449 5966; x_wconf 80' lang='lat' dir='ltr'><strong>super</strong></span> <span class='ocrx_word' id='word_1_877' title='bbox 2477 5906 2686 5962; x_wconf 85' lang='lat' dir='ltr'><strong>terram,</strong></span> <span class='ocrx_word' id='word_1_878' title='bbox 2707 5905 2813 5952; x_wconf 89' lang='lat' dir='ltr'><strong>etc.</strong></span> <span class='ocrx_word' id='word_1_879' title='bbox 2849 5898 2969 5972; x_wconf 70' lang='grc' dir='ltr'><strong>(ιν.)</strong></span> <span class='ocrx_word' id='word_1_880' title='bbox 2995 5901 3123 5966; x_wconf 63' lang='lat' dir='ltr'><strong>Quae</strong></span> <span class='ocrx_word' id='word_1_881' title='bbox 3143 5900 3280 5957; x_wconf 78' lang='lat' dir='ltr'><strong>ultra</strong></span> <span class='ocrx_word' id='word_1_882' title='bbox 3311 5909 3618 5960; x_wconf 81' lang='lat' dir='ltr'><strong>tnettsuram</strong></span> <span class='ocrx_word' id='word_1_883' title='bbox 3649 5905 3758 5959; x_wconf 80' lang='lat' dir='ltr'><strong>bu-</strong></span> 
     </span>
    </p>
   </div>
  </div>
