4008 6348
1267 429 1535 488 GLOSSA
1566 431 1963 491 ORBINARIA.
2004 464 2074 477 —-
2109 436 2237 494 LIB.
2280 436 2533 495 PSALM.

3423 449 3529 511 950

285 546 563 603 muns
604 545 861 616 loquitur,
887 555 1016 611 etc.,
1048 560 1207 617 usque
1236 547 1306 601 ad
1332 544 1430 603 sed
1455 547 1652 604 transit
1675 548 1858 621 lingua
1884 552 1937 610 Α
1961 552 2019 607 in
2037 550 2144 608 line
2162 554 2232 610 ah
2255 554 2506 611 omnibus
2531 555 2890 623 deserendas;
2913 573 2941 612 a
2966 572 3074 628 quo
3098 559 3239 616 malo
3259 561 3371 632 ipse
3395 562 3530 619 lihe-

282 644 475 694 oorum
496 637 786 693 humanam
812 635 1176 709 fragilitatem.

1959 655 2108 700 ratus
2134 653 2240 710 est,
2264 646 2355 716 qui
2381 654 2435 701 et
2458 655 2669 703 terrena
2695 649 2963 718 quaesivit,
2994 651 3086 705 sed
3115 666 3146 707 a
3170 650 3309 721 Deo;
3337 652 3426 707 hic
3446 652 3529 707 di-

355 729 517 787 ants:
554 728 641 785 1ο.
671 758 742 771 -—
765 728 895 785 Ideo
936 738 1278 787 ωηεν-1111111.
1331 730 1525 805 ((118.)
1569 731 1829 802 Exponeu

1955 736 2048 801 cit,
2078 735 2135 792 in
2164 737 2266 793 hoc
2291 737 2489 797 mundo
2515 739 2687 795 malos
2710 755 2818 796 non
2840 755 2961 799 esse
2986 740 3252 799 immunes
3267 748 3325 797 et
3351 742 3527 813 impu-

282 823 486 895 Δεινὴ,
504 830 642 889 etc.,
669 834 833 917 usque
853 823 923 878 ad
947 831 1248 917 revertetur
1268 825 1335 880 ad
1355 838 1495 917 eain.
1520 824 1643 917 Hic.
1671 824 1855 897 (Λυε.)
1953 828 2129 894 nitas;
2162 829 2287 899 quia
2305 830 2410 889 etsi
2434 829 2641 897 felices,
2671 840 2851 887 tamen
2874 841 3079 889 reatum
3100 840 3311 905 gestant
3333 842 3387 888 et
3410 833 3529 917 ire:

278 917 340 973 in
366 918 469 973 hac
504 915 769 972 sententia
812 915 867 970 in
897 924 1003 986 qua
1037 916 1198 971 modo
1225 929 1366 970 sum.
1402 915 1522 971 Bias
1543 915 1681 986 pleni
1714 918 1855 971 inue-

1951 927 2181 988 1111811101
2206 919 2387 977 ruinas
2409 922 2709 981 incurrunt.
2748 920 3134 990 Verumtamen,
3159 924 3213 980 id
3242 934 3347 992 est,
3378 925 3474 981 sed
3503 939 3521 981 :

280 1010 493 1065 cientur
516 1009 576 1063 iit
613 1009 707 1064 eis.
748 1007 1025 1080 (1111111011.)
1065 1006 1298 1063 Perfecti
1344 1007 1711 1074 inveniuntur,
1745 1009 1853 1065 etsi
1950 1018 2007 1069 et
2054 1009 2143 1071 hic
2169 1012 2394 1082 posuisti
2433 1013 2514 1069 eis
2540 1014 2685 1069 hunc
2708 1012 2897 1070 ﬂorem
2921 1025 2977 1071 et
3004 1017 3212 1089 copiam
3250 1025 3522 1087 tempora-

278 1100 442 1157 modo
476 1114 585 1155 non
628 1104 910 1170 appareat.
948 1096 1125 1171 ((318.)
1186 1097 1319 1164 Vel,
1358 1098 1469 1152 diu
1512 1097 1651 1168 plani
1688 1106 1848 1165 sunt,

277 1192 494 1262 quando
512 1190 761 1248 GhristtIs
787 1192 936 1248 venit
964 1209 978 1247 1
1004 1192 1061 1249 hi
1084 1204 1217 1264 ergo
1249 1199 1373 1249 sunt
1400 1190 1457 1248 in
1490 1191 1725 1259 intimis,
1754 1194 1848 1265 qui

275 1286 548 1343 Christum
578 1288 869 1341 noverunt.

347 1377 509 1432 Vens.
536 1372 625 1432 11.
646 1402 716 1418 ι-
737 1375 805 1431 Et
833 1376 1095 1432 ﬁxerunt.
1128 1375 1312 1448 (Αυε.)
1342 1376 1496 1433 Unde
1522 1386 1849 1434 converten-

274 1466 401 1521 tur?
422 1475 551 1532 etc.,
574 1482 743 1538 usque
782 1466 852 1520 ad
886 1462 992 1523 hoc
1025 1468 1109 1523 est
1134 1482 1304 1537 quare
1331 1469 1612 1524 videbatur
1635 1471 1717 1524 eis
1752 1484 1847 1526 ne-

272 1557 417 1612 scire
444 1557 567 1613 hoc.
598 1555 871 1623 Quomodo
898 1560 1014 1613 scit.
1046 1557 1169 1633 (111.)
1191 1558 1307 1615 Νο11
1331 1561 1483 1626 dicit,
1511 1563 1720 1618 nescit:
1750 1560 1847 1618 sed

271 1646 449 1702 adhuc
484 1648 698 1703 basitat
724 1656 779 1704 et
796 1664 967 1720 prope
988 1659 1072 1706 est
1094 1650 1316 1706 sanitati
1341 1669 1357 1706 :
1380 1660 1437 1707 et
1461 1651 1529 1707 de
1555 1661 1664 1708 tam
1692 1653 1842 1725 gravi

270 1735 588 1793 inﬁrmitate
625 1739 854 1795 Vicinior
884 1747 969 1796 est
1004 1740 1180 1807 salus,
1221 1742 1363 1797 sicut
1397 1742 1575 1800 Vicina
1613 1744 1847 1800 sanitate

267 1828 447 1901 magis
472 1828 875 1903 1111111011εῂ.

1949 1098 2099 1163 lium,
2127 1110 2336 1172 propter
2365 1100 2535 1169 dolos,
2562 1112 2668 1163 etc.

2018 1190 2242 1262 Propter
2273 1191 2440 1248 dolos.
2473 1194 2657 1267 (Δυε.)
2682 1193 2801 1263 Vel,
2818 1195 2974 1266 juxta
3002 1194 3290 1251 lubricum.
3312 1194 3478 1264 Quasi
3502 1212 3521 1254 :

1947 1280 2104 1349 Modo
2121 1281 2305 1339 doloso
2319 1281 2496 1340 fecisti
2510 1284 2610 1350 eis,
2629 1285 2728 1340 sub
2743 1286 2921 1359 specie
2934 1285 3061 1341 boni
3078 1286 3213 1343 dans
3232 1284 3521 1353 mala.Vel,

1937 1368 2093 1439 juxta
2126 1370 2414 1440 lubricum,
2438 1380 2497 1428 ut
2519 1381 2646 1429 sunt
2667 1375 2980 1445 temporalia
3014 1392 3028 1428 :
3058 1374 3151 1433 ubi
3179 1372 3399 1442 cadunt,
3426 1375 3520 1445 qui

1946 1478 2129 1543 amore
2158 1471 2286 1519 sunt
2306 1463 2498 1535 juxta;
2524 1467 2651 1523 dum
2674 1468 2817 1524 etum
2850 1467 3066 1524 dolosus
3094 1467 3257 1525 alium
3280 1469 3395 1524 vult
3421 1466 3520 1541 de-

1937 1553 2126 1624 jicere,
2145 1555 2298 1625 juxta
2324 1557 2589 1614 lubricum
2619 1574 2743 1614 eum
2769 1560 2942 1630 ponit.

2012 1646 2177 1704 Vens.
2204 1648 2298 1704 20.
2330 1679 2398 1690 -
2428 1649 2580 1705 Velut
2605 1653 2885 1707 somnium.
2914 1650 3038 1725 (ln.)
3074 1651 3276 1727 Aperta
3303 1665 3522 1722 compa-

1942 1739 2102 1796 ratio.
2124 1739 2335 1797 Clausis
2355 1741 2544 1809 oculis,
2569 1743 2812 1800 videmus
2824 1744 2974 1815 bona
3009 1758 3128 1815 quae
3167 1759 3291 1799 mox
3316 1743 3523 1813 apertis

1941 1844 2048 1885 non
2081 1830 2416 1896 invenimus;
2450 1828 2505 1887 in
2534 1831 2645 1886 vita
2683 1831 2948 1887 somnium
2982 1850 2997 1885 :
3035 1832 3087 1889 in
3133 1840 3305 1887 morte
3343 1830 3529 1909 evigi-I

232 1959 265 1979 κ
342 1900 502 1978 Vsus.
539 1921 627 1977 15.
655 1952 728 1963 -
760 1900 831 1977 Et
859 1923 971 1978 dixi
1001 1938 1020 1978 :
1049 1922 1192 1995 Ergo
1221 1925 1333 1979 sine
1366 1936 1527 1979 causa
1551 1924 1843 1995 iustiﬁcari
1873 1900 1920 1965 Β
1946 1919 2080 1986 lant,
2106 1921 2337 1977 scientes
2364 1923 2491 1993 quid
2515 1929 2617 1978 est.
2650 1921 2718 1977 In
2747 1923 2971 1978 civitate.
2994 1921 3052 1978 In
3074 1923 3313 1979 contuitu
3334 1900 3518 1995 populi

262 2028 360 2070 cor
385 2029 577 2081 meum,
624 2020 734 2070 etc.
760 2011 932 2087 (018.)
962 2012 1088 2070 Hinc
1110 2014 1398 2081 1111010111,
1427 2014 1621 2085 quibus
1648 2014 1842 2071 confu-
1948 2012 2047 2081 tui,
2077 2013 2177 2076 vel,
2205 2013 2330 2069 dum
2367 2016 2712 2071 constituitur
2749 2024 2837 2070 tua
2863 2017 3073 2072 civitas.
3106 2017 3310 2089 (litem)
3339 2016 3429 2073 Vel
3460 2018 3518 2075 in

258 2106 447 2163 tandis
466 2107 582 2164 hac
600 2122 699 2179 ego
721 2124 735 2162 :
762 2107 849 2162 vel
873 2107 1048 2163 adhuc
1070 2118 1138 2163 ex
1158 2118 1388 2177 persona
1412 2091 1732 2163 dubitantis.
1745 2104 1845 2163 Fa-
1946 2102 2149 2161 calcati
2169 2102 2464 2160 Jerusalem
2492 2104 2778 2176 imaginem
2798 2121 3009 2171 eorum,
3030 2105 3233 2175 elligies
3259 2106 3517 2162 deformi-

262 2197 374 2253 tuis
398 2196 815 2268 cogitationibus
837 2211 896 2252 se
919 2197 1050 2253 dicit
1078 2197 1328 2265 illusum,
1350 2203 1413 2251 ut
1442 2210 1566 2253 cum
1604 2197 1721 2254 haec
1754 2212 1844 2254 rc-
1946 2202 2117 2263 tatum
2146 2210 2282 2265 quas
2323 2196 2425 2250 sibi
2465 2195 2668 2251 faciunt
2695 2214 2708 2250 :
2738 2196 2875 2251 alius
2914 2196 3000 2252 leo
3036 2192 3344 2260 ferocitate,
3378 2197 3519 2254 alius

257 2286 586 2358 ρωποι-ἣ,
610 2286 805 2343 melius
828 2302 930 2343 nos
955 2287 1348 2359 monstraverit.
1946 2300 2080 2359 aper
2140 2287 2302 2343 sorde
2339 2286 2596 2342 libidinis.
2640 2286 2813 2360 (ΕΑΘ.)
2839 2286 2935 2342 Vel
2974 2286 3196 2361 gloriam
3236 2285 3513 2356 temporis,

336 2380 497 2437 Vsus.
526 2380 613 2439 id.
641 2410 713 2422 --
740 2381 809 2436 Et
836 2381 1131 2453 castigatio.
1164 2380 1314 2439 Alias
1348 2387 1403 2441 et
1426 2380 1586 2437 inde:
1613 2397 1758 2437 meus
1782 2383 1841 2437 in
1941 2395 2060 2451 qua:
2092 2395 2199 2437 non
2227 2395 2354 2439 vera
2372 2420 2388 2446 ,
2427 2380 2522 2435 sed
2561 2379 2856 2436 similitudo
2880 2381 3063 2451 gloriae
3092 2398 3105 2434 :
3134 2378 3258 2450 quia
3279 2392 3400 2433 cum
3429 2380 3516 2432 de-

253 2473 539 2529 ntatutiuo.
583 2472 782 2545 ((3118.)
826 2473 966 2531 Ecce
1009 2472 1123 2544 iam
1180 2475 1519 2541 remetiiltn,
1586 2473 1838 2537 Christus
1938 2470 2258 2526 eritveritas
2277 2471 2378 2538 eis,
2392 2472 2591 2543 peribit
2612 2472 2819 2542 imago;
2845 2487 2945 2527 nec
2965 2471 3366 2528 similitudinem
3390 2471 3515 2528 reti-

255 2562 447 2631 lndex,
466 2565 560 2635 qui
590 2564 731 2621 viam
758 2566 1005 2623 veritatis
1023 2565 1300 2633 indicavit,
1322 2576 1399 2633 et,
1416 2581 1574 2623 mane
1584 2581 1837 2638 surgens,

255 2668 415 2726 spem
444 2663 683 2712 nostram
704 2654 770 2715 de
798 2658 997 2714 mundo
1017 2658 1085 2714 ad
1110 2658 1275 2715 caelos
1306 2657 1599 2715 transtulit.

331 2744 494 2803 Vens.
531 2746 614 2804 iii.
639 2776 711 2793 -—
736 2747 798 2806 εἰ
818 2749 1071 2805 dicabant.
1098 2749 1224 2823 (111.)
1252 2750 1391 2807 Ecce
1418 2749 1531 2819 jam
1562 2764 1625 2805 se
1652 2748 1832 2819 repri-

256 2835 359 2891 mit
385 2838 709 2894 auctoritate
724 2848 1056 2905 sanctorum,
1072 2848 1127 2895 et
1145 2840 1257 2910 iam
1287 2840 1466 2899 vicina
1487 2841 1713 2897 veritate
1738 2843 1835 2897 tie-

254 2924 451 2981 libera
476 2927 559 2983 sic
582 2945 599 2981 ;
624 2925 686 2983 8i
712 2928 967 2985 dicebant.
992 2928 1129 2985 Ecce
1148 2929 1430 2985 nationem.
1459 2928 1643 3000 (suc)
1671 2928 1831 2984 Aliud

256 3016 643 3073 inconveniens
697 3018 887 3089 incipit
941 3018 1169 3074 solvere.
1224 3018 1548 3090 chrobavi;
1589 3020 1829 3091 iudicavi

255 3106 405 3176 quod
434 3120 542 3161 non
581 3115 684 3163 est.
726 3106 1133 3173 Existimabam,
1156 3122 1254 3178 per
1278 3108 1536 3179 praedicta
1559 3107 1681 3163 volo
1703 3123 1830 3179 pro-

254 3194 389 3253 bare
417 3198 585 3257 Deum
618 3214 725 3255 non
745 3197 985 3269 justum;
1022 3199 1117 3255 sed
1150 3199 1254 3255 hoc
1285 3196 1444 3255 modo
1479 3198 1689 3272 cogito,
1719 3216 1827 3257 non

1937 2562 2163 2639 uehunt,
2186 2562 2276 2633 qui
2302 2562 2368 2631 de
2388 2561 2718 2619 beatitudine
2747 2561 2823 2617 nil
2851 2561 3148 2633 habebunt,
3180 2561 3300 2619 ideo
3319 2562 3515 2633 perdes

1936 2668 2048 2721 eos,
2078 2653 2205 2723 quia
2233 2668 2329 2724 per
2359 2667 2478 2719 eos,

2005 2746 2170 2803 Vens.
2205 2745 2294 2801 2i.
2328 2773 2400 2787 --
2438 2743 2833 2816 Inﬂammatum
2869 2746 2944 2800 est
2978 2760 3069 2799 cor
3096 2760 3288 2799 meum.
3320 2744 3376 2799 Id
3406 2753 3510 2813 est,

1933 2840 2101 2896 invidi
2131 2835 2397 2894 felicibus.
2429 2834 2500 2891 Et
2530 2851 2677 2891 renes
2703 2835 2805 2889 mei
2829 2835 3129 2909 commutati
3151 2832 3517 2902 sunt.Quibus

1933 2940 2129 2996 status,
2151 2931 2208 2987 id
2231 2937 2331 2996 est,
2356 2928 2659 2985 conStantia
2688 2927 2883 2983 mentis
2907 2927 3141 2983 resoluta
3170 2934 3276 2993 est,
3303 2934 3504 2997 utpro-

1933 3038 2091 3093 spera
2117 3035 2391 3089 amarem;
2422 3020 2604 3091 gravis
2638 3019 2793 3090 culpa
2830 3020 3070 3090 prtebere
3105 3018 3225 3074 aliis
3264 3019 3508 3091 occasio-

1932 3129 2059 3169 nem
2091 3111 2371 3184 peccandi.
2407 3110 2489 3165 Ad
2518 3109 2736 3164 nihilum
2777 3110 3017 3163 redactus
3046 3126 3180 3163 sum.
3206 3108 3368 3165 Vanis
3397 3110 3509 3165 hae-

1932 3216 2077 3267 rens,
2102 3200 2331 3270 iniurius
2348 3200 2458 3256 Deo
2480 3197 2675 3253 lactus.
2710 3197 2938 3253 Nescivi.
2966 3196 3155 3269 Magna
3175 3206 3228 3251 et
3246 3196 3509 3268 profunda
3596 3216 3613 3229 ι

257 3289 498 3345 absolvo.
527 3288 658 3345 Ante
678 3265 776 3357 me,
794 3291 846 3346 id
860 3265 1250 3361 est,quantum
1278 3290 1345 3345 ad
1373 3265 1689 3367 praesentia;
1722 3289 1825 3358 vel,
1855 3265 1900 3331 θ
1932 3265 2233 3367 ignorantia
2272 3291 2482 3347 nescire
2524 3292 2667 3362 quod
2711 3305 2918 3361 pecces.
2969 3265 3164 3359 (0118.)
3199 3265 3266 3340 In
3306 3287 3508 3342 civitate

260 3378 431 3450 major
457 3396 562 3445 me,
592 3395 679 3438 me
702 3397 982 3453 superans,
1008 3382 1114 3441 nisi
1144 3376 1285 3438 Deus
1310 3378 1537 3455 aperiat.
1561 3364 1678 3448 Vel,
1705 3378 1832 3439 esse

256 3472 406 3528 natio
432 3472 664 3533 ﬁliorum
688 3460 926 3542 tuorum,
942 3474 1027 3533 cui
1044 3475 1302 3547 disposui,
1327 3486 1383 3532 et
1410 3470 1681 3544 cbnci'nui,
1705 3474 1831 3531 sub-

258 3560 429 3626 audis,
456 3562 693 3618 ocCurrit
721 3572 778 3618 et
805 3560 986 3619 obviat
1024 3554 1178 3643 mihi,
1199 3564 1253 3620 id
1288 3570 1390 3627 est.
1421 3560 1657 3623 occurrit
1696 3562 1830 3621 mihi

253 3653 403 3724 prior
423 3656 752 3726 praedicatio,
779 3672 940 3733 quam
964 3646 1222 3713 lsraelitis
1244 3650 1374 3725 feci,
1401 3656 1461 3712 ul
1486 3644 1657 3713 deum
1684 3656 1829 3714 coice

254 3751 395 3808 rent,
419 3742 512 3816 qui
531 3734 711 3802 otnnia
738 3745 962 3814 creavit,
990 3750 1045 3803 et
1068 3747 1318 3802 omnibus
1347 3747 1638 3803 secundum
1665 3760 1829 3819 opera

252 3850 352 3892 sua
382 3837 655 3893 restituit:
687 3826 872 3895 obviat
908 3839 1041 3895 mihi
1076 3836 1346 3906 doctrina,
1375 3839 1461 3896 cui
1501 3838 1744 3911 congrui,
1773 3847 1830 3896 et

252 3924 688 3987 accommodatus
712 3944 850 3987 sum.
868 3928 974 3988 Sed
989 3947 1057 3988 ne
1081 3948 1181 4006 ego
1195 3933 1542 4005 reprobarem
1558 3933 1828 3990 nationem

251 4016 491 4088 priorum
525 4028 755 4092 patrum,
784 4022 868 4078 vel
898 4022 1063 4094 priori
1091 4022 1353 4081 doctrinae
1384 4028 1517 4081 mea:
1549 4025 1826 4081 contradi-

250 4126 430 4167 cerem
464 4127 480 4167 :
510 4112 704 4182 Existi,
729 4122 834 4170 etc.

322 4200 582 4259 Filiorum
604 4214 835 4261 tuorum.
852 4207 1053 4265 Omties
1071 4210 1240 4276 enim,
1254 4209 1526 4266 Abraham
1545 4210 1824 4277 etceteri,

244 4286 410 4349 aliter
431 4290 646 4363 docent,
667 4296 860 4368 quibus
882 4301 1107 4355 credere
1130 4300 1331 4357 debeo:
1354 4316 1461 4357 non
1486 4302 1631 4356 enim
1651 4303 1826 4358 omni-

242 4388 350 4445 bus
386 4388 715 4460 prudehtiOr.
751 4388 859 4447 Sed
900 4404 968 4447 ne
1006 4394 1384 4463 reprobat-em:
1416 4391 1821 4473 Existimat-tim.

244 4479 356 4546 vel,
383 4481 592 4552 suscepi
626 4477 984 4554 cognoscere;
1011 4481 1125 4553 iam
1157 4492 1443 4539 revocatur
1467 4494 1498 4537 a
1528 4482 1699 4553 lapsi),
1728 4483 1823 4553 qui

245 4589 356 4631 non
377 4576 651 4646 praesumit
677 4590 735 4631 se
761 4572 1017 4631 scientem
1048 4574 1235 4631 cohtra
1262 4580 1498 4632 sanctos.
1527 4575 1598 4631 Ut
1621 4582 1820 4644 cogito;

245 4680 456 4721 scerem
484 4662 641 4738 hujus
671 4664 750 4721 rei
774 4664 1071 4729 veritatem,
1104 4665 1246 4734 quod
1274 4676 1380 4719 non
1411 4673 1555 4729 ante,
1587 4665 1711 4719 dum
1738 4664 1819 4718 di-

243 4759 406 4813 cehat
444 4758 612 4813 Deum
656 4748 771 4813 haec
807 4768 915 4813 non
949 4768 1158 4811 curare.
1188 4755 1502 4826 Cogitabam
1538 4764 1598 4809 ut
1626 4756 1820 4811 scirem

246 4850 353 4904 hoc
382 4867 394 4903 :
426 4848 576 4918 prior
608 4846 806 4920 gradus
848 4842 1116 4911 scientiae,
1162 4845 1291 4901 dum
1335 4846 1439 4900 scit
1482 4846 1689 4901 nescire
1724 4861 1818 4912 se,

246 4937 391 5008 quod
414 4939 563 5009 prius
584 4930 866 4994 videbatur
890 4939 1070 4993 scire:
1100 4936 1352 5008 repudiat
1374 4945 1554 4991 autem
1583 4937 1819 5007 priorem

246 5045 488 5095 sensum,
516 5030 642 5085 dum
665 5030 859 5100 quaerit
887 5030 1070 5084 alium.

320 5123 483 5179 Vsus.
515 5112 602 5177 l8.
625 5134 699 5163 -ί-
721 5120 896 5176 1111111
918 5131 995 5176 est
1018 5130 1138 5176 ante
1162 5137 1264 5177 tne.
1294 5120 1477 5192 (Auc.)
1506 5118 1670 5187 Quasi
1703 5134 1820 5177 Inu-

246 5228 343 5271 rus
371 5216 505 5271 mihi
531 5208 731 5280 obstat,
752 5222 884 5281 etc.,
915 5230 1075 5283 usque
1099 5215 1169 5269 ad
1202 5213 1348 5269 videt
1385 5212 1439 5268 in
1470 5209 1674 5280 judicio
1701 5210 1820 5271 illos

245 5309 550 5362 damnatos.

318 5397 482 5454 Vens.
515 5399 602 5453 1⁸1.
624 5424 697 5439 --
721 5396 1118 5454 Sanctuariuut.
1144 5395 1326 5467 (Aus.)
1348 5394 1619 5460 Christus,
1645 5394 1735 5465 qui
1764 5401 1823 5451 111

248 5489 393 5545 Deus
419 5489 748 5560 singulorum
779 5488 972 5544 merita
993 5488 1281 5559 dignoseit.
1310 5488 1403 5543 Vel
1433 5489 1816 5559 summarium,

246 5580 451 5637 Sancta
492 5589 823 5647 sanctorum,
848 5581 903 5637 id
928 5590 1034 5647 eet,
1065 5590 1333 5639 secretum
1362 5581 1559 5636 divinae
1584 5580 1819 5651 disposi-

248 5680 484 5820 ωεῒέο.
516 5763 686 5822 18.--
704 5761 1091 5821 Verumtamen.
1122 5761 1305 5832 (Αοοη
1324 5760 1505 5833 Cass.)
1532 5761 1671 5817 Ecce
1690 5759 1820 5833 quid

248 5854 436 5917 didicit
464 5855 568 5911 ista
599 5855 653 5911 in
686 5852 997 5911 sanctuario
1024 5872 1039 5906 :
1080 5848 1249 5911 malo's
1276 5853 1364 5909 hic
1400 5852 1607 5924 decipi,
1634 5860 1819 5941 postea

1842 4617 1897 4681 D

1928 3395 2018 3440 tua
2043 3384 2342 3455 imaginem.
2358 3381 2453 3438 Vel
2474 3383 2540 3439 de
2560 3382 2829 3438 haereticis
2847 3370 3023 3452 potest
3040 3368 3144 3435 b‘oc
3163 3376 3358 3448 accipi,
3373 3383 3507 3444 etc.,

1929 3491 2090 3547 usque
2115 3473 2184 3528 ad
2214 3473 2299 3529 vel
2328 3472 2383 3528 in
2410 3488 2575 3543 super
2599 3468 2806 3529 caelesti
2838 3470 3097 3526 Ecclesia.
3128 3468 3265 3535 Quia
3292 3468 3510 3539 inﬂam-

1929 3577 2148 3625 matum.
2188 3564 2369 3637 (Αυο.)
2415 3563 2556 3620 Ecce
2589 3561 2871 3619 conversio
2914 3558 3074 3630 hujits
3113 3548 3322 3630 Asapb,
3369 3565 3504 3625 etc.,

1927 3674 2090 3737 usque
2123 3656 2192 3710 ad
2224 3662 2569 3711 commutata:
2589 3661 2714 3710 sunt
2744 3652 2795 3707 in
2831 3648 3139 3725 spirituales

1997 3736 2164 3805 Vsus.
2191 3748 2283 3804 Ἃ.
2304 3778 2376 3789 —
2400 3744 2555 3813 Cum,
2578 3753 2684 3802 etc.
2711 3740 2835 3816 (lo.)
2858 3742 2992 3811 Quia
3015 3741 3165 3814 prius
3184 3736 3254 3794 ad
3279 3736 3505 3793 nihilum

1927 3844 2177 3901 redactus
2205 3856 2346 3908 sum,
2376 3841 2428 3897 id
2454 3847 2558 3905 est,
2583 3839 2651 3896 ad
2678 3854 2744 3894 ea
2766 3852 2886 3909 quae
2906 3834 3037 3892 nihil
3063 3841 3189 3891 Sunt
3210 3832 3459 3888 descendi
3483 3845 3500 3888 :

1926 3933 2053 4003 quia
2080 3930 2288 3989 nescivi
2316 3929 2454 3987 nihil
2483 3945 2636 3997 esse,
2673 3938 2729 3984 et
2765 3936 2883 3998 post
2922 3936 2983 3981 ut
3016 3920 3317 3997 jumen'tun't
3354 3924 3505 3978 mati-

1925 4033 2111 4083 suetus
2148 4021 2325 4079 factus
2362 4037 2483 4078 sum
2525 4010 2747 4077 ferendo
2770 4016 2945 4084 oneri,
2973 4022 3027 4071 et
3053 4026 3267 4086 semper
3295 4026 3391 4069 ero
3426 4022 3504 4067 te-

1923 4130 2067 4173 cum.

1991 4205 2316 4262 Iumentum.
2356 4200 2548 4276 (0118.)
2592 4200 2746 4275 Apud
2790 4194 2997 4267 Deum,
3059 4199 3179 4253 vice
3236 4194 3500 4267 pecudum

1922 4300 2068 4365 sunt,
2099 4299 2190 4368 qui
2217 4288 2405 4353 contra
2432 4286 2601 4350 Deum
2631 4294 2870 4349 sentiunt
2894 4310 2907 4345 :
2935 4298 2988 4345 et
3019 4290 3193 4343 tamen
3223 4285 3278 4340 in
3308 4284 3390 4339 his
3418 4298 3500 4337 er—

1924 4405 2067 4455 rans,
2083 4386 2331 4443 nesciens
2345 4383 2547 4454 judicia
2572 4380 2686 4449 Dei,
2715 4396 2925 4452 semper
2946 4374 3020 4435 iui
3045 4380 3219 4432 tecum
3242 4370 3500 4446 quodamo

1922 4481 2103 4545 modo,
2119 4468 2187 4534 ab
2210 4476 2367 4534 idolis
2389 4477 2615 4542 alienus,
2637 4484 2690 4532 et
2716 4464 2809 4530 tibi
2835 4472 3083 4535 credens,
3101 4478 3155 4525 et
3176 4478 3232 4524 tu
3253 4466 3493 4523 tenuisti.

1996 4556 2230 4625 Tenuisti
2267 4586 2503 4624 manum.
2531 4564 2710 4640 (AUG.)
2756 4563 2889 4633 Quia
2924 4560 3051 4617 licet
3080 4574 3243 4632 pecus
3270 4574 3375 4613 non
3407 4571 3497 4612 re-

1922 4661 2086 4719 cessit
2108 4677 2137 4716 a
2159 4662 2289 4717 Deo.
2317 4656 2550 4714 Tenuisti
2574 4673 2806 4720 manum,
2825 4654 2878 4710 id
2900 4662 3002 4718 est,
3028 4660 3346 4724 poteStatcm
3364 4650 3494 4704 dex-

1925 4765 2073 4823 terze,
2099 4754 2273 4823 idest,
2304 4753 2506 4817 texisti,
2531 4750 2670 4821 quod
2701 4762 2913 4820 semper
2940 4755 3137 4811 tecum,
3161 4740 3299 4814 quod
3330 4743 3493 4798 illius.

1922 4846 2074 4903 Dedit
2100 4847 2242 4911 enim
2268 4852 2571 4919 potestatem
2593 4840 2731 4912 ﬁlios
2759 4840 2855 4895 Dei
2886 4837 3004 4909 ﬁeri
3039 4837 3119 4892 his
3161 4836 3249 4908 qui
3280 4835 3494 4889 credunt

1920 4941 1975 4997 in
2002 4940 2208 5010 nomine
2229 4914 2363 5010 eius.
2392 4914 2457 4991 in
2481 4936 2713 4999 sinistra,
2736 4948 2922 5006 pecus,
2945 4928 3132 4987 amans
3158 4930 3270 4983 haec
3294 4928 3497 4994 tempo-

1922 5012 2073 5082 ralia.
2111 5008 2207 5083 Vci
2234 5008 2450 5081 manum
2478 5026 2762 5079 dexteram.

1993 5121 2165 5192 (018.)
2215 5118 2331 5175 Non
2353 5118 2646 5172 sinistram.
2685 5102 2852 5170 Tenet
2872 5104 3148 5167 dexteram
3169 5106 3331 5171 Deus,
3367 5105 3495 5160 dum

1924 5212 1989 5265 ad
2014 5198 2153 5265 bona
2176 5225 2336 5279 opera
2361 5202 2562 5278 dirigit,
2584 5214 2637 5262 et
2665 5222 2732 5262 ne
2754 5206 3059 5274 mergamu'r
3080 5194 3291 5263 libei‘at,
3313 5205 3371 5251 ut
3396 5192 3491 5251 Pe-

1924 5311 2086 5359 trum.
2123 5280 2243 5374 (10.)
2274 5296 2402 5354 Viso
2425 5296 2567 5354 malo
2604 5298 2923 5369 impiorum,
2952 5288 3198 5363 bonoque
3234 5304 3365 5353 suo,
3401 5304 3492 5343 ar-

1918 5394 2037 5468 guit
2064 5408 2122 5448 se
2146 5393 2212 5447 de
2236 5391 2523 5462 prioribus.
2548 5388 2690 5462 qdod
2720 5398 2930 5443 terrena
2959 5384 2989 5439 ti
3019 5382 3128 5439 Deo
3152 5380 3410 5453 quaesivit,
3436 5380 3493 5436 et

1914 5485 2115 5563 invitat
2143 5483 2196 5538 in
2214 5483 2575 5569 contrarium.

1996 5576 2177 5645 (Auc.)
2212 5560 2502 5645 Comparat
2537 5582 2764 5628 terrente
2789 5564 3045 5640 voluptaii
3073 5582 3182 5624 suae
3209 5558 3492 5638 prteritqu

1925 5662 2163 5731 sceleste,
2195 5675 2249 5723 et
2278 5681 2337 5723 se
2364 5665 2560 5735 arguit.

1996 5756 2062 5813 In
2088 5769 2361 5824 aeternum,
2383 5765 2486 5811 etc.
2514 5748 2594 5809 Ab
2619 5768 2685 5810 eo
2710 5752 2979 5827 hunq’uain
3005 5746 3146 5805 ultra
3175 5744 3487 5817 separabor.

1998 5848 2100 5918 Qui
2126 5846 2455 5921 [omittantur
2478 5845 2570 5901 abs
2595 5854 2662 5905 te.
2691 5852 2796 5900 etc.
2835 5842 2967 5899 Huic
2994 5830 3335 5897 Vertumnum
3364 5840 3493 5893 obli-
