4008 6348
509 481 615 538 959
1003 470 1396 528 WALAFRIDI
1433 467 1681 524 STRABI
1718 465 1923 522 FULD.
1965 459 2136 518 MON.
2172 460 2322 518 OPP.
2359 431 2550 518 [PARS
2590 461 2631 518 Ι.
2672 492 2742 504 -
2782 461 3245 520 THEOLOGICA.
3697 465 3808 520 960

511 602 712 660 trarius
741 606 827 655 est
859 603 1044 654 castus
1073 594 1256 658 timor,
1288 591 1382 664 qui
1411 589 1580 661 gratis
1617 588 1796 658 ipsum
1829 592 2007 649 amat,
2037 582 2094 637 in
2117 579 2175 642 Α
2269 576 2436 634 Vens.
2462 577 2516 633 4.
2534 576 2841 633 —Gloriati
2867 587 3008 633 sunt.
3041 577 3222 647 (Auc.,
3252 575 3431 649 Cass.)
3455 577 3536 634 De
3563 578 3810 637 victor'n

510 711 620 771 quo
649 695 810 753 habet
841 691 1042 748 omnia.

587 787 749 843 Vens.
769 784 860 842 28.
882 813 955 825 —
974 781 1042 836 In
1062 781 1224 852 portis
1243 778 1368 848 ﬁlia:
1392 776 1542 832 Sion.
1570 772 1754 848 (Anc.)
1776 773 1834 828 ln
1855 771 2090 844 publico,

511 881 598 939 vel
625 882 681 937 in
708 875 998 936 concordia
1021 872 1424 944 Apostolorum,
1449 868 1540 938 qui
1564 876 1689 923 sunt
1714 873 1883 936 portae
1909 863 2094 920 Eccle-

510 974 630 1035 siae.
659 972 796 1041 Quia
832 967 1175 1041 praedicatio,
1201 978 1320 1036 qua:
1349 971 1430 1018 est
1462 968 1660 1033 praeter
1687 958 1953 1014 unitatem
1985 957 2091 1012 Ec-

514 1065 727 1129 clesiae,
759 1061 936 1118 inanis
967 1067 1070 1115 est.
1102 1056 1234 1123 Vel,
1271 1053 1559 1111 virtutibus
1592 1050 1830 1107 Ecclesia
1860 1057 1946 1105 est
1982 1046 2094 1104 ﬁlia

517 1157 671 1221 Sion,
701 1154 755 1211 id
783 1161 887 1221 est,
918 1149 1318 1222 speculationis.

1000 1238 1320 1298 PSALMUS
1357 1236 1585 1294 LXXIII.

587 1337 750 1395 Vens.
772 1338 820 1392 1.
835 1333 1207 1390 ——Intelleclus
1218 1332 1413 1403 Asapb.
1431 1328 1613 1403 (Auc.)
1629 1329 1948 1400 Synagogaa,
1961 1336 2064 1382 etc.
2076 1366 2094 1394 ,

518 1445 682 1500 usque
710 1429 778 1483 ad
805 1437 866 1483 ut
889 1426 1087 1482 duritia
1115 1423 1422 1480 Iudaeorum
1453 1422 1536 1476 vel
1559 1420 1956 1477 calamitatibus
1981 1428 2093 1474 ter-

514 1530 750 1586 reretur,
776 1519 860 1575 vel
886 1517 1200 1575 molliretur.
1231 1515 1405 1588 (Cas)
1428 1513 1630 1580 Monet,
1653 1513 1856 1569 relictis
1884 1509 2095 1582 ﬁguris,

514 1612 749 1668 transire
779 1611 847 1666 ad
876 1610 1178 1666 veritatem.

587 1699 656 1756 Ut
684 1702 810 1774 quid
840 1700 997 1756 Deus.
1029 1698 1152 1771 (lo.)
1179 1696 1503 1754 Describens
1523 1695 1858 1750 eversionem
1879 1691 2098 1747 Jerusa-

513 1792 620 1850 lem
644 1791 1070 1862 irreparahilem,
1092 1790 1286 1860 quaerit
1303 1804 1541 1852 causam,
1566 1801 1735 1857 quare
1751 1785 2025 1841 admirans
2042 1792 2098 1838 et

515 1899 887 1955 conquerens;
910 1892 968 1939 et
990 1891 1242 1953 precatur
1265 1897 1364 1951 pro
1386 1879 1601 1951 repulso
1623 1879 1838 1950 populo,
1864 1888 1920 1934 et
1940 1878 2098 1934 ultio-

2197 685 2316 728 sua.
2341 669 2482 726 Ecce
2504 670 2646 740 quod
2671 685 2774 725 non
2797 671 2940 726 bono
2963 669 3079 726 zelo
3100 669 3365 726 fecerunt.
3388 668 3647 737 Gloriati,
3675 687 3810 733 cum

2195 761 2374 818 scelus
2400 762 2570 817 soleat
2595 762 2748 832 sequi
2775 763 3075 831 pmnitudo,
3105 761 3162 816 hi
3187 763 3255 818 ad
3280 761 3511 834 gloriam
3539 772 3804 831 vertunt;

2195 858 2282 929 qui
2312 866 2360 939 te
2393 857 2636 922 oderunt,
2667 856 2810 912 servi
2841 857 3170 921 daemonum,
3198 856 3292 925 qui
3322 855 3646 912 nullatenus
3677 869 3810 912 sunt

2193 947 2480 1002 tolerandi.
2507 945 2576 1000 In
2605 946 2775 1000 medio
2797 945 3126 1001 solennitatis
3152 955 3278 1001 tute.
3308 945 3428 1001 Non
3459 948 3518 1001 in
3541 957 3804 1003 extremo

2195 1036 2336 1103 loco,
2361 1037 2456 1092 sed
2485 1038 2540 1092 in
2563 1037 2742 1093 medio
2771 1038 2931 1092 atrio.
2955 1037 3076 1092 Alia
3099 1037 3299 1104 littera,
3326 1038 3616 1109 sacrilegia
3647 1055 3803 1094 com-

2194 1127 2478 1184 miserunt.
2514 1125 2582 1181 In
2616 1136 2819 1182 sancto.
2859 1126 3032 1196 (Cas)
3061 1128 3118 1181 In
3158 1127 3474 1183 sanctuario
3503 1144 3610 1198 per
3667 1144 3804 1182 wn-

2197 1225 2455 1290 temptum
2477 1219 2652 1274 sancti
2681 1219 2885 1288 templi,
2910 1219 3000 1274 ubi
3029 1218 3214 1275 Deitas
3243 1219 3453 1274 videtur
3475 1219 3719 1290 despici,
3749 1221 3800 1274 in

2194 1316 2613 1379 praesumptores
2653 1300 3202 1364 concitat'invidiam.
3248 1309 3438 1380 Signa,
3471 1318 3588 1364 etc.
3612 1310 3798 1381 (Am)

2196 1399 2435 1468 Aquilus,
2463 1408 2594 1466 etc.,
2623 1415 2784 1470 usque
2807 1399 2875 1453 ad
2899 1399 2953 1454 id
2972 1409 3078 1465 est,
3108 1415 3204 1470 per
3231 1399 3373 1454 edita
3399 1399 3544 1454 loca.

2271 1487 2434 1544 Vens.
2465 1488 2516 1543 5.
2545 1519 2619 1530 —
2643 1488 2712 1543 In
2733 1490 2898 1543 exitu.
2929 1487 3106 1560 (Cas.)
3147 1488 3244 1544 Vel
3288 1488 3430 1544 sicut
3472 1489 3534 1542 in
3573 1504 3800 1559 egressu

2199 1582 2449 1653 desuper,
2483 1581 2538 1636 id
2571 1590 2672 1646 est,
2691 1597 2795 1637 non
2824 1589 3210 1652 cognoverunt,
3244 1583 3387 1650 quod
3423 1582 3544 1635 haec
3577 1581 3800 1635 licentia

2197 1691 2229 1730 a
2263 1677 2374 1731 Deo
2402 1674 2772 1746 egrederetur.
2803 1673 2968 1739 Quasi
2996 1675 3051 1727 in
3074 1672 3228 1738 silva,
3254 1682 3362 1728 etc.
3391 1671 3609 1743 (Csss.)
3633 1672 3800 1726 Ante-

2198 1782 2361 1838 quam
2396 1774 2824 1832 construeretur,
2869 1765 3154 1837 prophetat
3195 1765 3540 1820 eversionem
3589 1765 3796 1834 templi.

2270 1858 2336 1912 In
2363 1858 2533 1913 securi
2557 1866 2604 1911 et
2630 1857 2772 1911 ascia
2802 1854 3100 1926 polluerunt
3134 1853 3534 1909 tabernaculum
3571 1855 3797 1907 nominis

515 1945 657 2032 nem-
678 1974 735 2030 in
766 1945 1130 2030 destructores
1149 2015 1163 2040 ,
1196 1945 1316 2044 quae
1345 1945 1561 2043 quidem
1597 1945 1852 2027 eis-utilis
1887 1981 2002 2039 est,
2043 1978 2097 2027 et
2122 1957 2172 2018 Β
2198 1950 2294 2014 ινδ»
2324 1946 2644 2044 etc-imi?)
2673 1945 2886 2044 Sfcu'i‘
2912 1946 3072 2001 (κείω
3095 1945 3275 2000 "abes
3304 1963 3316 1998 ⁵
3350 1947 3498 1998 am“
3531 1945 3796 2044 ωξηξηίιιε

509 2067 623 2140 jam
647 2064 788 2122 facta
817 2074 916 2122 est.
951 2065 1209 2136 Repulisti
1236 2081 1348 2119 nos.
1379 2063 1500 2136 (ln.)
1527 2063 1693 2130 Quasi
1721 2063 1923 2118 alienos
1949 2078 1982 2117 a
2004 2070 2096 2117 tua

515 2157 842 2216 defensione.
882 2156 952 2211 In
992 2156 1167 2227 ﬁnem.
1216 2155 1328 2211 Nec
1361 2155 1560 2225 templo
1610 2154 1870 2224 parcitur.
1922 2153 2096 2210 Inter-

515 2249 648 2305 itum
677 2257 734 2304 et
764 2247 1134 2318 captivitatem
1165 2246 1454 2318 signiﬁcat,
1481 2260 1601 2316 quae
1620 2260 1651 2299 a
1680 2244 1801 2299 Tito
1821 2252 1877 2298 et
1901 2241 2101 2313 Vespa-

515 2343 688 2398 siano.
719 2340 860 2398 Oves
897 2340 1172 2404 nominat,
1207 2347 1265 2393 ut
1304 2339 1378 2408 pii
1411 2337 1643 2410 pastoris
1672 2336 2099 2408 misericordiam

515 2438 868 2489 commoveat.
907 2428 1054 2484 Tute.
1085 2428 1146 2484 In
1175 2443 1270 2485 eos
1300 2427 1690 2498 temperantius
1727 2426 2096 2494 vindicamus,

511 2539 651 2597 quos
677 2523 964 2595 aliquando
989 2521 1157 2577 fuisse
1181 2530 1396 2577 nostros
1421 2519 1785 2577 meminimus.

588 2613 751 2670 Vsus.
790 2614 844 2668 Ξ.
883 2643 952 2654 -
986 2611 1295 2668 Possedisti.
1333 2610 1530 2683 (Cass)
1566 2609 1689 2676 Vel,
1727 2611 1957 2676 creasti,
1993 2609 2100 2665 etsi

517 2722 706 2762 omnes
732 2714 885 2762 creat
920 2714 976 2761 et
1013 2705 1279 2776 diSponit,
1307 2703 1522 2759 Iudaeos
1553 2712 1733 2758 tamen
1769 2702 2096 2773 specialiter,

517 2799 716 2869 quibus
750 2797 924 2869 legem
951 2804 1009 2852 et
1033 2795 1332 2866 Prophetas
1362 2794 1526 2850 dedit.
1554 2793 1855 2849 Redemisti.
1890 2791 2095 2866 (litem)

519 2885 596 2942 Te
624 2886 818 2958 pretio,
843 2885 898 2942 id
926 2899 1031 2952 εει,
1053 2901 1146 2956 per
1171 2893 1224 2940 te
1246 2885 1500 2956 pretium.
1531 2883 1706 2940 Mons.
1743 2881 1924 2955 (Auc.)
1950 2883 2100 2939 Emi-

518 2977 700 3033 nentia
717 3016 734 3044 ,
763 2976 895 3033 Sion
923 2975 1216 3048 speculatio
1239 2984 1355 3042 est,
1384 2977 1438 3032 in
1468 2991 1608 3046 quo,
1639 2975 1692 3030 in
1720 2990 1828 3046 qua
1855 2990 1916 3031 re
1939 2975 2096 3031 habi-

519 3071 662 3125 tasti.
709 3067 808 3126 Vel
849 3080 1004 3126 vacat
1043 3071 1099 3127 in
1141 3084 1224 3127 eo.
1265 3069 1494 3144 (litem)
1524 3068 1757 3125 Montem
1783 3069 1870 3125 vel
1897 3071 2098 3126 montis

517 3159 679 3228 Sion,
711 3160 825 3218 sive
861 3162 919 3219 in
949 3177 1032 3218 eo.
1077 3161 1365 3234 Hucusque
1405 3162 1522 3218 veri
1557 3162 1888 3218 Testamenti
1917 3162 2094 3232 facta,

2194 2040 2557 2116 persequitur.
2581 2038 2689 2094 Per
2715 2039 2820 2094 hoc
2845 2052 2998 2109 ergo,
3023 2047 3078 2091 et
3099 2051 3323 2107 magnas
3344 2050 3435 2090 res
3455 2044 3513 2089 et
3538 2035 3798 2090 minimas

2197 2132 2328 2188 dicit
2349 2130 2603 2201 deiectas,
2638 2138 2699 2185 ut
2728 2129 2918 2185 civitas
2944 2128 3187 2183 funditus
3213 2128 3284 2182 sit
3311 2128 3628 2191 devastata,
3654 2126 3798 2197 prius

2198 2225 2391 2291 incisa,
2423 2232 2546 2294 post
2577 2222 2717 2294 ignis
2747 2221 2930 2278 omnia
2961 2221 3194 2277 voravit.

2269 2337 2430 2394 Vsus.
2463 2337 2515 2390 7.
2537 2365 2610 2378 -
2637 2335 2707 2391 In
2726 2345 2886 2400 terra,
2910 2343 3018 2390 etc.
3045 2333 3227 2404 Usque
3247 2333 3314 2388 ad
3339 2341 3552 2388 terram
3587 2331 3795 2400 deiece-

2197 2440 2325 2486 runt
2371 2429 2605 2484 culmina
2649 2428 2717 2482 ad
2765 2425 2980 2482 laudem
3007 2426 3104 2481 Dei
3134 2435 3337 2481 erecta.
3375 2424 3562 2496 Auget
3599 2426 3794 2490 scelus,

2199 2531 2259 2576 ut
2287 2521 2528 2576 atrocius
2565 2518 2888 2574 vindicetur.
2923 2515 3093 2589 (Cas)
3134 2515 3231 2572 Vel
3271 2524 3449 2587 potest
3483 2525 3668 2569 totum
3697 2516 3796 2586 legi

2199 2627 2269 2668 ex
2304 2626 2535 2681 persona
2564 2607 2968 2680 desperantium
2989 2606 3320 2672 Iudaeorum,
3363 2614 3498 2670 etc.,
3527 2623 3704 2675 usque
3732 2607 3796 2658 ad

2197 2705 2292 2776 qui
2335 2705 2476 2759 inter
2515 2703 2631 2758 haec
2671 2717 2776 2756 non
2804 2701 3088 2771 ptenitent.
3122 2698 3318 2770 (AUG.)
3348 2696 3479 2752 Haec
3508 2696 3795 2760 dixerunt,

2197 2799 2292 2854 sed
2345 2810 2624 2867 usquequo
2669 2794 2872 2866 pateris
2918 2792 3208 2864 cpprobria
3255 2790 3574 2846 Judaei-um
3623 2810 3638 2844 :
3687 2790 3795 2844 Non

2167 2889 2303 2945 -hoc
2344 2887 2520 2953 dixit,
2549 2895 2611 2942 ut
2645 2902 2740 2942 eos
2788 2885 2919 2941 velit
2971 2884 3146 2956 perdi,
3173 2884 3268 2940 sed
3321 2885 3684 2939 commutari.
3731 2882 3797 2936 1s

2199 2982 2358 3052 ﬁnem
2395 2981 2604 3048 mundi,
2631 2993 2911 3051 vesperam
2947 2976 3176 3042 scilicet,
3200 2976 3417 3046 quando
3449 2974 3638 3033 Judaei
3678 2991 3798 3032 con-

2199 3083 2501 3132 vertentur.

2255 3189 2418 3246 Vens.
2434 3190 2488 3247 9.
2504 3218 2577 3230 ——
2593 3186 2756 3258 Signa
2779 3194 2956 3241 nostra
2981 3200 3085 3239 non
3118 3183 3360 3238 vidimus.
3381 3183 3575 3254 (Auc.,
3619 3184 3794 3254 Cass.)

514 3267 636 3358 1"”
664 3254 924 3372 fe?“i‘“”
947 3255 1456 3372 νθτίωεξτθιξῗίέδίξζ
1485 3254 1768 3372 Ρθῖἓίθξν
1792 3253 2094 3372 ³ῗ¹ξ¹¹¹⁵³¹θ¹¹²
2124 3307 2170 3372 C
2202 3284 2369 3353 Quasi
2391 3253 2684 3338 dicerent-z
2717 3279 2909 3333 Merito
2937 3278 3053 3331 haec
3079 3276 3217 3330 mala
3245 3253 3402 3330 nobis
3421 3276 3792 3346 contigerunt,

515 3348 713 3420 signat,
735 3348 790 3403 in
815 3363 923 3419 qua
943 3349 1234 3419 praesentia
1256 3347 1456 3403 Christi
1485 3348 1774 3415 habitavit,
1801 3357 1856 3405 et
1880 3349 2002 3405 ideo
2027 3366 2097 3407 ne

515 3442 669 3498 daret
710 3457 832 3498 eam
866 3442 1101 3497 vastitati
1148 3441 1434 3512 supplicat.
1493 3439 1702 3512 Virgam
1749 3441 2091 3498 htereditatis.

516 3534 699 3607 (Auo.)
733 3535 853 3606 Ipsa
887 3535 1263 3606 congregatio,
1302 3535 1453 3607 virga
1487 3534 1819 3591 hmreditatis
1855 3535 2092 3591 dicitur:

516 3641 678 3697 quam
708 3625 890 3681 volens
922 3627 1198 3697 possidere
1229 3625 1437 3698 virgam
1470 3623 1639 3697 Moysi
1685 3626 1740 3680 in
1786 3635 2096 3696 serpentem

517 3717 698 3783 vertit,
715 3716 808 3772 sed
827 3716 1162 3788 apprehensa
1181 3717 1352 3772 cauda
1376 3717 1538 3771 rediit
1562 3715 1617 3771 in
1640 3715 1868 3787 virgam.
1889 3714 2094 3786 (Ηιειι.)

517 3808 652 3876 Quia
675 3823 820 3864 mors
844 3824 1004 3864 suasu
1029 3809 1297 3878 serpentis
1319 3808 1541 3863 intravit
1565 3808 1621 3862 in
1642 3807 1922 3871 mundum,
1944 3808 2097 3878 virga

517 3900 574 3956 in
613 3909 893 3969 serpente,
921 3899 1169 3957 Christus
1198 3903 1252 3956 in
1283 3910 1478 3957 morte.
1510 3899 1665 3958 Unde
1693 3909 1748 3956 et
1787 3902 1880 3971 qui
1923 3903 2098 3956 intue-

518 3992 677 4046 batur
706 4001 1010 4061 serpentem
1028 4032 1042 4058 ,
1071 3993 1126 4047 id
1149 4001 1264 4060 est,
1294 3991 1568 4048 Christum
1597 4001 1870 4048 mortuum
1899 3993 2094 4058 credit,

519 4092 742 4140 sanatur
761 4101 796 4144 a
818 4087 1170 4156 scrpentibus,
1199 4087 1253 4142 id
1279 4095 1381 4153 est,
1407 4102 1438 4140 a
1465 4095 1641 4142 morte
1665 4096 1890 4144 aeterna.
1920 4088 2097 4158 Expa-

519 4176 599 4232 vit
637 4175 846 4249 Moyses
873 4185 928 4232 et
963 4176 1130 4248 fugit,
1163 4177 1245 4232 sic
1276 4175 1519 4247 Apostoli
1546 4178 1812 4234 moriente
1854 4177 2093 4237 Christo.

518 4271 747 4329 Retenta
782 4271 982 4336 cauda,
1014 4271 1069 4325 id
1096 4278 1198 4337 est,
1230 4269 1640 4340 posterioribus,
1668 4270 1730 4325 lit
1755 4271 1906 4343 virga
1924 4313 1938 4337 ,
1968 4273 2097 4342 quia

517 4363 693 4436 primo
722 4363 956 4429 occisus,
975 4369 1162 4432 postea
1193 4360 1448 4417 surrexit.
1478 4359 1661 4417 Cauda
1680 4361 1848 4417 etiam
1870 4371 1954 4418 est
1975 4361 2098 4420 linis

519 4453 720 4518 saeculi,
745 4453 798 4508 in
821 4467 928 4522 quo
953 4451 1194 4508 redimus
1217 4451 1286 4507 ad
1305 4465 1524 4506 manum
1549 4450 1666 4518 Dei,
1689 4458 1745 4507 et
1771 4452 2096 4521 stabilimur,

518 4545 611 4616 qui
633 4559 729 4615 per
747 4552 974 4600 mortem
995 4543 1153 4614 quasi
1171 4558 1271 4614 per
1291 4551 1593 4613 serpentem
1617 4542 1888 4600 duximus.
1915 4543 2098 4616 (Auc.)

522 4636 625 4692 Sed
663 4635 787 4704 quia
833 4636 950 4692 haec
987 4645 1044 4692 et
1077 4636 1145 4691 de
1174 4634 1461 4707 gentibus:
1493 4637 1776 4708 exprimit,
1807 4638 1874 4692 de
1902 4637 2100 4708 quibus

520 4729 683 4793 dicat,
714 4726 867 4782 Mons
900 4726 1050 4783 Sion.
1073 4726 1133 4782 1d
1158 4736 1262 4793 est,
1285 4743 1392 4782 non
1421 4727 1485 4782 de
1507 4728 1774 4799 gentibus.
1798 4727 1916 4794 Vel,
1948 4745 2100 4784 mon-

522 4829 629 4875 tem
663 4816 793 4873 Sion
823 4816 1006 4884 istum,
1039 4832 1200 4886 quem
1227 4816 1537 4872 inhabitasti
1562 4816 1616 4871 in
1639 4817 1756 4888 ipso
1786 4835 1800 4872 :
1826 4816 1962 4874 Leva
1981 4835 2100 4874 ma-

521 4925 647 4966 num
685 4918 829 4963 tuam
868 4907 925 4961 in
961 4907 1232 4978 superbius
1271 4924 1468 4972 eorum,
1503 4922 1536 4963 a
1565 4908 1763 4978 quibus
1795 4923 1986 4965 eversa
2014 4921 2101 4967 est

518 5000 838 5065 Jerusalem,
867 4999 919 5055 id
941 5005 1046 5067 est,
1075 4999 1292 5070 regibus
1319 4998 1580 5068 gentium.
1603 4997 1672 5053 In
1687 4999 1867 5069 ﬁnem,
1892 4999 2020 5070 quia
2045 5009 2102 5057 et

520 5093 622 5164 ipsi
649 5092 922 5149 Christum
941 5092 1053 5164 jam
1082 5099 1363 5147 noverunt.

593 5182 756 5239 Vsus.
787 5183 842 5239 5.
863 5213 934 5224 —
953 5181 1105 5238 Lena.
1142 5183 1313 5255 (Cas)
1338 5182 1662 5250 Potentiam,
1709 5192 1770 5240 ut
1790 5185 2100 5256 superbiam

520 5288 708 5332 eorum
738 5282 918 5330 vertas
944 5274 1012 5330 ad
1043 5273 1400 5329 humilitatem
1419 5314 1435 5339 ,
1461 5275 1665 5331 ducens
1693 5289 1788 5332 eos
1815 5276 1870 5330 in
1901 5277 2062 5332 tinem
2083 5318 2099 5343 ,

524 5364 579 5421 id
602 5372 705 5428 est,
733 5361 1038 5428 Christum,
1069 5364 1212 5433 quod
1243 5373 1298 5417 et
1317 5363 1596 5433 impletum
1625 5373 1735 5430 est,
1767 5364 1894 5434 quia
1915 5364 2102 5421 Romae

522 5458 827 5516 Christiana
850 5456 1038 5529 religio
1061 5456 1313 5512 ellloruit.
1341 5454 1494 5521 Lena,
1521 5456 1646 5526 quia
1673 5470 1739 5510 ex
1762 5456 1989 5512 multum
2015 5473 2103 5512 su-

517 5551 829 5626 perstitiosa
865 5549 1008 5606 facta
1033 5558 1116 5606 est
1147 5548 1504 5605 sanctissima.
1535 5546 1748 5613 Quanta
1782 5548 2100 5620 malignatus

523 5657 622 5714 est,
656 5657 761 5702 etc.
782 5644 965 5718 (Auu.)
981 5644 1302 5701 Sacerdotes
1323 5653 1378 5700 et
1397 5645 1694 5700 ministeria
1716 5643 1899 5714 templi
1919 5644 2099 5714 praeda

519 5739 757 5799 fuerunt.
783 5738 918 5796 Tota
950 5755 1098 5811 gens,
1131 5740 1213 5794 vel
1251 5739 1432 5796 occisa
1458 5737 1544 5794 vel
1577 5737 1868 5808 captivata.
1905 5735 2099 5792 Inimi-

521 5850 639 5898 cus,
663 5831 938 5887 Romanus
960 5830 1254 5900 exercitus,
1286 5830 1352 5886 ad
1382 5831 1485 5888 hoc
1509 5844 1607 5905 per
1635 5828 1928 5906 prolepsim
1956 5845 2101 5900 prae-

523 5926 672 5990 misit
698 5939 897 5980 eorum.

2201 3377 2336 3444 Quia
2365 3389 2472 3430 non
2505 3372 2740 3427 vidimus
2768 3371 2951 3441 signa;
2997 3369 3157 3440 quasi
3183 3368 3327 3423 dicat
3353 3387 3366 3422 :
3400 3366 3685 3434 Vidimus,
3709 3369 3797 3423 sed

2200 3483 2307 3524 non
2337 3463 2698 3522 intelleximus
2726 3477 2741 3516 :
2764 3471 2819 3518 et
2847 3477 2975 3517 vere
2994 3461 3249 3526 vidimus,
3279 3460 3405 3532 quia
3428 3460 3538 3516 hoc
3557 3463 3794 3532 signum,

2199 3560 2324 3632 quia
2371 3575 2480 3614 non
2528 3565 2612 3613 est
2648 3555 2952 3626 Propheta,
2998 3554 3082 3609 vel
3129 3554 3403 3619 sacerdos,
3435 3554 3528 3626 vel
3566 3556 3793 3614 unctio:

2199 3651 2340 3707 unde
2359 3669 2371 3704 :
2389 3647 2521 3704 Cum
2540 3649 2734 3705 venerit
2761 3647 2989 3704 Sanctus
3014 3655 3338 3712 sanctorum,
3367 3647 3597 3701 cessabit
3627 3650 3798 3700 unctio

2199 3743 2361 3814 (Dan.
2391 3742 2468 3811 ιχ)
2509 3750 2712 3798 vestra.
2742 3740 2806 3794 Et
2838 3757 2930 3794 nos
2973 3757 3077 3794 non
3103 3747 3372 3812 cognoscet
3401 3739 3645 3808 amplius
3675 3738 3800 3793 Pro-

2198 3837 2358 3906 pheta
2387 3835 2604 3906 aliquis,
2629 3833 2714 3889 vel
2753 3833 2898 3888 Deus
2925 3847 3025 3903 per
3065 3832 3422 3902 Prophetam;
3451 3831 3509 3885 id
3543 3841 3661 3897 est,
3697 3848 3796 3886 non

2198 3928 2539 3984 annuntiabit
2589 3926 2862 3982 Christum
2915 3933 3240 3993 venturum,
3281 3924 3407 3995 quia
3455 3924 3572 3995 jam
3629 3925 3796 3978 venit.

2197 4024 2456 4094 Amplius.
2485 4021 2606 4094 (ιο.)
2627 4019 2724 4076 Vel
2753 4035 2860 4074 non
2890 4029 3179 4092 cognoscet
3213 4019 3420 4086 adhuc,
3465 4018 3654 4073 donec
3703 4019 3800 4072 Sci-

2198 4117 2324 4173 licet
2353 4115 2571 4171 Judams
2609 4121 2868 4185 agnoscat
2904 4125 3049 4166 eum.

2269 4227 2435 4283 Vnus.
2465 4225 2552 4283 10.
2575 4255 2645 4267 -—
2672 4221 2986 4296 Usquequo?
3027 4229 3133 4278 etc.
3179 4218 3350 4294 (ΕΑΒ.)
3387 4220 3457 4276 Ει
3491 4221 3658 4290 quasi
3713 4236 3799 4276 su-

2198 4322 2312 4378 bito
2342 4317 2673 4392 cognoverit.
2711 4313 3009 4386 Usquequo,
3047 4310 3350 4382 supposuit,
3375 4309 3556 4363 irritat
3603 4311 3796 4365 adaer-

2199 4411 2413 4468 sarius?
2439 4407 2595 4479 quasi
2623 4406 2827 4462 diceret
2851 4421 2865 4458 :
2890 4402 3098 4459 Tandiu
3114 4401 3526 4472 improperabit,
3552 4402 3796 4472 quandiu

2201 4501 2545 4560 adversarius
2568 4540 2583 4566 ,
2626 4499 2682 4553 id
2707 4506 2791 4554 est
2816 4538 2832 4563 ,
2881 4495 3119 4562 Iudaeus,
3151 4495 3332 4550 irritat
3363 4509 3567 4549 nomen
3617 4505 3792 4550 tuum.

2205 4593 2272 4650 Ut
2300 4594 2428 4667 quid
2469 4592 2678 4647 avertis.
2711 4590 2864 4663 (Auc.
2888 4588 2908 4662 )
2934 4588 3063 4644 Post
3086 4587 3298 4657 signum
3325 4587 3514 4658 virgae,
3546 4586 3794 4641 additum

2125 4679 2180 4741 D
2204 4693 2292 4742 est
2311 4684 2524 4756 signum
2554 4696 2744 4737 manus
2783 4679 2974 4750 Moysi,
3008 4677 3098 4732 hic
3135 4685 3220 4731 est
3244 4674 3472 4746 populus
3515 4676 3612 4729 Dei
3660 4695 3674 4730 :
3710 4677 3794 4744 qui

2207 4781 2355 4836 foras
2377 4779 2444 4834 ab
2466 4792 2532 4832 eo
2561 4776 2761 4830 missus
2787 4772 3094 4828 immundus
3107 4779 3208 4837 est,
3223 4769 3318 4825 sed
3341 4780 3634 4824 revocatus
3661 4770 3799 4824 redit

2208 4875 2265 4930 in
2288 4888 2444 4928 suum
2465 4871 2722 4927 colorem.
2747 4866 2888 4922 Dicit
2913 4880 3074 4935 ergo:
3101 4862 3392 4933 Quousque
3419 4875 3532 4916 non
3565 4875 3796 4916 revocas

2207 4977 2453 5030 manum,
2492 4968 2554 5017 ut
2577 4966 2835 5031 agnoscat
2870 4955 3227 5012 Salvatorem.
3272 4951 3494 5008 Manum
3546 4963 3701 5007 tuam
3751 4964 3794 5008 et

2207 5057 2500 5122 dexteram,
2530 5055 2584 5110 id
2604 5063 2708 5122 est,
2739 5049 2986 5108 Judteos.

2275 5168 2442 5225 Vnus.
2466 5166 2554 5223 12.
2585 5196 2657 5208 -
2694 5164 2838 5220 Deus
2875 5172 3049 5218 autem
3083 5177 3175 5216 rex
3204 5169 3397 5217 noster.
3454 5157 3633 5231 (Cas)
3688 5159 3793 5214 De.

2202 5260 2424 5319 structis
2450 5259 2642 5330 signis,
2686 5255 2921 5312 ostendit
2954 5270 3071 5310 rem
3100 5255 3294 5324 ipsam,
3336 5252 3567 5318 scilicet,
3601 5254 3656 5306 in
3698 5253 3794 5306 ad-

2202 5359 2365 5407 ventu
2413 5349 2611 5405 Christi
2659 5347 2888 5403 salutem
2932 5347 3131 5416 ubique
3163 5344 3379 5400 factam.
3414 5344 3604 5415 (Auo.)
3641 5342 3791 5397 Deus

2203 5455 2398 5500 autem.
2423 5443 2566 5498 Dicit
2588 5442 2772 5513 Asaph
2795 5439 3118 5511 intelligens,
3145 5447 3278 5504 etc.,
3301 5453 3463 5507 usque
3486 5436 3559 5488 ad
3586 5436 3630 5490 si
3656 5450 3792 5506 ergo

2204 5556 2310 5596 non
2348 5539 2644 5610 praecessit,
2676 5535 2867 5592 saltem
2895 5542 3168 5604 sequatur.

2275 5635 2342 5689 In
2373 5634 2542 5688 medio
2587 5643 2762 5688 teme.
2817 5629 2990 5703 (Cas)
3030 5629 3201 5684 Homo
3246 5627 3450 5693 factus,
3478 5625 3790 5682 Jerusalem

2204 5728 2404 5785 dicitur
2428 5725 2624 5781 essein
2650 5723 2846 5779 medio.

2274 5827 2439 5882 Vsus.
2486 5826 2573 5881 15.
2603 5856 2674 5867 --
2711 5824 2790 5879 Tu
2834 5823 3175 5894 conﬁrmasti.
3210 5821 3392 5894 (Αυε.)
3419 5821 3634 5891 Lapsus
3663 5838 3790 5876 nta-

2205 5921 2281 5980 ris
2323 5917 2490 5984 Rubri
2540 5917 2808 5986 ﬁrmavit,
2856 5924 2918 5978 ut
2959 5923 3104 5974 esset
3157 5914 3296 5970 inter
3343 5913 3569 5970 siccum.
3620 5912 3794 5990 Cujus
