4008 6348
224 438 322 496 961

1250 434 1516 492 GLOSSA
1553 431 1950 491 0RDINAR1A.
1992 459 2064 474 --
2099 431 2228 489 LIB.
2268 429 2514 488 PSALM.

3370 434 3469 490 969

229 540 547 612 mysterium
591 540 809 604 subdit,
857 541 1000 611 quod
1037 541 1092 595 in
1131 541 1286 611 aquis
1322 543 1574 613 baptismi
1619 543 1800 613 capita
1828 547 1880 608 Α
1903 558 2017 596 sam
2039 551 2204 595 tuam.
2229 541 2357 596 Post
2379 541 2582 605 omnia,
2615 541 2748 596 facit
2771 556 2991 597 causam
3010 541 3230 612 judicis,
3259 547 3348 601 cui
3381 563 3471 605 ne-

229 631 630 687 immundorum
663 633 948 703 spirituum
987 634 1326 691 annihilavit.

299 722 461 779 Vens.
488 723 574 778 14.
596 754 666 764 -
697 724 907 778 Escam.
932 723 1112 797 (Αυε.)
1132 725 1379 782 Christus
1402 736 1484 782 est
1504 742 1648 794 esca,
1669 735 1797 794 etc.,

227 830 392 886 usque
428 813 497 868 ad
522 813 608 870 vel
635 814 808 885 ipsum
860 816 1111 870 mordent
1152 817 1609 887 reprehendendo,
1642 833 1801 874 accu-

227 905 416 960 sando.
449 902 621 976 (Cas)
674 902 766 960 Vel
810 905 934 960 dum
969 913 1172 969 tentat,
1201 921 1324 963 esca
1371 915 1474 973 est,
1503 908 1627 977 quia
1677 907 1801 962 inde

1902 631 2034 703 gotii
2071 632 2154 686 sui
2194 631 2425 701 qualitas
2465 631 2760 686 intimatur.
2805 629 3036 687 Causam
3089 644 3255 701 tuam,
3286 645 3474 692 contra

1901 722 2046 788 illos,
2088 723 2180 792 qui
2210 723 2654 788 obmurmurant,
2683 732 2742 778 ut
2773 723 3059 779 manifesta
3088 726 3314 782 veritate
3339 742 3470 798 prae-

1903 812 2081 867 dicent
2109 813 2253 883 quod
2280 813 2440 868 stulte
2483 813 2812 868 abnuebant.
2844 813 2975 869 Tota
3005 815 3109 869 die.
3141 816 3323 890 (AUG.)
3352 817 3476 874 Ideo

1902 902 2056 969 dicit,
2103 911 2162 958 ut
2191 905 2304 974 ipsa
2349 905 2684 959 continuatio
2713 906 3177 963 mansuetudinem
3221 909 3478 979 patientis

223 993 526 1066 proﬁcitur.
567 993 700 1060 Vel,
729 994 940 1065 populis
972 994 1314 1066 Ethiopum.
1360 994 1655 1068 (Hreno-2t.)
1695 994 1804 1051 No-
1895 997 2093 1069 judicis
2121 998 2388 1055 incitaret.

227 1085 465 1143 [cutibus
487 1087 730 1143 converti
773 1087 968 1144 dedisti
1009 1105 1133 1146 eum
1180 1105 1395 1157 escam,
1429 1091 1483 1146 in
1514 1106 1619 1160 quo
1659 1091 1804 1146 dele-

227 1187 464 1236 ctentur.

301 1269 466 1326 Vens.
491 1269 666 1327 15.-
689 1269 887 1328 Fontes
911 1283 960 1329 et
985 1282 1256 1328 torrentes.
1296 1271 1478 1345 (Αυρ.)
1500 1273 1559 1327 in
1598 1273 1717 1329 aliis
1742 1272 1805 1328 ﬁt

227 1363 474 1428 verbum,
512 1371 646 1429 etc.,
691 1365 941 1435 usquead
969 1373 1023 1420 et
1051 1372 1200 1419 notat
1249 1364 1631 1420 abundantiam
1661 1379 1799 1436 pra:-

226 1452 534 1508 dicationis.
578 1451 749 1524 (Css.)
772 1453 869 1508 Vel
897 1461 1069 1510 totum
1099 1455 1166 1510 de
1203 1455 1379 1509 malis.
1409 1452 1624 1520 Fontes,
1665 1469 1802 1526 quo-

227 1558 350 1596 rum
379 1542 518 1596 mala
554 1539 758 1610 iugiter
784 1543 1124 1598 inﬁuebant:
1170 1541 1442 1598 Torrentes
1481 1544 1574 1614 qui
1627 1544 1804 1598 subito

226 1633 501 1705 et-rapide
543 1643 771 1706 peccant
820 1636 966 1693 :bos
1012 1635 1155 1692 Deus
1203 1636 1460 1707 dirumpit
1505 1646 1560 1692 et
1614 1636 1800 1692 siccat.

227 1723 410 1780 Fluvii
438 1725 640 1780 Ethan.
683 1725 1066 1784 Inundationes
1093 1736 1148 1782 et
1183 1728 1407 1783 consilia
1443 1727 1657 1782 diaboli.

1991 1086 2156 1144 Vens.
2195 1088 2284 1144 25.
2329 1120 2401 1130 -
2445 1089 2703 1161 Superbia
2757 1110 2937 1148 eorum
2987 1096 3077 1167 qui
3131 1105 3182 1152 te
3233 1099 3474 1154 oderunt.

1902 1175 2076 1250 (ϐω.)
2097 1178 2156 1234 In
2175 1177 2282 1235 ﬁne
2298 1181 2450 1251 ponit
2480 1183 2810 1240 exsecrabile
2840 1185 3042 1242 malum
3056 1227 3072 1255 ,
3113 1190 3256 1260 quod
3283 1199 3368 1247 est
3385 1207 3479 1247 su-

1901 1269 2109 1338 perbia.

2389 1340 2712 1400 PSALMUS
2754 1343 2992 1404 LXXIV.

1975 1450 2139 1508 Vens.
2164 1452 2216 1507 1.
2247 1483 2318 1494 -
2340 1453 2409 1508 1η
2435 1455 2594 1524 ﬁnem
2617 1496 2634 1523 ,
2670 1473 2733 1512 ne
2779 1474 3106 1532 corrumpas,
3152 1472 3256 1520 etc.
3293 1463 3478 1539 (Auc.)

1904 1540 2085 1597 Monet
2109 1544 2200 1599 hic
2233 1543 2493 1614 psalmus,
2521 1556 2649 1614 etc.,
2677 1565 2837 1621 usque
2859 1553 2929 1605 ad
2959 1561 3018 1608 ut
3039 1553 3207 1611 Judaei
3233 1558 3476 1624 credant,

1907 1647 2015 1690 non
2053 1644 2409 1704 corrumpant
2441 1637 2620 1692 ﬁdem.

1976 1722 2141 1779 Vens.
2171 1723 2313 1778 2.—
2334 1722 2707 1794 Conﬁtebimur
2734 1729 2848 1796 tibi,
2885 1731 3047 1786 Deus.
3081 1732 3263 1804 (AUG.)
3287 1733 3480 1790 Certus

306 1814 448 1870 Tuus
475 1824 550 1870 est
579 1816 689 1870 dies
725 1825 774 1871 et
804 1826 898 1871 tua
950 1827 1026 1872 est
1081 1833 1202 1872 nox.
1255 1817 1444 1890 (AUG.)
1481 1817 1636 1872 Diem
1683 1817 1804 1872 illu-
1905 1825 2034 1882 ergo
2073 1812 2141 1866 de
2180 1813 2474 1882 praemissis
2512 1815 2701 1885 incipit
2731 1835 2745 1872 :
2778 1816 3173 1888 Conﬁtebimur.
3208 1823 3478 1894 Repetitio

227 1916 368 1963 strat
411 1909 508 1964 sed
557 1908 1008 1965 incommutabilis
1059 1910 1355 1980 sapientiae.
1403 1908 1624 1964 Noctem
1665 1924 1798 1964 con-
1829 1897 1876 1957 Β
1905 1901 2198 1957 afﬁrmatio
2225 1911 2328 1969 est.
2355 1917 2424 1958 ne
2446 1905 2707 1974 Ρωηὶιεδῐ
2731 1915 2785 1963 ιθ
2825 1923 2946 1965 esse
2966 1910 3274 1967 confessum
3298 1932 3312 1967 :
3341 1913 3485 1971 unde

228 1999 440 2054 solatur
481 1999 628 2064 luna,
679 2000 734 2055 id
779 2009 882 2067 est,
913 2000 1091 2055 carnis
1140 1998 1542 2055 manifestatio:
1577 1997 1801 2053 Verbum

227 2111 354 2148 caro
403 2093 602 2163 factum
630 2103 708 2150 est
753 2103 804 2150 et
833 2095 1082 2150 habitavit
1108 2097 1164 2150 in
1215 2095 1362 2150 nobis
1413 2094 1596 2166 (Joan.
1627 2093 1702 2168 ι).
1732 2094 1801 2150 Et

227 2186 364 2242 item
408 2201 425 2241 :
475 2187 600 2243 Non:
627 2189 765 2242 nocti
809 2188 1003 2244 indicat
1044 2189 1312 2243 scientiam
1355 2187 1526 2260 (Psal.
1572 2189 1797 2263 XXVIII).

226 2275 494 2332 Auroram
523 2287 571 2333 et
615 2277 797 2334 solem.
829 2279 1011 2353 (Αυσ.)
1043 2277 1135 2335 Vel
1163 2280 1370 2346 lunam,
1401 2280 1455 2336 id
1504 2290 1587 2336 est
1616 2295 1802 2336 carna-

224 2369 358 2434 lem,
385 2369 477 2439 qui
495 2376 556 2423 ut
593 2369 718 2425 luna
755 2378 1011 2435 mutatur,
1042 2370 1134 2441 qui
1166 2380 1345 2427 tamen
1394 2387 1500 2426 non
1549 2373 1802 2428 deseren-

225 2461 354 2516 dus.
401 2459 498 2517 Vel
531 2477 778 2515 auroram
809 2471 859 2516 et
908 2462 1088 2529 solem,
1115 2463 1169 2518 id
1209 2471 1294 2519 est
1326 2463 1537 2518 initium
1573 2472 1630 2519 et
1676 2479 1800 2534 pro-

224 2553 435 2610 fectum
481 2556 758 2628 sapientia:
797 2557 1113 2628 insipientes
1141 2565 1196 2612 et
1224 2555 1512 2628 perfectos.

306 2647 468 2705 Vens.
500 2648 590 2703 17.
623 2679 695 2690 ——-
727 2647 805 2704 Tu
834 2649 1002 2720 fecisti
1047 2665 1241 2704 omnes.
1287 2649 1459 2722 (ὼε.)
1482 2648 1578 2704 Vel
1619 2650 1800 2704 omnia

224 2739 582 2796 historialiter
614 2740 683 2796 ab
709 2741 812 2796 hoc
848 2739 970 2796 loco
1010 2755 1024 2794 :
1077 2739 1219 2794 Tuus
1249 2749 1323 2794 est
1367 2741 1496 2795 dies.
1533 2738 1799 2794 Terminos

231 2841 406 2898 teme,
442 2840 548 2887 etc.
593 2831 766 2903 (Cm)
796 2831 1035 2902 Apostoli
1063 2840 1117 2887 et
1152 2831 1434 2902 Prophetae
1479 2839 1538 2885 ut
1583 2831 1800 2886 termini

231 2920 368 2976 ﬁnes
401 2922 756 2992 distinguunt,
785 2921 859 2976 ita
905 2922 963 2977 hi
997 2921 1121 2977 ﬁdei
1150 2921 1275 2992 jura
1314 2923 1624 2977 custodiunt
1667 2939 1680 2976 :
1717 2921 1803 2976 vel

230 3013 416 3067 omnia
444 3013 718 3069 historice.

305 3103 470 3158 Vens.
491 3103 576 3158 i8.
604 3133 673 3143 ——
693 3102 896 3158 Memor
921 3113 1048 3158 esto.
1085 3102 1256 3175 (Cas)
1287 3102 1409 3159 Jam
1440 3105 1584 3174 quod
1607 3105 1804 3175 ubique

230 3193 328 3248 ﬁt:
345 3199 596 3261 precatur
616 3190 833 3258 Iudaeis,
848 3207 946 3262 per
965 3202 1243 3247 numerata
1260 3192 1543 3260 beneﬁcia,
1560 3195 1706 3264 pium
1716 3195 1805 3264 ju-

1903 2003 1959 2052 et
1981 1995 2240 2051 Dominus
2267 1998 2630 2067 congeminat.
2672 1999 2860 2066 Amen,
2902 2018 3074 2056 amen.
3103 2001 3244 2069 Fiat,
3271 2003 3387 2059 ﬁat.
3415 2004 3486 2060 Et

1900 2083 2100 2156 Joseph
2124 2087 2190 2142 de
2207 2101 2400 2143 somno
2435 2087 2754 2154 Pharaonis,
2777 2090 2869 2161 qui
2895 2092 3032 2148 vidit
3057 2103 3261 2164 septem
3279 2096 3475 2165 spicas,

1901 2185 1960 2232 et
1993 2177 2217 2232 totidem
2241 2177 2472 2234 steriles.
2500 2179 2567 2234 Et
2595 2187 2800 2250 septem
2824 2181 2992 2238 boves
3017 2177 3245 2256 pingues
3271 2194 3328 2240 et
3355 2187 3485 2241 toti-

1903 2269 2026 2324 dem
2069 2269 2406 2326 macilentas.
2457 2270 2654 2342 (Cas)
2705 2272 2972 2344 Repetitio
3025 2266 3362 2332 cohﬁrmatio
3400 2286 3486 2334 est

1902 2361 1970 2416 ad
1997 2361 2444 2434 signiﬁcationem
2481 2363 2743 2420 veritatis.
2773 2363 3061 2424 Sufﬁceret
3093 2385 3259 2425 unum
3303 2371 3372 2426 ad
3413 2371 3484 2426 si-

1901 2453 2300 2524 gniﬁcationem
2328 2454 2618 2521 ﬁrmitatis,
2667 2458 2896 2512 accessit
2934 2459 3186 2516 alterum.
3221 2459 3481 2520 Conﬁtcri

1900 2555 2127 2615 peccata
2158 2547 2244 2602 vel
2270 2547 2435 2604 semel
2467 2556 2685 2606 terreno
2727 2547 2896 2620 judici
2950 2565 3180 2610 mortem
3233 2555 3479 2626 inducit,

1901 2637 1997 2693 sed
2044 2638 2154 2693 Deo
2180 2637 2435 2709 frequens
2473 2641 2741 2697 confessio
2767 2643 2970 2699 vitam?
3019 2646 3148 2701 inde
3187 2647 3479 2717 invocatio,

1901 2737 2024 2800 post
2044 2731 2316 2798 narratio;
2347 2733 2488 2787 unde
2514 2734 2784 2802 sequitur:
2807 2734 3179 2793 Narrabimus.
3208 2738 3485 2796 Invocabi-

1902 2836 2017 2874 mus
2043 2836 2230 2874 nomen
2261 2829 2428 2875 tuum.
2461 2821 2586 2894 (ln.)
2616 2822 2745 2878 Post
2768 2823 3162 2883 confessionem
3185 2836 3364 2898 potest
3402 2831 3486 2886 in-

1905 2913 2084 2967 vocari
2113 2913 2285 2979 Deus,
2312 2913 2366 2968 in
2409 2915 2684 2971 hominem
2730 2917 2811 2973 sic
2853 2921 3168 2977 mandatum
3214 2932 3314 2978 :et
3343 2924 3482 2981 sicut

1901 3017 2000 3073 per
2027 3005 2422 3062 confessionem
2449 3018 2745 3065 evacuatur
2774 3027 2806 3066 a
2836 3012 3024 3081 malis,
3051 3015 3132 3071 sic
3153 3030 3251 3086 per
3272 3017 3486 3075 invoca-

1904 3097 2108 3151 tionem
2132 3097 2386 3166 impletur
2406 3100 2583 3156 bonis.

1978 3183 2328 3240 Narrabimus
2369 3187 2633 3242 mirabilia
2681 3199 2805 3257 tua,
2861 3199 2968 3247 etc.
3024 3193 3198 3268 (CAS.)
3231 3195 3486 3253 Terretur

233 3283 409 3339 dicem
425 3291 700 3352 provocat.
717 3282 879 3350 Quasi
900 3284 1128 3338 diceret:
1147 3283 1350 3339 Memor
1359 3292 1477 3340 esto
1492 3283 1649 3353 hujus
1662 3299 1806 3340 crea-
1835 3286 1879 3349 C
1910 3273 2173 3344 superbus
2195 3275 2424 3346 Ῑυάίοίον
2438 3285 2568 3346 eteo.
2582 3295 2743 3351 usque
2757 3280 2827 3334 αά
2857 3281 2913 3336 in
2937 3283 3092 3354 cuius
3110 3299 3342 3354 persona
3361 3289 3486 3344 sub-

233 3382 369 3428 turaa
383 3379 507 3427 tute.
523 3371 722 3443 Hujus.
739 3371 922 3445 (Auc.)
935 3371 1210 3429 Creaturae
1231 3381 1358 3440 tute,
1374 3372 1525 3442 cujus
1547 3382 1812 3430 creaturae

235 3463 654 3520 tumilnimieus
677 3465 1039 3536 improperavit
1066 3464 1312 3531 Domino,
1361 3475 1410 3520 et
1458 3465 1681 3537 populus
1729 3467 1810 3522 in-

235 3559 426 3628 sipiens
448 3557 680 3613 incitavit
707 3573 893 3612 nomen
927 3567 1094 3624 tuum,
1127 3570 1232 3614 etc.
1283 3559 1467 3631 (AUG.)
1508 3559 1690 3630 Asaph
1729 3560 1811 3614 in-

239 3647 453 3702 tellectu
500 3639 645 3703 dolet
683 3648 967 3719 pristinam
996 3648 1310 3712 caecitatem,
1343 3657 1399 3704 et
1444 3649 1524 3704 sic
1571 3663 1671 3719 pro
1711 3647 1810 3704 Ju-

239 3738 367 3794 daeis
386 3747 528 3804 orat,
569 3747 629 3793 ut
652 3752 838 3794 eorum
869 3739 1230 3794 conﬁteantur
1260 3749 1461 3794 errata.
1504 3740 1621 3796 Hoc
1667 3750 1807 3805 orat,

236 3831 380 3900 quod
423 3831 526 3886 scit
567 3830 836 3898 futurum;
868 3842 1026 3887 erant
1067 3833 1212 3887 enim
1252 3833 1393 3888 inter
1430 3831 1642 3889 Iudaeos
1679 3849 1808 3889 vasa

240 3920 644 3976 misericordiae.

311 4011 475 4066 Vens.
506 4011 596 4066 20.
621 4044 693 4053 —
729 4011 942 4084 Respice
975 4014 1031 4068 in
1067 4011 1450 4068 Testamentum
1491 4023 1658 4070 tuum.
1687 4016 1809 4090 (ln.)

237 4101 501 4173 Reliquiae
548 4105 708 4159 salva:
741 4105 892 4169 ﬁant,
947 4105 1074 4174 quia
1127 4104 1322 4171 multi,
1367 4105 1458 4175 qui
1487 4107 1713 4161 tendunt
1743 4109 1809 4161 ad

237 4205 442 4251 terram
465 4237 480 4262 ,
520 4196 792 4252 obscurati
837 4205 963 4252 sunt
987 4205 1042 4251 et
1075 4197 1264 4267 repleti
1295 4207 1453 4252 terra.
1505 4198 1676 4270 (ὼε.)
1709 4199 1814 4254 Re-

237 4289 399 4359 spice.
429 4286 594 4358 Imple
631 4305 751 4359 qua:
789 4288 1116 4360 promisisti;
1149 4296 1206 4342 ut
1249 4289 1650 4345 Testamentum
1700 4291 1810 4347 No-

233 4396 390 4446 vum,
424 4383 564 4450 quod
585 4389 672 4436 est
698 4383 766 4436 de
785 4382 1023 4449 aeternis,
1054 4381 1371 4438 constituas.
1410 4383 1655 4438 Meminit
1687 4400 1812 4455 pro-

231 4471 547 4536 missionis,
593 4472 718 4540 quia
759 4471 952 4528 merita
1004 4471 1277 4528 deﬁciunt.
1328 4472 1459 4526 ltcm
1513 4473 1655 4538 ideo,
1687 4475 1811 4542 quia

234 4563 431 4634 repleti
461 4563 1000 4633 sunt'iniquitatibus,
1032 4562 1176 4618 unde
1199 4563 1444 4631 sequitur
1485 4563 1808 4627 obscuritas,

1910 3365 2056 3420 ditur
2092 3383 2106 3420 :

1981 3455 2147 3514 Vens.
2179 3459 2320 3514 5.-
2345 3458 2478 3514 Cum
2505 3478 2747 3532 accepero
2786 3472 3011 3536 tempus,
3042 3467 3336 3523 secundum
3389 3469 3487 3524 ho-

1908 3549 2110 3604 minem
2137 3550 2354 3620 accipit,
2383 3552 2525 3622 quod
2555 3552 2668 3622 ipse
2701 3553 2844 3610 Deus
2869 3555 2984 3619 dat,
3015 3557 3069 3612 id
3111 3566 3215 3622 est,
3247 3566 3487 3628 potesta-

1910 3648 2019 3695 tem
2040 3641 2302 3711 judicium
2317 3641 2569 3698 faciendi.
2588 3643 2855 3700 Justitias.
2871 3645 3156 3705 Judicandi
3179 3649 3342 3720 igitur
3359 3666 3426 3705 an
3436 3660 3486 3704 tc

1909 3743 2199 3804 precentur
2243 3735 2465 3792 absolvi.

1981 3827 2144 3883 Vens.
2179 3827 2232 3881 4.
2273 3858 2345 3869 —
2374 3828 2680 3901 Liquefacta
2726 3841 2802 3888 est
2831 3841 2988 3890 terra.
3037 3834 3208 3908 (Cas)
3243 3835 3491 3894 Ostendit
3559 3870 3571 3876 -

1910 3933 2102 3973 omnes
2128 3918 2526 3976 inexcusabiles
2553 3921 2607 3976 in
2627 3921 2854 3992 judicio,
2884 3941 2982 3996 per
3007 3927 3111 3982 hoc
3130 3967 3146 3994 ,
3172 3929 3317 3998 quod
3351 3945 3488 4000 prae-

1910 4009 2060 4065 misit
2081 4009 2368 4081 Apostolos
2391 4020 2446 4067 et
2463 4011 2776 4082 Prophetas.
2813 4014 2975 4070 Terra
3001 4026 3048 4071 et
3080 4035 3277 4074 omnes.
3303 4017 3488 4090 (Avo.)
3555 4033 3564 4044 ·

1911 4097 2071 4155 Prius
2125 4099 2318 4166 ﬁrma,
2376 4102 2431 4156 in
2479 4103 2722 4160 diversas
2770 4103 2964 4161 difﬂuit
2998 4110 3484 4178 concupiscentias.

1913 4189 2050 4258 Vel,
2099 4200 2242 4247 terra
2289 4194 2438 4264 prius
2475 4194 2635 4250 vitiis
2689 4197 3018 4264 constricta,
3068 4197 3234 4254 flante
3281 4199 3483 4268 Spiritu

1913 4296 2123 4356 sancto,
2163 4288 2454 4359 liquefacta
2495 4297 2616 4356 est,
2655 4299 2715 4344 ut
2750 4291 2994 4362 germina
3026 4292 3284 4346 virtutum
3327 4293 3491 4346 emit-

1913 4388 2076 4436 teret.

1985 4467 2150 4524 Vens.
2188 4468 2241 4523 5.
2271 4499 2341 4510 —
2365 4468 2553 4541 Inique
2581 4486 2750 4540 agere.
2798 4468 2981 4542 (Auc.)
3011 4470 3205 4526 Malum
3244 4481 3328 4529 est
3365 4489 3490 4544 pec-

1913 4575 2072 4625 care;
2131 4559 2286 4631 pejus
2333 4571 2417 4617 est
2463 4576 2812 4631 perseverare
2834 4601 2850 4627 ,
2905 4561 3243 4631 perniciosus
3305 4563 3490 4620 defen-

234 4657 367 4726 quia
411 4655 588 4709 lumen
639 4655 912 4725 sapientia:
941 4655 1170 4723 perdunt
1193 4653 1382 4722 repleti
1413 4653 1808 4723 iniquitatibus,
1841 4642 1890 4700 Ι)
1915 4652 2092 4708 dendo
2119 4666 2202 4718 se,
2225 4651 2278 4706 in
2319 4652 2490 4707 Deum
2531 4651 2740 4723 culpam
2776 4650 3084 4708 refundere.
3117 4652 3295 4708 Nolite
3339 4654 3489 4709 exal-

233 4746 366 4816 quia
391 4745 662 4800 obscurati
684 4752 810 4799 sunt
830 4743 1021 4799 domus
1043 4753 1198 4797 terrae
1215 4750 1431 4821 terrena
1454 4743 1806 4810 habitatione,

235 4837 294 4892 id
323 4847 424 4901 est,
453 4837 580 4892 caeci
613 4851 798 4892 amore
826 4835 1176 4891 terrenitatis.

313 4925 474 4980 Vens.
505 4926 594 4981 Ἃ.
618 4957 688 4966 --
719 4925 801 4980 Ne
825 4937 1088 4981 avertatur
1131 4926 1376 4991 humilis,
1426 4927 1598 4996 factus
1627 4925 1812 4995 confu-

236 5035 350 5075 sus.
383 5018 555 5089 (CAS.)
586 5018 783 5074 Gratus
829 5035 928 5090 pro
963 5019 1150 5074 odioso
1187 5019 1436 5090 ponitur,
1483 5025 1543 5073 ut
1597 5018 1812 5076 dilectio

238 5110 418 5165 devoti
450 5118 713 5180 temperet
756 5111 936 5166 odium
966 5111 1318 5165 contumacis.
1351 5109 1633 5180 Confusus.
1689 5109 1812 5182 (ln.)

240 5201 508 5257 Confundi
535 5218 644 5257 non
666 5209 749 5257 est
771 5201 1012 5268 humilis,
1040 5203 1134 5258 sed
1160 5202 1397 5273 superbi,
1443 5202 1535 5274 qui
1559 5218 1667 5259 non
1703 5203 1814 5258 Deo

242 5291 341 5346 sed
382 5291 483 5346 sibi
513 5292 778 5348 attribuit.
1317 5345 1324 5348 _

317 5381 481 5440 Vens.
509 5384 598 5440 22.
626 5383 976 5456 ——Ea:surge,
1012 5383 1170 5440 Deus.
1219 5385 1417 5459 (Csss.)
1447 5385 1564 5440 Jam
1612 5385 1815 5442 excutit

245 5476 428 5546 Asaph
457 5474 801 5548 (intelligens)
834 5484 1048 5530 terrena
1091 5475 1354 5545 promissa
1384 5475 1595 5530 Veteris
1627 5476 1814 5553 Testa-

245 5567 438 5622 menti.
483 5566 709 5621 Causam
756 5577 921 5622 tuam.
966 5567 1163 5621 Dicunt
1201 5567 1343 5620 enim
1372 5581 1386 5619 :
1419 5565 1520 5620 Ubi
1556 5573 1642 5622 est
1671 5566 1814 5622 Deus

246 5659 768 5730 tuus?Contemptus
793 5669 874 5714 est
902 5676 933 5714 a
959 5659 1158 5723 Judaeis
1187 5659 1466 5713 ambulans
1491 5660 1544 5712 in
1567 5668 1731 5725 terra,
1760 5670 1816 5715 et

249 5763 279 5802 a
312 5747 460 5803 falsis
483 5748 805 5803 Christianis
829 5751 1022 5804 sedens
1046 5749 1099 5804 in
1127 5749 1282 5804 coelo.
1315 5748 1499 5805 Judica
1528 5767 1675 5822 ergo,
1709 5767 1813 5807 non

249 5835 466 5894 inﬂatur
489 5854 612 5911 spes
640 5854 779 5907 mea,
808 5839 899 5909 qui
931 5839 1134 5895 credidi
1173 5839 1318 5911 quod
1362 5857 1465 5896 non
1494 5843 1620 5897 vidi.
1671 5841 1814 5896 Cau-

1917 4749 2028 4794 tare
2077 4757 2259 4795 cornu.
2309 4739 2505 4814 (Css.)
2553 4740 2841 4795 Maximum
2890 4750 2977 4796 est
3025 4743 3217 4798 vitium
3260 4759 3490 4800 excusa-

1916 4829 2100 4896 tionis,
2144 4830 2300 4899 quasi
2326 4845 2495 4886 cornu
2536 4831 2696 4902 erigit
2737 4831 2832 4901 qui
2858 4840 3078 4902 peccata
3109 4848 3204 4888 sua
3231 4850 3330 4905 per
3354 4835 3490 4890 alios

1915 4923 2108 4978 nititur
2127 4938 2407 4988 excusare,
2427 4930 2487 4977 ut
2504 4939 2600 4994 per
2625 4923 2958 4979 diabolorum
2981 4927 3384 4995 persuasiones,
3405 4925 3491 4980 vel

1916 5029 2015 5085 per
2040 5014 2420 5070 necessitatem
2452 5015 2747 5070 stellarum.

1991 5103 2155 5159 Vens.
2171 5104 2503 5177 6.-Loqui.
2522 5105 2592 5162 Ut
2614 5107 2709 5177 qui
2735 5123 2842 5163 non
2872 5124 2968 5166 sua
2999 5108 3174 5179 culpa,
3191 5109 3286 5163 sed
3304 5123 3490 5164 neces-

1919 5197 2080 5254 sitate
2103 5197 2400 5264 stellarum,
2433 5198 2619 5253 dicunt
2643 5214 2701 5255 se
2727 5216 3006 5270 peccasse,
3031 5207 3089 5254 ut
3103 5199 3232 5268 Deo,
3255 5214 3362 5255 non
3385 5199 3488 5256 sibi

1918 5291 2232 5360 imputetur.
2272 5288 2386 5354 Vel,
2419 5290 2510 5360 qui
2549 5291 2731 5346 sciunt
2755 5300 2978 5361 peccata
3009 5304 3124 5356 sua,
3166 5291 3262 5348 sed
3308 5292 3486 5363 impu-

1917 5383 2144 5438 nitatem
2172 5381 2275 5436 sibi
2309 5381 2649 5450 promittunt.

1987 5478 2152 5533 Vens.
2184 5478 2236 5532 7.
2270 5507 2342 5518 —
2387 5475 2525 5543 Quia
2571 5495 2734 5550 neque
2775 5477 2840 5532 ab
2878 5478 3091 5533 oriente.
3131 5476 3334 5551 (αλδ.)
3381 5475 3490 5533 Cur

1921 5570 2070 5626 huic?
2104 5569 2228 5639 quia
2273 5568 2438 5639 judex
2483 5568 2604 5624 talis
2637 5578 2753 5634 est,
2789 5569 2882 5638 qui
2920 5569 3079 5624 vitari
3108 5586 3215 5626 non
3259 5577 3439 5640 potest
3470 5586 3485 5624 :

1920 5663 2047 5733 quia
2096 5661 2295 5730 ubique
2343 5670 2456 5724 est;
2512 5663 2653 5716 Deus
2697 5660 2841 5716 enim
2887 5669 2990 5717 est.
3023 5661 3204 5735 (Auc.)
3239 5663 3315 5717 De
3344 5661 3488 5717 nullo

1921 5752 2040 5808 loco
2090 5752 2305 5806 divisim
2351 5751 2578 5820 judicat,
2623 5751 2715 5821 qui
2770 5751 2968 5822 ubique
3019 5767 3254 5824 praesens
3300 5760 3386 5809 est
3432 5758 3492 5807 ut

1922 5845 2084 5899 Deus.
2126 5841 2300 5916 (CAS.)
2347 5842 2588 5914 Mystice.
2635 5843 2860 5910 Oriens,
2909 5844 3107 5914 quibus
3145 5843 3225 5904 sol
3267 5843 3490 5916 justitia
