4008 6348
549 473 652 530 963
1043 465 1430 526 WALAFRIDI
1465 465 1710 524 STRABI
1750 465 1954 524 FULD.
1996 461 2160 520 MON.
2202 463 2351 520 OPP.
2389 457 2569 519 PARS
2606 463 2648 518 l.
2688 493 2758 504 —
2793 462 3250 524 THEOLOGICA.
3704 465 3808 520 964

547 583 738 645 oritur,
769 587 875 637 etc.
902 621 916 646 ,
957 597 1114 653 usque
1143 581 1211 635 ad
1237 579 1360 650 quia
1391 579 1530 633 Deus
1579 593 1814 650 praesens
1838 587 1893 633 et
1923 577 2112 650 cogni-
2140 580 2191 640 Α
2218 594 2353 632 rum.
2384 576 2485 645 Qui
2517 577 2686 632 solam
2707 591 2874 648 spem
2917 592 3072 634 suam
3094 586 3303 648 ponunt
3343 579 3400 632 in
3429 587 3646 634 incerto
3673 580 3811 636 divi-

549 682 632 727 l-Ol‘
657 680 754 727 88‘.

618 764 778 817 Vsus.
820 763 874 817 9.
901 790 974 802 —
997 760 1131 826 Quia
1183 759 1341 814 calix.
1374 759 1554 832 (Auo.)
1582 759 1758 824 Calix,
1794 759 1879 814 lex
1907 767 1962 814 et
2004 773 2118 813 om-

547 857 630 910 nis
679 855 976 925 Scriptura,
1028 863 1157 919 etc.,
1202 870 1362 924 usque
1413 859 1479 905 ad
1512 853 1652 924 quod
1703 862 1849 916 ante,
1894 861 1941 904 et
1982 852 2118 904 hunc

547 943 763 998 exultat.
796 944 966 1015 (Cas)
1005 941 1178 1006 Calix,
1213 941 1328 1006 lex;
1358 943 1530 995 vinum
1560 958 1774 1006 merum,
1803 939 2117 1012 mysterium

549 1037 931 1100 eteleste,etc.,
957 1050 1116 1106 usque
1153 1033 1220 1086 ad
1242 1049 1348 1087 non
1380 1032 1548 1086 solutn
1574 1029 1763 1085 Judaei.

617 1123 782 1180 Vens.
826 1125 913 1180 l0.
944 1156 1014 1166 —
1040 1124 1152 1194 Ego
1188 1134 1359 1178 autem
1403 1122 1720 1176 annuntiabo
1746 1123 1797 1174 in
1827 1120 2074 1182 saeculum
2099 1135 2118 1174 :

548 1218 765 1272 cantabo
796 1217 904 1272 Deo
932 1215 1116 1270 Iacob.
1165 1214 1336 1288 (ολδ.)
1385 1215 1583 1270 Omnes
1619 1215 1821 1276 bibent,
1856 1212 1948 1268 sed
1973 1227 2120 1268 seor-

547 1327 663 1366 sum
695 1329 707 1364 :
736 1325 858 1380 ego,
885 1311 936 1364 id
975 1317 1054 1364 est
1079 1308 1345 1372 Christus,
1373 1323 1495 1362 cum
1527 1321 1770 1376 corpore,
1797 1303 2118 1358 annuntiabo

547 1403 602 1456 in
627 1403 879 1457 sarculum
908 1401 1145 1471 quandiu
1186 1397 1437 1453 sarculum
1474 1397 1616 1451 erit.

618 1489 780 1546 Vens.
809 1491 893 1546 ll.
911 1521 979 1531 —
997 1486 1206 1544 Cornua
1240 1488 1399 1558 justi,
1432 1486 1484 1540 id
1513 1493 1617 1552 est,
1644 1498 1868 1544 munera
1897 1481 2119 1550 Christi,

545 1599 664 1653 quae
693 1590 818 1638 sunt
846 1581 1161 1638 sublimitas
1186 1577 1337 1649 iusti.

1046 1729 1364 1787 PSALMUS
1389 1729 1599 1785 LXXV.

615 1847 777 1901 Vens.
811 1846 861 1899 l.
893 1874 965 1885 —
985 1839 1280 1898 Canticum.
1315 1842 1448 1909 Quia
1483 1842 1594 1910 agit
1622 1841 1687 1896 de
1713 1841 1869 1897 bonis
1894 1840 2114 1906 Christi,

2223 671 2438 724 tiarum.
2469 669 2620 724 Unde
2649 685 2754 726 non
2781 669 2879 734 ait,
2907 670 3168 740 habentes
3191 670 3445 728 divitias:
3481 671 3634 728 Multi
3661 674 3810 726 enim

2220 760 2422 818 habent
2467 760 2558 830 qui
2611 777 2718 815 non
2767 771 2970 816 amant.
3021 761 3089 816 In
3143 763 3412 828 manibus,
3457 773 3568 818 etc.
3627 763 3809 832 (εις.)

2219 848 2382 916 Quasi
2416 849 2590 906 adhuc
2617 851 2670 904 in
2711 851 2959 907 manibus
2986 860 3252 922 quaerant,
3280 868 3404 908 cum
3431 869 3490 910 se
3521 852 3646 922 iam
3675 854 3810 912 nihil

2220 939 2457 996 tenuisse
2483 948 2832 1012 cognoscant.

2291 1029 2453 1086 Vsus.
2488 1031 2538 1084 7.
2562 1061 2633 1071 -—
2661 1030 2738 1084 Ab
2777 1031 3147 1102 increpatione,
3177 1042 3284 1090 etc.
3319 1033 3500 1105 (Δῠε.)
3534 1033 3811 1104 Saepius

2219 1121 2603 1191 increpationis
2638 1121 2774 1177 solet
2815 1122 3073 1186 excitare,
3116 1124 3209 1178 sed
3235 1133 3444 1178 tantum
3485 1127 3706 1193 pondus
3733 1136 3810 1184 est

2225 1212 2554 1284 increpantis
2585 1213 2703 1278 Dei,
2735 1211 2878 1283 quod
2903 1212 3227 1282 dormitant,
3259 1215 3314 1270 id
3345 1224 3449 1280 est.
3479 1230 3584 1271 cor
3609 1216 3812 1270 habent

2221 1300 2550 1359 induratum.
2595 1305 2699 1370 Qui
2743 1303 3106 1359 ascenderunt.
3132 1307 3254 1378 (1ο.)
3282 1306 3526 1376 Quorum
3556 1309 3810 1379 superbia

2219 1395 2409 1456 crevit,
2443 1393 2628 1452 humili
2675 1394 2892 1452 Christo
2933 1413 3040 1454 non
3068 1398 3354 1454 humiliati.
3392 1396 3602 1470 Equos.
3636 1400 3810 1468 (ω.)

2220 1483 2499 1554 Quaslibet
2541 1488 2826 1546 saeculares
2855 1489 3240 1563 extollentias:
3283 1491 3426 1546 unde
3472 1503 3804 1562 praeceptum

2219 1584 2338 1630 erat
2367 1576 2420 1630 in
2451 1575 2567 1649 lege
2615 1579 2738 1636 ﬁliis
2765 1579 2950 1648 lsrael,
2993 1590 3052 1636 ut
3096 1596 3202 1636 non
3247 1582 3686 1654 multiplicier
3713 1586 3808 1637 sibi

2217 1681 2405 1736 equos.
2431 1668 2681 1725 Salomon
2701 1686 2914 1742 quoque
2935 1673 3001 1728 de
3019 1670 3203 1730 «Iudaea
3224 1687 3332 1730 non
3354 1671 3603 1728 habebat
3623 1689 3806 1744 equos,

2217 1761 2310 1824 sed
2335 1759 2550 1816 emebat
2575 1762 2641 1817 de
2669 1761 2926 1836 .lEgypto.

2288 1847 2453 1907 Vens.
2479 1853 2530 1907 9.
2556 1883 2630 1894 —
2653 1853 2732 1908 De
2759 1855 2885 1910 celo
2936 1856 3201 1910 auditum.
3235 1854 3420 1929 (Αυς.)
3467 1855 3634 1914 Unde
3673 1857 3808 1926 Apo-

541 1939 752 1994 scilicet
796 1935 939 2007 quod
983 1943 1159 1998 notus,
1209 1933 1351 2003 quod
1399 1932 1620 1998 habitat,
1663 1933 1803 2012 quod
1831 1931 2114 1997 illuminat,

2227 1944 2393 2000 stolus
2428 1962 2442 1999 :
2489 1941 2558 2002 In
2594 1946 2906 2004 reuelatione
2947 1946 3156 2012 Domini
3195 1951 3359 2006 nostri
3402 1948 3538 2008 Iesu
3589 1948 3658 2016 de
3689 1949 3806 2004 mlo

543 2030 684 2101 quod
699 2028 885 2084 salvat.
910 2025 1129 2096 Frangit
1150 2023 1372 2097 gloriam
1395 2023 1723 2080 Iudaeorum.
1752 2024 1832 2076 Ad
1851 2023 2111 2094 Assyrios.

541 2121 716 2192 (ολδ.)
744 2119 946 2175 Contra
977 2116 1212 2183 Judazos,
1243 2117 1334 2187 qui
1377 2131 1484 2170 non
1540 2116 1851 2188 dirigentes,
1897 2115 1988 2171 sed
2023 2131 2112 2170 er-

540 2223 741 2269 rantes.
775 2211 892 2277 Vel,
927 2209 1070 2282 quod
1110 2210 1325 2280 erigunt
1353 2224 1434 2273 se,
1472 2209 1596 2278 quia
1623 2209 1737 2262 sine
1761 2209 1931 2279 gratia
1963 2224 2111 2278 qure-

541 2311 668 2359 runt
711 2303 937 2356 salutem
988 2309 1043 2356 et
1095 2308 1492 2370 persequuntur
1522 2299 1838 2362 Ecclesium,
1893 2303 1951 2352 ut
1985 2297 2111 2352 olim

539 2397 741 2468 Assyrii
787 2393 1016 2450 Judzeos.
1065 2391 1165 2460 Qui
1199 2391 1544 2446 confutantur
1591 2391 1677 2445 hic
1721 2390 1913 2445 ablatis
1943 2388 2114 2444 nomi-

541 2487 699 2540 nibus
725 2485 930 2557 glorix,
962 2491 1015 2540 et
1043 2482 1174 2537 nihil
1196 2496 1353 2554 posse
1376 2483 1492 2536 sine
1524 2481 1695 2556 gratia
1730 2481 2038 2552 probantur.

610 2575 774 2630 Vsus.
803 2575 857 2629 2.
884 2605 956 2615 —
980 2572 1151 2628 Notus
1175 2573 1227 2625 in
1261 2569 1470 2626 Juda’a.
1503 2571 1684 2644 (AUG.)
1714 2569 1986 2626 Gloriatur
2023 2569 2115 2628 Ju-

538 2672 706 2734 daeus,
731 2670 873 2740 quod
899 2667 1084 2724 Iudae
1112 2676 1274 2722 notus
1295 2672 1376 2722 est
1399 2667 1556 2730 Deus,
1586 2673 1640 2720 et
1663 2681 1845 2720 verum
1876 2673 1958 2719 est
1981 2681 1994 2724 :
2020 2663 2114 2719 sed

540 2766 725 2821 Iudaeo
748 2763 914 2827 intus,
955 2778 1063 2816 non
1107 2761 1159 2816 ln
1190 2776 1369 2815 carne.
1409 2759 1588 2831 (Auc.)
1617 2757 1882 2830 Propheta
1909 2775 1922 2823 ;
1955 2759 1997 2812 si
2026 2755 2116 2810 Ju-

539 2858 661 2919 daei,
693 2866 818 2911 tunc
843 2856 894 2910 in
924 2855 1076 2910 vobis
1108 2864 1267 2911 notus
1309 2863 1393 2909 est
1437 2853 1610 2908 Deus:
1645 2855 1784 2924 quod
1813 2853 1854 2907 si
1880 2868 1985 2906 non
2009 2861 2111 2924 est,

543 2959 669 3003 tunc
713 2963 817 3002 non
839 2946 1028 3002 Judati.
1059 2945 1126 3000 In
1151 2945 1361 2999 Judtra.
1409 2945 1530 3017 (ln.)
1573 2943 1846 3013 Susceptis
1875 2943 2000 2997 [iiiis
2024 2939 2116 2996 Jo-

542 3039 672 3109 seph
701 3038 924 3102 duobus,
966 3053 1086 3092 cum
1113 3037 1335 3107 reliquis
1371 3037 1618 3090 undecim
1647 3035 1768 3090 ﬁliis
1792 3033 1955 3090 Jaeob
1978 3035 2112 3089 duo-

541 3130 713 3185 decim
737 3129 906 3183 tribus
938 3136 1079 3193 sunt,
1104 3136 1356 3197 exspecta
1389 3126 1526 3182 tribu
1560 3127 1703 3190 Levi,
1730 3141 1846 3196 qute
1869 3125 2114 3181 sacerdo-

544 3221 684 3286 talis,
725 3221 866 3275 etde
891 3219 1113 3274 decimis
1134 3217 1362 3273 vivebat.
1398 3218 1684 3274 Duodecim
1709 3216 1950 3272 tribubus
1970 3225 2112 3272 terra

2216 2058 2335 2098 cum
2389 2042 2588 2114 angelis
2645 2044 2846 2100 venient
2907 2043 2977 2106 ad
3030 2044 3293 2115 judicium
3761 2041 3804 2112 (l

2219 2132 2371 2190 Thes.
2400 2133 2463 2207 ι).

2285 2223 2450 2282 Vsus.
2485 2225 2572 2281 l0.
2599 2258 2672 2267 —
2699 2224 2832 2284 Cum
2857 2235 3175 2297 exsurgeret,
3206 2225 3262 2280 id
3305 2233 3407 2294 est,
3455 2239 3592 2296 cum
3618 2233 3808 2295 potus

2215 2319 2512 2390 apparebit,
2556 2321 2647 2391 qui
2670 2321 2759 2376 hic
2787 2320 3023 2378 humilis.
3072 2318 3190 2386 Vel,
3221 2335 3342 2382 cum
3380 2330 3702 2390 mergeret
3727 2319 3806 2374 his

2215 2424 2246 2464 a
2266 2418 2460 2475 morte,
2488 2419 2673 2481 postea
2695 2420 2958 2468 venturus
2977 2411 3044 2468 ad
3060 2409 3344 2480 iudicium.
3364 2409 3556 2482 (Διιε.)
3581 2409 3806 2476 Quando

2214 2502 2436 2558 veniens
2473 2503 2538 2557 de
2585 2503 2725 2560 caelo
2771 2503 2938 2562 facies
2984 2503 3247 2569 auditum,
3289 2502 3344 2558 id
3391 2512 3503 2570 est,
3549 2504 3806 2558 omnibus

2214 2604 2423 2650 notum.
2459 2594 2643 2652 Virtus
2685 2596 2877 2666 iudicii
2906 2597 3210 2668 exponitur,
3248 2597 3390 2654 unde
3439 2597 3664 2658 terreni
3701 2607 3805 2651 ter-

2216 2693 2419 2752 rentur,
2457 2697 2512 2740 et
2543 2687 2752 2757 perdita
2779 2696 3050 2758 potestate
3077 2689 3392 2758 quiescunt;
3425 2688 3670 2758 quievit,
3695 2703 3808 2744 ω-

2215 2784 2549 2846 exsurgeret.
2583 2775 2886 2832 Mansuetus
2909 2787 3080 2834 teme.
3109 2777 3230 2850 (ιυ.)
3259 2776 3359 2844 Qui
3389 2778 3602 2848 mentis
3622 2792 3808 2848 pacem

2215 2865 2437 2934 habent,
2471 2882 2577 2922 non
2608 2867 2976 2924 detractantes
3000 2867 3186 2940 iugum
3213 2867 3332 2924 Dei.

2287 2956 2452 3014 Vsus.
2477 2959 2562 3014 Η.
2581 2990 2650 3000 -
2675 2957 2935 3024 Quoniam
2958 2957 3221 3029 cogitatio.
3253 2958 3430 3029 (Cum)
3467 2959 3808 3033 Diapsalma.

2214 3050 2479 3114 Admonet
2507 3049 2618 3120 iam
2675 3051 2899 3108 devotos
2928 3050 3122 3107 offerre
3169 3059 3313 3108 vota.
3368 3052 3562 3119 Quasi,
3619 3053 3812 3108 merito

2215 3142 2389 3197 salvat
2434 3151 2766 3200 mansuetos.
2797 3143 3058 3210 Quoniam
3099 3143 3364 3216 cogitatio,
3393 3143 3448 3198 id
3487 3153 3600 3210 est,
3629 3143 3812 3198 lauds-

2213 3231 2345 3286 bunt
2378 3241 2430 3288 te
2454 3234 2781 3304 cogitatione
2807 3241 2862 3289 et
2903 3249 3086 3304 opere,
3113 3233 3214 3288 hoc
3243 3242 3346 3298 est,
3395 3234 3644 3304 reliquie
3673 3237 3810 3304 cosi-

539 3313 706 3367 diViSa
735 3319 834 3364 θεῖ·
877 3309 933 3364 in
960 3311 1044 3364 his
1065 3325 1169 3364 una
1194 3319 1275 3364 οδῑ
1313 3307 1469 3374 inda:
1508 3310 1646 3362 unde
1678 3323 1848 3378 ηερε,
1878 3316 1931 3361 οι
1960 3324 1988 3361 ³
2023 3323 2110 3362 Te‘
2140 3298 2185 3358 ο
2217 3323 2451 3390 talionis,
2481 3298 2588 3380 etc
2629 3322 2889 3395 Cogitatio
2915 3298 3161 3380 hominis.
3193 3323 3318 3396 (ln.)_
3343 3298 3655 3396 Conceptio
3684 3298 3809 3380 vati.

540 3420 644 3476 gno
668 3417 856 3458 omnes
879 3401 1048 3456 Judaei
1091 3402 1358 3456 dicuntur.
1391 3399 1635 3456 Confessi
1668 3409 1790 3454 sunt
1816 3399 2108 3466 Ciesarem,

541 3511 646 3551 non
669 3495 967 3559 Christum,
988 3493 1078 3564 qui
1108 3493 1175 3548 de
1212 3490 1346 3546 Juda
1371 3491 1484 3560 iam
1516 3507 1620 3546 non
1641 3489 1832 3545 Judaei.

609 3584 772 3640 Vens.
798 3583 851 3638 3.
872 3615 944 3625 —
965 3582 1032 3638 In
1076 3582 1222 3639 Sion.
1252 3582 1432 3654 (Auc.)
1477 3583 1781 3654 Congruum
1827 3582 2116 3638 verborum

541 3677 782 3731 ordinem
806 3675 1056 3730 attende:
1077 3671 1258 3728 Iudaea
1278 3673 1576 3739 confessio;
1601 3682 1905 3744 postquam,
1931 3671 2112 3738 lsrael,

540 3767 591 3822 id
621 3776 723 3832 est,
756 3767 942 3822 videns
968 3765 1158 3830 Deum,
1188 3774 1241 3819 et
1269 3766 1419 3819 sicin
1444 3773 1633 3835 pacato
1675 3781 1795 3819 eum
1823 3763 1930 3817 Deo
1968 3764 2116 3819 locus

539 3867 622 3913 est
647 3877 660 3912 :
689 3859 830 3913 unde
857 3857 1100 3926 sequitur
1128 3875 1139 3909 :
1164 3855 1231 3910 In
1259 3871 1403 3926 pace,
1429 3866 1547 3924 post
1569 3857 1624 3909 in
1668 3854 1818 3920 Sion,
1861 3855 1912 3910 id
1947 3864 2028 3909 est
2060 3855 2116 3909 in

542 3949 992 4017 contemplatione
1021 3949 1165 4018 (cum
1199 3945 1334 4001 facie
1369 3947 1435 4014 ad
1462 3946 1653 4002 faciem
1675 3947 1878 4003 videbit
1899 3946 2114 4020 Deum),

543 4040 649 4094 erit
676 4038 956 4094 habitatio.
1050 4021 1056 4030 '

619 4131 780 4185 Vsus.
809 4130 863 4184 4.
891 4129 1064 4183 -—Ibi
1103 4127 1352 4198 confregit
1392 4128 1664 4198 potentias.
1714 4126 1884 4199 (ολδ.)
1925 4126 1984 4182 In
2026 4124 2116 4182 Ju-

542 4227 676 4289 daea,
707 4224 760 4278 in
785 4221 970 4285 Israel,
1017 4222 1069 4275 in
1115 4220 1318 4284 Salem,
1360 4219 1411 4273 in
1458 4219 1607 4282 Sion,
1654 4218 1742 4272 ubi
1793 4219 1934 4272 Deus
1968 4217 2118 4288 pacis

542 4328 731 4373 auctor
753 4316 918 4378 venit,
944 4315 1061 4370 haec
1084 4314 1263 4369 omnia
1308 4312 1448 4383 (qua:
1475 4320 1527 4367 et
1553 4311 1767 4366 nomina
1805 4312 1990 4382 gloriae
2021 4325 2116 4367 eo-

542 4409 682 4479 rum)
712 4408 940 4477 fugiunt.

611 4499 775 4553 Vatis.
801 4497 854 4552 5.
881 4495 1288 4551 —Illuminans
1338 4507 1391 4550 tu
1428 4495 1737 4549 mirabiliter
1787 4513 1817 4549 a
1858 4496 2118 4551 montibus

542 4591 749 4645 aeternis
772 4588 963 4643 turbati
1001 4598 1140 4650 sunt,
1170 4596 1274 4642 etc.
1307 4587 1630 4657 Diapsalma.
1673 4583 1942 4640 lllumiuat
1965 4586 2119 4641 Chri-

545 4695 681 4748 stus,
731 4683 928 4737 dormit
969 4679 1205 4746 Judaeus,
1253 4682 1502 4737 Christus
1542 4679 1770 4749 judicat,
1819 4682 1956 4752 perit
2002 4681 2112 4736 ille.

545 4775 723 4847 (Atzc.)
750 4773 828 4829 Tu
851 4773 1138 4839 illuminas,
1166 4775 1256 4828 sed
1280 4790 1374 4845 per
1403 4785 1612 4837 montes,
1638 4776 1726 4844 qui
1759 4775 1905 4844 prius
1933 4774 2114 4830 lumen

543 4869 815 4937 excipiunt
844 4881 940 4936 per
967 4865 1261 4936 Prophetas
1281 4907 1294 4930 ,
1319 4865 1540 4932 scilicet,
1565 4875 1618 4919 et
1657 4863 1954 4936 Apostolos.
2007 4863 2114 4920 Sed

542 4961 605 5013 de
635 4957 1021 5014 illuminatione
1044 4957 1234 5011 turbati
1264 4969 1381 5012 sunt
1411 4975 1583 5012 omnes
1609 4959 1905 5028 insipientes
1937 4959 2111 5013 corde.

542 5055 829 5109 Prtemittit
869 5054 992 5107 inde
1030 5069 1198 5123 quare
1223 5053 1274 5107 in
1323 5052 1500 5107 futuro
1542 5053 1814 5116 terribilis,
1843 5062 1944 5107 etc.
1971 5049 2109 5106 Dor-

543 5145 786 5198 mierunt.
814 5141 1016 5215 (Cass)
1039 5144 1078 5196 A
1102 5142 1258 5198 bonis
1276 5143 1491 5198 teternis
1513 5141 1942 5214 refrigescentes,
1967 5143 2115 5198 carni

545 5231 1240 5303 acquieverunt,profutura
1265 5249 1368 5288 non
1391 5234 1648 5288 videntes.
1671 5233 1924 5288 Somnum
1941 5250 2114 5297 suum,

543 5324 634 5395 qui
677 5323 840 5378 distat
869 5339 898 5377 a
938 5325 1118 5393 quiete
1158 5325 1457 5380 honorum:
1507 5324 1631 5393 quia
1684 5321 1783 5376 iste
1816 5321 1975 5376 fallax
2004 5333 2114 5391 est;

545 5417 788 5472 videntes
835 5431 932 5487 per
987 5418 1251 5472 somnium
1295 5429 1352 5469 se
1399 5415 1600 5468 habere
1651 5415 1951 5478 thesauros,
1990 5414 2114 5468 dum

543 5507 794 5577 evigilant
823 5507 958 5562 nihil
985 5507 1283 5571 inveniunt,
1313 5503 1453 5560 unde
1476 5505 1639 5559 dicit:
1674 5503 1736 5557 Et
1769 5506 1896 5558 nihil
1918 5505 2118 5560 invene-

544 5608 665 5652 runt
694 5615 868 5654 omnes
895 5599 994 5652 viri
1020 5587 1340 5654 divitiarum.
1388 5595 1640 5650 Definitio
1672 5612 1974 5652 avarorum.
2013 5595 2114 5650 Ni-

544 5689 619 5744 hil
671 5689 993 5745 invenerunt.
1055 5691 1187 5757 Quia
1248 5688 1380 5744 nihil
1425 5695 1716 5760 posuerunt
1771 5689 1819 5742 in
1872 5689 2118 5745 manibus

545 5775 766 5855 Christi,
795 5778 886 5848 qui
917 5779 1075 5833 dicit:
1111 5779 1343 5838 Esurivi,
1372 5789 1475 5834 etc.
1497 5778 1682 5848 (lit-1th)
1717 5779 1769 5833 In
1795 5779 2116 5848 pauperibus

547 5885 776 5938 namque
800 5873 1006 5936 esuriit,
1037 5874 1123 5939 qui
1162 5874 1210 5924 in
1243 5873 1377 5926 rqu
1418 5875 1567 5927 dives
1606 5882 1704 5928 est.
1765 5873 1871 5927 Viri
1911 5874 2117 5926 divitiu-

2220 3409 2502 3484 Rcliquitr,
2534 3413 2766 3469 redditio
2790 3414 2921 3479 voti,
2965 3415 3227 3484 operatio,
3254 3414 3458 3484 reliqua
3503 3425 3636 3486 post
3673 3417 3812 3486 cogi-

2231 3503 2516 3558 tationem.
2546 3501 2802 3576 Reliquia’
2833 3506 3182 3575 cogitationis.
3215 3503 3397 3576 (Αυῦ.)
3423 3505 3707 3574 Quoniam
3733 3522 3813 3561 co-

2219 3593 2408 3664 gitatio
2436 3594 2634 3665 prima,
2660 3602 2791 3660 etc.,
2823 3611 2984 3666 usque
3023 3595 3091 3648 ad
3130 3595 3272 3666 quod
3310 3603 3392 3650 est
3418 3596 3696 3652 solemnia
3728 3613 3810 3650 ce-

2218 3682 2452 3739 lebrare.
2486 3683 2658 3756 (Css.)
2695 3683 2830 3752 Quia
2878 3685 3022 3740 solus
3065 3683 3325 3742 Dominus
3367 3693 3474 3750 est,
3520 3687 3612 3741 cui
3665 3687 3812 3742 festi-

2216 3775 2358 3829 vitas
2404 3775 2668 3831 debetur:
2716 3776 2941 3830 reddent
2969 3783 3091 3830 vota
3133 3775 3258 3830 Deo.
3312 3776 3492 3832 Prima
3551 3779 3810 3848 cogitatio

2219 3865 2438 3920 damnat
2464 3865 2626 3920 mala.
2666 3864 2922 3935 Reliquia.
2957 3863 3092 3932 Quia
3135 3874 3254 3936 post
3282 3879 3498 3936 semper
3525 3866 3696 3922 debet
3721 3868 3809 3921 bo

2218 3972 2308 4010 mo
2333 3957 2608 4011 recordari
2640 3956 2913 4028 praeterita
2942 3955 3103 4020 mala,
3132 3964 3191 4009 ut
3220 3955 3401 4028 lugeat
3426 3971 3441 4010 :
3475 3956 3608 4012 licet
3653 3974 3808 4012 mun-

2219 4047 2319 4103 dus
2349 4047 2435 4101 hic
2457 4055 2580 4116 agat
2611 4046 2753 4100 diem
2782 4043 2998 4112 festum,
3046 4048 3262 4118 quando
3287 4047 3453 4103 sentit
3477 4062 3544 4103 se
3585 4059 3810 4118 peccato

2217 4136 2472 4200 liberum,
2501 4147 2559 4192 ut
2593 4145 2715 4207 post
2754 4137 3190 4194 emendationem
3230 4133 3400 4194 Judaei
3433 4136 3703 4208 iubentur
3737 4140 3809 4196 ol-

2219 4226 2364 4283 ferre
2392 4227 2647 4282 festivum
2677 4243 2874 4284 munus
2905 4227 3036 4283 Deo.

2289 4313 2660 4371 Vens.12.—
2700 4313 2881 4370 Vovetc
2921 4327 2967 4370 et
3019 4316 3235 4372 reddite.
3285 4313 3470 4390 (Acta)
3513 4317 3640 4373 Alia
3691 4330 3814 4374 sunt

2220 4407 2528 4464 communia
2556 4417 2679 4463 vota
2723 4407 2791 4462 de
2831 4407 2937 4474 his,
2982 4407 3098 4463 sine
3144 4407 3342 4479 quibus
3370 4425 3478 4464 non
3504 4417 3598 4464 est
3641 4410 3810 4476 salus;

2221 4499 2327 4553 alia
2373 4500 2612 4570 propria,
2658 4506 2718 4554 ut
2762 4513 2959 4554 vovere
2991 4500 3317 4566 castitatem,
3365 4510 3422 4555 et
3469 4499 3810 4571 huiusmodi.

2225 4591 2396 4664 (Cas)
2435 4590 2642 4646 Vovete.
2671 4591 2925 4659 Quadam
2954 4600 3100 4658 sunt,
3151 4606 3270 4662 quae
3301 4607 3398 4647 nec
3426 4595 3815 4660 promittentes

2222 4684 2479 4738 debemus
2501 4682 2738 4737 solvere:
2764 4692 2850 4738 ut:
2869 4681 2983 4737 Non
3007 4683 3306 4748 occides,et
3327 4681 3664 4753 huiusmodi,
3683 4693 3813 4750 etc.,

2222 4792 2382 4846 usque
2427 4775 2496 4828 ad
2542 4775 2634 4844 qui
2663 4775 2717 4829 in
2747 4775 2974 4830 circuitu
3025 4784 3169 4840 sunt,
3223 4786 3282 4829 ut
3321 4774 3508 4830 famuli
3557 4775 3815 4842 oﬂerent,

2221 4866 2304 4919 vel
2352 4864 2598 4927 oll'erant,
2633 4876 2739 4920 etc.
2799 4866 2980 4938 (AUG.)
3038 4865 3175 4920 Sunt
3226 4868 3377 4936 quasi
3439 4867 3632 4934 medii,
3680 4878 3812 4933 etc,

2219 4973 2382 5028 usque
2404 4956 2472 5010 ad
2502 4957 2704 5013 habens
2730 4958 2976 5029 spiritum
3007 4958 3121 5024 Dei,
3154 4963 3258 5013 non
3284 4959 3620 5029 principum,
3651 4961 3708 5014 id
3734 4971 3814 5015 est

2222 5048 2533 5118 superbum.
2564 5046 2809 5103 Munera.
2861 5049 2985 5123 (11).)
3031 5049 3130 5116 Qui
3177 5050 3433 5104 altaribus
3477 5050 3808 5106 oﬂ’eruntur.

2225 5139 2467 5194 Terribili
2489 5150 2535 5192 et
2557 5140 2604 5194 ei
2623 5141 2712 5211 qui
2733 5141 2925 5210 aufert.
2954 5141 3122 5208 Quem
3142 5141 3332 5195 timent
3357 5139 3506 5205 boni,
3526 5140 3657 5194 mali
3682 5155 3810 5194 rem

2222 5249 2328 5287 non
2392 5233 2600 5285 timent.
2637 5229 2889 5302 Spiritum
2943 5233 3254 5302 principum.
3304 5229 3478 5304 (Cat)
3525 5231 3809 5302 Superbi:

2220 5325 2305 5378 vel
2333 5327 2542 5382 timoris
2575 5327 2734 5396 tollit,
2764 5338 2820 5383 et
2841 5328 2972 5384 facit
3000 5344 3156 5386 renes
3180 5329 3285 5400 sui,
3313 5329 3405 5398 qui
3428 5343 3634 5400 corpus
3651 5342 3811 5383 sum

2223 5417 2588 5472 moderantur.

2685 5487 3004 5545 PSALMUS
3040 5485 3271 5544 LXXVI.

2298 5597 2457 5656 Vens.
2491 5603 2540 5655 ι.
2572 5632 2637 5642 -
2669 5600 2737 5658 1η
2763 5603 2920 5672 ﬁnem
2946 5621 3039 5675 pro
3061 5604 3316 5660 Iditltum.
3351 5604 3534 5678 (Auc.)
3563 5603 3808 5677 Congre-

2220 5693 2365 5765 gatio
2389 5694 2625 5764 loquitur
2648 5696 2974 5762 transiliens,
3008 5706 3067 5751 ut
3095 5699 3372 5770 perveniat
3400 5697 3466 5753 ad
3499 5697 3686 5760 linem,
3711 5698 3804 5767 qui

2219 5791 2303 5837 est
2352 5783 2616 5842 Christus.
2665 5787 2832 5846 Docet
2880 5788 3044 5860 igitur
3094 5789 3356 5846 desideria
3406 5797 3462 5844 et
3518 5788 3806 5843 illecebras

2223 5876 2404 5929 mundi
2436 5876 2667 5943 calcare,
2693 5877 2824 5934 nihil
2853 5880 2952 5933 sibi
2981 5895 3308 5951 praeponere,
3332 5880 3432 5934 nisi
3451 5894 3519 5935 ex
3542 5894 3653 5948 quo
3675 5885 3796 5932 sunt
