4008 6348
227 416 332 477 965

1215 408 1482 469 GLOSSA
1520 407 1921 468 OﬂDlﬁAﬂlA.
1961 439 2031 450 ——
2067 408 2196 466 LIB.
2237 407 2486 466 ΡεΑικ.

225 530 426 588 omnia.
475 527 650 600 (Cas.)
696 526 1110 582 Transcendens
1143 525 1351 590 omnia,
1388 524 1557 580 Deum
1599 523 1797 594 quaerit
1822 523 1874 588 Α
1898 520 1998 578 fuit
2024 538 2118 578 sua
2142 524 2316 593 gratia
2343 523 2400 580 in
2421 521 2602 578 Veteri
2630 519 2995 590 Testamento,
3021 539 3199 580 nonne
3229 526 3387 582 addet
3425 535 3484 584 ut

223 633 278 680 et
300 622 526 678 invenit.

294 715 456 772 Vsus.
477 715 532 768 9.
561 743 630 755 -—
657 711 789 767 Voce
814 729 928 767 mea
949 713 1018 767 ad
1043 712 1326 767 Dominum
1351 711 1594 766 clamavi.
1621 710 1806 783 (Αυς.)

220 812 528 868 Intentione
561 808 868 864 devotionis
891 807 958 861 ad
988 806 1275 860 Dominum
1316 821 1424 859 non
1469 803 1612 858 aliud
1644 803 1712 858 ab
1742 817 1808 858 eo

222 910 438 975 petens,
469 899 598 971 quia
641 899 922 964 Dominus,
976 907 1032 953 et
1072 898 1196 966 quia
1226 896 1392 952 Deus.
1445 894 1559 950 Vua:
1595 911 1708 948 mea
1736 893 1805 946 ad

220 1011 360 1050 eum.
392 994 472 1048 Ad
501 994 604 1048 hoc
633 1000 718 1047 est
741 1006 866 1055 vox,
891 998 1112 1060 prepter
1131 989 1274 1059 quod
1296 987 1494 1051 editur,
1515 987 1618 1041 hoc
1637 984 1806 1046 addit,

221 1099 293 1141 ne
321 1092 540 1156 putetur
581 1092 802 1153 propter
850 1082 996 1136 aliud
1029 1081 1266 1136 clamare
1309 1079 1378 1135 ad
1423 1079 1613 1139 Deum,
1641 1091 1806 1145 quam

219 1185 446 1248 propter
487 1174 685 1246 ipsum,
739 1187 902 1244 supra
951 1187 1109 1242 quem
1152 1171 1286 1254 nihil
1326 1166 1643 1240 est/(Cas)
1688 1165 1806 1222 Non

222 1269 355 1324 dicit
381 1267 510 1338 quid
535 1271 704 1337 petat,
729 1266 855 1335 quia
887 1280 994 1320 non
1023 1279 1158 1334 opus
1191 1272 1274 1318 est
1302 1261 1408 1316 dici
1432 1260 1502 1326 ei,
1532 1259 1623 1330 qui
1657 1259 1809 1313 novit

221 1360 367 1430 quod
407 1357 644 1427 expedit.
693 1355 924 1409 Intendit
984 1354 1130 1408 mihi.
1169 1351 1342 1423 (ὼε.)
1389 1350 1666 1404 Intendere
1707 1348 1808 1403 Dei

220 1459 308 1506 est
331 1452 461 1507 dare
485 1457 656 1505 totum
686 1449 828 1517 quod
853 1448 1074 1518 petitur,
1108 1454 1162 1500 et
1190 1445 1470 1516 plusquam
1499 1451 1733 1512 petatur.

292 1537 720 1595 Vsns.3.—In
764 1539 848 1592 die
899 1536 1255 1591 tribulationis
1303 1535 1573 1606 exquisivi.
1623 1532 1808 1602 (Δυε.)

221 1633 504 1700 Quomodo
544 1631 827 1701 exquisisti
851 1631 874 1683 ‘t
902 1639 1036 1694 etc.,
1086 1644 1248 1699 usque
1293 1628 1362 1681 ad
1397 1626 1486 1697 qui
1527 1640 1635 1680 non
1675 1622 1807 1678 facit

220 1725 483 1795 justitiam
513 1737 694 1778 coram
717 1721 1047 1784 hominibus,
1070 1727 1130 1772 ut
1158 1719 1424 1773 videatur.
1461 1715 1646 1770 [ienuit
1675 1730 1803 1768 con-

221 1815 405 1871 solari.
457 1812 582 1886 (ln.)
629 1811 864 1882 Exponit
911 1810 1330 1872 tribulationem,
1381 1814 1512 1872 etc.,
1545 1820 1708 1876 usque
1735 1803 1805 1858 ad

1907 613 2028 683 plus
2059 615 2128 668 sit
2157 615 2210 667 in
2247 613 2396 668 Novo
2425 629 2522 682 per
2547 615 2834 668 adventum
2856 614 3019 670 Filii?
3053 617 3154 671 hoc
3178 619 3360 683 sentit,
3389 621 3480 689 qui

1907 703 1974 759 de
1998 705 2199 774 pietate
2245 713 2461 760 tractat.
2502 703 2847 761 Exercitabar
2873 719 2920 761 et
2955 709 3243 777 scopebam.
3297 711 3481 784 (Auc.)

1907 795 2026 862 Vel,
2053 799 2369 868 garriebam,
2418 814 2522 854 non
2551 801 2662 869 jam
2709 799 2862 864 foris,
2908 810 3040 866 etc.,
3072 819 3230 874 usque
3273 806 3342 857 ad
3391 807 3481 860 ubi

1908 888 2011 944 hoc
2041 889 2268 952 invenit,
2315 891 2456 960 quod
2505 906 2606 944 non
2642 890 2698 944 in
2739 901 2988 946 wternum
3035 893 3272 962 projiciet
3319 895 3479 950 Deus.

1910 979 1976 1036 Ut
2005 981 2360 1052 complacitior
2403 983 2490 1048 sit,
2523 983 2731 1038 scilicet
2785 992 2843 1038 ut
2887 985 3024 1054 ipse,
3051 985 3142 1054 qui
3181 984 3282 1038 fuit
3313 986 3484 1042 iratus

1908 1073 2218 1142 repellendo
2242 1113 2257 1138 ,
2310 1073 2468 1132 mala.
2497 1073 2807 1139 inferendo,
2856 1075 2926 1132 sit
2973 1077 3306 1133 mansuetior
3347 1077 3483 1133 libe-

1908 1163 2099 1228 randa,
2130 1165 2452 1219 revocando.

1979 1253 2139 1308 Vens.
2172 1255 2257 1308 10.
2286 1285 2356 1294 -
2380 1257 2482 1308 Aut
2504 1255 2835 1312 obliviscetur
2855 1258 3087 1316 misereri
3111 1259 3268 1315 Deus.
3301 1260 3486 1330 (Αυθ.)

1907 1345 1965 1402 lu
2004 1346 2110 1401 alio
2137 1347 2315 1412 modo,
2363 1362 2469 1404 non
2501 1356 2584 1402 est
2610 1348 3000 1413 misericordia,
3035 1352 3136 1406 nisi
3181 1351 3326 1407 Deus
3363 1367 3484 1406 eam

1908 1437 2106 1494 donet:
2140 1447 2195 1492 ct
2223 1437 2339 1508 ipse
2367 1439 2472 1493 erit
2497 1439 2614 1496 sine
2666 1454 2750 1495 ea.
2800 1440 2970 1498 Rivus
2997 1443 3187 1508 currit,
3219 1443 3340 1499 fons
3381 1444 3488 1500 sic-

1905 1537 2062 1585 catus
2085 1536 2189 1584 est.

1978 1621 2140 1679 Vens.
2175 1625 2406 1680 ll.——Et
2425 1626 2576 1680 dixi:
2605 1625 2762 1681 Nunc
2791 1629 2939 1698 cepi.
2971 1627 3330 1700 (Cass.)Quid
3356 1629 3488 1686 deli-

1905 1713 2146 1770 berando
2172 1715 2456 1781 invenerit,
2498 1717 2704 1773 scilicet
2744 1721 2884 1788 quod
2909 1719 3160 1776 Christus
3189 1730 3364 1794 mutat
3393 1721 3489 1778 ho-
3533 1722 3535 1724 ’

1909 1807 2104 1872 mines,
2136 1815 2192 1863 et
2227 1807 2465 1862 redimit.
2517 1808 2640 1879 (1b.)
2681 1809 2751 1862 Et
2786 1811 2918 1864 dixi.
2947 1810 3086 1866 Huic
3126 1813 3486 1880 meditationi,

221 1908 317 1977 qui
339 1907 390 1960 in
414 1905 664 1961 omnibus
687 1902 996 1958 hominibus
1025 1900 1336 1957 scandalum
1360 1897 1444 1956 vel
1469 1897 1696 1962 invenit,
1717 1896 1803 1952 vel
1830 1887 1880 1948 Β
1909 1905 2035 1964 ete.,
2069 1913 2230 1968 usque
2283 1899 2354 1952 ad
2378 1914 2500 1954 cum
2522 1907 2576 1954 et
2600 1915 2686 1954 me
2721 1901 3024 1957 transiliens
3055 1903 3120 1958 ad
3149 1904 3315 1959 Deum
3343 1905 3487 1972 veni,

221 2000 398 2062 timet,
426 1998 478 2052 in
507 1996 653 2051 nullo
680 2009 906 2050 securus
934 2002 1035 2048 est.

297 2088 461 2144 Vens.
485 2089 538 2142 4.
564 2112 635 2128 ι·-
661 2085 730 2146 Et
755 2087 1066 2142 exercitatus
1083 2101 1218 2139 sunt.
1241 2083 1424 2154 (Auc.)
1447 2080 1564 2148 Vel,
1587 2082 1806 2154 garrivi,

221 2182 282 2238 id
302 2190 403 2246 est,
432 2179 719 2244 exsultavi,
746 2179 1010 2248 loquendo
1031 2184 1089 2231 ut
1111 2175 1380 2248 garrulus,
1405 2175 1519 2245 qui,
1539 2189 1648 2244 prae
1671 2173 1806 2242 lati-

219 2273 324 2337 tia,
357 2285 457 2327 nec
485 2271 648 2326 vellet
677 2285 778 2324 nec
813 2277 996 2338 posset
1026 2277 1244 2322 tacere:
1284 2273 1340 2321 et
1377 2280 1568 2320 rursus
1594 2265 1647 2319 in
1679 2279 1806 2330 gar-

223 2363 419 2417 riendo
449 2360 645 2417 defecit
687 2360 931 2429 spiritus,
960 2359 1051 2428 qui
1087 2357 1239 2428 prius
1267 2356 1624 2422 contabuerat
1646 2352 1810 2408 tzedio

223 2452 515 2508 malorum.
1379 2437 1388 2448 ’

305 2542 466 2598 Vens.
514 2543 662 2598 5.—
711 2541 1142 2610 Anticipaverunt
1172 2537 1398 2609 vigilias.
1450 2535 1626 2606 (Cas)
1678 2534 1806 2589 Dia-

216 2635 460 2705 psalma.
495 2634 716 2689 lnvento
747 2633 878 2697 Deo,
905 2631 997 2702 qui
1023 2630 1168 2685 solus
1204 2630 1377 2684 bonus
1399 2636 1503 2692 est,
1546 2627 1811 2682 deliberat

217 2742 297 2782 an
321 2728 390 2781 sit
409 2742 532 2781 eum
558 2725 902 2781 reducturus?
919 2723 1099 2794 (Aue.)
1125 2723 1576 2792 Anticipaverunt
1599 2721 1811 2791 vigilias

224 2817 478 2871 aliorum.
512 2815 665 2870 Oculi
708 2816 830 2880 mei,
856 2824 916 2869 ut
961 2815 1070 2878 ille,
1115 2814 1207 2883 qui
1238 2822 1363 2868 ante
1388 2822 1598 2881 tempus
1636 2812 1811 2884 surgit

225 2910 295 2964 ad
321 2909 616 2980 negotium.
655 2904 774 2972 Vel,
803 2905 942 2959 oculi
971 2905 1094 2969 mei,
1125 2903 1434 2959 all‘ectiones
1476 2918 1628 2958 meae.
1658 2903 1812 2956 Anti-

224 3001 548 3070 cipaverunt,
598 2995 939 3051 sedulitatem
986 2997 1237 3050 aliorum.
1270 2993 1388 3060 Vel,
1443 3010 1541 3064 per
1584 2994 1809 3063 vigilias,

230 3101 532 3147 nocturnos
561 3087 850 3159 signiﬁcat,
892 3103 1028 3158 quos
1072 3085 1318 3152 facimus,
1347 3094 1404 3139 et
1442 3085 1705 3142 usualiter
1733 3086 1814 3140 sic

229 3196 494 3238 vocamus
519 3181 574 3234 in
613 3180 858 3234 laudibus
897 3178 1012 3244 Dei,
1035 3189 1092 3233 et
1129 3177 1285 3232 ideo:
1319 3175 1598 3230 Turbatus.
1636 3175 1812 3246 (αλδ.)

1909 1991 2000 2044 hic
2039 1988 2243 2044 nullum
2298 1992 2618 2061 periculum.
2674 1992 2836 2063 Carpi.
2885 1994 3070 2064 (Λυθ.)
3117 1995 3352 2066 Aliquid,
3395 1995 3488 2053 ubi

1910 2097 2133 2136 securus
2159 2097 2296 2148 sum,
2321 2083 2411 2136 ubi
2441 2099 2544 2138 non
2569 2085 2866 2155 anticipant
2893 2086 3116 2152 inimici,
3145 2090 3305 2144 modo
3327 2091 3492 2160 caepit

1911 2186 1996 2226 me
2022 2180 2234 2227 mutare
2276 2172 2555 2230 Excelsus.
2607 2173 2834 2229 Mutatio
2873 2176 3130 2242 dexteris,
3167 2187 3272 2232 etc.
3313 2179 3488 2250 (ὼε.)

1908 2263 1990 2318 Ab
2019 2264 2099 2318 ira
2124 2264 2189 2318 ad
2217 2264 2667 2330 misericordiam,
2717 2268 2862 2336 quod
2887 2268 2955 2322 de
2983 2270 3157 2324 servis
3197 2269 3314 2324 ﬁlii.
3364 2270 3490 2343 (1a.)

1911 2352 2081 2422 Hujus
2133 2355 2472 2424 mutationis,
2526 2367 2659 2424 etc.,
2700 2375 2864 2422 usque
2911 2360 2980 2414 ad
3030 2361 3147 2416 haec
3194 2371 3321 2416 sunt
3369 2378 3492 2432 qua

1910 2453 2158 2500 sanctum
2179 2444 2432 2500 mulcent.

1981 2534 2145 2591 Vsus.
2199 2535 2286 2590 15.
2321 2567 2392 2576 —
2426 2535 2494 2590 In
2541 2536 3013 2595 adinventionibus.
3048 2540 3232 2611 (Aue.)
3279 2543 3338 2598 1d
3385 2552 3492 2612 est,

1913 2627 1967 2682 in
2005 2626 2311 2696 praceptis,
2351 2641 2470 2695 quae
2518 2627 2790 2694 invenisti,
2827 2631 2908 2685 vel
2961 2632 3156 2702 quibus
3208 2634 3492 2691 inveniris.

1913 2719 2086 2793 (εδδ.)
2144 2719 2238 2776 Vel
2291 2721 2754 2786 observationibus,
2809 2723 2862 2778 id
2910 2733 3009 2787 est,
3064 2729 3348 2796 praeceptis
3372 2744 3492 2798 quae

1913 2814 2247 2870 observanda
2301 2823 2447 2880 sunt,
2501 2817 2835 2870 exercebor:
2893 2817 3018 2885 quia
3065 2834 3170 2874 non
3226 2820 3360 2875 satis
3407 2830 3495 2877 est

1911 2905 2093 2976 legere
2121 2905 2456 2976 Scripturas,
2483 2911 2577 2964 sed
2607 2908 2818 2966 fructus
2865 2927 3090 2981 operum
3117 2915 3493 2973 demonstrare

1914 3008 2164 3068 oportet:
2221 3001 2307 3054 his
2345 3002 2588 3056 eruditus
2625 3003 2678 3056 in
2727 3004 2912 3058 laudes
2941 3009 3262 3077 prorumpit.
3311 3008 3492 3080 (Αυθ.)

1917 3089 1984 3144 In
2008 3091 2461 3146 adinventionibus
2487 3094 2572 3148 vel
2595 3095 2959 3162 a/fectionibus
2981 3098 3105 3161 tuis,
3135 3113 3238 3152 non
3263 3100 3315 3153 in
3341 3101 3496 3166 meis,

1919 3186 2002 3241 vel
2040 3187 2092 3241 in
2127 3188 2357 3242 terrenis
2381 3196 2466 3241 est
2515 3187 2764 3244 all‘ectio:
2817 3191 2891 3244 ita
2925 3192 2978 3244 in
3019 3193 3272 3261 operibus
3300 3207 3355 3248 ct
3385 3209 3496 3250 tne-

225 3273 368 3341 Quia
393 3269 653 3340 consequi
689 3284 798 3324 non
837 3269 986 3340 potui
1024 3267 1169 3339 quod
1195 3281 1398 3337 quaaro.
1441 3265 1562 3319 Non
1591 3282 1707 3320 sunt
1733 3266 1809 3320 lo-

1924 3279 2176 3334 ditatione
2217 3278 2308 3334 Dei
2344 3288 2428 3334 est
2465 3280 2690 3335 interior
2719 3283 2965 3351 quaedam
2994 3247 3228 3348 allectio,
3267 3247 3496 3342 cumin-

225 3375 400 3421 cutus.
429 3362 544 3417 Non
577 3361 903 3416 murmuravi
933 3369 1124 3416 contra
1171 3362 1359 3414 Deum.
1407 3357 1524 3422 Vel,
1568 3359 1809 3412 turbatus

228 3474 370 3523 sum,
391 3457 516 3527 quia
545 3456 672 3511 dum
703 3463 861 3510 nocte
890 3464 1100 3509 secreta
1145 3452 1309 3507 animi
1348 3451 1635 3522 perquirit,
1667 3451 1812 3504 videt

229 3554 528 3607 humanum
574 3564 742 3620 genus
789 3549 842 3603 in
889 3555 1109 3617 peccata
1157 3559 1352 3602 ruere:
1403 3553 1458 3600 et
1494 3546 1584 3616 pio
1629 3545 1815 3601 dolore

230 3662 334 3718 pro
383 3646 502 3700 aliis
532 3644 830 3708 cruciatur,
859 3643 950 3713 qui
977 3641 1087 3710 jam
1118 3641 1247 3694 vitia
1275 3639 1587 3694 transilivlt.
1626 3637 1804 3702 Tacet,

231 3738 359 3808 quia
387 3746 545 3792 nocte
565 3751 672 3791 non
699 3735 860 3789 habet
890 3732 1138 3787 solatium
1169 3731 1389 3786 humani
1410 3729 1682 3798 colloquii,
1709 3744 1815 3798 quo

235 3839 476 3900 tempore
514 3828 726 3882 cautius
747 3825 984 3896 cogitat;
1015 3823 1134 3878 ideo
1163 3821 1344 3877 subdit
1367 3837 1382 3873 :
1405 3819 1642 3890 Cogitavi
1681 3819 1811 3882 dies,

229 3933 339 3979 etc.
372 3920 525 3976 Oculi
555 3921 674 3974 mei.
723 3919 868 3973 Alias
900 3916 1098 3971 inimici
1139 3916 1238 3970 mei
1283 3915 1695 3984 anticipaverunt
1738 3913 1815 3966 vi-

230 4013 406 4086 gilias.
458 4009 637 4083 (Aue.)
670 4011 725 4064 1d
765 4019 870 4076 est,
914 4007 1274 4078 vigilaveruut
1323 4019 1486 4075 super
1533 4019 1637 4070 me,
1685 4011 1813 4069 etc.,

228 4120 394 4176 usque
419 4103 490 4157 ad
518 4119 620 4157 non
645 4109 823 4156 tamen
845 4108 1044 4164 cessat,
1073 4098 1187 4152 vult
1209 4105 1263 4152 et
1285 4097 1387 4152 hoc
1408 4095 1816 4161 transcendere,

227 4196 379 4251 unde
410 4193 593 4248 subdit
617 4210 630 4244 :

307 4287 471 4340 Vens.
494 4284 546 4340 6.
579 4315 650 4324 ——
676 4283 911 4354 Cogitavi
955 4282 1066 4336 dies
1105 4281 1367 4350 antiquos,
1411 4286 1514 4333 etc.
1560 4278 1684 4332 Ideo
1708 4285 1822 4332 tur-

223 4385 430 4438 batus:
481 4379 605 4448 quia
638 4379 856 4448 cogitavi
895 4377 1005 4431 dies
1053 4376 1292 4445 antiquos
1342 4372 1492 4436 Adae,
1543 4372 1598 4426 in
1626 4371 1822 4442 quibus
1859 4445 1888 4463 ‘

224 4475 440 4533 corruit
463 4475 643 4528 homo.
683 4471 788 4528 Sed
827 4482 1013 4528 contra
1046 4471 1156 4525 dies
1184 4470 1449 4540 antiquos,
1481 4483 1646 4520 annos
1671 4466 1823 4536 ponit

225 4580 455 4626 wternos
480 4584 497 4622 :
513 4568 632 4622 ideo
655 4567 912 4627 turbatus,
933 4566 1056 4635 quia
1073 4565 1172 4618 hos
1187 4563 1455 4617 desiderat
1469 4562 1645 4620 homo,
1672 4567 1823 4612 tuter-

229 4681 336 4723 nos
362 4666 602 4736 negligit.
630 4663 750 4717 Dies
784 4664 1042 4732 antiquos,
1073 4671 1120 4715 et
1150 4677 1315 4714 annos
1341 4671 1557 4713 mternos
1579 4660 1632 4710 in
1654 4666 1822 4710 mente

229 4759 416 4814 habui.
464 4757 637 4829 (Cas)
679 4755 817 4820 Quid
852 4755 1077 4824 contigit
1119 4754 1245 4807 Adte
1275 4768 1371 4822 pro
1418 4751 1820 4805 inobedientia?

230 4849 318 4906 Ex
357 4849 445 4903 illo
475 4849 700 4920 cognovi
723 4848 864 4902 hunc
909 4846 1139 4901 hominis
1171 4843 1440 4899 defectum
1468 4857 1604 4896 esse.
1634 4841 1699 4895 Et
1727 4857 1822 4895 au-

234 4958 339 4999 nos
358 4951 605 5007 aeternos,
623 4956 759 5011 quos
782 4940 1078 5010 persistens
1099 4938 1338 4998 haberet,
1362 4936 1414 4989 in
1439 4943 1617 4990 mente
1634 4934 1818 5000 habui,

235 5035 382 5107 quod
412 5050 518 5089 non
548 5035 715 5089 stulti.
774 5030 842 5086 Et
884 5033 1040 5086 etiam
1081 5030 1362 5085 meditatus
1403 5045 1518 5084 sum
1557 5038 1726 5092 nocte,
1767 5027 1820 5081 id

235 5135 346 5191 est,
371 5125 424 5180 in
452 5126 555 5180 hoc
583 5124 812 5180 delectu.
843 5121 974 5178 Cum
1016 5121 1189 5186 corde,
1219 5121 1269 5175 id
1299 5127 1400 5185 est,
1440 5135 1560 5174 cum
1593 5119 1819 5183 ratione,

237 5223 284 5279 si
319 5221 587 5291 quomodo
628 5232 840 5290 possem
885 5216 1060 5270 redire
1090 5215 1156 5269 ad
1193 5229 1364 5269 annos
1392 5223 1644 5268 aeternos.
1689 5209 1823 5264 Cum

240 5315 452 5372 ratione
508 5314 702 5369 tacitus
753 5310 1022 5380 loquitur,
1064 5307 1153 5377 qui
1203 5307 1256 5361 in
1300 5321 1362 5361 ea
1411 5304 1626 5375 quietus
1669 5315 1826 5357 exer-

239 5416 364 5464 cctu
372 5422 419 5461 ι’.

315 5495 481 5552 Vsus.
508 5495 560 5548 7.
589 5524 658 5535 -—-
702 5489 766 5546 Et
796 5490 1138 5546 exercitabar.
1177 5487 1232 5541 1n
1276 5487 1389 5555 ipsa
1440 5483 1818 5538 meditatione:

243 5586 531 5658 Scopebam
571 5585 812 5656 spiritum
845 5595 1050 5647 meum;
1080 5579 1372 5650 purgabam
1415 5583 1670 5630 mentem.
1718 5571 1821 5626 Alii

243 5680 558 5737 ventilabam
583 5679 823 5750 spiritum
861 5693 1054 5739 nteant,
1090 5675 1167 5729 sic
1194 5673 1332 5742 apud
1364 5686 1449 5725 me
1474 5677 1746 5725 tractans:

320 5773 483 5828 Vens.
510 5773 562 5828 8.
604 5803 671 5812 —
713 5768 963 5839 Nunquid
999 5767 1048 5821 in
1093 5776 1338 5819 retentum
1375 5763 1631 5832 projiciet,
1656 5775 1822 5832 genus

247 5866 588 5922 humanum?
618 5873 670 5918 ut
715 5859 1088 5932 complacitior.
1132 5855 1294 5924 Quasi
1335 5855 1558 5926 quijam
1589 5855 1820 5924 placitus

1914 3370 2146 3441 spicitur
2187 3372 2436 3437 mundus,
2487 3372 2624 3426 etin
2655 3374 2924 3428 creaturis
2949 3375 3210 3442 quteritur
3261 3386 3495 3446 creator,

1916 3472 1970 3519 et
2001 3463 2277 3518 invenitur
2319 3479 2586 3534 nusquam
2629 3465 2938 3535 displicens,
2984 3467 3078 3521 sed
3121 3467 3357 3538 undique
3381 3469 3496 3539 pla-

1915 3569 2062 3612 cens.

1990 3646 2151 3700 Vens.
2190 3647 2275 3700 Η.
2303 3677 2372 3687 -—
2400 3647 2542 3701 Deus
2569 3648 2622 3701 in
2651 3659 2852 3702 sancto.
2889 3650 3074 3719 (Are)
3113 3651 3217 3706 Per
3243 3653 3496 3722 prtedicta

1918 3746 2099 3793 certus
2121 3754 2239 3793 sum
2273 3739 2414 3808 quod
2452 3740 2683 3802 veniam,
2716 3739 2898 3794 ethoc
2928 3741 3082 3796 (lucc.
3117 3741 3242 3813 (10.)
3283 3743 3420 3796 Deus
3445 3746 3498 3798 in

1917 3840 2117 3892 sancto,
2153 3831 2204 3884 id
2232 3838 2332 3893 est,
2364 3830 2415 3884 in
2447 3829 2680 3886 Christo.
2710 3831 2794 3884 via
2824 3832 3077 3886 redeundi
3108 3833 3172 3886 ad
3198 3841 3264 3886 te.
3293 3833 3500 3887 Etcum

1919 3921 2022 3974 huc
2045 3920 2136 3982 sit,
2158 3920 2273 3990 quis
2297 3919 2434 3974 Deus
2457 3937 2675 3990 magnus
2693 3922 2716 3973 ?
2735 3929 2837 3975 etc.
2881 3921 2972 3976 Via
2995 3935 3106 3975 tua.
3138 3921 3501 3992 (11).)Colcndi

1923 4019 1975 4064 te
2005 4021 2058 4064 et
2090 4012 2156 4065 ad
2189 4020 2238 4066 te
2269 4012 2542 4072 veniendi.
2567 4013 2708 4068 unde
2737 4014 3034 4083 potentiam
3068 4015 3164 4068 Dei
3187 4014 3343 4069 laetus
3371 4033 3500 4086 tuac-

1923 4103 2028 4158 fert
2067 4104 2391 4169 simulacris,
2421 4119 2541 4173 qua:
2581 4103 2713 4158 falso
2738 4105 3069 4159 colebantur.

2001 4197 2166 4252 Vens.
2202 4197 2288 4252 l5.
2320 4227 2391 4238 —-
2416 4197 2704 4251 Mirabilia.
2749 4197 2929 4266 (Αυς.)
2962 4196 3148 4250 Sanati
3179 4204 3304 4250 sunt
3331 4197 3501 4262 surdi,

1924 4288 2077 4352 eieci,
2129 4288 2387 4358 languidi,
2441 4288 2662 4351 mortui,
2714 4287 3015 4356 paralytici.
3062 4287 3164 4340 Ista
3205 4287 3258 4340 in
3308 4303 3487 4356 corpo-

1924 4381 2074 4433 ribus
2104 4379 2243 4433 l'acta
2275 4387 2416 4432 sunt.
2472 4378 2528 4431 1n
2559 4379 2739 4431 anima
2783 4378 2998 4446 quidam
3033 4377 3197 4431 sobrii
3241 4387 3383 4438 sunt.
3410 4380 3500 4447 qui

1926 4473 2086 4542 paulo
2143 4479 2268 4525 ante
2321 4470 2539 4534 ebriosi,
2601 4470 2859 4535 inﬁdeles,
2913 4471 3226 4525 adoratores
3277 4472 3498 4526 simula-

1927 4577 2160 4616 crorum.
2193 4560 2410 4631 Populis
2441 4562 2698 4615 virtutem.
2728 4560 2849 4632 (10.)
2874 4561 3200 4630 Inﬁdelibus,
3227 4574 3278 4616 ut
3303 4579 3504 4634 cogno-

1928 4661 2082 4708 scant
2130 4652 2402 4707 Christum
2461 4661 2667 4707 tantum
2721 4667 2970 4723 corpore,
3023 4655 3282 4722 ﬁdelibus,
3340 4673 3397 4712 re
3447 4667 3504 4715 et

1927 4747 2162 4808 Deitatc;
2190 4745 2370 4799 subdit
2396 4763 2408 4797 :
2440 4745 2576 4811 Quid
2603 4745 2938 4814 praestiteris,
2971 4746 3249 4800 redemisti.

1997 4837 2159 4890 Vens.
2189 4835 2268 4889 16.
2298 4865 2367 4874 —-
2389 4833 2556 4888 Filios
2578 4835 2790 4905 Joseph.
2822 4837 3000 4908 (Auc.)
3030 4835 3085 4892 1d
3108 4847 3210 4904 est,
3235 4837 3500 4896 Gentilem

1925 4929 2198 4998 pupulum.
2227 4927 2347 4993 Vel,
2371 4942 2470 4998 per
2493 4927 2686 4998 Ioseph
2711 4929 3027 4999 intelligitur
3049 4930 3324 4986 Christus:
3355 4934 3498 5001 quia,

1927 5024 2064 5077 sicut
2112 5020 2311 5092 Joseph
2363 5023 2612 5076 venditus
2662 5023 2713 5076 in
2765 5021 3058 5094 Egyptum
3110 5025 3372 5092 regnavit,
3427 5027 3503 5084 ita

1930 5112 2177 5167 Christus
2225 5114 2278 5167 in
2327 5113 2595 5182 gentibus,
2651 5114 2801 5182 prius
2845 5115 3154 5169 humiliatus
3204 5116 3256 5168 in
3295 5126 3500 5190 marty-

1931 5207 2099 5261 ribus.
2135 5205 2258 5276 (ln.)
2281 5204 2592 5290 Josepthui
2641 5207 2893 5274 pervenit
2926 5208 2992 5259 ad
3028 5213 3213 5276 gentes
3258 5221 3506 5278 augmen-

1931 5310 2038 5354 tum
2087 5300 2511 5368 interpretatur:
2561 5305 2615 5350 et
2643 5297 2913 5368 signiﬁcat
2950 5305 3156 5367 gentes,
3195 5297 3260 5352 de
3309 5300 3505 5369 quibus

1935 5393 2312 5456 augmentatus
2341 5391 2423 5438 est
2451 5382 2677 5452 populus
2708 5383 2822 5438 Dei.
2863 5381 2972 5448 Vel,
3016 5382 3232 5455 Ioseph,
3255 5385 3506 5443 Christus

1934 5497 1963 5534 a
1992 5478 2190 5533 «ludatis
2234 5475 2501 5539 venditus,
2539 5484 2595 5530 et
2631 5473 2820 5544 pulsus
2867 5475 2932 5527 ad
2967 5483 3173 5544 gentes,
3221 5476 3322 5544 ﬁlii
3363 5475 3500 5546 ejus,

1930 5588 2067 5644 quos
2093 5587 2157 5626 ex
2186 5571 2434 5641 gentibus
2458 5568 2640 5639 elegit.

2000 5664 2161 5720 Vens.
2195 5664 2278 5717 l7.
2311 5693 2380 5703 —-
2416 5659 2688 5715 Viderunt.
2727 5657 2910 5729 (ολδ.)
2937 5658 3256 5729 Diapsalma.
3296 5659 3502 5726 Qutein

1933 5757 2128 5811 mundo
2177 5755 2426 5810 Christus
2473 5758 2754 5819 operatur,
2815 5749 3055 5819 exponit.
3107 5749 3286 5818 (Αυς.)
3336 5747 3502 5815 Quasi

1930 5851 2132 5904 diceret
2145 5847 2434 5914 aQuoniam
2458 5851 2642 5898 notam
2669 5841 2846 5897 fecisti
2870 5841 3144 5904 virtutem,
3158 5840 3240 5895 vel
3264 5858 3357 5912 per
3377 5855 3498 5898 eum
