4008 6348
528 352 631 414 967

1042 351 1432 409 WALAFRIDI
1473 351 1718 410 STRABI
1752 352 1956 411 FULD.
1997 351 2162 410 MON.
2198 351 2350 410 OPP.
2389 349 2570 408 PARS
2607 351 2648 406 1.
2687 381 2756 393 --
2792 349 3252 410 THEOLOGICA.

527 465 766 519 viderunt
796 472 868 528 te,
893 480 923 517 o
961 463 1102 518 Deus
1150 464 1334 532 Pater,
1382 465 1488 532 vel,
1519 477 1586 534 te,
1617 485 1647 523 ο
1677 468 1902 535 Christe,
1925 467 2020 539 qui
2045 482 2105 524 es
2131 476 2182 535 Α
2208 463 2854 532 ritum,unde:Charitas,
2877 482 2994 537 qua:
3012 464 3155 536 pellit
3182 465 3418 518 timorem
3431 464 3482 535 (I
3500 463 3671 520 Joan.
3697 467 3800 538 Iv).

530 556 702 611 virtus
721 566 777 611 et
801 554 1104 623 brachium,
1133 565 1237 611 etc.

598 643 766 703 vm.
793 647 881 704 18.
919 677 991 688 -
1037 646 1348 703 Multitudo.
1397 648 1573 721 (ΕΑΒ.)
1618 650 1732 707 Non
1779 652 1958 724 pauci,
2013 652 2109 708 sed

538 738 847 794 multitudo.
885 738 1122 806 Sonitus,
1151 740 1205 795 in
1232 740 1433 812 gemitu
1466 742 1764 812 culparum,
1805 744 1859 799 in
1895 745 2108 800 actione

532 831 867 902 gratiarum:
915 831 1070 901 quasi
1105 833 1250 887 enim
1294 847 1445 888 mare
1487 835 1861 906 confragosum
1913 845 2108 892 sonant

533 922 741 978 diversa
791 929 914 978 vota
953 921 1291 994 populorum.
1344 924 1556 980 Sonitus
1596 944 1873 998 aquarum.
1925 928 2106 1001 (Auc.)

534 1015 688 1072 Unde
739 1017 829 1073 isti
875 1018 1084 1074 sonitus
1133 1033 1418 1090 aquarum,
1466 1019 1702 1076 turbatio
1749 1023 2108 1092 abyssorum?

532 1111 658 1180 quia
686 1127 858 1166 vocem
880 1111 1130 1166 dederunt
1161 1113 1338 1178 nubes,
1363 1112 1428 1169 de
1453 1114 1648 1183 quibus
1677 1131 1692 1168 :
1719 1113 1983 1169 Mandabo
2009 1131 2107 1169 nu-

532 1201 678 1256 bibus
700 1202 827 1256 meis
844 1217 907 1256 ne
929 1200 1111 1272 pluant
1131 1220 1288 1274 super
1308 1220 1424 1258 eam
1448 1205 1682 1260 imbrem.

601 1292 766 1347 Vens.
816 1292 902 1349 I9.
937 1323 1010 1334 —
1045 1292 1161 1348 Vos;
1202 1295 1441 1349 tonitrui.
1501 1294 1678 1368 (Css.)
1723 1295 1972 1353 Tonitrui
2002 1312 2105 1354 vox

532 1381 846 1449 revolvitur,
877 1390 937 1440 ut
955 1391 1178 1454 rugatus
1221 1393 1276 1439 et
1314 1385 1566 1442 sinuosus
1609 1402 1776 1444 sonus
1817 1389 2098 1444 sentiatur.

528 1473 828 1546 Allegoria:
856 1476 912 1532 in
935 1485 1050 1531 rota
1073 1477 1238 1533 totius
1269 1479 1476 1534 mundi.
1514 1478 1668 1534 Rota.
1699 1479 1902 1552 (HlElt.,
1941 1480 2103 1555 Anc.)

527 1563 622 1620 Est
665 1565 806 1636 quod
840 1566 1062 1636 exponit
1099 1569 1248 1624 orbis
1287 1575 1478 1635 terrae,
1515 1584 1675 1639 quem
1718 1571 2106 1626 circumierunt

528 1655 696 1711 nubes
749 1657 984 1732 tonando
1038 1659 1366 1727 praeceptis,
1427 1661 1760 1716 coruscando
1805 1661 2101 1717 miraculis.

529 1743 848 1799 Contremuit
872 1755 1027 1800 terra.
1067 1746 1241 1819 (Cns.)
1270 1747 1372 1815 Qui
1402 1747 1648 1802 habitant
1675 1749 1729 1803 in
1779 1759 1941 1804 terra.
1985 1750 2104 1821 Ipsa

2211 562 2382 634 Hujus
2427 561 2562 618 Novi
2611 561 2941 617 Testamenti
2983 559 3356 616 testimonium
3389 558 3590 614 dicitur
3623 567 3806 617 vetus

2210 653 2317 720 lex,
2343 653 2468 724 quia
2482 653 2645 709 habet
2669 651 3034 709 testimonium
3061 667 3093 707 a
3117 651 3236 723 lege
3262 658 3320 706 et
3335 650 3628 722 Prophetis
3657 666 3676 705 :
3703 667 3804 708 uu—

2210 745 2276 802 de
2331 744 2738 800 tabernaculum
2780 743 3075 800 testimonii
3105 743 3389 799 dicebatur
3443 741 3602 808 illud,
3652 743 3806 814 quod

2210 843 2289 892 tot
2313 835 2542 907 mystica
2578 835 2847 907 ﬁgurabat
2872 853 2885 890 :
2912 834 3285 890 Testimonium
3305 849 3441 906 ergo
3466 834 3678 890 dicitur
3699 833 3808 890 Ve-

2211 937 2297 984 tus
2321 929 2725 984 Testamentum
2750 929 2808 984 in
2833 937 3096 1000 quantum
3115 929 3310 1000 probat
3332 937 3388 984 et
3417 936 3684 995 testatur,
3717 929 3806 984 lex

2209 1020 2264 1075 in
2283 1030 2541 1092 quantum
2553 1020 2940 1093 jubet.(Csss.,
2968 1020 3136 1092 Rau.)
3159 1021 3452 1076 Suscitauit
3471 1022 3634 1092 quasi
3653 1036 3806 1077 mor—

2208 1119 2358 1166 tuum
2389 1112 2444 1166 in
2465 1112 2637 1167 Adam
2664 1112 3051 1178 testimonium,
3075 1112 3128 1166 id
3162 1121 3263 1176 est,
3292 1111 3486 1182 legem,
3520 1111 3632 1178 vel,
3671 1112 3800 1166 dum

2207 1201 2549 1268 describitur,
2602 1202 2914 1268 suscitatur,
2965 1201 3116 1271 prius
3173 1199 3480 1272 ignorantia
3530 1201 3797 1272 sopitum.

2211 1291 2579 1347 Testimonium
2602 1295 2660 1347 in
2678 1291 2867 1358 Iacob,
2905 1293 3013 1348 hoc
3052 1291 3239 1348 forsan
3277 1298 3380 1356 est,
3433 1292 3584 1362 quod
3626 1289 3800 1348 Iacob

2206 1398 2328 1439 cum
2356 1383 2546 1454 angelo
2566 1383 2820 1449 luctatus,
2851 1390 2994 1437 tacto
3020 1380 3229 1437 femore
3248 1380 3618 1437 claudicavit:
3649 1381 3800 1452 quod

2206 1472 2476 1545 signiﬁcat
2502 1471 2715 1530 Judseos
2737 1473 2933 1544 partim
2963 1471 3068 1528 ﬁde
3089 1478 3377 1538 constare,
3407 1471 3614 1542 partim
3644 1487 3680 1526 a
3715 1488 3797 1528 sa-

2205 1565 2316 1620 lute
2343 1565 2620 1623 discedere
2645 1580 2662 1619 :
2687 1575 2743 1620 et
2783 1566 2859 1620 ita
2909 1565 3068 1636 hujus
3111 1565 3191 1621 rei
3222 1565 3622 1636 .testimonium
3673 1565 3796 1628 fit,

2205 1656 2347 1726 quod
2372 1654 2538 1712 Jacob
2563 1657 2777 1712 accidit.
2814 1657 2956 1712 Ecce
2999 1656 3275 1727 parabola.
3325 1655 3485 1712 Filiis
3542 1659 3681 1712 suis.
3733 1660 3796 1712 Et

2205 1755 2331 1802 sunt
2357 1745 2518 1802 iidem
2540 1745 2636 1801 lilii
2663 1747 2941 1818 generatio
2967 1746 3160 1812 altera,
3181 1747 3388 1802 scilicet
3416 1748 3656 1818 populus
3675 1765 3795 1818 gra-

531 1843 676 1890 terra
713 1850 866 1890 mare
894 1836 1094 1890 dicitur
1122 1852 1219 1907 per
1247 1827 1676 1905 similitudinem,
1714 1840 1838 1910 quia
1870 1842 2104 1896 humana
2134 1837 2180 1897 B
2208 1837 2316 1892 tias.

525 1925 635 1979 vita
668 1940 875 1992 amara,
900 1927 1308 1996 tempestatibus
1336 1929 1571 1996 subdita,
1615 1929 1708 1984 ubi
1737 1930 1911 2001 major
1935 1931 2104 2001 piscis

529 2019 796 2075 minorem
825 2020 1068 2075 devorat.

598 2113 763 2168 Vens.
795 2111 885 2168 20.
907 2141 981 2152 —
1007 2112 1078 2167 In
1117 2116 1272 2170 mari.
1325 2115 1507 2188 (Auu.)
1550 2115 1634 2172 Ad
1682 2115 1943 2182 litteram,
1975 2115 2103 2170 dum

527 2205 774 2262 Christus
823 2220 984 2276 super
1027 2221 1197 2278 aquas
1246 2207 1560 2263 ambulavit.
1604 2207 1720 2278 Vel,
1749 2207 1806 2263 in
1851 2208 2104 2264 cordibus

526 2299 829 2365 hominum,
853 2313 990 2368 quos
1019 2298 1122 2354 sibi
1151 2299 1352 2355 subdit.
1394 2298 1514 2367 Vel,
1541 2314 1640 2370 per
1659 2309 1874 2366 terram,
1896 2298 2100 2367 Judaei;

525 2405 624 2462 per
665 2405 828 2457 mare,
871 2398 1056 2462 gentes
1101 2390 1459 2462 accipiuntur.
1514 2388 1583 2444 Et
1611 2391 1827 2463 vestigia
1875 2401 1967 2446 tua
2000 2407 2104 2445 non

528 2490 924 2552 cognoscentur.
980 2481 1282 2553 lncrepatio
1329 2481 1491 2537 tacita
1545 2479 1895 2549 Judaeorum;
1949 2480 2104 2552 quasi

527 2573 672 2629 dicat
689 2591 701 2628 :
720 2572 872 2629 Licet
890 2573 1066 2646 palam
1082 2575 1309 2642 venerit,
1325 2584 1381 2632 et
1394 2590 1453 2631 se
1475 2575 1750 2631 miraculis
1765 2575 2064 2630 ostenderit
2086 2592 2100 2629 :

530 2679 638 2719 non
667 2673 752 2720 est
783 2665 1030 2736 cognitus
1067 2682 1098 2721 a
1137 2664 1336 2721 Judaeis
1370 2667 1678 2722 inﬁdelibus
1716 2681 1852 2738 quos
1884 2666 2104 2722 deduxit

529 2758 584 2813 in
609 2771 776 2811 manu
805 2755 975 2828 Moysi
1001 2766 1058 2812 et
1085 2757 1286 2822 Aaron,
1315 2759 1371 2814 id
1393 2767 1496 2823 est,
1536 2759 1850 2830 operatione
1877 2759 2106 2814 miracu-

530 2850 708 2905 lorum
734 2861 855 2916 quae
887 2845 1148 2904 fecerunt.
1189 2846 1419 2921 Vestigia
1450 2859 1562 2915 tua,
1607 2858 1714 2905 etc.
1762 2849 1962 2921 Tetigit
2001 2849 2102 2906 ali-

531 2945 688 3000 quos,
711 2933 766 2990 id
794 2946 896 3004 est,
914 2935 1144 3003 Judaaos,
1169 2939 1262 3010 qui
1283 2940 1487 3006 dicunt,
1509 2939 1756 2995 Nondum
1782 2943 1932 2997 venit
1954 2941 2104 2998 Chri-

528 3031 667 3090 stus,
699 3039 805 3080 non
833 3026 1016 3082 vident
1035 3019 1198 3098 super
1229 3044 1378 3085 mare
1401 3030 1778 3086 ambulantem.

601 3110 764 3170 Vens.
791 3116 880 3171 21.
908 3147 981 3158 -
1005 3117 1154 3172 Sicut
1180 3136 1316 3176 oves.
1363 3120 1499 3190 Quia
1538 3137 1644 3178 non
1671 3139 1798 3180 vere
1830 3139 1978 3192 oves,
2002 3123 2100 3182 sed

2275 1930 2439 1984 Vens.
2454 1927 2862 1994 6.—Generatio
2875 1928 3065 1984 altera.
3082 1929 3188 1984 Per
3208 1929 3600 2000 generationes
3617 1939 3791 1985 trans-

2203 2021 2370 2076 missa
2399 2028 2524 2076 sunt
2558 2019 2811 2075 mandata
2844 2019 2962 2086 Dei,
2993 2034 3063 2074 ne
3085 2019 3209 2090 quis
3231 2027 3385 2090 putet
3417 2019 3516 2074 uni
3541 2020 3699 2075 data.

2273 2110 2438 2166 Vens.
2473 2112 2526 2165 7.
2551 2140 2624 2152 —
2650 2109 2718 2165 Ut
2737 2121 2953 2182 ponant.
2987 2108 3111 2164 Haec
3150 2119 3236 2166 est
3291 2108 3500 2164 utilitas
3556 2120 3794 2180 patera:

2202 2204 2621 2276 praedicationis.
2653 2203 2975 2274 Exquirant.
3007 2204 3190 2274 (Auc.)
3231 2201 3334 2270 Qui
3364 2202 3501 2257 dicti
3529 2215 3667 2258 sunt
3711 2220 3794 2259 su-

2202 2311 2300 2369 pra
2321 2297 2658 2368 cognovisse,
2686 2296 2848 2350 modo
2861 2295 3158 2366 exquirant,
3178 2303 3237 2348 ut
3257 2303 3550 2365 sperantes
3587 2296 3647 2350 in
3666 2296 3790 2359 Deo,

2204 2385 2526 2457 adjuventur
2548 2385 2616 2440 ad
2652 2385 2982 2456 implendum
3025 2385 3094 2439 ab
3131 2399 3218 2440 eo.

2274 2475 2438 2532 Vm.
2465 2474 2518 2530 8.
2539 2473 2818 2529 —Praua.
2847 2473 3021 2547 (ὼε.)
3048 2473 3178 2541 Qua:
3198 2474 3486 2530 veritatem
3509 2491 3629 2530 non
3655 2476 3794 2531 reci.

2201 2568 2302 2640 pit,
2317 2576 2374 2624 et
2392 2567 2515 2622 ideo
2527 2567 2775 2632 distorta,
2799 2581 3111 2638 emperans
3134 2581 3294 2637 super
3305 2581 3504 2622 omnes
3525 2570 3796 2623 πει-Μιθ-

2201 2669 2302 2726 tes,
2322 2669 2381 2715 ut
2409 2661 2463 2716 in
2489 2658 2822 2714 Salvatorem
2853 2668 3213 2714 armarentur.
3230 2659 3382 2714 Unde
3401 2674 3504 2730 per
3533 2659 3796 2715 Ezechie-

2201 2752 2306 2809 lem
2329 2751 2463 2808 dicit
2502 2751 2798 2807 Dominus:
2841 2749 2983 2805 Vade
3015 2760 3063 2804 et
3107 2750 3190 2804 die
3237 2750 3418 2803 domui
3455 2754 3792 2816 exasperati

2202 2845 2419 2920 (Bacch.
2436 2844 2655 2918 n).Non
2665 2844 2856 2898 direxit
2870 2842 3588 2915 corsuum.(lu.)Distortum
3601 2859 3696 2899 cor
3709 2845 3798 2898 hac

2198 2938 2292 2996 bet
2316 2938 2408 3010 qui
2448 2951 2612 3009 prave
2633 2936 2904 2992 intellecta
2933 2950 3041 2990 non
3069 2935 3311 3006 corrigit,
3341 2941 3396 2988 et
3425 2950 3558 3004 qua:
3605 2945 3792 2989 natura

2200 3031 2380 3097 docet,
2406 3045 2513 3084 non
2532 3027 2744 3100 perlicit
2775 3045 2789 3081 :
2820 3025 2941 3082 Non
2960 3036 3036 3081 est
3051 3027 3275 3080 creditus
3303 3041 3424 3079 cum
3449 3025 3564 3080 Deo
3583 3028 3793 3097 spiritu

2202 3122 2314 3191 ejus
2342 3121 2523 3192 (Joan.
2554 3119 2619 3192 ι),
2645 3119 2701 3174 id
2747 3126 2850 3182 est,
2882 3125 2937 3172 et
2962 3117 3008 3170 si
3039 3115 3178 3170 ratio
3221 3115 3363 3170 bene
3391 3115 3600 3181 suasit,
3635 3117 3688 3170 ei
3713 3132 3793 3169 ae-

527 3199 686 3258 haedi.
729 3203 903 3276 Moysi
925 3215 986 3277 ,et
1009 3208 1209 3263 Aaron.
1253 3209 1442 3283 (Css.)_
1465 3211 1676 3284 Moyses
1709 3215 2098 3286 intrepretatur
2122 3203 2170 3267 C
2201 3211 2422 3282 quievit.
2453 3211 2578 3265 Non
2603 3219 2678 3264 est
2716 3208 2962 3263 creditus.
2988 3206 3168 3279 (Αυε.)
3191 3205 3415 3272 Quando
3445 3221 3579 3261 cum
3609 3209 3792 3276 spiritu

526 3305 823 3364 assumptus
847 3297 912 3352 de
944 3299 1196 3368 flumine;
1218 3301 1422 3371 Aaron,
1447 3319 1595 3358 mons
1624 3305 1946 3376 fortitudinis
1968 3319 1987 3358 :
2013 3307 2100 3362 his

526 3384 870 3453 nominibus,
919 3389 1148 3445 virtutes
1209 3406 1345 3460 quas
1399 3393 1644 3451 fecerunt
1701 3398 2095 3468 exprimuntur.

525 3473 734 3546 Moyses
765 3475 906 3532 inter
929 3489 1124 3536 caetera
1146 3483 1202 3537 in
1229 3485 1366 3538 mari
1393 3485 1536 3540 viam
1575 3485 1720 3553 fecit,
1751 3489 1971 3558 signans
2001 3503 2099 3559 per

527 3564 855 3634 baptismum
881 3571 1134 3642 populum
1174 3573 1416 3630 liberari.
1459 3579 1642 3632 Aaron
1675 3577 1930 3633 Ecclesiae
1952 3588 2099 3634 tene-

522 3655 616 3710 bat
643 3656 957 3728 imaginem,
980 3677 1100 3732 quas
1134 3665 1304 3718 monti
1329 3663 1626 3722 fortissimo
1661 3679 2024 3739 comparatur.

1001 3795 1320 3855 PSALMUS
1352 3797 1609 3856 LXXVII.

595 3921 760 3980 Vsus.
804 3924 857 3979 1.
901 3954 971 3966 -
1009 3925 1332 3985 Intellectus.
1389 3930 1572 4005 (Auu.)
1625 3933 1759 3999 Quia
1811 3935 1929 3991 haec
1971 3952 2098 3992 nar-

525 4029 668 4086 rata,
695 4027 827 4088 etc.,
865 4036 1028 4092 usque
1051 4023 1119 4078 ad
1159 4038 1280 4093 qua:
1319 4033 1506 4100 aperta
1532 4027 1804 4096 videntur,
1829 4030 2096 4101 parabolae

523 4121 649 4166 sunt
671 4119 728 4167 et
750 4113 1055 4185 aenigmata.
1091 4115 1374 4172 Attendite.
1411 4116 1585 4190 (ὼε.)
1624 4120 1807 4178 Primo
1853 4124 1968 4193 ipse
1991 4123 2095 4182 Do-

521 4203 701 4258 minus
725 4203 986 4275 loquitur,
1014 4215 1072 4262 ut
1096 4209 1399 4264 reverentia
1427 4220 1656 4266 crescat.
1689 4209 1889 4284 Popule
1926 4233 2091 4286 meus,

522 4292 614 4362 qui
641 4293 774 4348 mihi
801 4295 1006 4352 obedis.
1055 4297 1128 4354 Os
1159 4299 1255 4353 Dei
1286 4309 1372 4355 est
1398 4301 1600 4373 Asaph,
1628 4305 1721 4374 qui
1749 4304 1975 4362 inferius
2009 4307 2091 4362 lo-

520 4394 678 4438 cutus
713 4395 797 4440 est
829 4386 967 4442 ista:
1011 4386 1222 4453 Quanta
1267 4393 1564 4449 audivimus
1589 4397 1651 4450 ab
1684 4397 1852 4452 initio.
1883 4397 2093 4456 Veteris

523 4473 892 4534 Testamenti:
937 4480 1041 4548 vel,
1071 4483 1244 4540 ﬁdelis
1279 4484 1563 4559 Synagoga
1592 4491 1747 4546 malis
1777 4496 2088 4563 exprobrat.

2200 3304 2298 3359 Dei
2321 3309 2579 3375 operante
2607 3301 2831 3372 spiritus
2856 3299 3090 3354 hominis
3143 3305 3494 3368 cooperatur,
3547 3297 3619 3352 ﬁt
3660 3299 3794 3368 quod

2201 3395 2342 3451 Deus
2379 3393 2571 3465 jubet:
2623 3401 2678 3448 et
2711 3392 2814 3447 hoc
2853 3405 2959 3446 non
2999 3399 3082 3446 est
3133 3389 3237 3444 nisi
3261 3391 3538 3444 credendo
3571 3390 3634 3444 in
3655 3405 3792 3453 euut,

2199 3487 2290 3557 qui
2313 3485 2574 3557 justiﬁcat
2615 3483 2838 3554 impium
2856 3523 2872 3549 ,
2897 3497 3057 3551 quam
3109 3480 3267 3536 ﬁdem
3294 3496 3402 3535 non
3427 3481 3606 3536 habet
3638 3497 3792 3552 gene-

2199 3581 2340 3636 ratio
2361 3593 2523 3650 prava
2568 3586 2624 3634 et
2643 3576 2964 3632 amaricans.

2271 3670 2392 3743 (ιο.)
2434 3669 2755 3740 Expressius
2789 3666 2963 3722 multo
3009 3665 3161 3732 dicit,
3197 3673 3329 3731 etc.,
3366 3682 3536 3737 usque
3581 3668 3658 3720 ad
3711 3669 3792 3723 illa

2199 3770 2379 3816 autem
2413 3757 2716 3830 generatio,
2743 3756 2846 3812 etsi
2889 3756 3117 3812 credidit
3156 3757 3291 3824 Deo,
3333 3770 3446 3812 non
3497 3767 3692 3814 tamen
3743 3760 3791 3813 in

2201 3854 2391 3910 Deum.

2267 3946 2431 4001 Vens.
2458 3945 2511 4002 9.
2545 3975 2616 3986 --
2644 3942 2912 3999 Mittentes
2942 3958 3144 3997 arcum.
3176 3940 3362 4013 (Αυε.)
3388 3939 3666 4014 Figurate
3712 3942 3786 3998 di-

2195 4039 2289 4104 cit,
2321 4045 2452 4101 etc.,
2473 4051 2636 4107 usque
2660 4035 2729 4089 ad
2755 4032 2924 4088 David
2947 4031 3229 4097 fratribus,
3253 4031 3333 4088 sic
3353 4031 3558 4102 popqu
3577 4031 3790 4086 Judae-

2194 4151 2313 4191 rum
2334 4132 2562 4204 populus
2581 4127 3065 4194 Christianus.Vel,
3088 4125 3224 4183 Filii
3239 4126 3498 4198 Ephrem.
3533 4127 3674 4200 (ιη.)
3703 4127 3788 4182 ls-

2193 4225 2455 4281 tendentes
2499 4230 2549 4277 et
2601 4222 2855 4276 mittentes
2877 4237 3088 4283 arcum,
3140 4219 3198 4275 id
3232 4227 3348 4284 est,
3396 4233 3534 4274 arcu
3585 4220 3787 4291 aliquid

2192 4317 2488 4372 mittentes.
2541 4311 2671 4377 Vel,
2696 4311 3016 4366 intendentes
3065 4325 3245 4364 arcum
3266 4349 3282 4375 ,
3303 4317 3361 4364 et
3385 4309 3676 4366 mittentes
3709 4327 3788 4365 sa-

2191 4409 2370 4480 gittas,
2398 4406 2451 4461 id
2475 4413 2580 4470 est,
2617 4404 2992 4475 promittentes
3013 4415 3230 4457 servare
3253 4399 3445 4472 legem,
3487 4412 3686 4471 aperte
3715 4403 3786 4456 di-

2192 4506 2406 4554 centes:
2426 4494 2640 4561 Omnia,
2662 4509 2980 4565 quaecunque
2999 4492 3190 4545 dixerit
3212 4489 3358 4544 nobis
3379 4491 3678 4552 Dominus.
3707 4494 3782 4560 {a-

589 4567 752 4658 Vsns.
782 4569 837 4622 2.
865 4601 937 4611 -
958 4571 1029 4628 In
1062 4577 1347 4646 parabolis.
1377 4580 1558 4653 (Auc.)
1587 4560 1880 4651 Parabolai,
1905 4603 2088 4644 rerum
2116 4560 2168 4620 D
2196 4593 2389 4645 ciemus
2407 4598 2454 4643 et
2480 4560 2754 4642 audiemus
2779 4560 2975 4658 (Exod.
3003 4584 3176 4654 sxw).
3204 4581 3448 4638 Conversi
3475 4594 3604 4638 sunt
3621 4595 3680 4639 et
3701 4587 3782 4639 de-

518 4657 914 4717 similitudines.
944 4663 1354 4735 Propositiones.
1377 4671 1507 4738 Quae
1527 4672 1715 4731 Graece
1741 4679 2083 4748 problemata,

517 4750 840 4818 quaestiones
865 4753 1067 4824 aliquid
1096 4757 1406 4816 solvendum
1431 4765 1706 4822 habentes.

593 4839 755 4898 Vsus.
781 4845 834 4901 '5.
865 4875 934 4886 -—
956 4847 1189 4914 Quanta.
1217 4852 1390 4926 (Css.)
1421 4853 1743 4912 Summatim
1783 4860 1928 4926 dicit,
1966 4878 2085 4932 quae

513 4932 714 4992 Judaeis
746 4936 892 4995 Deus
941 4939 1106 4998 fecit:
1157 4951 1337 5002 tamen
1371 4947 1593 5018 ingratis
1639 4952 1762 5018 sibi,
1803 4961 1858 5009 et
1895 4955 1995 5021 sic,
2038 4957 2084 5012 si

515 5044 622 5084 non
670 5031 771 5097 eis,
805 5033 1026 5102 prodest
1059 5044 1235 5092 tamen
1279 5038 1422 5108 ﬁliis,
1454 5056 1524 5096 ne
1551 5041 1684 5098 ﬁant
1714 5045 1852 5100 sicut
1879 5055 2081 5116 patres.

516 5120 699 5195 (Auc.)
725 5122 881 5181 Prius
916 5126 1057 5183 Deus
1085 5127 1141 5182 in
1161 5129 1381 5186 homine
1421 5133 1634 5192 locutus
1660 5147 1762 5202 est,
1788 5137 1901 5209 jam
1924 5139 2086 5194 homo

515 5215 632 5286 ipse
665 5233 678 5270 :
703 5215 912 5282 Quanta
935 5220 1247 5276 audivimus.
1276 5221 1407 5279 Illud
1430 5228 1744 5296 praedictum
1785 5229 1920 5284 dixit
1945 5229 2088 5286 Deus

513 5324 582 5365 ex
606 5323 689 5377 se,
716 5324 788 5366 ne
807 5319 1182 5368 contemnatur
1200 5312 1317 5383 ejus
1346 5315 1560 5373 locutio.

592 5403 753 5462 Vm.
781 5403 836 5460 5.
857 5434 928 5446 -
951 5404 1023 5460 Et
1043 5409 1345 5477 suscitavit,
1377 5419 1482 5466 etc.
1512 5410 1691 5482 (Auc.)
1714 5412 1827 5470 Hoc
1849 5415 2094 5471 testimo-

515 5501 688 5558 nium.
711 5498 952 5566 Initium,
982 5503 1124 5558 unde
1139 5503 1320 5573 [supra
1347 5523 1360 5559 :
1394 5503 1602 5576 Loquar
1622 5508 1994 5578 propositiones
2028 5508 2092 5562 ab

512 5593 687 5648 initio.
723 5591 938 5649 Initium
965 5600 1049 5649 est
1076 5592 1242 5650 Vetus
1269 5595 1690 5663 Testamentum,
1721 5598 1840 5653 linis
1859 5597 2086 5653 Novum.

513 5689 590 5746 lbi
617 5687 798 5754 timor,
827 5688 918 5759 qui
943 5696 1028 5744 est
1056 5687 1272 5744 initium
1305 5707 1318 5743 :
1349 5689 1444 5745 sed
1469 5690 1557 5745 hic
1585 5689 1851 5756 Christus,
1881 5689 2090 5760 ῥηίδια-

513 5782 593 5850 gis
615 5782 684 5834 ad
700 5783 964 5851 justitiam
983 5786 1122 5840 omni
1151 5786 1378 5840 credenti
1402 5783 1583 5856 (Rom.
1617 5780 1697 5854 ι),
1732 5781 1825 5853 qui
1839 5781 1942 5838 .dat
1970 5783 2086 5852 epi-

2195 4685 2440 4739 l‘ecerunt
2465 4683 2520 4735 in
2549 4681 2634 4735 die
2673 4678 2815 4744 belli,
2843 4679 2898 4734 id
2923 4687 3027 4743 est,
3056 4676 3399 4745 tentatiouisj;
3448 4677 3600 4731 unde
3651 4677 3782 4734 Osee

2192 4779 2454 4848 propheta
2477 4775 2552 4830 ait
2576 4793 2590 4830 :
2621 4773 2875 4844 Ephraim
2916 4771 3087 4842 [actus
3113 4781 3188 4826 est
3216 4771 3344 4842 facti
3370 4771 3622 4826 columba
3657 4775 3786 4829 insi-

2193 4869 2371 4939 piens,
2428 4881 2531 4919 non
2565 4864 2758 4918 habens
2798 4879 2889 4918 cor
2932 4860 3076 4932 (Ose.
3135 4860 3254 4932 vn),
3288 4861 3416 4931 quia
3458 4866 3782 4932 promissio.

2192 4972 2316 5013 nem
2339 4955 2658 5012 obedientiae
2683 4967 2788 5008 non
2813 4952 3037 5016 auditio,
3079 4951 3172 5007 sed
3199 4951 3428 5007 tentatio
3447 4955 3676 5021 probat.

2255 5049 2657 5117 Beneﬁciorum.
2695 5044 2990 5117 (Em-unt.)
3025 5041 3439 5109 Beneﬁciorum,
3488 5059 3616 5113 qua:
3659 5060 3780 5099 coa-

2190 5142 2311 5198 tulit
2333 5142 2384 5195 in
2414 5138 2664 5210 populum
2689 5135 2876 5201 Israel,
2904 5135 3092 5199 veluti,
3121 5134 3264 5204 quod
3289 5133 3508 5189 duxerit
3533 5148 3638 5191 eos
3687 5151 3780 5206 per

2192 5247 2340 5290 mare
2379 5230 2621 5285 Rubrum
2669 5225 3010 5282 immadidos.
3043 5223 3370 5280 Mirabilium
3389 5233 3572 5280 autem
3626 5227 3773 5286 dicit,

2194 5322 2319 5394 quia
2344 5317 2719 5390 Egyptiorum
2749 5313 2972 5370 ﬂumina
2999 5315 3052 5370 in
3076 5313 3391 5386 sanguinem
3444 5321 3774 5369 mutaverat.

2197 5411 2350 5480 Quod
2377 5424 2505 5466 vero
2559 5408 2638 5462 ait
2657 5407 2824 5462 Deum
2868 5406 2949 5462 eis
2987 5407 3104 5463 haec
3129 5405 3450 5471 ostendisse,
3490 5419 3602 5462 non
3657 5405 3775 5460 ideo

2195 5505 2348 5572 dicit,
2379 5502 2531 5575 quasi
2561 5501 2662 5572 ipsi
2681 5514 2746 5556 ca
2772 5499 3004 5571 propriis
3031 5498 3265 5554 viderint
3289 5496 3483 5562 ouilia,
3513 5497 3614 5552 sed
3651 5498 3774 5567 quia

2196 5597 2268 5653 ita
2293 5613 2324 5652 a
2353 5596 2467 5652 suis
2505 5601 2832 5664 acceperunt
2868 5589 3179 5659 majoribus.

2265 5689 2424 5744 Vens.
2467 5687 2553 5742 12.
2578 5716 2651 5727 —
2676 5683 2867 5740 Coram
2903 5684 3165 5749 patribus,
3204 5690 3310 5738 etc.
3357 5681 3530 5752 (Css.)
3579 5681 3774 5753 Incipit

2191 5795 2415 5838 narrare
2439 5781 2587 5853 jam,
2607 5793 2727 5848 qua:
2755 5777 2824 5832 ab
2850 5775 3134 5832 eductione
3159 5773 3226 5830 de
3252 5771 3484 5843 Egypto
3503 5770 3639 5827 fecit
3653 5773 3771 5826 eis:
