4008 6348
281 492 389 550 969

1265 484 1536 546 GLOSSA
1575 482 1976 546 0RD1NAR1A.
2018 513 2088 525 —
2125 484 2254 541 LIB.
2295 483 2544 542 PSALM.

3435 483 3541 540 970

285 623 386 662 nec
413 611 588 659 tamen
617 601 936 658 destiterunt
963 615 994 654 a
1019 587 1316 655 'murmure
1359 585 1416 656 et
1453 616 1484 655 a
1544 601 1860 657 tentatione.
1892 604 1942 665 Α
1972 609 2078 666 tur,
2109 614 2219 654 non
2251 598 2440 654 tentati
2470 596 2783 668 Synagogae.
2817 593 3024 668 (Cass)
3054 572 3276 663 Manna,
3307 595 3433 667 quid
3462 605 3536 650 est

287 695 469 769 (Acs)
492 694 683 751 Coram
709 693 965 766 patribus.
994 692 1097 762 Qui
1127 700 1255 748 sunt
1290 702 1495 764 patres,
1530 703 1661 761 etc.,
1703 708 1865 765 usque

286 788 356 842 ad
379 787 670 844 accedente
698 785 841 858 ligno
865 786 1042 841 crucis
1062 785 1217 856 quasi
1241 786 1394 858 virga
1417 785 1606 858 Moysi.
1639 784 1707 841 In
1726 795 1866 840 terra

287 879 526 952 Αἰρῃριὶ.
581 876 706 951 (11).)
756 876 827 933 Ut
871 892 1088 934 omnem
1145 877 1534 934 dubitationem
1579 877 1751 943 tollat,
1811 883 1865 930 et

284 971 622 1045 provinciam
649 971 800 1040 dicit,
827 978 883 1026 et
907 970 1084 1027 locum
1123 970 1409 1027 factorum.
1466 969 1558 1025 Sic
1619 967 1865 1025 Christus

287 1066 344 1121 in
377 1075 522 1122 terra
546 1065 752 1138 positus
780 1081 966 1122 coram
991 1065 1237 1138 patribus
1261 1065 1433 1130 novit,
1461 1062 1667 1120 humile
1715 1079 1866 1118 man-

288 1162 471 1219 datum
501 1160 680 1218 docuit
703 1180 715 1216 :
746 1160 940 1218 Discite
961 1179 992 1216 a
1015 1178 1114 1230 me,
1141 1161 1266 1232 quia
1285 1159 1425 1216 mitis
1444 1174 1561 1214 sum
1581 1167 1631 1214 et
1650 1157 1864 1213 humilis

289 1253 462 1308 corde.
511 1251 692 1325 (Ioan.
721 1258 845 1325 vn.)

366 1342 535 1400 Vens.
576 1343 665 1399 14.
691 1375 761 1386 -
787 1346 856 1400 ιη
885 1346 1036 1400 nube.
1068 1345 1248 1416 (lima.
1279 1352 1335 1400 et
1357 1342 1537 1419 Cass.)
1560 1343 1673 1402 Hoc
1723 1343 1867 1400 futu-

287 1453 408 1493 rum
429 1435 764 1506 judicabant.
791 1437 939 1503 Dies,
967 1435 1214 1492 Christus
1241 1445 1345 1503 est,
1373 1437 1566 1507 :tamen
1584 1435 1718 1491 nube
1745 1451 1866 1492 car-

286 1530 372 1587 nis
393 1530 600 1586 celatur
620 1531 868 1601 perﬁdis;
887 1539 942 1586 et
969 1530 1108 1586 sicut
1133 1530 1242 1586 illis
1273 1530 1433 1586 nubes
1458 1539 1647 1586 contra
1669 1536 1862 1586 aestum

287 1621 435 1688 solis,
463 1622 542 1678 sic
566 1621 722 1678 nobis
746 1621 992 1678 Christus
1027 1638 1127 1694 per
1169 1621 1602 1677 incarnationem
1640 1622 1731 1678 dat
1781 1635 1867 1675 re-

287 1712 566 1783 frigerium
594 1721 785 1769 contra
812 1721 1006 1769 aestum
1028 1713 1305 1768 vitiorum.
1360 1712 1494 1767 Tota
1529 1721 1700 1778 nocte,
1751 1718 1866 1768 toto

288 1812 530 1874 tempore
561 1803 704 1860 vitae.
735 1803 805 1858 In
831 1803 1213 1860 illuminatione
1254 1804 1409 1874 ignis.
1444 1803 1783 1860 Christianos
1809 1803 1867 1858 in

285 1895 388 1950 hoc
417 1894 614 1952 saeculo
637 1894 870 1952 nominis
891 1894 974 1951 sui
1002 1895 1248 1951 claritate
1272 1895 1508 1951 custodit
1530 1895 1672 1966 ignis
1694 1892 1864 1966 Spiri-

287 1997 372 2044 tus
401 1989 592 2044 sancti.

354 2079 516 2134 Vsns.
557 2076 642 2134 15.
681 2106 754 2118 —-
820 2075 1054 2133 Petram.
1085 2075 1286 2149 (Cass)
1339 2075 1408 2130 In
1456 2093 1645 2133 eremo.
1704 2077 1862 2135 Prius

283 2186 422 2242 aqua
451 2171 618 2226 maris
641 2170 798 2241 quasi
827 2180 995 2241 petra,
1029 2171 1188 2225 modo
1221 2179 1374 2240 petra
1399 2169 1536 2225 fons.
1571 2169 1639 2224 In
1670 2187 1860 2240 eremo,

283 2265 373 2320 ubi
408 2278 626 2321 necesse
657 2273 716 2319 ut
753 2263 956 2334 gratius
994 2263 1065 2319 sit
1093 2279 1308 2320 munus.
1350 2263 1668 2334 Adaquavit.
1700 2263 1865 2331 Quasi

281 2369 501 2427 pecora,
527 2371 637 2410 non
665 2354 932 2420 homines,
961 2355 1088 2423 quia
1121 2371 1228 2410 non
1264 2363 1492 2426 egerunt
1536 2354 1760 2428 gratias.

365 2449 526 2505 Vens.
544 2448 706 2504 l6.—
725 2447 1016 2520 Tanquam.
1045 2449 1246 2519 (Cass)
1275 2449 1449 2518 Aqua,
1475 2464 1596 2519 qute
1625 2451 1690 2505 de
1711 2449 1866 2505 Chri-

281 2549 367 2597 sto
420 2541 619 2611 prodit,
664 2538 810 2595 nulla
843 2539 1216 2594 imminutione
1262 2540 1464 2605 deﬁcit,
1507 2541 1602 2597 sed
1641 2540 1703 2597 fit
1742 2540 1865 2598 fons

280 2648 436 2704 aquae
459 2631 702 2688 salientis
723 2631 778 2686 in
808 2631 978 2685 vitam
1010 2641 1294 2686 aeternam.

351 2724 514 2780 Vens.
553 2724 640 2779 17.
675 2753 747 2763 -
769 2722 954 2776 Adhuc
977 2738 1208 2793 peccare.
1254 2720 1456 2795 (Cass)
1511 2720 1862 2792 Adjecerunt,

280 2824 341 2872 ut
364 2815 505 2872 inter
534 2823 613 2872 tot
639 2813 901 2871 beneﬁcia
935 2829 1041 2869 non
1064 2813 1352 2870 crederent
1377 2828 1392 2866 :
1419 2813 1563 2883 quod
1602 2823 1663 2868 ut
1688 2814 1864 2870 maxi-

281 2924 431 2965 mum
461 2906 849 2978 intelligeretur
871 2912 1177 2976 peccatum,
1202 2920 1325 2960 cum
1344 2904 1605 2962 Dominus
1637 2906 1772 2961 dixit
1809 2908 1865 2962 in

294 2997 587 3070 Evangelio
617 3012 631 3050 :
656 2995 885 3067 Spiritus
907 3006 1087 3067 arguet
1115 2996 1366 3050 mundum
1395 2997 1460 3051 de
1491 3007 1724 3067 peccato,
1765 3013 1863 3053 ex-

285 3091 541 3162 ponendo
561 3087 865 3158 subjunxit:
891 3087 968 3142 De
989 3097 1198 3158 peccato
1228 3088 1594 3158 quidem,quia
1624 3106 1727 3144 non
1757 3107 1868 3146 cre-

281 3181 413 3234 dunt
438 3181 494 3234 in
520 3195 598 3233 me
635 3179 851 3251 (Joann.
886 3194 960 3244 1v,
993 3177 1126 3246 xv1).
1166 3175 1464 3249 Sicutergo
1486 3188 1772 3249 peccatum
1792 3181 1868 3236 di-

279 3272 359 3330 cit
383 3271 478 3337 ibi,
501 3288 604 3326 non
631 3270 859 3338 credere,
884 3279 939 3325 et
960 3269 1048 3324 hic
1068 3286 1282 3340 peccare
1302 3269 1457 3336 dicit,
1485 3285 1591 3325 non
1616 3271 1860 3328 credere.

279 3363 350 3418 In
377 3363 528 3417 iram.
590 3361 716 3434 (11).)
753 3360 871 3416 Non
914 3362 1198 3417 credentes
1218 3360 1386 3416 Deum
1413 3376 1575 3431 posse
1624 3361 1864 3418 dillicilia

281 3457 382 3513 sibi
412 3456 612 3522 facere,
643 3455 786 3527 quod
810 3443 1191 3526 gravissimum
1219 3463 1300 3510 est
1329 3457 1469 3525 apud
1498 3456 1687 3522 Deum,
1714 3457 1794 3513 sic
1813 3465 1870 3513 et

281 3563 382 3603 nos
395 3547 561 3603 abluti
578 3562 667 3616 per
695 3546 1022 3616 baptismum
1044 3560 1402 3616 provocamus
1427 3547 1594 3601 Deum
1613 3547 1682 3600 ad
1706 3547 1865 3602 iram.

260 3637 352 3694 ‘In
389 3641 661 3712 inaquoso.
695 3637 876 3710 (Aus)
912 3637 1028 3704 Vel,
1078 3640 1130 3693 in
1161 3639 1264 3693 alia
1290 3655 1474 3694 eremo
1501 3639 1568 3694 ad
1597 3640 1867 3709 litteram,

281 3731 368 3786 vel
401 3733 584 3802 potius
607 3732 661 3785 in
683 3746 762 3796 se,
790 3731 914 3800 quia
941 3730 1068 3785 licet
1091 3731 1237 3800 pleni
1267 3740 1415 3787 utres
1435 3747 1589 3803 aqua)
1609 3733 1674 3788 de
1693 3742 1867 3803 petra,

284 3825 448 3879 aridae
480 3834 658 3878 tamen
687 3831 892 3877 mentes
921 3821 1159 3877 fuerunt.

267 3989 270 3992 ἢ
359 3915 522 3970 Vens.
566 3913 652 3970 19.
689 3943 760 3953 -—
786 3912 1044 3968 Mensam.
1084 3910 1286 3984 (Cass)
1335 3911 1572 3987 Mystice,
1614 3913 1868 3972 refectio-

283 4023 409 4063 nem
434 4005 731 4076 sapientia),
775 4005 862 4061 vel
890 4020 1086 4074 corpus
1113 4004 1350 4076 .Christi.

355 4096 520 4152 Vens.
559 4095 648 4151 21.
671 4125 742 4136 —-
761 4094 891 4150 Ideo
918 4095 1135 4150 audivit.
1161 4094 1366 4170 (Cass)
1387 4097 1540 4166 Quod
1569 4099 1731 4154 dilata
1755 4099 1872 4156 vin-

285 4191 447 4254 dicta,
479 4188 630 4244 dedit
666 4188 814 4258 prius
843 4188 985 4258 quod
1011 4187 1286 4258 petebant,
1331 4205 1398 4244 ne
1444 4190 1718 4247 videretur
1763 4209 1871 4249 non

282 4298 462 4353 posse.
500 4281 740 4336 Distulit.
789 4281 970 4353 (Aus)
1003 4281 1258 4349 Poenam;
1321 4284 1456 4340 dans
1498 4285 1650 4356 prius
1706 4289 1868 4357 quod,

283 4375 412 4430 licet
439 4373 712 4439 tentando,
743 4375 980 4444 petebat,
1011 4390 1080 4430 ne
1123 4374 1397 4431 videretur
1422 4392 1530 4432 non
1571 4393 1770 4449 posse:
1818 4389 1872 4436 et

284 4475 567 4537 postquam
597 4464 758 4528 dedit,
799 4465 957 4536 ignis,
999 4466 1054 4522 id
1088 4475 1172 4522 cst
1199 4467 1304 4534 ira,
1325 4453 1565 4525 ascendit
1595 4469 1651 4525 in
1681 4469 1865 4527 Israel.

285 4559 355 4614 Et
381 4561 484 4614 hoc
510 4557 758 4629 estquod
781 4559 932 4629 prius
957 4559 1093 4616 dixit
1121 4580 1134 4615 :
1166 4560 1314 4631 Ignis
1338 4577 1584 4618 accensus
1610 4573 1686 4618 est
1707 4565 1764 4619 in
1776 4563 1870 4620 Ja-

295 4652 410 4707 cob.

357 4741 522 4798 Vens.
567 4741 660 4798 25.
700 4772 770 4783 -
819 4741 890 4796 Ει
933 4743 1220 4798 mandavit.
1281 4743 1582 4815 Utrumque
1626 4745 1866 4802 breviter

283 4833 544 4904 positum,
589 4834 795 4890 scilicet
835 4835 978 4904 quod
1020 4832 1246 4899 audivit,
1287 4835 1428 4903 quod
1466 4835 1547 4888 ira
1590 4835 1863 4902 ascendit;

285 4936 470 4998 aperte
499 4929 589 4982 hic
612 4928 802 4997 incipit
824 4943 1065 4982 narrare.
1102 4927 1168 4980 Et
1223 4927 1372 4996 prius
1400 4927 1668 4997 quomodo
1717 4928 1867 4983 audi-

285 5019 364 5074 vit
399 5020 730 5090 exsequitur,
782 5031 965 5090 postea
1003 5020 1059 5073 in
1101 5020 1344 5088 sequenti
1393 5028 1548 5089 parte
1597 5021 1866 5090 quomodo

299 5109 610 5165 vindicavit.
636 5109 707 5164 Et
728 5110 930 5179 januas
959 5109 1092 5164 creti.
1120 5108 1320 5181 (Cass)
1346 5107 1554 5176 Januae,
1607 5109 1709 5180 ipsi
1734 5126 1870 5180 pra)-

288 5201 578 5267 dicatores,
604 5200 797 5271 quibus
833 5201 1066 5255 intratur
1087 5201 1141 5254 in
1171 5200 1401 5267 coelum;
1431 5198 1518 5255 vel
1550 5199 1864 5270 Scriptum.

288 5293 524 5364 Aperuit.
549 5293 686 5362 Quia
731 5294 878 5350 dedit
920 5294 1167 5364 spiritum
1197 5293 1342 5367 fsuis,
1394 5305 1456 5350 ut
1510 5295 1869 5366 intelligerent

290 5383 623 5456 Scripturas.

361 5475 524 5533 Vens.
547 5477 637 5532 24.
664 5507 731 5517 -
760 5475 960 5533 Manna
988 5477 1058 5530 ad
1100 5477 1544 5531 manducandum.
1571 5475 1754 5547 (Abs)
1781 5476 1869 5531 Si-

288 5570 514 5641 gniﬁcat
541 5584 735 5640 panem
777 5569 869 5638 qui
919 5571 985 5624 de
1010 5569 1150 5624 caelo
1205 5569 1503 5634 descendit,
1535 5571 1626 5639 qui
1671 5581 1748 5625 est
1795 5570 1870 5624 ci-

287 5663 393 5719 bus
418 5663 730 5734 angelorum
765 5678 985 5732 :quem,
1017 5671 1076 5716 ut
1108 5662 1455 5717 manducaret
1503 5661 1682 5728 homo,
1741 5659 1872 5716 Ver-

289 5755 413 5809 bum
443 5771 566 5810 caro
596 5753 794 5825 factum
833 5751 1014 5826 (Joan.
1060 5753 1126 5826 1),
1157 5753 1250 5824 qui
1279 5769 1377 5823 per
1411 5754 1582 5810 nubes
1600 5753 1870 5826 evangeli-

291 5864 386 5905 cas
414 5848 620 5919 pluitur
648 5847 744 5902 toti
771 5845 990 5909 mundo,
1049 5854 1103 5900 et
1128 5844 1341 5916 _apertis
1369 5859 1555 5900 eorum
1594 5845 1869 5911 cordibus,

292 5942 446 6014 quasi
477 5940 784 5997 coelestibus
807 5937 1010 6007 januis,
1047 5939 1286 5995 credenti
1316 5939 1572 5996 Ecclesiae
1610 5938 1870 6009 praedica-

613 6035 885 6096 PaTnOL.
932 6033 1154 6098 CXlll.

1969 691 2106 746 hoc?
2133 691 2258 761 quia
2289 691 2378 746 hic
2407 690 2560 744 cibus
2611 687 2926 743 admirando
2970 686 3285 757 requiritur,
3329 697 3382 742 et
3401 703 3536 743 .esse

1969 795 2165 851 corpus
2189 779 2389 835 Christi
2420 780 2606 835 scitur.
2637 775 2802 832 Panis
2848 776 2980 831 cali.
3029 775 3154 850 (11).)
3183 776 3300 831 Non
3357 777 3536 843 aliter,

1969 886 2131 941 quam
2153 870 2422 937 Christus,
2451 871 2516 926 de
2541 885 2646 940 quo
2675 868 2941 934 caelestes,
2971 868 3026 923 id
3048 875 3132 924 est
3172 867 3371 938 angeli,
3417 867 3540 921 reli-

1969 965 2188 1035 ciuntur
2215 963 2331 1034 ejus
2366 964 2851 1034 contemplatione;
2877 970 2932 1018 et
2956 962 3098 1017 hunc
3119 977 3334 1031 panem,
3359 961 3411 1015 id
3457 972 3540 1015 est
3585 965 3590 970 ’

1967 1057 2214 1123 verbum,
2243 1071 2351 1126 quo
2380 1055 2571 1128 grandi
2589 1055 2724 1110 'cibo
2747 1063 3044 1125 pascuntur
3066 1052 3261 1124 angeli,
3294 1066 3392 1122 per
3421 1065 3542 1106 car-

1967 1160 2093 1201 nem
2118 1145 2321 1202 factum
2345 1145 2448 1212 lac,
2501 1145 2612 1200 edit
2651 1147 2831 1201 homo.

2038 1240 2203 1296 Vens.
2230 1239 2320 1295 26.
2343 1270 2413 1281 —-
2439 1239 2697 1309 Africum.
2731 1237 2866 1307 Quia
2891 1239 2965 1294 ibi
2991 1250 3116 1295 sunt
3139 1238 3466 1294 coturnices.

2038 1331 2202 1387 Vens.
2255 1330 2437 1386 27.—-—
2473 1329 2543 1384 Et
2575 1329 2704 1402 pluit
2733 1346 2888 1401 super
2925 1347 3032 1397 eos,
3064 1340 3168 1386 etc.
3221 1331 3400 1404 (Aus)
3453 1330 3545 1386 Sic

1967 1433 2022 1478 et
2039 1423 2318 1493 parvulam
2346 1423 2525 1490 iidem,
2551 1431 2679 1491 etc.,
2721 1441 2882 1496 usque
2912 1424 2982 1478 ad
3011 1424 3154 1479 unde
3182 1443 3195 1478 :
3249 1423 3312 1480 Si
3338 1435 3544 1479 terrena

1967 1515 2078 1569 dixi
2104 1515 2265 1582 vobis,
2289 1525 2338 1571 et
2367 1533 2472 1572 non
2499 1516 2710 1572 creditis
2733 1516 2882 1582 mihi,
2906 1515 3164 1587 quomodo
3187 1515 3234 1571 si
3254 1516 3372 1571 dico
3401 1515 3539 1572 vobis

1969 1606 2193 1663 carlestia
2210 1609 2236 1661 ?
2259 1617 2366 1664 etc.
2399 1607 2583 1679 (Joan.
2615 1607 2733 1681 ιιι.)

2039 1696 2189 1754 Sicut
2208 1698 2490 1769 pulverem.
2520 1698 2722 1769 (Cass)
2751 1698 2933 1755 Pulvis
2975 1701 3065 1756 hic
3088 1701 3358 1772 signiﬁcat
3387 1701 3546 1756 intel—

1968 1789 2203 1862 ligentiae
2239 1788 2615 1856 subtilitatem,
2661 1804 2782 1860 qua:
2811 1791 2879 1846 ad
2924 1806 3160 1861 superna
3209 1792 3543 1847 conscendit.

1969 1880 2164 1947 Arena,
2207 1882 2546 1936 innumeram
2592 1880 2890 1964 prudentiae
2911 1881 3121 1952 copiam
3178 1882 3308 1937 salis
3356 1898 3548 1952 sapore

1888 1973 1938 2033 B
1965 1975 2259 2030 conditam.
2299 1972 2543 2027 Volatilia
2563 1983 2810 2044 pennata.
2840 1973 3093 2030 leestia
3121 1973 3407 2039 desideria,
3433 1973 3552 2044 qui-

1965 2063 2066 2118 bus
2100 2063 2281 2118 anima
2312 2073 2467 2133 pasta
2494 2063 2800 2134 pinguescit
2831 2081 2843 2117 :
2875 2063 2992 2118 haec
3011 2064 3157 2118 intra
3184 2073 3336 2134 septa
3363 2063 3548 2119 Eccle-

1966 2155 2060 2212 siae
2090 2171 2378 2226 possumus
2407 2157 2674 2227 accipere,
2707 2157 2848 2212 unde
2878 2157 3060 2213 subdit
3091 2174 3105 2210 :

1973 2257 1978 2262 ‘
2043 2246 2204 2302 Vens.
2249 2248 2339 2304 28.
2365 2248 2523 2302 —Et
2566 2248 2862 2304 ceciderunt
2918 2250 2975 2304 in
3022 2247 3191 2303 medio
3230 2259 3541 2305 castrorum.

1969 2343 2150 2414 (Αυο.)
2181 2342 2504 2413 Signiﬁcans
2528 2358 2625 2414 per
2649 2343 2753 2398 hoc
2771 2344 2913 2414 quod
2935 2353 3126 2414 sponte
3151 2347 3379 2400 veniunt
3399 2346 3549 2401 venti

1967 2433 2036 2488 ad
2071 2434 2336 2501 homines,
2369 2443 2424 2490 et
2446 2444 2665 2504 portant
2684 2435 2764 2490 eis
2794 2435 2959 2490 verba
2981 2433 3241 2492 divinitus
3267 2438 3455 2503 missa,
3489 2447 3548 2493 ut

1967 2526 2022 2580 in
2050 2528 2160 2582 suis
2197 2528 2434 2594 sedibus,
2465 2539 2520 2582 et
2549 2529 2696 2584 circa
2724 2529 3074 2585 tabernacula
3127 2530 3347 2586 audiant
3385 2549 3396 2584 :
3425 2531 3550 2600 quia

1966 2619 2025 2675 in
2059 2636 2274 2678 omnem
2314 2631 2515 2678 terram
2547 2623 2716 2679 exivit
2759 2637 2926 2679 sonus
2953 2638 3162 2680 eorum.

2039 2715 2202 2771 Vens.
2241 2716 2423 2772 29.-—
2460 2715 2529 2769 Et
2575 2716 3038 2772 manducaverunt.
3091 2717 3335 2775 Convicti
3390 2728 3544 2784 sunt,

1967 2805 2062 2876 qui
2090 2806 2192 2862 hoc
2221 2807 2334 2863 Deo
2362 2805 2692 2876 impossibile
2719 2816 3062 2878 putaverunt.

2039 2898 2201 2954 Vens.
2245 2899 2333 2955 50.
2384 2929 2455 2938 -
2503 2897 2686 2953 Adhuc
2738 2916 2870 2955 esca:
2917 2916 3123 2966 eorum,
3179 2910 3285 2956 etc.
3317 2941 3332 2967 ,
3381 2912 3429 2956 et
3468 2903 3550 2955 ira

1968 2989 2090 3055 Dei,
2122 2998 2230 3046 etc.
2265 2989 2468 3062 (Cass)
2506 2988 2583 3044 De
2609 2989 2880 3057 vindictis,
2907 2999 2963 3046 et
2989 2991 3258 3048 simulatis
3287 2993 3552 3048 reversio-

1970 3081 2128 3136 nibus
2157 3096 2367 3146 corum,
2399 3081 2593 3136 timore
2636 3095 2922 3152 poenarum
2950 3102 2963 3137 :
2995 3092 3051 3139 et
3078 3093 3256 3140 tamen
3281 3087 3551 3141 sententia

1969 3172 2067 3228 Dei
2095 3187 2194 3243 per
2221 3172 2649 3228 misericordiam
2688 3183 3003 3244 temperata.
3035 3175 3210 3231 Escae.
3244 3177 3366 3248 (11).)
3400 3177 3552 3232 Man—

1971 3280 2064 3331 na,
2114 3265 2444 3320 coturnices.
2496 3263 2704 3319 Electos
2743 3265 2914 3320 Israel
2947 3268 3232 3338 impedivit.
3285 3270 3550 3342 (Auc.)1d

1971 3365 2075 3423 est,
2109 3356 2388 3427 impedivit
2421 3372 2490 3413 ne
2547 3357 2653 3413 illis
2685 3360 3024 3427 prodessent,
3075 3361 3269 3431 quibus
3323 3373 3551 3431 paterno

1971 3449 2164 3505 affectu
2200 3450 2484 3505 consulere
2511 3451 2817 3521 cupiebant.
2851 3452 2948 3508 Vel
2975 3454 3174 3523 potius,
3223 3455 3552 3525 compedivit

1972 3553 2034 3599 ut
2052 3560 2173 3600 cum
2203 3545 2283 3600 eis
2303 3543 2578 3600 molestias
2608 3545 2938 3601 sustinerent
2957 3546 3110 3602 electi
3135 3547 3202 3601 ad
3224 3549 3548 3618 exemplum,

1973 3651 2081 3691 non
2097 3635 2323 3708 iustitia)
2351 3644 2576 3703 tantum,
2602 3639 2696 3692 sed
2719 3646 2773 3692 et
2798 3638 3088 3708 patientiae.
3111 3638 3405 3710 Impedivit.
3427 3639 3550 3712 (11).)

1972 3728 2249 3784 Murmure
2289 3743 2506 3796 eorum,
2559 3738 2620 3784 ut
2655 3729 2864 3801 Moyses
2894 3771 2908 3797 ,
2942 3732 3034 3801 qui
3077 3731 3212 3786 dixit
3246 3752 3258 3786 :
3297 3733 3551 3805 Nunquid

1971 3825 2254 3894 poterimus
2284 3825 2348 3880 de
2373 3837 2518 3895 petra
2545 3841 2736 3896 aquam
2764 3825 2906 3878 vobis
2935 3816 3119 3896 ejicere
3147 3827 3169 3879 ?
3203 3824 3392 3896 (Num.
3425 3827 3551 3900 xx.)

2043 3918 2204 3974 Vens.
2247 3917 2336 3972 52.
2364 3948 2435 3958 —
2463 3917 2532 3972 In
2553 3917 2790 3972 omnibus
2819 3918 2899 3972 his
2939 3929 3276 3988 peccaverunt
3305 3921 3478 3974 adhuc
3503 3931 3549 3974 et

1973 4024 2080 4063 non
2113 4008 2445 4063 crediderunt
2492 4008 2548 4063 in
2591 4009 2917 4063 mirabilibus
2964 4009 3099 4079 ejus.
3135 4010 3380 4066 Correcti
3430 4023 3553 4082 post

1972 4100 2089 4155 haec
2113 4101 2292 4156 omnia
2323 4101 2572 4174 graviora
2605 4111 2732 4158 sunt
2757 4110 2997 4172 peccata,
3043 4119 3162 4173 quae
3192 4119 3407 4175 semper
3458 4123 3550 4162 ac-

1973 4204 2250 4250 crescunt.

2045 4283 2207 4340 Vens.
2246 4281 2334 4339 5'5.
2388 4315 2458 4326 —
2487 4285 2556 4339 Et
2584 4285 2900 4356 defecerunt,
2928 4295 3034 4342 etc.
3058 4286 3240 4359 (Λυσι.)
3267 4286 3402 4342 Cum
3429 4304 3552 4359 pos-

1971 4386 2112 4444 sent,
2141 4377 2432 4444 credendo,
2462 4378 2578 4433 dies
2601 4379 2658 4432 in
2686 4378 2917 4434 veritate
2944 4379 3061 4434 sine
3082 4377 3296 4434 defectu
3328 4381 3547 4437 habere.

1972 4466 2040 4521 In
2088 4469 2314 4521 vanitate
2341 4468 2450 4522 dies
2482 4484 2661 4522 eorum
2695 4477 2742 4522 et
2772 4469 2896 4522 anni
2925 4485 3124 4523 eorum.
3166 4469 3366 4543 (Cass)
3393 4472 3438 4526 Α
3472 4473 3548 4528 si-

1971 4557 2271 4612 militudine
2309 4558 2453 4614 illius
2497 4559 2587 4628 qui
2624 4559 2679 4613 in
2709 4567 2832 4614 ortu
2872 4561 3118 4628 moritur,
3148 4563 3201 4617 in
3231 4579 3427 4619 vanum
3470 4575 3551 4621 est

1973 4659 2152 4704 natus.
2203 4647 2335 4703 Cum
2386 4650 2734 4720 festinatione.
2791 4651 2972 4725 (Aes)
3026 4653 3092 4708 Et
3128 4670 3247 4725 quae
3291 4656 3550 4727 prolixior

1972 4742 2203 4808 videtur,
2237 4743 2348 4797 vita
2376 4743 2484 4798 cito
2508 4743 2771 4813 praeterit.

2042 4833 2204 4890 Vens.
2231 4834 2321 4890 54.
2349 4864 2416 4874 λα-
2439 4829 2754 4900 ρειαὲνεὸίιηι
2783 4853 2920 4890 eum.
2947 4836 3122 4910 (Cass.
3155 4848 3210 4896 et
3242 4839 3404 4911 Avo.)
3433 4839 3547 4896 Non

1970 4927 2162 4993 occisi,
2191 4927 2288 4983 sed
2318 4927 2513 4982 relicti.
2559 4925 2666 4982 Sed
2716 4928 2794 4983 sic
2841 4929 3102 5000 loquitur,
3132 4931 3258 5000 quia
3285 4947 3420 4986 unus
3448 4948 3546 5000 po-

1971 5017 2130 5088 pulus
2160 5026 2305 5084 sunt,
2342 5018 2497 5088 quasi
2534 5018 2600 5073 de
2635 5034 2741 5074 uno
2780 5036 3025 5091 corpore.
3077 5020 3324 5076 Diluculo
3378 5025 3550 5077 venie-

1975 5107 2098 5163 bant
2125 5109 2193 5163 ad
2231 5124 2382 5174 eum,
2414 5117 2520 5164 etc.
2557 5107 2754 5181 (Cass)
2788 5110 3020 5178 Sedulo,
3051 5111 3135 5166 vel
3173 5120 3299 5166 ante
3333 5111 3543 5176 lucem;

1973 5199 2153 5254 unde:
2190 5198 2397 5254 Vanum
2424 5210 2498 5255 est
2525 5201 2664 5256 vobis
2701 5214 2820 5257 ante
2863 5203 3030 5258 lucem
3057 5219 3285 5273 surgere.
3329 5203 3459 5259 Pius
3491 5205 3545 5260 in

1971 5291 2113 5357 luce,
2153 5291 2350 5362 impius
2377 5301 2502 5347 ante
2530 5292 2702 5349 lucem
2741 5303 2912 5365 rogat.
2965 5294 3299 5360 Quterebant.
3338 5295 3542 5352 Rever-

1971 5387 2244 5452 tebantur,
2297 5386 2606 5441 veniebant.
2670 5385 2850 5460 (Aes)
2893 5384 3018 5440 Haec
3064 5387 3266 5452 omnia,
3325 5397 3548 5457 propter

1973 5476 2287 5546 temporalia
2325 5476 2462 5532 bona
2506 5475 2831 5547 acquirenda
2852 5461 2878 5538 ,’
2909 5485 2965 5532 et
3004 5477 3219 5532 vitanda
3272 5478 3414 5533 mala
3445 5493 3459 5532 :
3493 5489 3548 5534 et

1973 5567 2045 5621 ita
2077 5583 2182 5622 non
2217 5568 2378 5633 Deus,
2408 5569 2501 5624 sed
2539 5567 2628 5622 illa
2656 5565 2993 5622 colebantur.

2044 5662 2206 5718 Vsns.
2234 5662 2322 5716 57.
2348 5693 2420 5702 --
2450 5661 2562 5716 Nec
2587 5659 2764 5730 ﬁdeles
2798 5660 2962 5714 habiti
3005 5670 3126 5715 sunt
3165 5661 3221 5715 in
3266 5669 3516 5716 testamen

1972 5763 2044 5821 to,
2077 5765 2183 5810 etc.
2215 5755 2414 5827 (Cass)
2457 5753 2558 5820 Qui
2606 5767 2732 5808 vere
2777 5753 2988 5821 credit,
3018 5769 3181 5824 opera
3209 5755 3339 5811 facit
3368 5773 3379 5808 :
3407 5761 3545 5809 unde

1972 5846 2106 5901 ﬁdes
2133 5845 2332 5901 dicitur
2370 5845 2511 5915 quod
2547 5843 2674 5897 (iant
2701 5844 2872 5912 dicta;
2903 5844 3045 5901 unde
3075 5845 3206 5902 dicit
3236 5861 3249 5899 :
3281 5843 3391 5899 Nec
3419 5844 3549 5912 ﬁde-

1971 5933 2043 5990 les
2074 5937 2128 5990 in
2154 5935 2445 6006 pra’ceplis.

3033 6030 3108 6090 31
