4008 6348
522 412 618 472 971

1012 414 1406 474 WALAFRIDI
1447 412 1694 472 STRABI
1728 414 1930 473 FULD.
1971 413 2138 472 MON.
2178 414 2331 475 OPP.
2368 414 2548 472 PARS
2581 414 2626 471 Ι.
2662 446 2735 459 -
2773 414 3231 476 THEOLOGICA.

3680 418 3788 481 972

588 532 751 589 Vm.
786 532 876 589 58.
916 560 985 574 «-
1020 530 1141 603 Ipse
1161 541 1334 587 autem
1354 541 1431 588 est
1453 532 1748 588 misericors
1769 540 1816 588 et
1836 531 2090 603 propitius
2114 536 2166 594 Α
2192 537 2367 585 statur
2402 520 2518 601 ipse
2550 538 2811 587 vastator.
2860 528 3103 589 Pruina.’
3135 531 3339 589 Vitium
3387 549 3496 605 quo
3533 536 3787 595 charitas

516 626 629 695 ﬁet,
658 622 845 697 (Δυε.)
873 622 975 678 llic
999 622 1129 679 mali
1173 623 1546 694 impunitatem
1594 622 1698 679 sibi
1729 623 2086 694 promittunt,

515 720 613 776 sed
645 716 1020 776 misericordia
1052 725 1135 773 est
1167 715 1335 771 etiam
1365 715 1526 772 malis
1548 755 1565 783 ,
1589 730 1779 771 verum
1805 722 1931 770 ante
1949 714 2091 786 judi-

514 811 681 876 cium,
711 809 841 879 quia
879 808 1009 864 facit
1042 807 1215 864 solem
1246 806 1382 863 oriri
1426 821 1592 877 super
1616 807 1786 862 bonos
1813 814 1870 860 et
1896 805 2084 861 malos.

516 900 608 958 Sic
635 909 693 958 ct
717 900 793 958 illi
818 901 967 973 genti
990 900 1256 973 pepercit,
1285 912 1355 954 ne
1383 897 1599 970 penitus
1628 897 1951 962 eradicaret,
1995 893 2091 952 sed

515 1000 702 1050 manet
726 993 783 1048 in
810 991 1151 1049 successione
1175 997 1520 1062 posterorum
1542 1028 1559 1055 ,
1589 987 1731 1045 sicut
1771 986 1905 1051 Cain
1935 987 2090 1058 signo

511 1092 736 1158 accepto
751 1124 768 1152 ,
794 1100 865 1142 ne
889 1084 1013 1155 quis
1035 1098 1162 1139 eum
1180 1081 1474 1139 occideret.
1488 1077 1728 1135 Peccatis
1756 1095 1959 1145 eorum,
1975 1086 2083 1161 etc.

514 1177 697 1249 Mus.)
720 1175 933 1248 Populi,
957 1176 1051 1247 qui
1078 1176 1219 1233 idem
1243 1181 1328 1233 est
1356 1172 1413 1229 in
1440 1168 1782 1229 successione
1816 1170 2084 1237 ﬁliorum;

511 1279 572 1326 ut
606 1278 663 1326 et
686 1275 810 1340 post
835 1266 1050 1324 abstulit
1086 1282 1177 1324 eos
1206 1265 1272 1322 dc
1313 1263 1565 1338 Egypto,
1591 1275 1641 1320 et
1676 1263 1883 1321 induxit
1915 1280 2002 1319 eos
2030 1265 2086 1319 in

508 1372 735 1421 montem
761 1360 1195 1431 sanctiﬁcationis
1215 1356 1371 1429 (Gen.
1412 1356 1489 1430 1v)
1513 1399 1531 1425 ,
1564 1372 1686 1415 cum
1707 1373 1814 1415 non
1835 1371 1951 1422 eos,
1980 1356 2086 1413 nisi

508 1455 562 1509 in
592 1452 956 1512 successione.
986 1449 1080 1509 Sic
1101 1459 1159 1508 et
1180 1446 1273 1508 hic
1296 1463 1422 1507 cum
1455 1448 1654 1505 dicitur
1678 1448 1965 1520 :propitius
1993 1447 2086 1517 ﬁet

505 1546 730 1615 peccatis
788 1547 992 1609 eorum,
1040 1541 1389 1613 intelligimus
1433 1539 1596 1597 etiam
1644 1538 1918 1610 impletum
1963 1552 2085 1595 esse

504 1637 649 1707 quod
673 1637 875 1693 dicitur
899 1635 970 1691 ab
991 1631 1276 1705 Apostolo:
1308 1630 1558 1704 Reliquias
1582 1630 1741 1685 salvae
1760 1629 1887 1699 ﬁent
1908 1627 2080 1703 (Rom.

505 1729 582 1800 Ix)
607 1768 625 1795 ,
660 1741 783 1798 qua:
825 1724 1052 1783 credent
1099 1723 1155 1779 in
1184 1721 1481 1789 Christum,
1510 1720 1654 1791 quod
1694 1719 1784 1775 hic
1814 1718 2081 1791 praevidit,

505 1835 628 1875 cum
675 1815 899 1875 subdit:
930 1815 1003 1871 Et
1049 1831 1154 1870 non
1202 1813 1445 1885 dispersit
1473 1829 1581 1867 eos.
1609 1810 1678 1865 Et
1712 1810 1995 1866 abundavit
2022 1817 2082 1864 ut

2188 624 2421 695 proximi
2468 623 2709 681 stultitiae
2753 626 2994 684 tenebris
3044 627 3201 700 quasi
3252 636 3523 687 nocturno
3572 629 3788 704 frigore

2188 716 2536 789 congelascit.

2261 806 2422 864 Vsus.
2472 809 2562 865 48.
2596 840 2668 850 —
2696 806 2865 883 Ignis.
2890 812 2995 881 Qui
3028 828 3138 870 non
3182 814 3237 871 in
3275 812 3464 873 Exodo
3500 815 3610 872 nisi
3654 831 3787 872 cum

2187 902 2452 979 grandine
2475 902 2528 959 in
2550 902 2874 977 fulguribus,
2898 915 2957 961 ut
2982 907 3193 967 fructus
3204 907 3451 977 laederet,
3474 911 3782 984 accipitur:

2187 991 2279 1061 qui
2303 999 2483 1049 tamen
2510 1008 2617 1049 nou
2639 993 2837 1068 legitur
2852 999 3222 1069 possessiones
3248 999 3580 1067 incendisse,
3610 1000 3786 1073 signi-

2186 1082 2313 1141 ﬁcat
2335 1085 2725 1145 immanitatem
2762 1090 3084 1159 iracundiae,
3115 1108 3220 1163 qua
3243 1094 3675 1152 ethomicidium
3699 1095 3781 1151 ﬁt.

2186 1170 2358 1232 Morte
2392 1193 2673 1248 pecorum,
2712 1182 2985 1251 pudicitiae
3025 1182 3281 1239 damnum
3323 1184 3594 1257 signatur.
3643 1186 3787 1245 Con-

2185 1268 2541 1340 cupiscentia,
2584 1287 2691 1345 qua
2733 1271 2902 1329 {cetus
2930 1275 3125 1341 oritur,
3154 1276 3461 1335 communis
3488 1286 3579 1335 est
3621 1279 3784 1338 uob'u

2186 1374 2309 1415 cum
2335 1358 2621 1433 pecoribus
2646 1381 2658 1416 :
2685 1363 2828 1420 hanc
2848 1362 3049 1422 habere
3071 1365 3330 1423 domitam
3357 1376 3415 1423 et
3439 1368 3781 1443 ordinatam,

2184 1448 2456 1521 pudicitiae
2485 1452 2657 1510 virtus
2693 1464 2796 1511 est.
2832 1450 2979 1512 Non
3004 1457 3406 1529 primitivorum.
3430 1457 3678 1517 Amissio
3698 1472 3783 1518 est

2178 1536 2405 1613 iustitiae
2449 1559 2555 1615 qua
2602 1546 2835 1619 quisque
2883 1546 3123 1605 humano
3165 1548 3355 1621 generi
3407 1548 3634 1607 socialis
3676 1562 3780 1609 est.

2186 1628 2381 1688 Decem
2420 1631 2593 1707 plagis
2626 1636 2868 1708 percussi
2912 1647 3040 1695 sunt
3069 1636 3311 1712 Egyptii
3352 1649 3545 1697 contra
3592 1641 3781 1698 decem

2182 1732 2454 1795 praecepta
2500 1726 2700 1799 scripta
2744 1724 2798 1784 in
2840 1726 3057 1786 tabulis.
3097 1728 3169 1786 Et
3214 1731 3305 1790 hic
3349 1726 3540 1788 decem
3584 1733 3776 1806 plagae,

2183 1810 2311 1871 licet
2330 1832 2436 1873 non
2472 1817 2527 1873 in
2560 1833 2628 1875 eo
2648 1820 2838 1880 ordine
2868 1830 3162 1894 ponantur,
3205 1823 3301 1881 sed
3324 1840 3425 1896 pro
3454 1824 3638 1881 tribus
3661 1841 3782 1898 qua:

503 1917 776 1974 averteret,
799 1915 933 1972 etc.,
955 1904 1083 1977 quia
1107 1922 1122 1959 :
1144 1902 1269 1959 Non
1296 1918 1494 1958 omnem
1523 1903 1659 1963 iram
1688 1900 1945 1967 accendit,
1971 1908 2077 1991 etc.
2108 1896 2159 1959 Β
2187 1902 2243 1960 in
2289 1904 2495 1976 Exodo,
2536 1909 2592 1966 id
2634 1920 2718 1968 est
2770 1910 3050 1986 cyniphes,
3103 1915 3309 1985 ulcera,
3358 1919 3606 1975 tenebrm

502 2000 561 2057 Id
594 2007 702 2067 est,
737 2013 846 2055 non
886 1996 1099 2070 punivit
1122 2010 1220 2052 eos
1253 2002 1515 2066 quantum
1547 1991 1693 2064 digni
1723 1998 1879 2047 erant
1907 2009 1921 2044 ε
1954 1990 2081 2062 quia

502 2100 557 2148 et
585 2090 716 2146 illud
746 2089 981 2156 remisit,
1018 2088 1164 2161 quod
1197 2086 1394 2143 Filium
1435 2085 1771 2141 occiderunt.

518 2180 529 2185 ”
572 2181 736 2240 Vsus.
764 2179 949 2238 59.-—
974 2178 1209 2249 Spiritus
1237 2177 1428 2234 uadens
1447 2182 1496 2231 et
1524 2191 1630 2232 non
1670 2184 1949 2241 revertens,
1969 2181 2074 2230 etc.

497 2278 624 2335 ldeo
645 2291 744 2351 per
774 2275 1004 2353 gratiam
1033 2281 1276 2339 revocat,
1310 2271 1439 2342 quia
1485 2285 1585 2341 per
1633 2284 1693 2327 se
1749 2269 1930 2326 redire
1966 2283 2076 2324 non

498 2377 767 2444 possunt:
796 2367 941 2425 unde
968 2367 1026 2423 in
1054 2363 1365 2422 Proverbiis
1392 2362 1448 2419 in
1478 2362 1565 2417 via
1596 2360 1901 2432 iniquitatis
1939 2358 2076 2416 dici-

497 2471 589 2520 tur
620 2480 636 2518 :
667 2459 860 2518 Omnes
901 2459 993 2532 qui
1043 2457 1311 2515 ambulant
1358 2456 1415 2511 in
1472 2471 1535 2511 ea
1603 2470 1707 2510 non
1758 2461 2077 2509 reuertentur

500 2554 686 2627 (Prov.
710 2553 807 2626 ιι),
831 2551 1040 2609 scilicet
1062 2565 1161 2623 per
1185 2565 1266 2617 se,
1311 2549 1405 2606 sed
1450 2562 1549 2619 per
1585 2546 1813 2619 gratiam
1850 2560 2073 2603 revoca-

496 2646 717 2703 buntur.
755 2643 884 2700 llaec
914 2650 1000 2700 est
1040 2641 1156 2697 ovis
1184 2639 1511 2706 errabunda,
1557 2653 1678 2709 qua:
1714 2637 1956 2711 humeris
2000 2634 2075 2708 pii

493 2737 730 2810 pastoris
756 2736 981 2792 reducta
1013 2743 1098 2792 est
1121 2733 1191 2789 ad
1219 2746 1459 2805 gregem.

564 2831 727 2887 Vsus.
775 2828 865 2885 40.
910 2856 983 2868 -
1027 2825 1262 2893 Quoties.
1312 2825 1545 2897 (Csss.)
1593 2822 1848 2880 Dicturus
1886 2822 2071 2896 plagas

488 2920 734 2993 Egypti,
758 2926 981 2991 propter
999 2931 1095 2975 eos
1118 2914 1312 2981 iactas,
1324 2915 1688 2986 comparando
1713 2914 1853 2969 mala
1880 2929 2071 2971 eorum

488 3010 768 3071 beneﬁciis
810 3010 911 3068 Dei
931 3049 951 3078 ,
977 3008 1110 3065 dicit
1131 3022 1228 3065 eos
1252 3006 1450 3064 oblitos
1481 3047 1497 3074 ,
1524 3012 1585 3063 et
1611 3014 1850 3065 tentasse
1874 3002 2065 3065 Deum.

487 3102 668 3179 (Anci)
691 3102 829 3172 Quia
856 3100 1105 3160 caro-vel
1136 3100 1362 3172 spiritus
1388 3099 1621 3167 vadens,
1651 3099 1866 3173 quoties
1894 3101 2069 3173 ergo?

486 3197 643 3271 quasi
672 3196 948 3255 multoties
966 3194 1432 3253 exacerbaverunt
1457 3208 1603 3251 eum.

2183 2012 2291 2054 non
2330 1999 2438 2056 hic.
2478 2000 2611 2059 Alia:
2644 2011 2757 2061 tres
2783 2014 2911 2061 sunt
2950 2007 3059 2073 hic,
3106 2023 3227 2081 qua
3271 2024 3379 2065 non
3417 2008 3513 2073 ibi,
3558 2008 3777 2083 rubigo.

2181 2088 2391 2160 pruina,
2414 2096 2469 2148 et
2498 2090 2657 2164 ignis.
2684 2091 2836 2151 Talia
2859 2096 3005 2151 enim
3023 2112 3124 2168 pro
3145 2114 3381 2171 congrua
3410 2098 3781 2173 intelligentia

2180 2174 2497 2250 frequenter
2520 2184 2821 2241 variantur.
2844 2184 3034 2259 Signa.
3061 2185 3266 2261 (Cass)
3295 2186 3436 2246 Sunt
3466 2191 3627 2248 duris
3656 2208 3778 2249 eor-

2182 2268 2360 2338 dibus,
2410 2272 2568 2357 quasi
2603 2274 2936 2333 characteris
2979 2277 3241 2350 impressa
3286 2280 3537 2354 vestigia.
3576 2276 3777 2339 Prodi-

2180 2362 2289 2434 gia,
2334 2380 2455 2436 quae
2493 2365 2781 2437 signabant
2820 2367 2998 2440 aliqua
3040 2366 3239 2425 futura.
3283 2366 3504 2439 Titanis,
3556 2374 3777 2441 civitas,

2180 2448 2384 2513 humile
2418 2458 2766 2527 mandatum,
2798 2460 2941 2533 quod
2966 2459 3056 2519 hic
3092 2458 3249 2518 nobis
3288 2465 3691 2533 necessarium,
3720 2475 3779 2522 ut

2179 2544 2237 2600 in
2261 2544 2443 2602 futuro
2471 2548 2762 2620 erigamur.
2789 2549 2861 2606 Et
2890 2550 3033 2606 dedit
3069 2554 3311 2626 terugini.
3344 2550 3475 2613 Haec
3502 2552 3563 2612 in
3590 2554 3777 2613 Exodo

2177 2652 2286 2693 non
2316 2637 2600 2711 leguntur,
2633 2641 2863 2714 mystica
2897 2658 3030 2715 ergo
3068 2643 3521 2716 interpretatione
3560 2654 3773 2704 tantum

2175 2735 2537 2801 exponuntur.
2563 2727 2810 2787 Locusta.
2834 2730 3017 2807 (Auo.)
3044 2732 3117 2790 Se
3139 2734 3370 2791 invicem
3393 2738 3771 2803 comedentes,

2177 2819 2450 2892 signiﬁcat
2474 2818 2810 2883 detractores
2829 2866 2845 2893 ,
2876 2827 2970 2898 qui
2994 2826 3199 2886 alienos
3226 2826 3439 2887 fructus
3468 2828 3659 2889 invide
3686 2849 3774 2890 ro-

2178 2910 2329 2966 dunt.
2356 2910 2536 2968 Maras
2579 2932 2759 2971 eorum
2792 2918 2849 2972 in
2885 2919 3100 2989 pruina.
3133 2919 3315 2995 (Auc.)
3364 2921 3554 2980 Morus
3582 2925 3772 2982 calida

2176 3006 2262 3056 est
2300 3006 2531 3069 naturai,
2570 3018 2668 3073 per
2708 3005 2855 3077 quod
2894 3008 3137 3065 charitas
3183 3008 3531 3084 intelligitur,
3560 3029 3686 3085 qua
3713 3014 3771 3070 in

2175 3091 2368 3161 pruina
2416 3094 2701 3152 occiditur.
2751 3097 3013 3154 Grandini
3063 3098 3211 3175 (In.)
3250 3100 3383 3172 Quae
3416 3108 3770 3178 grandonon

2172 3183 2349 3253 potuit
2402 3185 2618 3256 laedere,
2659 3189 2714 3247 id
2757 3200 2841 3246 est
2879 3190 3083 3260 mollia,
3125 3198 3250 3264 post
3283 3192 3416 3252 dicit
3464 3196 3693 3255 Exodus
3738 3214 3773 3255 ι

553 3253 720 3349 vi...
748 3289 841 3346 ιι.
883 3316 956 3331 -
987 3286 1055 3342 Et
1077 3286 1309 3343 conuersi
1330 3296 1475 3353 sunt,
1500 3294 1607 3342 etc.
1634 3272 1817 3359 (Αυέ.)
1848 3284 2066 3357 Repetit

2178 3268 2391 3330 locustis
2423 3253 2684 3334 comesta.
2733 3278 2996 3338 Tradidit.
3031 3253 3235 3358 (Cass)
3258 3282 3431 3344 Morte

483 3399 672 3444 eorum
697 3381 1072 3439 inﬁdelitatem
1089 3420 1111 3448 ,
1135 3387 1198 3439 ut
1224 3385 1493 3436 memoret
1514 3393 1650 3449 quas
1672 3377 1858 3451 plagas
1884 3376 2067 3435 intulit

486 3478 628 3535 Deus
654 3474 928 3549 Egyptiis
953 3479 1177 3546 propter
1200 3485 1320 3535 eos.
1346 3470 1492 3527 unde
1527 3469 1792 3529 deberent
1813 3483 1934 3526 esse
1955 3484 2060 3526 non

482 3567 701 3624 inﬂati.

739 3662 832 3719 42.
866 3691 940 3704 —-
977 3660 1059 3719 De
1083 3675 1248 3717 manu
1270 3655 1650 3715 tribulationis.
1694 3655 1900 3730 (Cass)
1936 3650 2062 3710 Tri-

482 3757 686 3813 bulatio
715 3755 856 3813 solet
880 3767 1002 3813 esse
1034 3752 1092 3811 in
1117 3750 1381 3811 memoria
1402 3789 1421 3817 ,
1450 3749 1546 3805 sed
1569 3762 1678 3804 non
1702 3747 1801 3804 eis.
1831 3740 2064 3803 Pulchre

481 3849 708 3921 opponit
731 3861 951 3903 manum
981 3845 1079 3902 Dei
1122 3842 1309 3901 manui
1335 3840 1655 3906 Pharaonis,
1684 3838 1871 3897 dicens
1895 3853 1910 3893 :
1934 3836 2059 3893 Ma-

481 3957 578 3996 nus
606 3941 723 4012 ejus
764 3949 811 3994 et
849 3939 914 3995 de
956 3954 1120 3993 manu
1149 3935 1324 4002 tribu;
1353 3951 1475 4007 quae
1510 3933 1740 3990 multum
1780 3928 2056 3989 diﬁ'erunt.

480 4032 637 4104 (Ave.
662 4039 718 4089 et
738 4029 921 4103 Cass.)
950 4029 1354 4101 Mysticationes
1374 4025 1444 4082 ab
1476 4025 1581 4085 hoc
1601 4025 1740 4082 loco.

548 4123 710 4182 Vsus.
753 4123 847 4189 44,
887 4121 979 4176 45.
1018 4151 1088 4161 —
1127 4120 1198 4175 Et
1225 4120 1500 4186 convertit,
1542 4128 1647 4175 etc.
1690 4114 1838 4173 Misit
1878 4117 1934 4172 in
1971 4134 2058 4173 eos

477 4220 633 4285 iram,
669 4226 781 4275 etc.
828 4214 932 4275 llic
960 4213 1152 4286 incipit
1180 4227 1450 4285 exponere
1486 4212 1674 4284 plagas
1704 4219 1925 4283 propter
1964 4209 2058 4267 Ju-

477 4311 713 4367 dteorum
740 4305 1118 4363 liberationem
1140 4306 1195 4360 in
1218 4303 1453 4378 .IEgypto
1479 4303 1673 4369 factas,
1697 4311 1752 4357 et
1774 4302 1927 4374 ponit
1960 4303 2057 4358 de-

476 4417 594 4458 cem
617 4401 826 4472 plagas,
857 4399 999 4457 sicut
1033 4399 1089 4454 in
1119 4398 1305 4455 Exodo
1330 4396 1538 4452 decem.
1570 4392 1850 4450 Ponuntur
1876 4395 2056 4465 aliqua
2086 4436 2095 4447 .

477 4501 658 4546 tamen
690 4490 802 4556 hic,
823 4504 941 4561 qua:
962 4506 1070 4545 non
1096 4490 1150 4544 in
1176 4487 1380 4553 Exodo,
1403 4502 1524 4559 quae
1549 4502 1654 4542 non
1685 4485 2050 4556 interpretari,

475 4582 580 4637 nisi
607 4580 833 4653 ﬁgurate
864 4594 1168 4650 possumus,
1210 4579 1303 4635 ubi
1325 4587 1382 4636 et
1407 4594 1527 4649 quae
1554 4576 1695 4632 facta
1721 4576 1939 4633 fuerunt
1958 4594 2058 4650 pa-

476 4669 675 4726 rabolae
705 4670 985 4734 dicuntur,
1018 4670 1158 4725 sicut
1183 4683 1323 4740 saepe
1353 4668 1491 4724 solet
1514 4684 1623 4723 non
1651 4667 1849 4723 seriem
1880 4667 2053 4725 histo-

474 4764 571 4820 ria
599 4763 755 4835 sequi
782 4778 796 4817 :
829 4763 926 4821 sed
944 4762 1049 4818 alia
1075 4763 1291 4826 addere,
1326 4760 1412 4816 vel
1437 4760 1682 4832 quaedam
1718 4769 1927 4816 mutare
1949 4775 2049 4831 pro

473 4856 882 4931 signiﬁcatione.
912 4854 1062 4926 Aqua
1087 4869 1215 4926 ergo
1242 4854 1298 4908 in
1330 4853 1657 4924 sanguinem,
1689 4853 1960 4925 signiﬁcat
1979 4853 2047 4909 de

473 4962 655 5003 rerum
699 4944 880 5003 causis
922 4943 1213 5000 carnaliter
1254 4938 1476 4998 sentire.
1528 4938 1802 5014 Cynomia.
1853 4940 2045 4998 Canini

470 5052 652 5095 mores
666 5045 812 5094 sunt.
846 5032 1016 5090 Rana.
1042 5030 1264 5101 Loquax
1290 5031 1543 5087 vanitas.-
1602 5052 1610 5059 ·

542 5129 703 5186 Vm.
744 5126 833 5193 46,
857 5125 947 5182 47.
973 5154 1045 5166 —
1063 5123 1291 5194 xErugo.
1320 5120 1491 5191 Quam
1517 5122 1606 5178 alii
1636 5124 1939 5194 rubiginem
1962 5123 2045 5177 in-

471 5228 862 5293 terpretantur,
894 5224 1053 5273 nocet
1100 5214 1329 5282 occulte,
1373 5231 1495 5287 qua:
1528 5222 1874 5285 comparatur
1913 5214 2044 5271 vitio

469 5309 611 5382 quod
652 5307 865 5365 dillicile
896 5313 1152 5377 apparet,
1188 5312 1248 5360 ut
1289 5313 1374 5361 est
1398 5304 1625 5361 multum
1663 5303 1829 5359 ﬁdere
1853 5304 1919 5360 de
1958 5320 2037 5360 se.

467 5403 612 5459 Aura
634 5400 780 5458 enim
804 5398 967 5455 noxia
997 5397 1099 5453 hoc
1125 5397 1179 5451 in
1202 5394 1467 5454 fructibus
1487 5404 1745 5467 operatur
1758 5394 1990 5450 latenter
2023 5414 2036 5450 :

465 5496 544 5552 sic
576 5495 632 5551 in
674 5492 916 5550 moribus
943 5490 1153 5549 occulta
1183 5491 1433 5565 superbia
1456 5531 1472 5557 ,
1514 5506 1636 5545 cum
1667 5497 1820 5560 putat
1856 5504 1914 5547 se
1942 5490 2039 5545 ali-

466 5586 594 5657 quid
621 5599 743 5642 esse
763 5583 856 5657 qui
881 5578 1015 5639 nihil
1045 5592 1149 5641 est.
1183 5580 1429 5637 Locusta.
1464 5576 1668 5635 Malitia
1695 5596 1789 5637 ore
1813 5582 2034 5648 laedens,

464 5676 667 5735 inﬁdeli
702 5674 904 5734 scilicet
942 5674 1266 5732 testimonio.

533 5765 767 5825 Grando.
835 5764 929 5824 Est
994 5765 1253 5835 iniquitas
1324 5780 1411 5819 res
1480 5763 1685 5819 alienas
1747 5763 2031 5834 auferens;

462 5862 604 5916 unde
622 5857 1031 5935 furta,‘rapinae,
1058 5856 1270 5926 praedae.
1294 5853 1421 5912 Plus
1456 5863 1633 5913 autem
1662 5856 1791 5913 vitio
1818 5874 1915 5914 suo
1940 5874 2033 5913 va-

2168 3364 2455 3422 stultorum
2477 3383 2704 3427 occasus
2727 3372 3049 3431 ostenditur.

2238 3454 2362 3532 (ln.)
2394 3456 2536 3532 Ignl.
2566 3460 2740 3534 Ignis,
2777 3464 3067 3538 cupiditas,
3096 3484 3218 3542 qua
3244 3471 3684 3543 possessionem,
3710 3474 3767 3533 id

2167 3558 2271 3615 est,
2297 3559 2497 3607 statum
2529 3556 2727 3613 mentis
2748 3567 2945 3614 vastat.

2237 3644 2400 3700 Vsus.
2423 3646 2515 3703 49.
2542 3678 2612 3688 —
2630 3646 2781 3704 Iram
2808 3650 3209 3724 indignationis,
3236 3662 3343 3710 etc.
3373 3652 3589 3729 (Cass)
3618 3655 3767 3715 Ordo

2164 3734 2418 3793 vindictae
2446 3756 2459 3792 :
2492 3740 2647 3812 prius
2670 3743 2910 3813 peccatis
2940 3744 3082 3802 Deus
3108 3746 3384 3815 irascitur,
3408 3748 3641 3819 quando
3658 3766 3765 3806 non

2163 3839 2617 3902 compunguntur,
2663 3833 2788 3891 inde
2818 3835 3079 3892 malitiam
3121 3838 3357 3894 hominis
3393 3840 3449 3895 in
3486 3856 3589 3897 sua
3631 3843 3766 3899 indi-

2163 3921 2437 3992 gnatione,
2474 3921 2557 3978 ira
2584 3932 2639 3980 et
2670 3925 3018 3984 tribulatione
3048 3914 3396 4001 derelinquit,
3424 3941 3490 3987 ut
3519 3935 3643 3990 suis
3670 3937 3763 3991 ad-

2162 4011 2513 4070 versitatibus
2552 4014 2881 4088 amigantur,
2926 4020 3020 4091 qui
3064 4021 3175 4077 Deo
3212 4036 3320 4079 non
3367 4023 3676 4094 obediunt,
3706 4036 3765 4084 ut

2160 4098 2234 4155 ibi
2263 4100 2461 4155 dicitur
2497 4119 2509 4156 :
2540 4100 2827 4175 Propterea
2853 4106 3074 4162 tradidit
3097 4108 3216 4164 illos
3239 4110 3292 4164 in
3320 4111 3609 4181 reprobat»:
3639 4130 3762 4170 sets—

2160 4208 2276 4248 sum
2318 4189 2496 4264 (Rom.
2524 4194 2589 4265 ι).
2619 4192 2921 4268 Indignatio
2959 4199 3197 4256 hominis
3224 4201 3463 4272 pertinet
3493 4203 3565 4258 ad
3598 4206 3765 4260 tumi-

2159 4290 2285 4349 dam
2334 4292 2683 4366 superbiam;
2725 4290 2828 4357 ira,
2860 4291 2928 4347 ad
2976 4290 3264 4348 nefandam
3303 4292 3596 4349 audaciam
3624 4313 3643 4363 ;
3670 4296 3765 4353 tri-

2164 4383 2389 4451 bulatio,
2431 4383 2501 4440 ad
2530 4380 2811 4439 confusam
2838 4382 3311 4454 desperationem:
3345 4394 3476 4441 tunc
3505 4398 3611 4459 per
3642 4390 3761 4445 dia-

2154 4471 2335 4528 bolum
2359 4474 2425 4529 ad
2470 4472 2834 4530 immissiones
2864 4474 3080 4530 illicitas
3106 4476 3524 4547 praecipitantur
3563 4480 3760 4537 nudati

2160 4564 2471 4621 defensione
2496 4564 2614 4620 Dei.
2643 4564 2749 4620 Per
2770 4568 2982 4638 angelos
3004 4566 3192 4623 malos.
3213 4567 3395 4643 (Auo.)
3419 4569 3647 4628 iudicio
3662 4572 3758 4629 Dei

2158 4656 2274 4711 haec
2309 4654 2452 4711 facta
2486 4664 2629 4723 sunt,
2660 4665 2793 4724 etc.,
2825 4674 2988 4730 usque
3012 4660 3081 4713 ad
3104 4674 3203 4730 per
3220 4660 3439 4732 angelos
3460 4678 3601 4736 ergo
3634 4681 3755 4720 ma-

2154 4745 2235 4803 los
2255 4748 2411 4818 punit
2448 4748 2591 4805 Deus
2618 4747 2790 4804 bonos
2816 4757 2872 4805 et
2910 4750 3082 4806 malos
3122 4750 3389 4818 homines,
3431 4754 3534 4810 sed
3573 4756 3757 4814 bonos

2152 4846 2362 4894 tantum
2397 4839 2770 4910 corporalibus
2813 4840 3022 4911 poenis,
3064 4838 3237 4899 malos
3263 4852 3445 4901 autem
3483 4858 3753 4918 corpora-

2148 4929 2292 4986 libus
2321 4938 2376 4985 et
2404 4930 2775 5003 spiritualibus
2811 4933 3007 5002 pinnis.

2223 5022 2386 5079 Vsus.
2436 5022 2524 5080 50.
2565 5056 2635 5065 —
2662 5024 2771 5080 Ira:
2807 5042 2939 5080 sum.
2979 5025 3164 5100 (Anth)
3213 5026 3345 5084 Erat
3392 5029 3591 5086 semita
3649 5031 3747 5088 ire

2150 5117 2266 5183 Dei,
2310 5132 2419 5189 qua
2464 5116 2672 5173 occulta
2721 5117 2976 5191 aequitate
3018 5121 3233 5190 puniret
3283 5119 3602 5195 Egyptios;
3655 5125 3744 5180 cui

2146 5211 2292 5267 Deus
2317 5209 2449 5267 fecit
2473 5211 2618 5267 viam
2638 5252 2654 5277 ,
2693 5219 2754 5267 ut
2780 5227 2885 5291 eos
2909 5213 3064 5284 quasi
3091 5228 3158 5269 ex
3184 5214 3383 5272 abditis
3408 5214 3743 5287 produceret

2146 5322 2244 5378 per
2284 5306 2502 5378 angelos
2543 5306 2713 5362 malos
2757 5307 2811 5362 in
2852 5316 3039 5379 aperta
3072 5306 3302 5376 scelera,
3343 5316 3401 5365 et
3433 5309 3515 5366 sic
3544 5318 3741 5383 aperte

2144 5397 2381 5469 puniret.

2216 5488 2376 5547 Vnus.
2431 5489 2521 5546 51.
2564 5521 2637 5533 -
2679 5490 3094 5565 Primogenitum
3140 5493 3195 5548 in
3246 5486 3497 5569 £gypto.
3541 5491 3736 5567 μσς.)

2142 5581 2510 5654 Primogenita
2536 5591 2661 5638 sunt
2691 5598 2904 5639 summa
2931 5583 3185 5639 mandata
3204 5624 3220 5650 ,
3257 5590 3315 5638 ut
3348 5599 3362 5635 :
3396 5580 3599 5657 Diliges
3626 5584 3733 5641 Do.

2141 5673 2349 5751 minum
2395 5674 2562 5730 Deum
2592 5691 2660 5731 ex
2702 5682 2815 5731 toto
2857 5674 3051 5741 corde;
3095 5675 3292 5747 quibus
3339 5686 3444 5731 nan
3492 5676 3736 5732 servulis

2140 5767 2400 5822 orhamur
2425 5766 2576 5837 prole
2599 5767 2843 5824 rationis.

2215 5858 2373 5914 Vsus.
2401 5858 2489 5916 52.
2522 5892 2590 5901 --
2619 5861 2686 5917 Et
2715 5859 2925 5916 abstulit
2953 5861 3083 5916 sicut
3120 5875 3234 5913 oves
3264 5856 3513 5929 populum
3542 5871 3729 5925 suum,
