4008 6348
399 411 504 468 973

1384 417 1652 475 GLOSSA
1690 417 2088 475 0RDINARIA.
2119 452 2187 462 —-
2220 423 2342 480 LIB.
2379 425 2626 484 PSALM.

3527 439 3631 495 974

393 537 444 583 et
476 528 718 598 perduxit
751 546 838 584 eos
875 540 1124 602 tanquam
1168 548 1370 602 gregem
1407 535 1464 587 in
1500 525 1722 588 deserto.
1777 533 1958 605 (Auc.)
1986 536 2041 596 Α
2063 535 2171 593 cito
2216 537 2482 593 subvenit.
2525 539 2592 593 Et
2629 553 2818 596 revera
2858 541 2939 598 sic
2986 543 3267 601 dementer
3318 520 3633 616 putantibus

394 617 634 688 Mystice.
661 617 774 674 Hoc
799 627 853 676 et
893 621 946 675 in
977 621 1132 676 nobis
1163 621 1306 675 intus
1333 620 1414 687 iit,
1451 625 1541 678 ubi
1565 624 1759 679 eruditi
1783 625 1846 682 de
1868 641 1962 696 po-

395 718 588 764 testate
630 710 974 764 tenebrarum
1018 719 1196 766 mente
1237 711 1613 769 transferimur
1655 717 1708 770 in
1739 733 1958 787 regnum

391 796 508 862 Dei,
543 815 671 854 oves
701 800 753 854 in
793 801 1160 872 spiritualibus
1195 807 1424 874 pascuis.
1462 806 1662 879 (Cass.)
1695 809 1761 862 Et
1792 809 1962 864 abstu-

387 889 466 942 lit.
521 891 674 958 Quod
714 893 937 949 eductos
965 895 1031 950 de
1069 897 1328 954 servitute
1357 899 1510 956 duxit
1538 903 1592 957 in
1617 912 1814 958 terram
1836 920 1961 974 pro-

387 983 690 1050 missionis;
722 993 777 1040 et
807 987 1002 1042 iterum
1028 987 1323 1046 offendunt.

458 1073 620 1130 Vens.
651 1075 742 1130 54.
764 1108 834 1118 —
853 1078 921 1132 Et
950 1079 1156 1135 induxit
1180 1100 1264 1138 eos
1299 1085 1352 1139 in
1395 1094 1621 1140 montem
1657 1089 1958 1158 sanctiﬁca-

383 1167 537 1220 tionis
577 1185 707 1238 suaz.
741 1167 922 1241 (Auc.)
953 1169 1070 1226 Non
1131 1175 1347 1229 eosdem
1390 1191 1524 1247 quos
1571 1177 1820 1244 abstulit,
1863 1182 1957 1236 sed

383 1273 475 1312 eos
499 1261 714 1314 nomine
740 1269 796 1316 et
826 1271 1018 1334 gente;
1048 1264 1315 1336 signiﬁcat
1340 1277 1518 1323 tamen
1548 1271 1690 1338 quod
1713 1271 1864 1326 multi
1887 1269 1957 1326 ad

382 1347 694 1414 Ecclesiam,
717 1367 876 1420 quam
905 1355 1368 1429 mavulLintelligi,
1387 1361 1633 1417 conversi
1657 1373 1809 1428 sunt;
1841 1355 1955 1433 ipsa

380 1449 462 1494 cst
487 1455 642 1496 mons
665 1459 823 1511 quem
854 1444 1100 1502 Christus
1138 1451 1440 1519 acquisivit.
1485 1451 1554 1506 Et
1586 1453 1736 1522 ejecit
1762 1473 1794 1508 a
1821 1455 1956 1524 facie

380 1549 555 1586 eorum
583 1543 756 1603 gentes
777 1575 792 1601 ,
829 1543 934 1592 etc.
964 1535 1146 1611 (Auc.)
1181 1539 1274 1596 Vel
1299 1543 1518 1614 maligni
1552 1545 1790 1616 spiritus.
1826 1548 1955 1614 Quae

377 1623 556 1676 omnia
587 1615 836 1682 Christus
863 1625 1022 1699 ejecit
1054 1645 1084 1684 a
1109 1629 1251 1687 facie
1280 1632 1546 1700 ﬁdelium;
1577 1615 1625 1690 et
1658 1646 1795 1691 sorte
1818 1635 1951 1692 divi-

374 1715 440 1766 sit
476 1717 547 1768 eis
583 1725 795 1774 terram.
845 1715 951 1776 Per
1001 1723 1104 1778 hoc
1149 1725 1481 1796 signiﬁcatur
1517 1729 1659 1798 quod
1702 1728 1754 1784 in
1797 1729 1952 1787 nobis

373 1807 553 1860 omnia
594 1816 847 1878 operatur
871 1827 1012 1869 unus
1033 1822 1195 1886 atque
1232 1816 1372 1872 idem
1403 1816 1661 1888 Spiritus,
1703 1819 1950 1878 dividens

330 1908 332 1911 '
372 1900 595 1972 singulis
623 1913 781 1972 prout
805 1905 935 1961 vult.

441 1987 603 2046 Vens.
658 1991 748 2048 55.
782 2025 853 2035 —
891 1993 959 2050 In
995 1999 1369 2056 tabernaculis.
1413 2000 1616 2074 (Cass.)
1652 2003 1712 2060 In
1752 2005 1950 2076 quibus

369 2077 662 2146 regnabant
689 2091 908 2148 peccata
937 2099 1164 2157 regnare
1191 2087 1318 2144 fecit
1346 2091 1594 2146 virtutes.

441 2165 599 2222 Vens.
631 2169 721 2224 57.
743 2203 814 2212 —
830 2171 1282 2239 Quemadmodum
1303 2189 1477 2250 patres
1498 2199 1678 2237 eorum
1691 2185 1947 2254 conversi,

365 2263 470 2311 etc.
511 2256 692 2334 (AUG.)
740 2259 844 2319 Per
879 2273 1051 2321 totum
1089 2265 1328 2340 loquitur
1360 2273 1514 2343 quasi
1563 2275 1629 2330 de
1675 2274 1880 2333 eisdem
1928 2295 1942 2333 :

367 2356 546 2405 tamen
587 2368 729 2409 nunc
762 2355 828 2412 de
863 2357 948 2413 his
985 2359 1077 2430 qui
1128 2362 1183 2417 in
1218 2369 1362 2418 terra
1385 2367 1785 2436 promissionis,
1817 2383 1948 2440 quo-

364 2458 482 2497 rum
519 2441 738 2502 fuerunt
778 2457 976 2521 patres,
1022 2453 1113 2524 qui
1152 2453 1206 2509 in
1238 2455 1453 2513 deserto
1485 2460 1936 2516 amaricaverunt.

363 2537 558 2593 Arcum
578 2558 815 2611 pravum,
846 2531 952 2600 etc.
984 2546 1108 2619 (In.)
1128 2547 1309 2604 Animi
1333 2551 1687 2608 intentionem
1718 2569 1942 2624 perver-

362 2645 501 2696 sam,
536 2640 594 2686 ut
615 2643 803 2690 contra
828 2637 1020 2706 Deum,
1051 2639 1143 2709 qui
1169 2639 1409 2696 dixerat:
1427 2641 1553 2698 Non
1575 2655 1726 2698 erunt
1747 2645 1839 2699 tibi
1861 2645 1938 2700 dii

365 2722 523 2779 alieni
558 2725 754 2798 (Exod.
783 2731 878 2802 xx)
895 2771 910 2798 ,
938 2733 1080 2802 quod
1104 2731 1314 2804 plenius
1341 2737 1534 2806 aperit.
1569 2733 1636 2791 In
1657 2737 1792 2792 iram
1816 2755 1938 2793 con-

364 2814 487 2880 cita,
533 2816 640 2882 vel,
676 2819 730 2873 in
765 2838 944 2876 arcum
972 2840 1190 2892 pravum
1209 2865 1226 2891 ,
1255 2827 1345 2896 qui
1386 2825 1596 2882 diliicile
1622 2828 1932 2893 remittitur,

363 2913 418 2958 et
442 2903 546 2975 ipsi
571 2906 728 2963 facile
757 2912 1070 2967 retroihant.
1101 2913 1218 2982 Vel,
1242 2933 1422 2970 arcum
1447 2933 1685 2986 pravum,
1708 2919 1801 2988 qui
1826 2934 1933 2973 non

361 2996 572 3051 eminus
589 2996 858 3067 jaculatur
874 3040 890 3065 ,
918 3003 1012 3057 sed
1032 3003 1087 3057 in
1111 3019 1174 3060 se
1196 3005 1400 3074 spicula
1426 3007 1710 3072 convertit,
1741 3007 1794 3063 id
1829 3017 1934 3074 est,

365 3082 567 3138 malitia
593 3085 912 3143 dolosorum.
1381 3095 1384 3098 ’

433 3174 592 3233 Vens.
624 3180 710 3236 58.
747 3212 816 3221 —
843 3183 925 3238 Ad
947 3185 1347 3242 mulationem.
1379 3189 1472 3246 Vel
1501 3193 1737 3247 :rmulati
1776 3203 1901 3250 sunt
1915 3211 1936 3262 ;-

367 3265 468 3320 alia
508 3265 686 3324 littera
713 3313 727 3336 ,
771 3288 890 3328 cum
933 3275 1191 3334 honorem
1223 3278 1318 3335 Dei
1353 3281 1444 3335 alii
1475 3284 1712 3338 tradunt.

434 3357 593 3413 Vens.
631 3361 720 3416 59.
759 3395 827 3404 —
864 3365 1076 3422 Audivit
1112 3369 1269 3424 Deus.
1309 3371 1508 3444 (Cass)
1544 3373 1619 3428 De
1646 3375 1848 3431 ultione
1872 3378 1928 3433 in

362 3458 502 3504 terra
529 3455 939 3526 promissionis,
970 3475 1090 3530 qua:
1110 3469 1166 3518 et
1192 3471 1395 3518 retorta
1423 3471 1506 3521 est
1531 3466 1585 3520 in
1627 3468 1800 3538 ipsos,
1833 3485 1930 3540 per

356 3553 491 3606 quos
531 3543 758 3610 punivit.

431 3633 589 3688 Vens.
640 3635 726 3691 60.
755 3667 820 3676 -υ
846 3635 915 3693 Et
950 3641 1136 3713 repulit
1164 3645 1575 3702 tabernaculum.
1605 3647 1787 3723 (AUG.)
1816 3651 1929 3708 Hoc

358 3733 596 3794 tempore
626 3725 706 3781 Eli
749 3731 1074 3799 sacerdotis,
1116 3738 1331 3804 quando
1359 3739 1486 3792 victi
1531 3747 1655 3796 sunt
1690 3742 1759 3797 ab
1781 3742 1929 3798 Allo-

352 3817 544 3890 phylis,
571 3829 623 3876 et
643 3837 767 3878 arca
793 3824 1002 3882 Domini
1021 3839 1174 3901 capta
1198 3829 1302 3898 est,
1326 3842 1379 3887 et
1407 3834 1506 3903 ipsi
1532 3853 1720 3907 magna
1748 3849 1927 3910 strage

355 3913 571 3966 vastati.
619 3913 838 3986 Legitur
877 3919 1019 3974 enim
1059 3922 1114 3976 in
1158 3923 1295 3978 libro
1335 3924 1564 3996 Regum,
1608 3931 1748 3998 quod
1799 3941 1926 3988 tunc

353 4003 665 4059 ceciderunt
693 4007 758 4062 de
787 4010 980 4079 populo
1015 4012 1233 4082 triginta
1260 4015 1424 4070 millia
1454 4021 1711 4086 peditum.
1751 4019 1925 4092 Repu-

353 4095 411 4148 lit
439 4099 830 4154 tabernaculum
853 4099 982 4156 Silo.
1010 4102 1220 4178 (Bena.)
1251 4107 1402 4174 Quod
1423 4119 1540 4163 erat
1561 4112 1615 4165 in
1640 4111 1772 4179 Silo,
1790 4121 1919 4182 etc.,

353 4205 513 4259 usque
541 4190 609 4242 ad
639 4191 766 4260 quia
795 4199 972 4247 autem
1014 4195 1142 4250 illud
1175 4211 1280 4251 non
1313 4199 1681 4268 attenderunt,
1706 4219 1805 4259 nec
1838 4211 1921 4260 ta-

348 4279 696 4336 bernaculum
743 4283 853 4339 Deo
903 4284 1146 4346 fecerunt
1187 4312 1200 4346 :
1250 4294 1368 4350 ideo
1415 4296 1675 4355 Dominus
1725 4304 1922 4360 merito

348 4369 562 4440 repulit.
605 4371 872 4429 Habitavit
923 4377 975 4431 in
1022 4380 1333 4439 hominibus.
1380 4385 1561 4462 (AUG.)
1615 4390 1748 4446 Cum
1792 4408 1921 4464 ergo

346 4476 453 4515 non
484 4471 627 4516 esset
671 4463 889 4533 dignum
935 4469 987 4522 in
1039 4487 1144 4540 quo
1193 4477 1492 4546 habitaret,
1543 4483 1738 4552 repulit
1789 4463 1920 4540 illud

348 4552 490 4621 quod
539 4569 645 4607 non
697 4565 915 4626 propter
966 4573 1045 4625 se,
1083 4565 1174 4619 sed
1221 4579 1439 4637 propter
1485 4571 1605 4626 illos
1663 4575 1915 4630 instituit.

346 4640 546 4714 (Cass.)
573 4641 664 4699 Sic
689 4621 888 4700 deserit
911 4621 1137 4720 corpora
1160 4621 1364 4721 nostra,
1387 4673 1505 4728 quae
1528 4661 1761 4732 Spiriws
1784 4679 1911 4721 san-
1943 4621 1998 4682 D

341 4740 482 4800 ctus,
513 4734 638 4790 dum
667 4737 804 4793 bene
830 4747 1146 4810 tractantur,
1176 4747 1456 4806 inhabitat.

417 4825 576 4881 Vens.
611 4827 696 4883 61.
723 4830 860 4884 -Ει
891 4833 1128 4916 tradidit.
1153 4836 1352 4911 (Cass.)
1377 4843 1432 4898 Si
1455 4847 1597 4900 enim
1628 4863 1752 4904 cum
1781 4865 1910 4919 pec-

342 4917 614 4973 catoribus
656 4926 711 4974 et
749 4921 875 4976 boni
923 4927 1205 4982 traduntur
1232 4931 1561 5001 captivitati,
1596 4917 1912 4998 exercitium

340 5016 439 5072 est,
475 5019 579 5064 non
607 5011 660 5065 in
685 5022 863 5070 mente
890 5019 1084 5086 captivi
1108 5030 1248 5076 sunt.
1281 5023 1395 5091 Vel,
1425 5027 1562 5083 hosti
1590 5033 1790 5100 traditi,
1817 5038 1912 5092 sed

342 5098 492 5155 liberi
524 5112 579 5156 et
605 5103 715 5159 Deo
743 5105 1035 5176 conjuncti.
1085 5107 1338 5170 Virtutem
1365 5135 1562 5174 eorum.
1596 5098 1785 5198 (And)
1807 5127 1910 5182 Ar-

339 5189 487 5245 bitrii
533 5192 834 5250 libertatem
885 5198 1174 5269 imminuit,
1217 5212 1271 5260 ot
1315 5207 1544 5266 virtutes
1592 5189 1812 5270 abstulit
1853 5219 1910 5271 in

341 5282 521 5347 malis,
550 5286 690 5353 quod
722 5302 829 5342 non
865 5291 935 5345 sit
961 5290 1014 5354 in
1055 5294 1232 5362 bonis,
1268 5297 1396 5354 licet
1416 5316 1539 5356 cum
1558 5304 1714 5360 malis
1744 5306 1909 5364 inter-

340 5370 466 5423 dum
497 5373 835 5443 captlventur
857 5381 1226 5449 corporaliter.

409 5459 574 5522 Vens.
615 5469 701 5524 65.
725 5503 795 5512 —
822 5473 890 5528 Et
921 5477 1175 5533 excitatus
1202 5490 1296 5534 est.
1331 5481 1503 5552 (Cass.
1530 5495 1584 5542 et
1609 5489 1770 5562 Anc.)
1795 5489 1905 5546 Mo-

338 5559 710 5617 reshominum
727 5564 952 5623 Domino
969 5571 1174 5636 tribuit,
1192 5585 1410 5644 pr0pter
1422 5593 1509 5632 res
1523 5559 1907 5649 explanandas.

413 5647 683 5722 Tanquam
729 5655 1012 5713 dormiens.
1069 5659 1182 5717 Hoc
1231 5664 1428 5718 dicitur
1475 5684 1504 5721 a
1542 5647 1772 5738 persona
1822 5674 1911 5727 de-

339 5745 620 5811 mentium,
654 5749 744 5816 qui
771 5749 842 5803 ita
868 5759 1088 5820 putant,
1123 5757 1335 5824 quando
1355 5759 1783 5827 periclitantibus
1803 5781 1910 5820 non

340 5838 605 5906 subvenit,
653 5841 772 5895 vino
815 5859 932 5897 esse
970 5848 1328 5917 crapulatum,
1378 5855 1592 5922 quando
1647 5873 1750 5913 non
1800 5869 1849 5913 ta
1879 5877 1910 5913 ιι

2065 627 2282 692 dormit,
2305 635 2358 681 et
2377 633 2460 682 est
2487 627 2715 696 alienus,
2739 641 2792 686 et
2814 631 3208 704 negligentibus
3226 645 3280 690 et
3303 636 3632 707 inﬁdelibus,

2060 720 2151 790 qui
2190 719 2335 772 nulla
2363 735 2492 776 voce
2519 721 2692 782 laudis
2725 723 2809 778 vel
2839 727 3018 796 operis
3042 742 3163 782 eum
3192 731 3446 785 excitant.
3475 732 3632 789 Exci-

2062 816 2207 863 tatur
2231 820 2406 865 autem
2443 801 2510 865 ad
2537 813 2828 868 vindictam
2857 816 3014 872 malis
3049 818 3278 885 actibus,
3306 827 3363 874 ut
3393 822 3480 876 hic
3499 839 3627 893 pec-

2060 903 2196 957 catis
2221 918 2440 969 eorum,
2483 905 2577 974 qui
2617 921 2796 962 arcam
2827 908 2968 964 inter
2995 909 3282 967 simulacra
3311 927 3624 984 posuerunt.

2062 994 2333 1066 Tanquam
2379 1007 2580 1066 potens,
2632 999 2757 1068 quia
2788 1011 2915 1057 tunc
2943 1011 3069 1058 sunt
3095 1004 3341 1061 homines
3382 1008 3448 1062 ad
3488 1008 3624 1063 iram

2058 1084 2265 1153 faciles,
2306 1096 2361 1141 et
2384 1089 2452 1143 ad
2493 1089 2719 1148 virtutes
2755 1100 3017 1162 potentes,
3055 1096 3272 1164 quando
3294 1106 3414 1167 post
3438 1114 3631 1172 crapu-

2058 1175 2165 1230 lam
2197 1176 2262 1230 de
2288 1191 2477 1231 somno
2506 1191 2753 1249 surgunt.
2780 1180 2961 1254 (Αυθ.)
2989 1182 3054 1236 Ει
3077 1184 3329 1240 excitatus
3351 1195 3444 1240 est.
3477 1185 3631 1242 Chri-

2058 1277 2174 1324 stus
2191 1271 2316 1324 vino
2341 1270 2606 1340 passionis
2635 1271 2834 1340 ebrius,
2862 1275 3134 1332 dormiens
3159 1275 3214 1332 in
3236 1278 3502 1348 sepulcro,
3529 1295 3626 1352 e1;-

2057 1359 2251 1416 citatus
2272 1371 2354 1417 est
2373 1378 2403 1416 a
2425 1371 2620 1428 morte,
2647 1371 2900 1435 tanquam
2924 1375 3115 1436 potens
3135 1367 3187 1422 in
3215 1370 3628 1426 resurrectione.

2058 1451 2180 1524 (ln.)
2214 1451 2482 1522 Tanquam
2513 1453 2795 1510 dormiens.
2825 1455 2984 1514 Visus
3009 1466 3092 1514 est
3119 1457 3377 1526 dormire,
3413 1461 3630 1530 quando

2054 1541 2307 1612 populum
2356 1558 2512 1596 suum
2561 1545 2708 1599 dedit
2741 1545 2794 1598 in
2826 1563 3014 1604 manus
3048 1561 3265 1616 eorum,
3307 1563 3446 1620 quos
3472 1551 3626 1606 odit:

2056 1629 2146 1685 ubi
2176 1632 2255 1686 eis
2282 1632 2478 1686 dicitur
2508 1653 2517 1686 τ
2564 1625 2664 1688 Ubi
2694 1645 2767 1690 est
2800 1635 2942 1694 Deus
2971 1641 3134 1694 tuus?

2125 1720 2286 1776 Vens.
2335 1722 2423 1776 66.
2471 1723 2539 1777 Et
2588 1729 2840 1794 percussit
2891 1729 3232 1800 iniquitatem.
3285 1731 3468 1806 (ΔΜ.)
3519 1732 3628 1788 Har

2054 1825 2212 1882 paena
2252 1813 2614 1881 cruciabitur,
2650 1825 2776 1882 etc.,
2812 1836 2974 1890 usque
3007 1822 3075 1874 ad
3113 1823 3443 1892 opprobrium
3485 1825 3627 1880 enim

1978 1901 2028 1963 B
2053 1905 2424 1974 sempiternum
2455 1906 2598 1959 dedit
2625 1906 2750 1960 illis.

2125 1995 2288 2052 Vens.
2334 1997 2421 2051 67.
2461 2028 2530 2036 —
2567 1996 2634 2051 Et
2673 1999 2880 2068 repulit.
2923 1999 3122 2072 (Cass.)
3159 1999 3233 2056 De
3275 2015 3398 2074 rege
3437 2003 3625 2068 David,

2051 2092 2107 2140 et
2134 2085 2251 2140 loco
2281 2087 2448 2157 regni.
2481 2085 2662 2159 (Auc.)
2692 2085 2805 2142 Non
2830 2089 2986 2154 dixit,
3015 2099 3144 2156 etc.,
3179 2107 3339 2162 usque
3360 2091 3428 2146 ad
3456 2096 3534 2150 sic
3562 2080 3625 2148 ;ῐι›

2051 2177 2206 2232 initio
2239 2176 2516 2233 electionis
2556 2177 2794 2234 Hebraeae
2826 2180 3000 2251 gentis
3035 2193 3204 2250 usque
3245 2182 3311 2237 ad
3353 2181 3624 2238 Christum

2047 2267 2314 2336 procedit.

2120 2356 2283 2413 Vens.
2309 2357 2396 2414 69.
2420 2388 2488 2398 —
2511 2355 2683 2425 Sicut,
2714 2367 2820 2416 etc.
2843 2359 3025 2433 (Ana)
3057 2359 3315 2418 Unicorni
3342 2371 3466 2418 sunt
3491 2378 3621 2434 quo-

2046 2466 2164 2506 rum
2191 2450 2344 2506 ﬁrma
2364 2466 2486 2521 spes
2506 2452 2562 2517 in
2583 2468 2747 2507 unum
2774 2453 2902 2508 illud
2926 2454 3171 2525 erigitur,
3187 2454 3251 2509 de
3264 2469 3372 2526 quo
3394 2455 3618 2512 dicitur:

2046 2540 2220 2596 Unam
2242 2543 2368 2613 petii
2406 2561 2438 2597 a
2463 2542 2711 2610 Domino,
2745 2545 2879 2600 hanc
2915 2548 3195 2617 requiram.
3238 2545 3618 2619 Sancti/icium.

2042 2631 2138 2688 Est
2163 2631 2315 2703 plebs
2351 2644 2561 2702 sancta,
2597 2635 2775 2704 regale
2811 2639 3190 2693 sacerdotium.

2113 2725 2276 2781 Vens.
2301 2727 2470 2782 70.-—
2501 2725 2671 2782 David
2711 2745 2934 2785 servum.
2969 2731 3147 2803 (Αυα.)
3201 2731 3302 2800 Qui
3351 2733 3415 2790 de
3457 2733 3616 2802 Iuda,

2044 2827 2175 2884 etc.,
2216 2835 2377 2891 usque
2419 2819 2730 2876 ad:dentes
2774 2821 3026 2880 Ecclesiae
3071 2833 3198 2880 sunt
3239 2824 3314 2881 illi
3351 2843 3449 2898 per
3483 2843 3619 2898 quos

2040 2909 2300 2979 loquitur,
2331 2912 2414 2967 vel
2442 2927 2537 2984 per
2562 2929 2699 2984 quos
2725 2914 2779 2968 in
2807 2930 3003 2986 corpus
3027 2932 3180 2972 suum
3211 2917 3360 2974 velut
3392 2923 3618 2976 mandu-

2041 3001 2213 3055 cando
2250 3011 2474 3057 caateros
2509 3003 2729 3072 trajicit.
2773 3003 2911 3060 Grex
2936 3016 3208 3064 tonsuram
3241 3010 3458 3077 dicitur,
3493 3013 3616 3082 quis

2041 3107 2205 3146 onera
2247 3093 2427 3148 saeculi
2473 3095 2616 3150 velut
2667 3096 2862 3152 vellera
2911 3099 3176 3168 deposuit,
3231 3107 3285 3156 et
3337 3103 3404 3158 ad
3453 3105 3616 3173 pedes

2040 3183 2420 3254 Apostolorum
2450 3201 2633 3241 rerum
2651 3202 2869 3242 suarum
2896 3191 3232 3247 venditarum
3261 3195 3432 3262 pretia
3457 3213 3614 3266 appo-

1958 3255 2006 3322 C
2039 3273 2175 3339 suit;
2214 3273 2496 3331 ascendens
2527 3278 2590 3331 de
2615 3276 2823 3334 lavacro
2848 3280 3131 3351 baptismi,
3161 3285 3404 3356 geminos
3444 3297 3611 3353 creat,

2037 3381 2200 3438 opera
2231 3367 2436 3424 scilicet
2465 3369 2691 3442 geminae
2723 3372 3039 3441 cbaritatis;
3079 3376 3217 3431 unde
3245 3391 3260 3430 :
3289 3375 3480 3432 sterilis
3512 3389 3615 3434 non

2034 3469 2147 3514 erat
2176 3461 2233 3515 in
2265 3462 2376 3527 eis;
2408 3461 2477 3516 ab
2505 3461 2590 3517 his
2611 3463 2901 3520 translatus
2928 3474 3011 3522 est
3030 3466 3296 3534 Christus,
3325 3461 3417 3525 sed
3445 3471 3615 3540 pascit

2034 3567 2224 3623 greges
2256 3552 2310 3607 in
2334 3554 2582 3625 gentibus
2611 3555 2703 3626 qui
2730 3565 2854 3612 sunt
2880 3557 3074 3626 Iacob,
3113 3567 3165 3616 et
3203 3561 3384 3618 Israel.

2106 3637 2271 3698 Vens.
2323 3644 2412 3700 7i.
2452 3676 2521 3685 —
2564 3647 2749 3702 Iacob.
2816 3649 2988 3705 Israel
3034 3649 3390 3708 luvreditatem
3440 3671 3607 3710 suam.

2035 3731 2216 3804 (Αυς.)
2257 3731 2472 3804 Repetit
2509 3752 2521 3788 :
2559 3735 2672 3792 Nisi
2710 3737 2940 3802 dicatur.
2973 3755 3117 3795 nunc
3144 3743 3436 3799 secundum
3468 3747 3612 3800 hunc

2033 3831 2230 3878 statum
2263 3822 2430 3879 Jacob
2451 3843 2628 3882 servus
2658 3847 2671 3882 :
2697 3831 2911 3899 quando
2939 3831 3141 3887 videbit
3170 3833 3306 3889 facie
3327 3835 3393 3890 ad
3419 3836 3609 3892 faciem

2031 3912 2333 3969 ltwreditas.
2377 3913 2530 3972 Unde
2569 3927 2625 3973 et
2657 3935 2851 3976 nomen
2891 3924 3100 3994 accepit
3129 3942 3140 3978 :
3170 3924 3334 3980 Israel
3363 3927 3504 3982 enim
3534 3929 3612 3983 di-

2031 4003 2173 4059 citur
2205 4019 2270 4059 ex
2294 4007 2746 4077 contemplatione
2772 4011 2888 4066 Dei.
2921 4012 3220 4070 Transtulit
3245 4029 3368 4071 eum
3415 4018 3480 4071 ad
3509 4019 3610 4074 hoc

2027 4105 2088 4149 ut
2114 4106 2379 4167 pasceret,
2409 4105 2462 4153 et
2484 4098 2557 4153 ita
2577 4098 2724 4156 fecit.

2100 4187 2262 4244 Vens.
2307 4189 2392 4243 72.
2437 4221 2500 4230 —
2543 4190 2611 4244 Et
2653 4192 2794 4262 pavit
2829 4209 2916 4248 eos
2943 4233 2957 4259 ,
3003 4201 3110 4248 etc.
3161 4193 3342 4267 (Auc.)
3385 4194 3607 4251 Videtur

2026 4279 2188 4344 forte,
2217 4287 2347 4346 etc.,
2373 4296 2534 4351 usque
2562 4281 2632 4335 ad
2662 4283 2841 4337 ethoc
2869 4281 3050 4336 docuit
3069 4284 3214 4352 quod
3237 4285 3364 4355 egit.

2565 4389 2756 4444 PSAL.
2789 4389 3068 4447 LXXVIII.

2099 4480 2264 4534 Vens.
2309 4481 2358 4532 I.
2395 4511 2464 4518 —
2501 4477 2745 4534 Psalmus
2777 4482 2972 4552 Asaplt.
3007 4483 3205 4558 (Cass)
3237 4485 3483 4544 Psalmus
3521 4507 3604 4546 se—

2024 4573 2234 4626 cundus
2261 4572 2326 4626 de
2353 4571 2760 4628 lamentatione.
2803 4572 2961 4628 Genti
2993 4589 3090 4644 pro
3113 4577 3308 4632 duritia
3341 4594 3458 4644 sua,
3483 4597 3604 4652 gra-

2023 4661 2161 4716 viter
2187 4658 2479 4732 aﬂligenda:
2499 4669 2751 4731 precatur
2779 4661 3051 4718 Christum
3078 4665 3386 4742 subvenire.
3420 4667 3604 4725 Mone-

2023 4768 2145 4808 mur
2173 4752 2328 4808 bonis
2358 4754 2725 4824 proximorum
2752 4753 2956 4821 laetari,
2993 4755 3386 4816 calamitatibus
3415 4759 3596 4835 allligi.

2093 4851 2234 4907 Deus
2269 4864 2513 4908 venerunt
2549 4865 2744 4925 gentes.
2778 4854 2900 4927 (11).)
2939 4853 3120 4913 Prima
3148 4869 3228 4915 est
3249 4864 3595 4932 conquestio,

2023 4951 2078 4997 et
2101 4953 2492 4998 enumerantur
2512 4953 2711 5014 quanta
2736 4945 2917 5001 tulerit
2936 4945 3234 5004 Jerusalem
3263 4951 3595 5022 temporibus

2023 5034 2297 5100 Antiochi,
2322 5035 2410 5089 ubi
2444 5051 2550 5090 non
2575 5036 2851 5092 destructa
2872 5039 2989 5105 fuit,
3015 5049 3235 5111 propter
3263 5057 3382 5112 qua:
3405 5045 3591 5118 signa-

2023 5133 2110 5178 tur
2138 5125 2392 5180 Ecclesize
2423 5129 2745 5197 persecutio.
2783 5129 2962 5206 (Anc.)
3010 5130 3287 5187 Venerunt.
3316 5132 3428 5190 Non
3465 5138 3595 5192 dicit

2019 5216 2172 5284 quasi
2212 5217 2494 5286 nescienti,
2532 5229 2638 5276 etc.
2663 5261 2679 5287 ,
2718 5239 2879 5293 usque
2913 5221 2983 5276 ad
3010 5223 3125 5294 jam
3159 5239 3288 5281 vero
3320 5227 3596 5285 evidenter

2018 5316 2145 5362 sunt
2176 5308 2414 5378 impleta.

2090 5397 2158 5452 In
2186 5400 2542 5458 [nereditatem
2565 5414 2728 5459 tuam.
2762 5404 2884 5478 (ιιι.)
2917 5405 2992 5460 De
3017 5409 3214 5479 populo
3243 5411 3439 5477 Israel;
3475 5413 3588 5470 hae-

2018 5492 2219 5546 reditas
2263 5492 2356 5547 Dei
2411 5504 2536 5549 sunt
2595 5497 2782 5560 electi,
2827 5496 2922 5551 sed
2971 5513 3077 5553 non
3128 5502 3415 5569 exemcati;
3461 5520 3591 5578 ergo

2014 5593 2242 5656 possunt
2280 5585 2394 5641 haec
2436 5587 2542 5642 dici
2582 5589 2645 5640 de
2690 5587 3022 5657 temporibus
3060 5601 3184 5661 post
3217 5593 3588 5653 ascensionem

2016 5675 2247 5742 Christi;
2300 5675 2393 5732 sed
2436 5686 2724 5748 antequam
2767 5675 3017 5735 Christus
3055 5683 3314 5747 venisset,
3360 5695 3415 5739 et
3465 5695 3592 5743 tunc

2016 5769 2156 5821 enim
2197 5769 2501 5833 luereditas,
2536 5769 2623 5821 ubi
2646 5767 2951 5838 Prophetm,
2977 5782 3029 5826 et
3061 5775 3234 5829 sancti
3259 5777 3504 5833 conducti
3533 5779 3588 5834 in

2018 5861 2314 5932 Babylone;
2344 5860 2422 5913 vel
2442 5860 2539 5914 sub
2566 5860 2826 5917 Antiocho
2851 5865 3099 5922 maxime.
3133 5868 3333 5940 (Cass)
3361 5869 3513 5939 Quod
3540 5871 3586 5926 si
