4008 6348
531 473 636 533 975
1023 465 1414 524 WALAFRIDI
1453 463 1698 522 STRABI
1736 463 1940 521 FULD.
1981 459 2148 519 ΜΟΝ.
2189 459 2338 518 ΟΡΡ.
2378 459 2556 520 PARS
2593 463 2636 518 Ι.
2672 492 2741 503 -—
2779 461 3250 520 THEOLOGICA.‘
3608 473 3685 531 975

530 591 684 664 quis,
729 595 858 650 etc.,
906 600 1068 654 usque
1119 583 1188 637 ad
1231 581 1386 652 cujus
1426 581 1742 637 circumitus
1784 596 1882 652 per
1929 588 2100 636 totum
2128 582 2180 641 Α
2205 588 2463 648 pereunt,
2509 580 2650 649 quod
2679 581 2769 635 hic
2794 580 2924 636 dicit
2949 595 3054 636 non
3082 585 3333 650 optando,
3360 581 3446 636 sed
3469 585 3686 656 pmpheti.

527 682 744 745 orbem,
777 675 871 732 ubi
898 685 954 731 et
983 674 1286 744 persecutio
1316 673 1393 726 fit.
2205 674 2394 728 zando.
2442 673 2624 746 (Auc.)
2658 673 2795 741 Quia
2830 673 3008 742 justus
3041 687 3149 729 non
3193 672 3469 728 delectatur
3487 675 3543 729 de
3573 693 3688 748 paena

601 772 767 826 Vens.
789 766 845 822 2.
868 796 940 808 --
959 765 1262 820 Marticina.
1291 761 1490 834 (CASS.)
1508 762 1801 829 Cadavera,
1825 761 1976 834 quasi
1996 777 2102 818 non
2205 764 2430 829 inimici,
2463 765 2589 834 quia
2637 781 2745 820 non
2788 782 2912 822 eum
2939 765 3083 830 odit,
3117 765 3210 821 sed
3239 765 3301 819 de
3325 765 3486 821 divina
3502 765 3687 837 justitia,

530 862 690 918 modo
736 861 790 914 in
837 858 1084 915 viventes
1123 856 1370 911 saeviunt.
1423 853 1662 926 Sepelire
1711 855 1928 925 pietatis
1983 861 2097 918 est,
2205 855 2329 925 quia
2361 855 2526 910 Deum
2556 856 2749 927 diligit,
2784 866 3005 912 econtra
3037 854 3263 925 injustas
3307 855 3443 912 facit.

531 951 767 1020 abjicere
799 947 1152 1004 crudelitatis.
1189 945 1527 1015 E/fuderunt.
1549 944 1670 1016 (11).)
1695 945 2012 1017 Exaggerat,
2046 953 2104 998 ut
2277 951 2440 1007 vus.
2481 952 2568 1007 Η.
2610 983 2680 993 -
2707 949 3150 1023 Compeditorum.
3193 953 3367 1025 (Acs)
3395 953 3691 1027 Corruptibili-

526 1045 760 1113 iudicem
793 1050 1024 1096 moveat.
2207 1049 2313 1096 tate
2337 1042 2518 1097 carnis
2535 1083 2552 1109 ,
2585 1058 2704 1113 qua:
2731 1053 2990 1114 aggravat
3015 1047 3277 1108 animam,
3319 1060 3408 1115 per
3433 1061 3568 1115 quam
3592 1063 3690 1118 pne.

602 1134 763 1190 Vens.
807 1132 862 1186 4.
892 1162 962 1172 --
992 1128 1164 1184 Facti.
1211 1128 1409 1200 (Cass)
1455 1127 1635 1183 Gloria
1663 1127 1961 1183 Jerusalem
1995 1134 2104 1182 toto
2203 1131 2348 1186 valet
2377 1131 2664 1202 aliquando
2684 1143 3003 1204 persecutor
3035 1153 3047 1188 :
3074 1135 3174 1190 bas
3212 1136 3480 1206 compedes
3500 1154 3587 1193 non
3609 1156 3692 1196 sen~

529 1229 662 1285 orbe
688 1225 951 1282 mirabilis
980 1238 1137 1278 versa
1168 1231 1251 1277 est
1286 1222 1339 1275 in
1364 1221 1696 1292 opprobrium
1717 1221 1930 1286 vicinis,
1961 1220 2104 1290 quod
2207 1220 2348 1276 tiunt
2407 1221 2512 1277 nisi
2566 1222 2675 1290 illi,
2727 1225 2819 1294 qui
2873 1225 3230 1296 ingemiscant
3279 1228 3498 1296 gravati;
3541 1229 3595 1283 ab
3635 1231 3691 1284 bis

529 1320 747 1392 gravius
772 1325 856 1373 est
901 1331 1062 1386 quam
1088 1315 1133 1370 si
1175 1313 1430 1379 remotis,
1461 1314 1588 1384 quia
1628 1313 1682 1367 hi
1711 1321 1838 1368 sunt
1880 1311 2100 1368 assidui.
2206 1311 2458 1382 cupiebat
2511 1313 2731 1369 dissolvi
2765 1315 3091 1386 Apostolus,
3125 1325 3181 1371 et
3213 1331 3328 1372 esse
3367 1333 3478 1373 cum
3514 1317 3689 1375 Christo.

528 1411 644 1477 Vel,
671 1408 864 1474 vicini,
911 1407 1241 1470 affectiones,
1287 1405 1604 1476 propinquis
1641 1404 1755 1475 jam
1798 1404 2105 1460 volentibus
2207 1401 2326 1469 Vel,
2358 1405 2645 1474 compedes
2679 1415 2804 1460 sunt
2841 1398 3110 1477 przccep'ta
3142 1406 3256 1472 Dei,
3287 1407 3467 1477 quibus
3505 1409 3694 1481 colligan-

527 1506 769 1568 credere,
797 1511 858 1557 ut
884 1510 1150 1573 martyres
1178 1500 1282 1554 hoc
1311 1499 1510 1553 dicant.
2206 1505 2297 1552 tur
2325 1498 2522 1565 sancti,
2554 1514 2674 1569 qua:
2695 1501 2966 1569 patienter
3008 1508 3308 1556 sustentata
3355 1501 3405 1556 in
3449 1514 3692 1558 ornamenta

599 1590 1238 1663 Vens.5.—Usquequo,
1270 1589 1528 1643 Domine?
1558 1588 1758 1662 (Cass)
1783 1589 2104 1661 Deprecatio
2205 1598 2508 1656 vertuntur,
2562 1592 2706 1646 unde
2742 1609 2755 1644 :
2799 1591 2967 1662 Injice
3006 1592 3187 1663 pedem
3234 1601 3374 1646 tuum
3413 1593 3463 1648 in
3497 1596 3694 1663 compedes

529 1703 628 1760 pro
653 1697 808 1758 parte
834 1699 931 1740 sua
957 1691 1145 1738 contra
1177 1680 1424 1735 inimicos
1446 1688 1502 1734 et
1525 1679 1846 1736 insultantes
1873 1681 2098 1746 vicinos;
2206 1684 2318 1755 ejus
2343 1683 2532 1756 (Eccli.
2550 1684 2649 1755 vr).
2669 1683 2872 1756 (Cass)
2899 1685 3338 1756 Compeditorum,
3363 1685 3423 1739 ad
3445 1685 3633 1741 litteram
3653 1687 3695 1741 de

526 1780 680 1850 quasi
734 1778 809 1833 illi
849 1777 925 1831 ita
958 1775 1188 1830 smviunt
1234 1791 1246 1826 :
1293 1772 1422 1838 Sed,
1446 1788 1480 1828 o
1513 1773 1759 1837 Domine,
1791 1775 2105 1844 usquequo?
2206 1778 2292 1833 bis
2319 1777 2484 1844 dicit,
2511 1793 2644 1847 quos
2673 1777 2898 1849 gentiles
2942 1778 3272 1833 vinxerunt:
3303 1777 3390 1848 qui
3425 1795 3533 1833 cum
3555 1781 3696 1849 gemitu

529 1873 709 1944 (Auc.)
742 1871 914 1942 Rogat
943 1883 1008 1923 ne
1037 1882 1207 1937 usque
1236 1867 1291 1920 in
1320 1865 1480 1922 finem
1509 1867 1795 1931 irascatur,
1821 1867 1873 1920 id
1900 1876 2002 1932 cst,
2036 1883 2104 1921 ne
2207 1877 2386 1934 orant,
2423 1876 2484 1922 ut
2517 1867 2762 1922 Ecclesia
2793 1867 2846 1922 in
2884 1867 3145 1922 fratribus
3173 1883 3278 1922 non
3320 1867 3540 1931 deficiat,
3575 1875 3618 1921 et
3647 1868 3696 1921 sic

527 1966 614 2020 illa
651 1963 882 2018 vastatio
904 1969 1236 2031 perseveret,
1269 1959 1362 2014 sed
1395 1967 1658 2030 temperet
1687 1960 2098 2015 correctionem.
2132 1944 2180 2006 Β
2207 1975 2300 2016 eos
2319 1973 2481 2030 ptena
2502 1960 2790 2015 consumit.
2817 1957 3121 2014 Secundum
3144 1959 3544 2031 magnitudinem.
3569 1959 3696 2029 (Are)

525 2054 754 2110 Nomine
777 2056 874 2109 ira!
889 2094 903 2120 ,
941 2053 1175 2107 vindicta
1217 2051 1522 2121 iniquitatis
1549 2050 1836 2121 accipitur,
1885 2052 2103 2108 nomine
2207 2051 2316 2108 Res
2341 2053 2485 2107 enim
2518 2060 2628 2106 tam
2652 2068 2846 2124 magna
2867 2052 2919 2106 in
2941 2051 3266 2112 Christianis
3287 2061 3456 2107 secuta
3479 2062 3566 2115 est,
3586 2067 3697 2121 quam

529 2147 647 2214 zeli,
675 2147 887 2202 exactio
933 2144 1233 2209 castitatis,
1262 2157 1331 2197 ne
1360 2143 1538 2196 anima
1579 2158 1609 2196 a
1635 2141 1745 2197 Deo
1783 2143 2098 2198 fornicetur.
2207 2158 2484 2213 nunquam
2507 2142 2789 2198 crederent
2812 2141 3035 2196 inimici.
3063 2140 3254 2207 Filios,
3280 2142 3396 2211 quia
3423 2142 3598 2196 accensi
3615 2151 3696 2194 sunt

529 2238 804 2302 Nota,boc
819 2252 917 2307 pro
939 2235 1176 2305 peccatis
1196 2234 1415 2288 evenire
1429 2232 1757 2299 hominibus,
1783 2233 1908 2290 licet
1915 2234 2101 2304 justis,
2206 2232 2484 2302 exemplo,
2519 2247 2625 2286 non
2659 2231 2869 2287 territi.‘
2904 2228 3128 2286 Posside
3157 2231 3294 2300 ﬁlios
3331 2231 3694 2299 mortiﬁcatontnt.

526 2329 663 2385 sicut
692 2337 803 2383 tres
822 2327 994 2398 pueri,
1017 2335 1072 2381 et
1095 2325 1372 2395 Propheta:
1398 2325 1450 2378 in
1480 2325 1789 2394 captivitate
1812 2333 2096 2380 testantur.
2207 2325 2330 2398 (lo.)
2380 2320 2496 2380 Hoc
2544 2341 2760 2397 semper
2811 2333 3105 2381 oraverunt
3156 2324 3322 2380 sancti
3371 2332 3620 2394 martyres,
3653 2337 3696 2376 ne

535 2419 683 2475 Velut
712 2421 866 2491 ignis.
898 2418 1019 2490 (ln.)
1053 2418 1162 2474 Ure
1191 2419 1400 2484 tandiu,
1425 2418 1597 2474 donec
1620 2434 1811 2472 aurum
1839 2420 2101 2474 vi:tutum
2207 2417 2578 2473 infructuosus
2600 2426 2744 2473 esset
2773 2417 3008 2487 posteris
3054 2415 3274 2488 sanguis
3297 2430 3504 2478 eorum,
3533 2423 3579 2466 ut
3614 2413 3695 2466 inde

524 2513 765 2584 perfecte
795 2523 1075 2584 purgetur,
1109 2512 1271 2582 ligna,
1297 2511 1352 2566 id
1377 2520 1459 2566 est
1476 2512 1633 2576 vitia,
1655 2513 1983 2567 cinerentur.
2218 2521 2492 2569 cresceret
2508 2527 2682 2585 seges,
2707 2511 2848 2567 unde
2869 2511 3163 2583 putabatur
3185 2509 3434 2580 peritura.
3457 2505 3617 2578 (ϐιεε.)
3633 2503 3694 2556 Pi:

595 2604 755 2660 Vens.
786 2604 838 2657 7.
861 2634 930 2643 —
949 2599 1318 2657 Comederunt.
1351 2599 1534 2673 (Auo.)
1563 2601 1826 2656 Ferarum
1849 2603 2103 2658 dentibus
2205 2604 2466 2674 precatio,
2506 2619 2574 2659 ne
2598 2602 2737 2658 filios
2764 2617 2949 2657 eorum
2980 2601 3252 2672 projiciat,
3281 2599 3368 2669 qui
3391 2613 3479 2668 pro
3499 2614 3552 2652 eo
3574 2595 3692 2666 puniti

525 2697 804 2753 tradendo.
831 2696 1232 2759 Desolaverunt,
1259 2693 1544 2749 eversione
1564 2693 1834 2758 civitatis,
1874 2711 1992 2764 qua:
2021 2695 2100 2750 ci-
2207 2702 2351 2750 sunt.
2388 2692 2642 2760 Posside,
2679 2710 2748 2749 ne
2774 2709 2880 2763 quo
2905 2708 3094 2748 errore
3124 2691 3464 2746 maculentur.

521 2787 679 2842 vibus
707 2785 821 2841 suis
846 2784 1047 2840 nudata
1079 2793 1182 2848 est,
1207 2783 1313 2847 vel,
1339 2784 1465 2853 quia
1495 2783 1812 2838 occiderunt
1837 2785 2098 2839 substitu-
2284 2786 2450 2843 Vens.
2498 2785 2584 2841 12.
2613 2817 2684 2826 -
2709 2779 2778 2839 Et
2828 2785 3002 2840 redde.
3041 2783 3242 2856 (-Csss.)
3275 2783 3380 2838 Etsi
3423 2780 3695 2851 corporaliter

521 2886 608 2934 tos
628 2877 745 2933 loco
771 2877 971 2932 civium
987 2875 1320 2938 occisorum;
1346 2873 1513 2928 Jacob
1533 2889 1634 2944 pro
1655 2874 1894 2939 homine,
1917 2877 2097 2941 homo,
2208 2883 2384 2939 reddit
2407 2925 2422 2949 ,
2450 2882 2597 2939 salus
2639 2891 2721 2938 est
2751 2890 2929 2936 tamen
2961 2880 3158 2934 anima:
3189 2893 3390 2934 eorum.
3434 2875 3691 2946 Septuplunt,

520 2969 732 3026 scilicet
773 2983 872 3038 pro
898 2974 1078 3036 gente,
1107 2979 1228 3035 quae
1260 2961 1500 3018 oﬂ’endit.
1531 2963 1732 3019 Gratus
1754 2965 2094 3035 patriarcha,

2206 2974 2592 3046 perfectionem
2620 2974 2747 3030 doni
2774 2973 3011 3029 caelestis
3031 2971 3316 3044 signlticat,
3343 2968 3534 3041 quando
3551 2967 3690 3037 Spiritu

525 3071 584 3115 ut
604 3059 720 3129 ejus
744 3058 1006 3114 memoria
1021 3064 1243 3130 peccata
1269 3055 1450 3126 populi
1472 3055 1890 3127 mitigetJacob.
1913 3057 2098 3130 (Auc.)

2208 3079 2396 3126 sancto
2423 3069 2715 3140 replemur.
2744 3069 2813 3124 In
2841 3069 2982 3123 sinu.
3010 3068 3066 3121 In
3092 3075 3301 3123 secreto
3321 3066 3602 3126 animorum,
3635 3060 3691 3114 ubi

524 3152 652 3208 Haec
672 3159 755 3207 est
775 3165 936 3222 supra
961 3149 1102 3204 dicta
1123 3143 2097 3218 baereditasLocus.(Csss.)Civitas,
2207 3162 2268 3218 ﬁt
2315 3163 2616 3218 οοηγειιείο,
2667 3161 3091 3232 “mammam,
3143 3175 3243 3228 ριιο
3295 3155 3488 3226 injuriis
3530 3153 3692 3210 reddan‘

521 3245 610 3299 “bi
643 3243 918 3312 templum:
963 3255 1068 3310 (1υο
1097 3238 1569 3309 congregabantur
1593 3237 1662 3292 ad
1689 3236 1846 3292 ίθδίδο
2131 3311 2170 3325 ﬁ
2205 3253 2392 3310 laudes
2422 3271 2436 3308 :
2467 3253 2700 3325 gloriosa
2730 3251 3046 3316 vindicatio,
3078 3251 3294 3320 quando
3320 3247 3613 3302 inimicorum
3633 3256 3693 3297 ore

590 3311 768 3391 Vsns.
779 3334 832 3389 8.
861 3363 932 3374 ——
950 3330 978 3384 1
985 3331 1296 3402 niquitatum
1319 3339 1638 3383 nostrarum.
1665 3325 1878 3400 (Βιυλ.)
1908 3328 1966 3384 ld
1990 3337 2095 3396 est,
2125 3311 2172 3375 (ἶ

2125 3311 2172 3375 C
2203 3345 2454 3419 lapdatur
2468 3311 2640 3399 Eleus.
2669 3343 2766 3398 Vel
2787 3311 3112 3414 septuplum:
3148 3341 3397 3414 Septupla
3423 3337 3692 3394 retributione

521 3442 654 3498 quas
673 3442 704 3480 a
723 3423 968 3497 patribus
987 3421 1378 3485 contraximus,
1404 3419 1603 3490 quibus
1626 3418 1833 3475 scilicet
1853 3417 1968 3488 jam
1991 3436 2100 3477 non

2203 3417 2592 3508 perfectionem
2627 3449 2805 3504 poenae
2849 3433 3150 3506 signiﬁcat,
3205 3433 3340 3488 sicut
3387 3440 3438 3486 et
3479 3430 3536 3484 de
3568 3425 3691 3486 bouis,

521 3519 746 3575 debetur
774 3513 1061 3578 correctio,
1113 3511 1212 3568 sed
1264 3509 1568 3576 damnatio,
1599 3509 1704 3564 nisi
1746 3509 1886 3565 adsit
1910 3511 2102 3583 gratia:
2203 3543 2328 3584 cum
2355 3528 2555 3584 dicitur
2581 3526 2886 3598 septumum
2909 3527 3141 3598 accipiet
3171 3527 3223 3581 in
3246 3525 3345 3581 hoc
3372 3523 3543 3580 smul.)
3568 3517 3693 3588 ,ηυοιι

521 3618 626 3664 ιυίθ
655 3605 950 3662 miserati“
985 3603 1258 3673 Scriptum
1289 3610 1373 3696 cf"
1401 3601 1546 3656 enim
1575 3618 1588 3655 ³
1614 3599 1805 3655 Anim“
1831 3619 1950 3672 qua?
1983 3619 2102 3672 Ρεο·
2202 3625 2436 3696 positum
2459 3631 2542 3678 est
2560 3637 2660 3694 pro
2684 3623 2936 3677 omnibus
2959 3621 3139 3688 bonis,
3168 3619 3322 3692 quasi
3341 3617 3462 3674 nihil
3485 3615 3693 3670 habentes.

524 3703 716 3756 caverit
741 3701 855 3770 ipsa
881 3699 1150 3753 morietur.
1186 3696 1268 3758 Et,
1306 3693 1535 3750 Visitabo
1557 3705 1772 3765 peccata
1807 3705 2018 3766 patrum
2046 3697 2102 3752 in

2203 3693 2256 3771 et
2280 3715 2462 3771 omnia
2492 3693 2854 3784 possidentes;
2887 3711 3013 3782 quia
3042 3711 3098 3766 in
3131 3712 3231 3766 hoc
3261 3723 3473 3766 numero
3491 3699 3693 3777 plenitudo

520 3792 698 3860 ﬁlios,
757 3806 917 3860 usque
973 3790 1028 3842 in
1079 3789 1287 3842 tertiam
1335 3796 1381 3840 et
1416 3796 1660 3857 qmrtam
1713 3788 2101 3857 generationem

2203 3805 2672 3879 significatur.__Vel
2685 3805 2996 3877 septuplum,
3014 3821 3114 3876 pro
3128 3805 3358 3860 infinito.
3375 3799 3692 3874 Impmperiull.

523 3881 930 3953 (Ειθσῆικνιιιο)
959 3880 1326 3971 Απιῑςιιανιιίηιο
1343 3877 1499 3947 (01⁸³⁸
1523 3878 1543 3948 )
1567 3877 1682 3933 Νοη
1711 3879 1841 3934 die“
1869 3881 1935 3936 de
1959 3897 2100 3952 Ρη·
2203 3877 2387 3971 (dum)
2418 3898 2532 3954 Hoc
2574 3899 2768 3963 redde,
2809 3896 2860 3951 id
2886 3906 2993 3961 est,
3017 3912 3116 3967 pro
3145 3896 3251 3952 isto
3278 3893 3542 3966 opprobrio
3563 3889 3612 3942 da
3633 3900 3695 3941 eos

522 3974 695 4029 teritis
727 3980 966 4038 tantum,
997 3985 1122 4026 cum
1149 3981 1205 4027 et
1247 3970 1351 4024 hoc
1395 3979 1636 4040 tempore
1664 3971 1885 4040 quidam
1930 3971 2100 4028 Judaei

2203 3970 2256 4046 in
2286 3991 2572 4062 reprobum
2605 4005 2842 4045 sensum.
2876 3988 3048 4043 Homo
3086 4003 3334 4058 namque,
3360 4001 3470 4042 cum
3511 3983 3634 4036 datur
3659 3979 3693 4031 in

522 4067 666 4122 ίάο¹³
717 4074 1105 4136 sequeremur;
1147 4063 1240 4119 Sed
1289 4062 1543 4118 Simulum
1583 4065 1849 4135 anu‘IUiso
1905 4066 2102 4136 quibus
2203 4083 2494 4154 reprobum
2519 4097 2758 4145 sensum,
2793 4080 2848 4136 id
2871 4092 2977 4146 est,
3010 4080 3063 4134 in
3105 4079 3348 4136 interiori
3374 4091 3535 4140 sensu,
3555 4069 3696 4139 accipit

522 4159 821 4215 innumeris
851 4158 1008 4214 annis
1043 4167 1421 4228 peccaverunt.
1450 4157 1762 4229 Asticipent.
1791 4157 1916 4230 (ln.)
1960 4159 2101 4215 Ante
2201 4174 2584 4244 suppliciorum
2609 4173 2861 4229 meritum
2884 4171 3210 4227 [ιιιυι-οι-υιη,

516 4249 780 4320 judicium
811 4248 956 4319 quod
998 4248 1151 4304 timet
1195 4249 1371 4303 omnis
1402 4248 1582 4314 homo,
1615 4250 1740 4319 quia
1787 4249 1890 4305 nisi
1924 4251 2099 4306 indul-

2272 4262 2436 4319 Vsns.
2469 4264 2557 4318 15.
2585 4293 2658 4304 -
2689 4262 2802 4317 Nos
2833 4274 3024 4317 autem.
3056 4261 3260 4335 (Cass)
3290 4257 3548 4317 Conclusio
3565 4249 3691 4308 exsul-

521 4343 699 4412 gentia
748 4341 1046 4413 praeveniat
1081 4341 1134 4395 in
1179 4341 1422 4411 judicio,
1471 4356 1577 4395 non
1626 4340 1922 4398 absolvitur
1950 4359 2093 4400 reus.
2202 4356 2390 4422 ιθιίνε,
2445 4371 2552 4410 non
2605 4355 2905 4421 victorum,
2950 4356 3041 4411 sed
3095 4355 3426 4426 patientium.
3465 4342 3692 4406 Et,suavis

524 4435 717 4490 Nimis.
752 4434 829 4489 Ne
854 4435 976 4505 quis
1004 4435 1069 4489 de
1096 4435 1305 4490 actibus
1328 4442 1638 4504 praesumat.

2199 4445 2476 4501 conclusio
2507 4445 2932 4501 lamentationis.
2967 4445 3149 4518 (Δυς.)
3177 4445 3290 4500 Nos
3312 4455 3491 4499 autem.
3516 4439 3592 4495 lla:
3609 4440 3691 4490 sunl

597 4524 755 4582 Vsus.
801 4525 852 4581 9.
899 4554 966 4565 —
993 4524 1220 4594 Adjuva.
1270 4523 1472 4596 (Ciss.)
1513 4523 1570 4580 ln
1597 4525 1736 4582 bello
1769 4525 2098 4586 defensionis
2200 4538 2444 4608 reliquiae
2472 4555 2502 4593 a
2524 4537 2782 4592 Matatliia
2804 4548 3162 4608 congregatae.
3194 4536 3307 4604 Vel,
3336 4532 3630 4608 generaliter,
3651 4524 3692 4577 de

519 4617 716 4687 legum,
743 4615 870 4686 quia
897 4630 1006 4670 non
1036 4618 1091 4670 in
1121 4615 1253 4682 SUiS,
1281 4615 1374 4670 sed
1399 4615 1455 4670 in
1487 4615 1774 4674 νίτωιίιηιε
1922 4621 2094 4676 ΟΟΠΠ-
2121 4668 2174 4730 D
2199 4634 2347 4690 omni
2402 4649 2600 4705 genere
2653 4633 2866 4704 piorum
2922 4649 2985 4688 ac
3041 4647 3290 4686 vel-opum
3345 4627 3691 4684 Christianorum

534 4715 650 4730 ,I,__-A
740 4707 955 4730 h..-...-..
1005 4707 1216 4730 ..Ι-..Ξ-,μ
1291 4706 1403 4730 λτ-..
1459 4718 1680 4730 ..___A-_
1735 4712 1924 4730 __-_!.-,
1952 4728 1979 4730 κ,
2035 4721 2091 4730 κέ.
2304 4727 2314 4730 -
2362 4727 2372 4730 _
2469 4726 2480 4730 _
2925 4724 2935 4730 .
3077 4723 3128 4730 Α.
3185 4722 3197 4730 ι
3258 4722 3269 4730 .
3555 4715 3565 4730 I
3586 4727 3616 4730 __
3644 4704 3689 4730 1L:

522 4715 673 4766 dunt.
734 4707 955 4778 Propter
997 4707 1238 4779 gloriam.
1290 4706 1408 4763 Non
1459 4718 1680 4780 propter
1735 4712 1987 4767 meritum
2035 4721 2095 4766 ut
2124 4704 2174 4730 ν
2202 4704 2577 4797 accipiendum
2607 4734 2727 4791 εει,
2780 4724 3026 4780 “leuam
3070 4722 3404 4778 Christianus
3430 4715 3619 4790 populus
3644 4704 3690 4760 ibi

522 4801 692 4871 erepti
711 4842 725 4868 ,
767 4810 858 4856 tuo
880 4801 1083 4855 nomini
1113 4802 1370 4856 honorem
1399 4802 1703 4856 reddamus.
1740 4800 1962 4872 Propter
1984 4802 2096 4874 910-
2201 4817 2272 4873 sit
2328 4815 2553 4882 mimus;
2603 4816 2691 4870 hic
2726 4824 2811 4870 est
2835 4831 2965 4886 grex
2995 4831 3091 4886 pro
3119 4828 3226 4884 quo
3247 4812 3431 4875 oravit,
3473 4823 3530 4862 ne
3548 4799 3693 4858 (“Illius

522 4893 657 4946 riam
691 4892 917 4946 nominis
947 4891 1043 4945 tui.
1088 4891 1281 4947 Pietati
1320 4892 1490 4946 sancti
1525 4891 1758 4947 nominis
1803 4893 2090 4961 tribuatur,
2203 4905 2682 4977 irasceretur,(ln,)
2708 4903 2823 4969 vel,
2851 4904 2904 4958 in
2931 4904 3282 4974 generatione,
3310 4900 3359 4954 id
3380 4905 3474 4962 est,
3496 4895 3540 4948 in
3562 4890 3691 4944 futuro

521 4996 628 5036 non
673 4981 848 5049 nobis,
880 4982 1022 5053 quod
1065 4982 1276 5037 actibus
1304 4983 1503 5036 nostris
1531 4997 1636 5036 non
1666 4993 1844 5053 potest
1879 4985 2087 5064 haberi.
2199 4996 2398 5052 sacculo
2445 4995 2908 5060 annuntiabimus,
2955 5010 3062 5049 non
3113 5008 3216 5065 pro
3257 4991 3474 5047 aliorum
3512 4985 3688 5041 ίωωκ-

521 5075 726 5146 Adjuva
754 5091 871 5142 nos,
904 5074 1060 5129 Deus.
1091 5073 1194 5129 Per
1221 5074 1323 5128 hoc
1359 5089 1459 5128 nec
1497 5074 1742 5145 ingratus
1765 5085 1849 5131 est
1872 5077 2090 5148 gratize,
2199 5088 2367 5153 tione,
2399 5086 2492 5143 sed
2511 5101 2610 5158 pro
2636 5083 2816 5140 debito
2839 5084 3063 5141 honore.

522 5181 622 5220 nec
666 5164 804 5220 tollit
846 5165 1074 5220 liberum
1121 5163 1424 5220 arbitrium.
1475 5164 1574 5228 Oui
1601 5166 1741 5220 enim
1771 5168 2086 5236 adjuvatur,

517 5213 826 5328 ;.‘.;..;';.'.
846 5213 1086 5328 sine;
1116 5213 2087 5331 manus}..‘i;.;'.i;",.;;:“(3.1;;
2683 5216 3005 5274 PSALMUS
3039 5213 3275 5273 LXXIX-

520 5348 758 5414 Liberat,
791 5348 843 5403 id
873 5356 977 5414 est,
1021 5347 1162 5402 eruit
1187 5363 1217 5400 a
1246 5347 1422 5413 malis,
1452 5364 1574 5404 cum
1599 5358 1655 5404 et
1678 5349 1894 5418 adjuvat
1919 5353 1985 5406 ad
2011 5351 2088 5406 fa-
2265 5348 2433 5408 Vens.
2464 5351 2515 5407 1.
2558 5381 2631 5392 -—
2663 5349 2964 5406 Intellectus
3009 5369 3102 5423 pro
3129 5352 3209 5407 his
3248 5352 3337 5423 qui
3369 5342 3689 5405 commutaban-

516 5440 760 5496 ciendam
798 5439 1090 5510 justitiam,
1123 5447 1178 5493 et
1219 5439 1480 5511 pr0pitius
1527 5449 1610 5496 est
1650 5442 1918 5510 peccatis,
1968 5444 2086 5500 sine
2194 5451 2300 5497 tur.
2330 5440 2514 5514 (Auc.)
2561 5441 2618 5495 ln
2667 5441 2889 5508 melius,
2920 5451 3045 5507 etc.,
3078 5459 3237 5514 usque
3284 5442 3350 5496 ad
3391 5432 3686 5495 testimonium

515 5535 712 5605 quibus
740 5534 828 5588 hic
857 5549 961 5589 non
986 5533 1202 5588 vivitur.
2191 5534 2447 5606 perfidiis.
2478 5533 2672 5605 Asaplr.
2702 5532 3035 5591 llluminatus
3066 5534 3176 5606 agit
3208 5535 3274 5590 de
3303 5534 3512 5589 adventu
3535 5517 3685 5582 Christi

589 5622 752 5678 Vens.
787 5623 870 5677 10.
900 5653 970 5662 —
1001 5622 1084 5677 Ne
1132 5624 1282 5692 forte.
1331 5623 1517 5696 (Αυα.)
1567 5623 1702 5678 lllud
1739 5625 1997 5681 usitatum
2056 5643 2087 5682 a
2193 5631 2337 5686 etde
2365 5631 2519 5685 vinea
2558 5629 2698 5699 ejus,
2729 5630 2927 5684 bonum
2959 5629 3316 5686 testimonium
3348 5625 3409 5683 de
3437 5621 3584 5692 capite
3601 5614 3685 5684 ipso

515 5712 736 5784 perfidis
766 5730 780 5767 :
811 5712 916 5768 Ubi
957 5714 1073 5768 est?
1102 5712 1196 5770 Vel
1224 5731 1328 5768 non
1351 5723 1452 5789 est,
1480 5714 1566 5768 vel
1615 5729 1723 5770 non
1761 5725 1966 5786 potest;
2007 5719 2088 5774 in-
2191 5728 2247 5778 et
2275 5735 2503 5792 corpore
2529 5718 2668 5790 ejus,
2698 5736 2824 5793 rege
2845 5729 2901 5776 et
2927 5721 3100 5791 plebe,
3122 5730 3336 5792 pastore
3362 5728 3521 5790 grege-

516 5805 733 5860 sultatio
755 5822 860 5862 non
888 5803 1125 5861 ferenda.
1149 5804 1464 5858 Innotescat.
1499 5806 1594 5860 Vel
1623 5806 1709 5862 hic
1730 5808 1782 5863 in
1811 5811 2085 5868 conversis
2263 5814 2426 5868 Vens.
2469 5813 2525 5867 2.
2557 5843 2624 5854 -—-
2658 5812 2762 5880 Qui
2815 5813 2971 5885 regis,
3017 5825 3120 5870 etc.
3165 5811 3343 5884 (Auc.)
3381 5808 3471 5864 Hic
3503 5797 3684 5889 loquilllr

511 5897 794 5966 perimitur
817 5896 1088 5962 iniquitas,
1119 5896 1261 5964 quod
1287 5905 1411 5952 ante
1437 5906 1740 5967 optaverat,
1765 5902 1872 5968 vel,
1898 5902 1949 5958 in
1981 5903 2084 5959 [inc
2190 5904 2368 5973 Asaph
2406 5903 2735 5958 illuniinatus
2775 5904 2840 5960 de
2864 5905 3094 5961 adventu
3121 5903 3314 5960 Christi
3337 5943 3349 5968 ,
3374 5898 3456 5970 qui
3477 5886 3682 5952 conteri“
