4008 6348
353 429 455 486 977

1349 429 1612 487 GLOSSA
1645 426 2038 486 0RDINARIA.
2079 457 2150 469 —
2184 425 2310 482 LIB.
2350 425 2595 482 PSALM.

3489 431 3590 486 978

350 550 643 620 hominem,
673 559 729 607 et
773 552 984 608 vineam
1014 552 1081 607 de
1106 549 1342 622 Egypto
1380 550 1628 606 eductam
1674 549 1869 605 solidat
1900 565 1913 602 :
1943 555 1992 611 Α
2022 546 2266 615 incepta,
2315 555 2371 601 et
2409 544 2667 616 perfecta.
2724 545 2880 617 (Anc.
2911 554 2967 600 et
3018 546 3198 620 Cass.)
3263 547 3474 604 Vineam
3526 553 3591 607 de

349 643 454 697 hoc
479 650 562 696 est
589 644 950 700 testimonium
977 659 1075 715 pro
1097 645 1184 699 his
1208 643 1298 714 qui
1320 643 1692 698 immutantur.
1717 635 1917 714 (Cass)

351 730 526 802 Supra
553 733 811 804 trepidus,
842 735 932 804 qui
954 749 1053 804 pro
1076 735 1314 804 peccatis
1342 733 1640 805 Synagogae
1684 731 1874 788 orabat
1901 749 1914 784 :

341 825 454 896 jam
486 829 780 895 praesumit,
827 829 1173 883 commutatis
1218 829 1270 882 in
1316 829 1510 883 melius
1551 827 1916 882 testimonium

347 917 455 970 dat.
484 915 580 972 Hic
595 918 828 986 psalmus
854 918 1149 991 Synagogae
1171 928 1253 974 est
1277 919 1639 975 testimonium
1664 918 1729 973 de
1743 917 1917 986 capite

350 1009 484 1078 ipso,
517 1019 571 1065 et
604 1026 829 1080 corpore
857 1011 992 1081 ejus.
1022 1012 1142 1084 (ln.)
1183 1013 1498 1082 Deprecatio
1526 1010 1681 1080 primi
1713 1011 1917 1065 adven-

349 1112 454 1167 tus,
510 1117 607 1171 per
647 1117 804 1172 quem
848 1104 906 1158 ﬁt
949 1105 1218 1172 reparatio
1259 1103 1471 1174 generis
1516 1101 1758 1156 humani.
1791 1098 1915 1172 (ln.)

345 1197 602 1251 Pet-actus
631 1198 836 1253 deﬁnit.
862 1198 906 1256 Ο
932 1200 1092 1264 Deus,
1120 1199 1214 1253 ﬁli.
1243 1199 1346 1264 Qui
1372 1197 1524 1268 regis,
1541 1196 1914 1266 spiritualiter,

346 1286 538 1352 Israel,
577 1288 817 1344 videntes
864 1299 935 1355 te,
964 1289 1206 1353 Intende,
1248 1289 1302 1342 id
1331 1297 1434 1354 est,
1480 1287 1658 1343 lumen
1699 1288 1915 1358 pietatis

346 1391 507 1446 super
531 1392 628 1432 nos
673 1377 913 1445 infunde,
943 1387 1002 1432 ut
1027 1394 1056 1432 a
1085 1387 1136 1432 te
1163 1379 1332 1433 simus
1363 1378 1532 1442 clari,
1559 1378 1650 1446 qui
1693 1392 1790 1446 per
1816 1391 1916 1431 nos

345 1483 532 1523 sumus
583 1471 873 1525 tenebrosi.
929 1469 1145 1540 Ioseph.
1197 1469 1318 1542 (11).)
1364 1469 1601 1526 Fidelem
1659 1468 1915 1539 populum

345 1560 498 1615 ducis
527 1561 579 1614 in
607 1562 792 1618 caulas
817 1563 933 1628 Dei,
976 1570 1036 1616 ut
1063 1577 1193 1618 oves
1216 1563 1281 1616 ad
1316 1577 1540 1632 pascua,
1573 1563 1639 1616 de
1674 1561 1868 1630 quibus
1896 1577 1911 1614 :

342 1650 490 1706 Alias
529 1668 645 1706 oves
678 1653 840 1707 habeo
865 1669 982 1725 quae
1010 1670 1114 1708 non
1141 1661 1264 1707 sunt
1309 1657 1373 1707 de
1412 1655 1507 1708 hoc
1533 1653 1686 1719 ovili,
1717 1661 1764 1706 et
1795 1652 1915 1706 illas
1947 1642 1953 1648 ’

344 1752 542 1810 oportet
567 1760 646 1796 me
671 1744 950 1809 adducere,
979 1754 1035 1797 ut
1070 1744 1164 1814 ﬁat
1188 1761 1349 1798 unum
1377 1744 1507 1798 ovile
1531 1755 1577 1798 et
1608 1761 1743 1798 unus
1788 1760 1914 1815 pas-

344 1843 427 1887 tor
457 1834 636 1904 (Joan.
667 1839 742 1906 χ).
772 1837 992 1907 Propria
1018 1839 1242 1909 singulis
1269 1840 1432 1894 verba
1460 1857 1472 1892 :
1503 1842 1697 1910 regitur
1724 1839 1911 1906 Israel,

2021 641 2272 711 ngypto,
2289 640 2466 711 quasi,
2497 656 2596 697 nos
2617 640 2752 696 salvi
2772 641 2996 706 erimus,
3022 643 3117 698 sed
3137 642 3374 711 Judaeos,
3396 647 3591 716 quibus

2020 741 2100 787 tot
2128 731 2325 797 fecisti,
2353 733 2596 788 destrues
2631 747 2647 786 :
2677 734 2818 804 quod
2851 748 2957 788 non
2983 749 3084 804 pro
3129 733 3233 790 levi
3275 735 3429 806 culpa
3451 777 3464 802 ,
3496 739 3594 793 sed

2019 824 2144 892 quia
2174 823 2463 878 adventum
2495 823 2695 880 Christi
2723 839 2830 879 non
2856 833 3137 880 noverunt.
3164 824 3292 891 Vel,
3323 825 3454 882 salvi
3479 829 3590 883 eri-

2019 930 2138 970 mus
2166 915 2291 986 quia
2317 916 2392 972 ita
2429 917 2785 988 prtesignasti.
2835 915 3051 973 Vineam
3095 917 3159 972 de
3187 916 3439 990 zEgypto.
3484 921 3591 976 Sed

2019 1023 2208 1079 quare,
2241 1009 2517 1064 destrues?
2546 1011 2649 1064 hoc
2678 1009 2744 1065 de
2772 1007 3100 1066 inﬁdelibus.
3135 1008 3212 1064 De
3235 1009 3486 1081 /Egypto.
3522 1011 3590 1068 Ut

2017 1103 2136 1158 illos
2179 1103 2245 1158 de
2293 1101 2547 1174 Egypto,
2593 1101 2667 1156 ita
2718 1100 3017 1157 Ecclesiam
3054 1102 3118 1156 de
3150 1101 3386 1157 tenebris
3430 1100 3594 1170 ejecit

2016 1196 2270 1251 vitiorum
2315 1213 2329 1248 :
2361 1203 2548 1266 gentes
2573 1193 2776 1265 plantat
2803 1194 2856 1248 in
2879 1193 3167 1250 virtutibus
3187 1233 3202 1258 ,
3244 1202 3299 1248 et
3327 1195 3470 1248 ducit
3494 1209 3592 1264 per

2018 1285 2123 1340 hoc
2147 1285 2417 1340 desertum
2465 1282 2664 1340 saeculi.
2714 1282 2976 1348 Radices,
3036 1294 3304 1355 martyres
3355 1291 3407 1338 et
3455 1284 3590 1340 alios

2017 1378 2202 1434 ﬁrmos
2258 1377 2404 1443 facit,
2444 1385 2500 1432 et
2551 1376 2737 1446 implet
2764 1377 2970 1432 orbem.
3024 1375 3224 1449 (Cass)
3268 1375 3478 1432 Vineam
3527 1378 3592 1432 de

2017 1471 2272 1541 Egypto,
2307 1485 2402 1541 per
2429 1469 2687 1541 mysticas
2729 1467 3101 1540 ﬁgurationes,
3131 1479 3262 1535 etc.,
3309 1486 3472 1540 usque
3521 1469 3592 1524 ad

2017 1577 2138 1632 quae
2162 1562 2235 1615 ita
2262 1576 2360 1630 per
2386 1560 2572 1615 orbem
2602 1559 2826 1616 dilatata
2851 1569 2950 1615 est.
2979 1559 3124 1626 Dux,
3153 1561 3277 1614 dum
3301 1575 3421 1615 eam
3443 1559 3594 1616 ducit

2017 1651 2285 1723 spirituali
2333 1652 2544 1706 itinere.
2594 1649 2847 1712 Radices,
2903 1652 3224 1720 prophetas,
3273 1650 3589 1721 Apostolos,

2018 1753 2288 1815 martyres
2313 1752 2368 1798 et
2391 1743 2546 1808 alios,
2581 1743 2647 1798 de
2676 1745 2872 1813 quibus
2892 1744 3132 1812 palmites
3161 1745 3386 1799 tendens
3433 1760 3590 1799 mun-

2019 1839 2146 1892 dum
2177 1843 2408 1906 occupat
2435 1844 2491 1890 et
2514 1836 2708 1904 operit.
2740 1835 2862 1890 Dux
2886 1837 3109 1890 itineris.
3141 1836 3320 1908 (Aps)
3347 1835 3444 1890 Vel
3487 1837 3591 1891 alia

343 1925 553 1979 ducitur
569 1905 788 1998 Ioseph,
813 1929 864 1984 id
882 1905 990 1995 est,
1013 1905 1238 1988 devotus
1263 1933 1510 2003 populus.
1545 1905 1911 2002 titanifestare.
1942 1905 1988 1966 Β
2017 1925 2195 1980 littera
2213 1966 2228 1989 .
2279 1905 2411 1991 etc.,
2439 1941 2600 1995 usque
2625 1925 2693 1978 ad
2721 1933 2776 1981 et
2805 1941 2913 1980 non
2945 1936 3029 1982 est
3056 1905 3248 1992 altera.
3281 1905 3374 1982 sed
3402 1927 3590 1983 eadem

344 2013 465 2086 (In.)
514 2016 706 2087 Rogat,
754 2027 813 2072 ut
851 2021 942 2089 qui
971 2021 1024 2074 in
1055 2029 1263 2076 secreto
1307 2022 1605 2092 majestatis
1655 2033 1773 2078 erat
1819 2039 1917 2094 per

341 2102 795 2173 incarnationem,
813 2118 1070 2180 appareat
1090 2126 1272 2166 coram
1294 2109 1495 2167 Judaeis
1513 2122 1574 2167 ut
1590 2114 1914 2184 promissum

343 2203 459 2248 erat
475 2235 490 2260 ,
522 2194 724 2252 faciens
760 2199 821 2252 'in
846 2201 924 2254 eis
948 2199 1046 2255 has
1081 2201 1326 2266 virtutes,
1351 2217 1472 2271 quae
1497 2203 1582 2256 his
1609 2204 1916 2260 nominibus

343 2284 644 2354 signantur,
689 2288 968 2359 Ephraim,
1001 2289 1316 2359 Benjamin,
1346 2303 1402 2347 et
1430 2293 1696 2349 Manasse.
1732 2295 1914 2366 (Αυο.)

344 2375 687 2448 Manifestum
733 2397 929 2437 coram.
957 2383 1176 2455 Angelis
1205 2393 1387 2450 notus,
1415 2385 1693 2442 innotesce
1735 2387 1912 2442 homi-

345 2468 524 2524 nibus.

341 2559 346 2562 ’
417 2558 575 2616 Vsus.
605 2565 658 2618 5.
680 2564 960 2620 —-Coram
995 2566 1262 2638 Ephraim.
1299 2567 1480 2639 (Aus)
1508 2568 1566 2624 Id
1610 2577 1712 2638 est,
1756 2553 1915 2639 gente

341 2650 667 2725 Judmorum,
699 2659 788 2714 ubi
814 2660 896 2715 hae
924 2662 1116 2727 tribus,
1162 2662 1371 2718 scilicet
1399 2678 1580 2718 coram
1617 2662 1911 2720 fructiﬁca-

343 2747 488 2804 tione
514 2789 530 2814 ,
577 2759 633 2804 et
677 2748 786 2804 ﬁlio
831 2751 1095 2818 dexterae,
1142 2761 1202 2807 ut
1230 2764 1286 2808 et
1305 2768 1404 2808 nos
1424 2754 1593 2808 simus
1634 2753 1914 2822 plenitudo

342 2839 579 2894 scientiae
624 2855 719 2911 per
764 2843 1106 2910 charitatem,
1161 2859 1281 2915 qua:
1312 2846 1454 2900 Deus
1493 2853 1604 2910 est;
1638 2853 1695 2900 et
1727 2861 1913 2902 coram

341 2930 610 2995 Manasse,
635 2932 685 2986 id
709 2942 811 2998 est,
835 2934 1021 2996 oblito,
1050 2943 1108 2988 ut
1123 2934 1235 3004 jam
1261 2934 1338 2988 illi
1367 2936 1554 2989 venias
1576 2935 1629 2988 in
1653 2945 1908 3002 mentem,

335 3025 490 3095 juxta
550 3023 676 3078 illud
742 3043 755 3078 :
792 3024 1210 3081 Reminiscentur
1236 3067 1251 3092 ,
1297 3037 1342 3080 et
1391 3035 1750 3080 convertentur
1789 3026 1911 3080 uni-

341 3115 473 3168 versi
507 3115 636 3182 ﬁnes
671 3124 840 3170 terrae.
868 3116 990 3188 (ln.)
1027 3116 1237 3170 Excita.
1288 3117 1535 3188 Repetit,
1575 3126 1706 3183 etc.,
1752 3134 1912 3187 usque

341 3207 410 3258 ad
467 3206 755 3261 cruciﬁxus
805 3223 871 3262 ex
919 3207 1262 3274 inﬁrmitate,
1313 3223 1535 3278 resurge
1585 3223 1651 3262 ex
1691 3207 1908 3262 virtute.

342 3294 540 3364 (Cass)
569 3296 752 3350 Ea'cita
777 3300 1057 3365 potentiam
1079 3299 1478 3364 miraculorum,
1505 3307 1633 3364 etc.,
1659 3317 1820 3370 usque
1841 3303 1910 3354 ad

340 3387 484 3443 unde
511 3407 525 3442 :
549 3385 750 3444 Fidelis
782 3389 942 3457 Deus,
963 3392 1051 3463 qui
1075 3407 1177 3447 non
1197 3391 1398 3463 patitur
1416 3407 1502 3448 vos
1525 3391 1713 3447 tentari
1749 3407 1910 3462 supra

338 3477 393 3547 id
417 3481 554 3548 quod
582 3483 811 3551 potestis,
839 3490 944 3538 etc.
971 3483 1023 3555 (Ι
1047 3483 1168 3538 Cor.
1193 3483 1272 3554 χ).

409 3570 574 3626 Vens.
597 3575 650 3626 4.
674 3604 744 3613 -—
771 3572 984 3628 Faciem
1011 3585 1174 3629 tuam.
1199 3574 1378 3647 (Aps)
1400 3575 1526 3630 Haac
1547 3575 1714 3632 facies
1733 3576 1910 3632 velata

340 3658 441 3715 fuit
486 3661 668 3732 Asapb
719 3672 962 3734 tempore
1012 3665 1340 3722 inﬁrmitatis
1383 3666 1614 3732 Christi,
1673 3677 1729 3723 et
1784 3677 1910 3724 tunc

341 3753 624 3822 :egrotavit
653 3754 857 3824 Asaph,
883 3771 989 3810 non
1017 3757 1206 3811 valens
1231 3758 1428 3812 intueri
1459 3759 1694 3814 velatum
1721 3761 1864 3815 nube
1893 3779 1906 3813 :

339 3843 404 3897 de
429 3858 533 3912 qua
563 3845 786 3900 dicitur:
816 3845 1056 3900 Ascendit
1082 3847 1224 3901 Deus
1250 3865 1406 3917 super
1431 3849 1616 3902 nubem
1644 3849 1831 3916 levem,
1857 3857 1911 3904 et

341 3935 562 3990 intrabit
589 3937 676 3991 vel
716 3937 1046 4008 ingredietur
1072 3938 1388 4011 Egyptum,
1445 3941 1499 3995 id
1543 3950 1654 4007 est,
1688 3957 1908 3998 carnem

343 4031 634 4088 immunem
680 4048 710 4088 a
761 4043 1012 4103 peccato;
1063 4035 1380 4092 illuminavit
1431 4053 1561 4094 vero
1616 4055 1735 4094 eam
1785 4055 1907 4096 cum

344 4125 580 4179 surrexit
603 4132 658 4181 et
682 4127 943 4194 ascendit,
977 4136 1031 4182 et
1060 4127 1136 4182 ita
1164 4127 1455 4184 salvamur.

413 4215 576 4272 Vens.
607 4217 660 4273 5.
683 4250 752 4260 —
773 4219 1052 4292 Quousque
1072 4222 1356 4276 irasceris?
1383 4221 1565 4294 (Aps)
1593 4225 1810 4280 Transit
1829 4225 1909 4280 ira

344 4323 374 4361 a
401 4323 577 4374 servo,
607 4318 668 4364 ut
694 4327 800 4366 non
826 4311 1057 4382 ﬂagellet
1080 4321 1141 4368 ut
1161 4323 1330 4384 patet,
1353 4315 1448 4370 sed
1476 4331 1544 4370 ne
1571 4317 1788 4372 damnet
1819 4335 1831 4370 :
1857 4324 1910 4372 et

341 4401 616 4456 conversis
664 4403 807 4457 enim
835 4403 994 4458 durat
1018 4404 1126 4470 ira,
1171 4406 1265 4460 sed
1294 4405 1587 4476 corrigens.
1648 4405 1910 4478 Flagellat

341 4493 476 4548 enim
510 4509 711 4548 omnem
741 4493 910 4562 [ilium
945 4512 1094 4563 quem
1139 4497 1318 4566 recipit
1345 4496 1480 4566 (Isa.
1512 4513 1587 4562 nt,
1619 4496 1752 4551 Heb.
1787 4498 1906 4566 xu).

2015 2016 2172 2071 vinea
2217 2032 2232 2070 :
2264 2015 2388 2070 inde
2424 2016 2688 2086 Apostoli,
2725 2017 2851 2073 inde
2899 2027 2958 2074 et
2986 2018 3078 2074 alii
3103 2020 3260 2091 justi,
3287 2021 3389 2076 etsi
3425 2021 3590 2093 aliqui

2016 2107 2154 2159 rami
2184 2105 2360 2160 fracti.

2095 2197 2247 2251 Vens.
2281 2197 2365 2260 ll,
2403 2196 2472 2250 12
2511 2227 2581 2238 —
2625 2197 2842 2268 Operuit
2879 2199 3078 2271 (Cass)
3104 2200 3344 2257 Altitudo
3381 2211 3434 2258 ει
3465 2203 3590 2259 lati-

2015 2285 2148 2339 tudo
2177 2284 2347 2340 vineae
2376 2285 2465 2340 hic
2499 2288 2802 2357 exponitur.
2849 2287 3092 2358 Superna
3140 2301 3224 2346 est
3261 2292 3438 2358 vinea,
3472 2309 3592 2364 qua:

2017 2386 2072 2432 et
2123 2385 2334 2432 montes
2362 2378 2720 2446 sublimiores,
2768 2381 2876 2434 vita
2916 2390 2971 2436 et
3000 2383 3242 2438 doctrina
3272 2387 3590 2456 obumbrat,

2017 2474 2073 2522 et
2103 2468 2309 2538 magnis
2336 2484 2582 2524 crescere
2604 2470 2750 2526 facit.
2782 2472 2933 2527 Vites
2951 2515 2966 2537 ,
2996 2490 3116 2544 qua:
3145 2478 3369 2533 arbores
3399 2495 3590 2536 ascen-

2017 2555 2169 2619 dunt,
2194 2556 2409 2610 arbusta
2429 2559 2796 2626 nominantur,
2820 2577 2916 2632 per
2937 2578 3056 2632 qua:
3076 2564 3314 2621 minores
3335 2568 3387 2622 in
3413 2569 3592 2625 Eccle-

2017 2646 2096 2700 sia
2117 2647 2475 2716 accipiuntur.
2501 2647 2677 2714 Cedri,
2707 2668 2811 2705 non
2835 2653 3075 2722 superbi,
3099 2655 3192 2710 sed
3214 2657 3307 2727 qui
3324 2666 3448 2712 sunt
3475 2659 3588 2726 Dei,

2017 2746 2283 2810 martyres
2323 2747 2474 2804 sunt,
2524 2741 2697 2811 quiin
2719 2743 2961 2800 Ecclesia
3001 2745 3095 2800 alti
3131 2756 3274 2813 sunt,
3301 2750 3400 2806 hos
3427 2753 3590 2808 etiam

2015 2828 2256 2884 Ecclesia
2283 2830 2338 2884 in
2386 2831 2591 2900 gremio
2631 2849 2728 2888 suo
2771 2837 3026 2907 protegit.
3057 2835 3404 2910 Propagines,
3454 2843 3592 2901 ﬁlios

2017 2921 2472 2990 regenerationis,
2504 2923 2596 2991 qui
2626 2939 2658 2978 a
2686 2923 2905 2980 ﬂumine
2932 2924 3167 2982 Iordane
3208 2942 3590 2999 manaverttnt,

2017 3011 2140 3080 quia
2170 3012 2243 3066 ibi
2271 3013 2433 3082 coepit
2459 3013 2640 3085 regula
2671 3016 2946 3084 baptismi.
2982 3017 3204 3073 Montes.
3241 3019 3422 3092 (Aps)
3457 3022 3590 3079 Pro-

2016 3101 2220 3170 phetas,
2249 3108 2378 3167 etc.,
2408 3119 2570 3172 usque
2592 3103 2660 3156 ad
2687 3105 2937 3159 similiter
2975 3109 3212 3177 operiunt
3238 3111 3416 3166 cedros
3460 3113 3590 3178 Dei,

2018 3189 2071 3244 id
2099 3191 2497 3256 est,doctores
2552 3192 2744 3248 Cedros
2783 3194 2901 3250 Dei.
2952 3196 3073 3268 (1ο.)
3119 3197 3252 3266 Quia
3296 3210 3419 3255 sunt
3444 3205 3591 3259 cedri

1941 3255 1987 3320 θ’
2016 3285 2339 3350 evertendas,
2383 3286 2597 3358 superbi
2639 3287 2843 3344 scilicet
2882 3289 2972 3358 qui
3027 3299 3154 3346 sunt
3199 3293 3346 3348 cedri
3376 3297 3588 3363 saeculi,

2013 3376 2106 3431 sed
2135 3393 2240 3432 non
2271 3377 2386 3432 Dei.

2085 3468 2248 3524 Vens.
2286 3469 2369 3524 15.
2419 3499 2490 3510 -
2516 3468 2582 3524 Ut
2618 3473 2764 3542 quid.
2791 3472 3018 3528 Miratur
3045 3489 3142 3530 cur
3163 3475 3292 3531 huic
3341 3476 3431 3530 tali
3460 3478 3589 3533 sub-

2013 3569 2186 3616 tracta
2217 3569 2302 3616 est
2333 3562 2538 3616 Domini
2566 3563 2826 3620 defensio.
2857 3565 3038 3637 (Aus)
3070 3564 3138 3620 Ut
3166 3565 3312 3638 quid.
3343 3567 3476 3633 Quia
3503 3585 3592 3622 su-

2011 3652 2176 3721 perba
2216 3651 2317 3706 fttit
2361 3653 2620 3709 adversus
2646 3654 3033 3725 plantatorem,
3067 3666 3122 3712 et
3166 3671 3353 3713 servos
3392 3659 3592 3713 occidit

2014 3744 2081 3797 ad
2113 3759 2170 3798 se
2201 3744 2416 3810 missos,
2448 3753 2502 3800 et
2531 3747 2746 3802 tandem
2779 3747 2945 3803 ﬁlium
2988 3749 3288 3814 heredem,
3320 3750 3591 3806 destructa

2012 3843 2096 3890 est
2123 3836 2358 3889 maceria
2381 3877 2395 3902 ,
2419 3846 2473 3891 et
2503 3837 2822 3892 invenerunt
2862 3855 2982 3893 eam
3008 3847 3194 3911 gentes
3223 3839 3553 3896 destructam
3573 3881 3586 3904 ,

2012 3934 2067 3981 et
2097 3926 2428 3982 deleverunt.
2470 3927 2583 3983 Hoc
2627 3929 2804 3998 primo
2841 3930 3046 4000 plangit
3074 3930 3256 4001 Asaph
3281 3972 3296 3996 ,
3349 3931 3440 3985 sed
3482 3946 3590 3986 non

2013 4021 2129 4076 sine
2155 4037 2249 4092 spe
2282 4041 2294 4076 ε
2325 4021 2392 4077 de
2415 4023 2769 4095 dirigentibus
2797 4025 2940 4080 enim
2967 4040 3062 4080 cor
3080 4025 3196 4095 jam
3223 4024 3480 4094 loquitur.

2083 4112 2247 4166 Vens.
2284 4113 2373 4166 14.
2421 4143 2490 4152 -
2538 4113 2694 4183 Aper.
2721 4113 2878 4183 (Anc.
2910 4122 2966 4170 et
3000 4113 3180 4182 Cass.)
3230 4114 3590 4182 Vespasianus

2012 4201 2171 4256 fortis
2195 4211 2250 4257 et
2273 4216 2464 4266 saevus,
2493 4209 2547 4255 et
2574 4203 2879 4257 contrarius
2902 4201 3122 4266 Judaeis,
3143 4201 3234 4270 qui
3263 4202 3362 4255 hoc
3392 4200 3590 4254 animal

2012 4287 2400 4346 inter'cactera
2445 4291 2644 4346 habent
2675 4291 3029 4345 immundum.
3079 4288 3374 4360 Singularis
3425 4289 3586 4357 ferus.

2013 4386 2188 4445 Titus.
2219 4385 2310 4454 qui
2340 4383 2596 4453 reliquias
2628 4383 2858 4437 terribili
2889 4381 3202 4451 depastione
3224 4380 3586 4449 consumpsit,

2013 4473 2105 4542 qui
2145 4472 2342 4527 dicitur
2369 4470 2682 4540 singularis,
2714 4471 2768 4524 id
2794 4478 2876 4524 est
2933 4471 3215 4540 superbus.
3255 4469 3349 4522 Vel
3379 4484 3476 4538 pro
3499 4481 3588 4523 eo-

413 4582 579 4640 Vsus.
610 4585 663 4640 6.
702 4561 773 4626 .4-
797 4561 1004 4640 Cibabis
1033 4587 1215 4658 (Αυε.)
1243 4561 1476 4657 Exponit
1496 4561 1585 4643 hic
1609 4561 1905 4658 passiones,
1935 4615 1989 4674 Β
2017 4567 2135 4669 ἀξίη
2164 4564 2427 4674 εξείρξυν
2453 4579 2601 4674 at)?“
2635 4573 2690 4617 ει
2719 4564 2862 4666 lem.“
2885 4561 3096 4674 fcf‘ice‘
3125 4562 3585 4674 Romanus‘exel‘
3678 4609 3686 4616 ~

341 4693 476 4748 quas
511 4678 681 4733 sancti
723 4685 963 4748 tempore
1007 4679 1270 4734 adventus
1309 4681 1521 4748 passuri
1562 4689 1705 4736 sunt.
1745 4679 1907 4746 Quasi

344 4769 549 4825 diceret
603 4786 617 4822 :
651 4767 764 4823 Etsi
806 4775 984 4837 optem
1016 4767 1215 4823 Christi
1244 4769 1560 4833 adventum,
1619 4777 1798 4823 tamen
1845 4784 1911 4824 eo

343 4867 586 4928 tempore
627 4858 794 4914 multa
822 4858 1034 4928 passuri
1065 4873 1269 4920 sumus,
1296 4859 1422 4928 quia
1452 4858 1640 4912 cibanit
1663 4899 1677 4923 ,
1705 4867 1811 4914 etc.
1841 4857 1911 4913 In

343 4967 621 5015 mensura,
643 4958 749 5004 etc.
803 4947 984 5020 (Aps)
1014 4948 1120 5004 Pro
1158 4949 1364 5004 viribus
1389 4948 1498 5003 tuis
1535 4957 1594 5003 ut
1620 4948 1908 5015 erudiaris,

344 5057 452 5097 non
482 5041 831 5112 opprimaris;
859 5039 1001 5095 unde
1035 5058 1048 5094 :
1078 5037 1280 5093 Fidelis
1310 5039 1450 5094 Deus
1470 5040 1560 5110 qui
1583 5057 1685 5094 non
1714 5041 1912 5110 patitur

343 5151 431 5189 vos
479 5134 666 5188 tentari
709 5148 898 5204 supra,
927 5137 1034 5187 etc.
1065 5129 1119 5201 (1
1157 5128 1281 5185 Cor.
1320 5129 1400 5202 x).
1426 5130 1559 5196 Vel,
1609 5144 1708 5199 pro
1752 5131 1912 5186 modo

344 5225 644 5296 culparum.

417 5315 579 5372 Vsus.
611 5317 664 5372 7.
682 5314 999 5372 —Posuisti
1020 5331 1114 5372 nos
1134 5315 1192 5370 in
1210 5312 1689 5368 contradictionem.
1708 5309 1910 5384 (Cass)

345 5409 483 5464 Dum
523 5408 710 5475 vicini,
755 5409 848 5478 qui
896 5408 964 5463 de
1009 5407 1203 5470 nobis,
1244 5412 1371 5460 sunt
1416 5411 1606 5459 contra
1636 5417 1753 5457 nos.
1784 5401 1911 5456 lrri-

346 5501 473 5555 dent
497 5499 720 5565 inimici,
744 5513 775 5553 a
796 5497 990 5569 quibus
1019 5495 1288 5560 onmibus,
1316 5504 1377 5548 ut
1396 5491 1528 5548 salvi
1550 5491 1740 5556 simus,
1769 5490 1909 5546 Deus

345 5593 594 5646 uirtutum
609 5631 624 5656 ,
666 5598 773 5646 etc.

417 5685 580 5740 Vsus.
621 5683 674 5739 8.
714 5711 786 5722 -—
824 5680 964 5734 Deus
1001 5680 1270 5734 virtutum.
1325 5673 1504 5747 (Δυε.)
1543 5672 1910 5729 Desiderantis

347 5791 465 5834 mos
477 5787 560 5832 est
581 5774 890 5845 frequenter
911 5779 1153 5842 repetere
1177 5782 1298 5837 quae
1312 5767 1477 5821 tantis
1501 5765 1750 5836 precibus
1767 5775 1906 5819 orat.

423 5870 578 5940 Vsus.
612 5867 662 5944 9,
693 5865 778 5924 10.
800 5893 869 5912 ς·-
893 5861 1128 5932 Vineam.
1155 5857 1354 5936 (Cass)
1377 5859 1454 5915 De
1469 5857 1624 5915 vinea
1642 5855 1910 5928 quomodo

2017 4657 2175 4711 citus.
2198 4655 2265 4710 Et
2283 4656 2404 4711 vide
2423 4653 2618 4725 quibus
2634 4655 2871 4724 peccatis
2885 4654 3098 4708 laboret
3122 4663 3175 4708 et
3195 4664 3382 4724 pereat
3403 4655 3584 4708 homo.

2019 4746 2334 4816 Singularis.
2379 4744 2560 4818 (Arus)
2599 4745 2739 4800 Dicit
2767 4743 2942 4800 omnis
2972 4743 3234 4814 superbus
3259 4762 3272 4798 :
3299 4743 3410 4814 Ego
3452 4761 3584 4807 sum,

2016 4854 2107 4908 ego
2133 4854 2269 4904 sum,
2294 4848 2341 4892 et
2385 4853 2530 4891 nemo
2555 4836 2901 4905 alius.;‘Aper.
2927 4834 3126 4908 (Cass)
3151 4833 3404 4888 Diabolus
3434 4832 3587 4887 fortis

2017 4941 2071 4986 et
2103 4930 2276 4996 ferox,
2304 4931 2368 4985 de
2392 4931 2551 4995 silva,
2579 4929 2704 5001 quia
2731 4928 3088 5000 cogitationes
3113 4926 3230 4995 ejus
3264 4933 3506 4997 agrestes
3533 4934 3588 4980 et

2018 5025 2152 5080 avia:
2191 5033 2336 5080 sunt.
2381 5022 2482 5078 Sed
2513 5032 2589 5088 tu,
2634 5021 2854 5076 Domine
2892 5020 3031 5074 Deus
3062 5004 3330 5074 virtutum.
3376 5015 3471 5071 Vel
3511 5016 3585 5070 ita

2014 5115 2267 5169 continua
2289 5129 2304 5168 :
2330 5113 2408 5167 Ita
2427 5121 2637 5168 vastata
2659 5121 2742 5168 est
2761 5111 2936 5173 vinea,
2969 5109 3062 5164 sed
3089 5117 3149 5163 ut
3166 5107 3408 5176 reliquis:
3425 5105 3585 5163 salvae

2014 5206 2152 5272 sint,
2200 5205 2244 5263 Ο
2279 5205 2420 5260 Deus
2448 5205 2724 5272 virtutum,
2755 5211 3067 5267 convertere,
3097 5200 3154 5255 in
3195 5201 3356 5256 linem
3400 5199 3582 5256 saeculi

2013 5299 2252 5370 supremi
2300 5313 2522 5354 serenus
2549 5299 2750 5369 aspice,
2778 5291 3122 5351 commutatis
3159 5292 3212 5347 in
3243 5291 3434 5346 melius
3481 5290 3583 5346 hoc

2012 5392 2308 5449 remedium
2333 5399 2604 5462 precatur.
2640 5455 2642 5457 ,

2082 5485 2244 5540 Vsns.
2269 5484 2356 5539 16.
2381 5515 2450 5524 --
2469 5482 2537 5538 Et
2573 5483 2759 5554 perfice
2787 5495 2902 5534 eam
2919 5495 3077 5550 quam
3097 5475 3350 5548 plantavit
3369 5475 3580 5529 dextera

2011 5589 2124 5632 tua.
2159 5574 2341 5647 (Aus)
2376 5574 2492 5629 Non
2519 5573 2678 5627 aliam
2705 5567 2943 5633 institue,
2975 5569 3069 5624 sed
3093 5567 3234 5622 hanc
3255 5562 3474 5635 perﬁce.
3522 5564 3579 5617 In

2011 5669 2113 5723 hac
2136 5667 2278 5723 cnim
2305 5673 2386 5721 est
2414 5677 2597 5720 semen
2625 5661 2894 5716 Abrahae:
2921 5660 2995 5714 ibi
3022 5665 3105 5713 est
3128 5655 3281 5710 radix
3306 5669 3425 5725 quae
3453 5668 3579 5724 por-

2011 5770 2090 5818 tat
2114 5761 2426 5817 oleastrum.
2450 5754 2682 5820 Perﬁce,
2708 5754 2830 5825 quia
2871 5754 3076 5808 caecitas
3099 5767 3162 5804 ea:
3193 5755 3340 5821 parte
3367 5746 3578 5814 contigit

2009 5856 2066 5910 in
2101 5851 2284 5916 Israel,
2330 5860 2384 5904 ut
2414 5848 2678 5920 plenitudo
2709 5846 2935 5918 gentium
2962 5847 3198 5910 intraret,
3227 5851 3272 5917 et
3311 5841 3385 5898 sic
3411 5837 3577 5906 omnis
