4008 6348
513 467 617 526 979

1013 459 1407 517 WALAFRIDI
1446 458 1692 516 STRABI
1733 457 1934 516 FULD.
1977 455 2138 516 MON.
2178 458 2325 516 OPP.
2368 456 2546 516 PARS
2584 458 2623 514 1.
2661 489 2727 500 -
2764 454 3211 518 THEOLOGICA.
3584 463 3659 523 Μ

516 582 685 641 Israel
710 582 883 637 saluus
911 578 1060 650 ﬁeret
1089 577 1268 649 (Rom.
1299 574 1423 647 xu).
1454 573 1619 646 Super
1651 574 1841 645 ﬁlium.
1890 573 2088 646 (Cass)
2120 572 2169 637 Α
2266 573 2429 629 Vens.
2463 575 2515 629 8.
2544 572 2699 628 —In
2743 572 3093 639 tribulatione,
3128 580 3229 629 etc.
3259 574 3440 645 (CASS.)
3470 575 3545 633 Sic
3561 576 3660 633 Pro.

518 673 693 745 Super
718 680 774 733 te
816 666 1116 731 fundatam,
1169 678 1299 733 etc.,
1330 683 1489 738 usque
1525 664 1593 720 ad
1641 666 1706 720 de
1748 666 1871 736 igne
1913 673 2092 719 autem

516 763 644 821 boni
667 761 871 819 amoris
894 760 1129 817 dicitur:
1164 757 1345 830 Ignem
1380 758 1491 812 veni
1539 757 1738 811 mittere
1765 758 1821 810 in
1864 766 2087 825 terram,

516 865 566 915 et
589 852 715 925 quid
739 850 873 917 volo,
902 851 1005 906 nisi
1034 859 1090 904 ut
1113 850 1295 903 ardeat
1314 849 1340 902 ?
1363 846 1513 921 (Luc.
1547 846 1673 920 xu.)

589 942 757 999 Vno.
790 941 877 999 18.
907 970 978 983 --
1017 938 1144 995 Fiat
1176 954 1384 994 manus.
1427 938 1628 1010 (Cass)
1671 937 1887 995 Grande
1915 953 2096 995 sacra-

522 1041 782 1100 mentum,
810 1040 866 1089 et
889 1047 1083 1088 munus
1105 1032 1236 1097 Deo,
1266 1032 1393 1102 quia
1424 1031 1609 1086 tandiu
1633 1030 1778 1087 salus
1806 1030 1971 1086 israel
1997 1031 2095 1087 du-

522 1124 683 1180 bitari
707 1123 898 1195 potuit,
933 1122 1106 1177 donec
1145 1118 1398 1177 Christus
1436 1120 1628 1176 venit:
1661 1120 1755 1175 sed
1786 1130 1913 1175 tunc
1951 1135 2097 1175 com-

518 1213 665 1288 picta
686 1222 770 1270 est
790 1213 1095 1285 promissio,
1127 1225 1228 1267 nec
1248 1211 1387 1266 ultra
1413 1210 1642 1267 discedit
1666 1208 1734 1265 ab
1760 1224 1826 1265 eo
1854 1208 2097 1265 Ecclesia

523 1321 723 1381 sponso
746 1303 1055 1375 conjuncta.
1074 1304 1221 1360 Dicit
1242 1317 1372 1375 ergo
1399 1321 1411 1357 :
1442 1301 1566 1357 Fiat
1588 1316 1796 1367 manus,
1828 1300 2099 1372 operatio-

524 1411 647 1453 nem
670 1405 870 1453 sanctae
896 1395 1286 1451 incarnationis
1304 1403 1581 1465 precatur.

592 1489 759 1546 Vens.
792 1488 877 1545 l9.
902 1519 971 1529 —
993 1486 1117 1543 Non
1150 1488 1482 1543 discedimus.
1515 1484 1717 1558 (Cass)
1758 1482 1911 1541 Ultra
1932 1525 1947 1550 ,
1974 1496 2098 1538 eam

524 1579 690 1636 lilium
718 1580 954 1636 hominis
972 1578 1260 1650 uiuiﬁcabis
1284 1593 1301 1630 :
1327 1580 1439 1633 haec
1466 1586 1550 1633 est
1570 1576 1778 1631 utilitas
1802 1576 1869 1631 ab
1896 1589 1980 1630 eo.

591 1657 758 1727 Vitas.
778 1670 871 1727 20.
895 1670 1201 1725 —Domine
1236 1670 1374 1724 Deus
1412 1667 1688 1731 uirtutum,
1716 1675 1949 1721 converte
1982 1679 2097 1730 nos,

526 1761 735 1816 ostende
778 1760 965 1831 faciem
992 1762 1161 1826 tuam,
1195 1770 1243 1815 et
1287 1759 1418 1815 salvi
1443 1760 1653 1814 erimus.
1689 1756 1888 1828 (Cass)
1911 1755 2101 1826 Magna

526 1854 764 1908 suavitas
796 1850 956 1920 hujus
982 1852 1253 1918 versiculi,
1284 1852 1340 1906 in
1371 1866 1477 1922 quo
1519 1849 1759 1921 regulam
1785 1849 1947 1903 totius
1972 1846 2099 1902 reli-

2189 665 2350 735 pheta
2375 683 2387 719 :
2418 664 2650 720 Divertit
2668 664 2925 720 Dominus
2953 663 3158 731 dicens,
3185 664 3248 720 In
3269 666 3575 735 tribulatione,
3590 669 3663 725 int-

2189 764 2447 828 putantur
2475 759 2554 814 eis
2579 756 2836 813 beneﬁcia
2868 756 2983 824 Dei,
3026 764 3085 811 ut
3108 759 3315 828 gravior
3347 760 3666 818 :estimeturoi.

2191 844 2362 903 tensa.
2416 846 2678 901 Exaudiui
2724 854 2773 900 te
2821 846 2877 901 in
2914 844 3233 900 abscondito.
3275 846 3440 919 (Anc)
3466 846 3525 904 [lt
3551 851 3668 908 corde

2191 939 2385 996 credas
2429 938 2495 993 ad
2521 938 2807 1011 justitiam.
2854 932 3101 1003 Probavi,
3136 943 3195 992 ut
3229 953 3319 994 ore
3354 936 3440 993 ttat
3467 939 3669 997 confessio

2194 1031 2261 1087 ad
2289 1031 2538 1087 salutem.
2586 1028 2926 1101 Tempestatis
2957 1069 2971 1092 ,
3029 1037 3134 1084 etc.
3181 1027 3294 1085 Non
3338 1030 3389 1084 in
3429 1038 3670 1101 tempestate

2192 1124 2393 1190 maris,
2422 1124 2516 1180 sed
2541 1124 2721 1179 cordis
2755 1137 2770 1176 :
2796 1122 2885 1178 ubi
2925 1122 3210 1179 exauditus
3237 1120 3386 1179 debet
3407 1122 3611 1193 probari,
3633 1125 3671 1180 in

2194 1230 2333 1287 aqua
2360 1214 2802 1271 contradictionis
2832 1212 2844 1268 Ξ
2864 1213 2977 1284 jam
3010 1214 3154 1270 enim
3192 1212 3428 1284 gradiens
3450 1214 3567 1268 viam
3588 1212 3671 1281 Dei,

2194 1304 2357 1361 habet
2388 1303 2571 1360 multis
2600 1304 2777 1360 modis
2810 1303 3153 1360 obsistentes.
3186 1298 3307 1360 Haec
3336 1306 3414 1359 est
3444 1317 3559 1374 aqua
3585 1318 3675 1359 con-

2195 1395 2552 1461 tradictionis,
2584 1411 2744 1467 quam
2776 1403 3061 1450 senserunt
3103 1394 3324 1464 antiqui,
3349 1392 3435 1449 sed
3460 1392 3553 1463 jam
3578 1408 3676 1463 pem

2196 1484 2393 1543 siccata
2423 1493 2505 1541 est
2538 1503 2553 1540 :
2582 1492 2711 1541 tunc
2747 1485 2890 1540 enim
2931 1498 3086 1554 aqum
3116 1483 3421 1554 populorum
3450 1483 3675 1538 turbaban-

2198 1586 2304 1642 tur,
2333 1586 2387 1634 et
2411 1578 2611 1632 acriter
2642 1577 2986 1633 resistebant.
3015 1572 3165 1631 Tunc
3191 1575 3423 1631 Bamsoni
3448 1574 3555 1631 forti
3575 1576 3672 1640 viro,

2197 1669 2252 1724 id
2283 1678 2365 1726 est
2411 1670 2647 1733 Christo,
2678 1669 2872 1723 ducere
2898 1668 3048 1724 eunti
3088 1680 3308 1723 uxorem
3330 1666 3391 1722 de
3413 1666 3674 1736 alienigenis,

2198 1762 2251 1818 id
2271 1772 2353 1818 est
2380 1758 2677 1818 Ecclesiam
2712 1758 2779 1815 de
2817 1761 3088 1831 gentibus,
3138 1758 3364 1815 occurrit
3386 1758 3464 1815 leo
3484 1756 3677 1825 Remens,

2201 1853 2252 1908 id
2284 1861 2368 1908 est
2410 1852 2640 1923 papulas
2675 1851 2937 1923 gentium,
2975 1849 3070 1906 sed
3106 1850 3376 1920 dissipavit
3396 1864 3521 1914 eum,
3541 1850 3679 1903 utha-

528 1942 704 2013 gionis
730 1942 971 2011 exponit.
1020 1940 1208 1996 Primo
1233 1938 1375 1996 enim
1424 1940 1564 1995 Deus
1604 1954 1704 1995 nos
1738 1938 2018 2002 convertit,
2046 1947 2100 1992 et
2127 1938 2175 2000 B
2201 1946 2328 2001 dum
2369 1956 2659 2015 caprarum
2685 1958 2702 1997 :
2727 1948 2783 1998 et
2816 1942 2940 2012 quia
2978 1942 3206 2013 populus
3236 1941 3333 1996 iste
3364 1939 3565 1995 fremens
3586 1937 3679 1993 nihil

527 2037 659 2086 tunc
686 2045 789 2085 nos
811 2040 933 2085 ante
960 2029 1148 2101 faciem
1176 2030 1433 2096 ostendit,
1458 2030 1513 2084 id
1542 2037 1647 2095 est,
1666 2028 1869 2084 lumine
1887 2028 2103 2098 pietatis

526 2136 627 2176 nos
654 2121 874 2190 inspicit
919 2135 934 2174 :
981 2127 1101 2201 post
1141 2121 1285 2190 quod
1329 2134 1427 2174 nos
1457 2118 1671 2174 tandem
1716 2119 1900 2173 salvat.
1951 2118 2103 2172 Hunc

527 2224 658 2282 ergo
681 2212 943 2283 propheta
976 2210 1156 2273 iterat,
1192 2211 1316 2280 quia
1348 2222 1450 2281 per
1472 2208 1648 2281 ipsum
1676 2209 1903 2285 quisque
1925 2208 2103 2265 brevi-

529 2311 613 2358 ter
636 2303 779 2374 quod
800 2298 1039 2373 expedit,
1064 2300 1339 2372 implorat.

1024 2444 1348 2513 PSALMUS
1394 2444 1623 2509 LXXX.

597 2573 762 2634 Vnus.
810 2574 1069 2632 L—Pro
1114 2576 1483 2655 torcularibus.
1535 2575 1751 2653 (Auc.)
1802 2574 1861 2632 ιιι
1910 2576 2105 2647 quibus

529 2667 653 2733 tria,
678 2676 809 2734 etc.,
836 2682 1000 2739 usque
1033 2668 1102 2722 ad
1133 2673 1382 2723 cantatur
1406 2667 1647 2739 psalmus
1688 2666 1894 2737 Asaph,
1919 2662 1974 2722 id
2000 2674 2101 2733 est,

528 2760 822 2816 Dominicas
866 2760 1290 2831 congregationi.
1344 2759 1539 2831 Asaph,
1583 2768 1688 2815 etc.
1735 2756 1934 2830 (Cass)
1965 2756 2103 2831 Quia

528 2851 824 2909 secundum
851 2849 1136 2905 historiam
1165 2846 1384 2916 Iudaeis,
1409 2848 1759 2920 spiritualiter
1781 2844 2104 2904 Christianis

486 2942 492 2953 '
527 2945 786 3017 loquitur.
820 2942 1002 3017 (Auc.)
1028 2940 1214 2998 Primo
1241 2943 1372 2999 dicit
1412 2944 1540 3015 quid
1583 2942 1848 3014 agendum
1888 2942 2099 3008 electis,

529 3038 618 3109 qui
652 3045 796 3103 sunt,
824 3036 1021 3102 oleum,
1050 3036 1251 3097 vinum,
1282 3050 1428 3093 aves.

599 3124 762 3183 Vsus.
791 3126 849 3181 2.
884 3126 1220 3182 -Εωειιιιαι
1262 3126 1391 3182 Deo.
1427 3127 1640 3198 Asaph,
1675 3128 1949 3199 proposita
1997 3125 2101 3193 sibi

530 3218 762 3291 imagine
788 3216 1473 3291 cujusdamsolemnitatis,
1499 3219 1703 3276 electos
1723 3219 1790 3275 ad
1813 3217 2137 3275 celebrita~

2129 3292 2175 3356 Ο
2205 3309 2495 3380 signiﬁcat,
2527 3316 2582 3364 et
2615 3307 2684 3362 ad
2714 3306 2867 3376 iussa
2906 3308 3124 3364 invitat.
3162 3307 3228 3363 In
3264 3318 3329 3374 te,
3370 3308 3419 3362 in
3444 3301 3578 3361 corde
3608 3310 3683 3354 tuo.

530 3319 636 3365 tem
662 3308 871 3365 incitat.

599 3400 765 3455 Vens.
796 3400 855 3454 ὅ.
886 3429 958 3440 -
979 3396 1197 3480 Sumite.
1220 3400 1497 3470 psalmum.
1551 3400 1731 3473 (Auo.)
1765 3399 1942 3456 Verba
1984 3400 2097 3468 Dei,

534 3498 593 3546 ut
632 3490 856 3546 humani
907 3499 1063 3547 actus
1096 3491 1421 3547 conveniant
1443 3492 1497 3548 in
1542 3506 1707 3549 unam
1751 3495 2098 3550 societatem:

532 3584 646 3637 haec
669 3584 815 3639 enim
839 3590 923 3639 est
946 3598 1053 3654 pax
1086 3583 1423 3652 Jerusalem,
1461 3587 1577 3643 haec
1611 3597 1695 3643 est
1734 3589 1875 3645 ratio
1910 3590 2019 3645 dati
2048 3598 2102 3645 et

528 3673 765 3744 accepti;
797 3672 941 3729 unde
963 3673 1252 3745 Apostolus
1284 3694 1298 3730 :
1328 3674 1390 3732 Si
1414 3677 1713 3748 spiritualia
1733 3680 2101 3736 seminavimus

528 3763 689 3905 probis,
728 3776 977 3924 rt;agnum
1022 3775 1099 3821 est
1146 3767 1195 3821 si
1239 3766 1477 3823 carnalia
1520 3778 1689 3824 uestra
1727 3781 1981 3825 metamus
2030 3770 2100 3843 (1

574 3868 650 3905 or.
684 3867 739 3906 Ix
786 3891 801 3908 .

574 3868 650 3905 σν.
684 3867 739 3906 IX
760 3867 801 3908 ἱ.

604 3942 763 3999 Vens.
793 3943 848 3997 4.
870 3972 941 3984 --
961 3942 1268 4000 Buccinate.
1293 3945 1475 4019 (Auc.)
1505 3945 1792 4021 ﬂuensque
1836 3952 1904 4007 ad
1932 3953 2103 4022 parti-

530 4039 755 4100 tionem,
796 4032 883 4090 vei
910 4032 979 4091 ad
998 4035 1256 4103 litteram,
1281 4038 1597 4109 simpliciter
1629 4040 1694 4099 de
1720 4041 1920 4098 Iudaeis
1956 4044 2103 4100 acci-

528 4124 718 4195 pienda
766 4134 914 4192 sunt,
963 4125 1048 4181 vel
1088 4126 1373 4197 allegorice
1423 4131 1488 4186 de
1525 4129 1867 4203 Christianis.
1917 4134 2098 4211 (Αυιι.)

526 4214 831 4283 Buccinate,
860 4224 915 4272 et
936 4216 1416 4286 annuntiate,etc.,
1440 4237 1600 4292 usque
1629 4222 1697 4275 ad
1721 4223 1863 4278 unde
1885 4222 2053 4279 lsaias
2083 4242 2094 4278 :

527 4303 712 4361 Clama
739 4323 803 4363 ne
826 4324 1015 4375 cesses,
1049 4319 1105 4362 ut
1135 4310 1258 4365 tuba
1288 4311 1461 4366 exaltu
1492 4326 1663 4366 vocem
1692 4322 1857 4379 tuam,
1888 4322 1978 4368 etc
2032 4313 2101 4369 In

526 4398 794 4450 neomenia
816 4397 962 4452 tuba.
1006 4396 1206 4472 (Cass)
1246 4398 1306 4455 In
1345 4402 1498 4456 initio
1545 4402 1747 4457 mensis
1786 4401 1925 4471 jussi
1973 4415 2099 4461 sunt

525 4486 693 4544 Judaei
739 4490 867 4545 tuba
918 4505 1133 4559 canere,
1174 4493 1228 4548 id
1271 4501 1386 4559 est,
1430 4494 1485 4548 in
1532 4493 1687 4549 initio
1738 4510 1891 4551 novae
1938 4494 2097 4563 lunae,

525 4578 669 4649 quod
705 4586 763 4635 et
800 4579 998 4637 festum
1024 4582 1273 4638 tubarum
1311 4583 1528 4649 dicitur,
1564 4585 1707 4655 quod
1751 4584 2100 4640 celebrabant

527 4670 582 4723 in
637 4671 952 4726 memoriam
1005 4673 1162 4729 istius
1220 4674 1338 4741 rei,
1368 4676 1511 4745 quod
1558 4664 1819 4729 Dominus
1863 4678 2099 4731 ostendit

526 4759 757 4815 Abrahae
788 4762 1013 4818 arietem
1052 4763 1194 4819 inter
1224 4778 1417 4834 vepres
1463 4764 1755 4819 haerentem
1773 4803 1786 4828 ,
1816 4777 1977 4834 quem
1998 4778 2098 4835 pro

526 4852 677 4907 lsaac
703 4852 1024 4909 immolavit.

601 4942 760 4999 Vens.
814 4943 867 4999 ii.
892 4973 963 4984 —
997 4943 1135 5011 Quia
1159 4952 1473 5017 praceptum
1498 4944 1555 4999 in
1580 4942 1751 5001 Israel
1793 4956 1903 5014 est;
1930 4956 1980 5002 et
2000 4948 2096 5018 ju-

524 5036 741 5101 dicium,
765 5047 873 5093 etc.
899 5036 1020 5109 (ῒιι.)
1046 5036 1168 5093 ideo
1190 5038 1317 5092 tuba
1357 5034 1681 5103 canendum,
1704 5038 1831 5108 quia
1853 5037 1941 5092 lex
1968 5038 2094 5094 data

521 5135 606 5183 est
632 5125 830 5184 ludatis
848 5144 945 5200 per
974 5126 1213 5201 Moysen,
1241 5136 1297 5184 et
1319 5128 1445 5199 quia
1468 5128 1632 5200 iudex
1654 5128 1867 5185 futurus
1894 5138 1996 5185 est.

594 5214 756 5274 Vno.
788 5219 842 5275 ϐ.
868 5218 1017 5275 -Ιη
1043 5216 1257 5291 Ioseph.
1288 5219 1470 5292 (Αιιιι.)
1496 5220 1696 5277 Gentes
1718 5235 1842 5277 sunt
1870 5221 2092 5292 Ioseph,

524 5319 657 5375 etc.,
682 5326 846 5384 usque
866 5313 935 5367 ad
963 5312 1053 5367 ubi
1077 5310 1306 5367 debebat
1333 5313 1531 5369 habere
1553 5324 1667 5369 cor.

594 5401 759 5459 Vns.
793 5404 845 5458 7.
867 5433 942 5445 —
968 5403 1046 5458 Ab
1072 5403 1336 5459 oneribus.
1372 5402 1554 5475 (Aura)
1583 5402 1789 5469 Quibus
1814 5401 2095 5469 oneribus,

430 5562 435 5569 ‘
519 5508 708 5550 manus
734 5497 789 5549 in
822 5493 1068 5565 cophino,
1090 5495 1144 5550 id
1173 5504 1275 5560 est,
1306 5495 1488 5551 servili
1514 5508 1698 5565 opere.
1732 5493 1957 5547 Peccata
1981 5510 2096 5549 ser-

518 5584 647 5642 vilia
692 5600 854 5658 cpera
898 5594 1044 5654 sunt,
1079 5585 1233 5658 juxta
1272 5587 1397 5643 illud
1430 5602 1443 5640 :
1472 5584 1577 5651 Qui
1619 5585 1746 5655 facit
1793 5596 2088 5655 peccatum,

518 5692 696 5734 mus
724 5687 798 5732 est
830 5679 1030 5749 peccati
1058 5678 1239 5748 (Joan.
1268 5676 1406 5749 vm).
1438 5676 1506 5731 In
1534 5677 1754 5746 cophino
1781 5677 2089 5732 seruierunt.

522 5764 645 5838 (Ιυ.)
676 5766 734 5822 ln
767 5766 1121 5822 immunditiis
1159 5776 1526 5837 peccatorum,
1568 5767 1620 5819 in
1648 5767 1881 5821 terrenis
1914 5770 2094 5838 opert-

522 5856 622 5911 bus
646 5864 700 5908 at
726 5854 936 5910 lutosis.

2204 2044 2334 2098 erat,
2368 2036 2472 2090 nisi
2500 2034 2784 2105 languidus
2804 2038 3082 2109 peccator.
3104 2031 3290 2089 Occisa
3310 2041 3471 2085 autem
3484 2028 3532 2083 in
3548 2042 3598 2083 eo
3617 2026 3677 2081 ills

2203 2126 2437 2191 feritate,
2460 2125 2573 2195 jam
2592 2142 2701 2181 non
2728 2125 2807 2180 sic
2827 2122 3031 2190 fremit,
3064 2120 3176 2177 imo
3200 2122 3309 2192 jam
3326 2122 3379 2176 in
3402 2121 3505 2190 ipso
3526 2117 3679 2172 inveni-

2203 2232 2324 2272 mus
2363 2215 2508 2288 leges
2530 2229 2630 2287 pro
2668 2212 2931 2277 Ecclesia,
2960 2213 3116 2283 miasi
3142 2210 3318 2267 favum
3354 2211 3403 2266 in
3432 2212 3514 2265 ore
3543 2206 3676 2263 leonis.

2203 2309 2351 2378 Aqua
2376 2304 2823 2361 contradictionis.
2864 2302 3118 2360 Christus
3156 2302 3428 2357 fuitetiam
3458 2301 3507 2355 in
3536 2298 3679 2367 seipse,

2204 2407 2265 2453 ut
2283 2398 2349 2453 de
2386 2412 2452 2452 eo
2486 2405 2616 2452 nato
2634 2397 2839 2452 dictum
2866 2404 2988 2451 est:
3020 2394 3143 2448 seu
3172 2393 3254 2448 hic
3284 2394 3339 2448 in
3360 2392 3557 2454 rubrm,
3580 2400 3682 2443 etre-

2203 2499 2575 2544 surret’ttonem
2608 2485 2916 2551 multorum,
2957 2487 3014 2539 in
3053 2486 3257 2556 signum
3277 2483 3357 2537 cui
3388 2480 3682 2537 contradicem

2207 2576 2361 2652 (Luc.
2395 2576 2482 2651 ιι),
2513 2588 2572 2635 ιιι
2595 2576 2767 2635 Iudaei
2792 2578 3237 2634 contradixerunt
3258 2575 3404 2631 titulo
3426 2570 3572 2631 crucis

2274 2672 2439 2727 Vuae.
2470 2668 2524 2727 9.
2550 2700 2621 2712 ——
2642 2668 2783 2725 Audi
2802 2670 3023 2741 populus
3044 2685 3209 2724 meus.
3234 2667 3422 2740 (Cass)
3438 2662 3680 2735 Diapsalma.

2205 2763 2475 2820 Hactenus
2496 2764 2562 2819 de
2591 2762 2711 2843 cleo
2740 2762 3119 2828 torculariarn,
3143 2760 3255 2830 jam
3280 2761 3347 2815 tle
3366 2770 3569 2822 amurca,
3588 2752 3683 2825 quod

2205 2854 2403 2911 dicitur
2443 2857 2509 2911 ad
2545 2856 2868 2919 cavendum,
2896 2856 2983 2911 hic
3018 2862 3319 2924 arguuntur
3353 2850 3554 2924 reprobi.
3584 2846 3681 2903 Cas-

2207 2948 2437 3004 testabor
2462 2959 2529 3003 te.
2558 2947 2677 3019 Ipse
2698 2948 2962 3003 Dominus
2984 2944 3176 3018 indicii
3208 2954 3392 3002 testem
3427 2959 3478 2999 se
3505 2940 3679 2997 locine

2205 3038 2400 3104 ritatis,
2450 3046 2564 3092 tam
2606 3038 2697 3093 hic
2720 3050 2887 3107 quam
2922 3038 2976 3092 in
3004 3036 3216 3103 futuro,
3254 3044 3313 3091 ιιι
3338 3033 3495 3090 nullus
3524 3029 3683 3087 dubitet

2206 3127 2410 3185 Deinde
2452 3130 2582 3199 quid
2603 3128 2731 3183 velit
2758 3140 2882 3183 eum
2912 3129 3248 3200 intelligere,
3281 3126 3447 3184 subdit
3475 3121 3630 3179 :lsrsel
3655 3118 3683 3174 si

2208 3233 2295 3273 me
2330 3218 2585 3284 audieris,
2637 3218 2880 3272 vocando
2928 3232 3053 3273 eum
3092 3217 3271 3283 Israel,
3320 3213 3591 3271 familiarem
3619 3207 3684 3264 sibi

2204 3399 2293 3453 ubi
2322 3398 2540 3463 veritas,
2580 3412 2689 3453 non
2719 3397 2930 3454 falsitas
2958 3397 3122 3454 debet
3159 3410 3298 3454 esse.
3336 3396 3509 3452 Recens
3536 3404 3682 3448 never

2205 3489 2330 3543 bum
2361 3488 2541 3544 Patris
2587 3497 2810 3560 putetur
2850 3491 2956 3545 sub
2992 3500 3256 3561 tempore.
3312 3489 3463 3545 Deam
3500 3486 3683 3544 alienum,
3747 3518 3751 3533 .

2204 3580 2294 3650 qui
2322 3580 2562 3645 nomine,
2610 3594 2717 3635 non
2758 3582 3019 3637 essentia.
3066 3582 3345 3637 Attenuat:
3374 3579 3501 3635 Pene
3533 3590 3609 3647 par
3634 3579 3683 3627 est

2205 3672 2382 3729 scelus
2403 3682 2677 3729 recentem
2703 3672 2871 3729 Deum
2896 3682 3113 3744 putare,
3140 3684 3194 3729 et
3224 3674 3377 3730 idolis
3404 3670 3588 3728 servire.

2273 3766 2439 3824 Vens.
2468 3768 2555 3824 10.
2581 3796 2651 3809 --
2678 3768 2803 3823 Non
2827 3771 2926 3823 erit
2948 3770 3009 3823 iis
3036 3776 3088 3824 te
3116 3769 3257 3824 Deus
3279 3780 3439 3823 recens
3459 3776 3599 3835 neque.
3618 3766 3686 3812 αττ

2205 3860 2385 3933 (Aac)
2412 3860 2516 3916 Alii
2553 3860 2760 3916 faciunt
2788 3861 2892 3916 sibi
2926 3870 3174 3917 recentes
3200 3863 3345 3926 deos,
3368 3858 3445 3915 vel
3483 3852 3608 3916 idola,
3631 3845 3688 3902 vel

2202 3950 2476 4006 Christum
2514 3951 2773 4020 imparem
2794 3950 2969 4017 Patri,
3006 3960 3062 4007 et
3095 3950 3201 4008 alia
3237 3946 3514 4022 minuendi
3536 3943 3686 4011 ῆηιυιι

2204 4043 2256 4095 in
2286 4041 2451 4096 corde
2476 4059 2489 4096 :
2519 4050 2575 4096 et
2594 4043 2670 4096 ita
2703 4051 2831 4097 sunt
2854 4038 3055 4112 templa
3084 4043 3474 4099 simulacrorum
3496 4037 3541 4091 in
3565 4029 3688 4088 omne

2200 4129 2301 4184 bus
2326 4138 2539 4185 terrena
2580 4130 2866 4202 cogitatio;
2914 4130 3103 4203 opinio
3138 4134 3365 4197 diversa,
3396 4128 3572 4183 vanitas
3600 4132 3685 4173 una.

2201 4217 2325 4273 ideo
2355 4217 2585 4277 Samson
2612 4219 2817 4274 caudas
2844 4220 3083 4291 vulpium
3108 4220 3395 4293 colligavit,
3421 4225 3477 4273 ut
3498 4210 3686 4270 incomit-

2204 4317 2287 4365 ret
2336 4320 2544 4365 messes
2593 4308 3047 4369 Philisthasornm.
3106 4311 3337 4371 Samson
3382 4306 3687 4376 interpretati"

2201 4400 2283 4455 sol
2308 4412 2525 4467 comm;
2550 4402 2779 4469 scilicet,
2802 4405 3000 4475 quibus
3022 4406 3140 4475 ipso
3168 4406 3329 4470 lucet,
3350 4417 3449 4458 non
3475 4396 3685 4454 ninnium:

2203 4494 2268 4548 de
2295 4508 2405 4563 quo
2432 4494 2559 4549 mali
2587 4495 2784 4551 dicturi
2822 4506 2951 4551 sunt
2979 4513 2991 4550 :
3017 4493 3322 4553 Emimus
3342 4511 3374 4549 ι
3400 4493 3475 4547 sia
3502 4481 3684 4543 mutatis,

2200 4595 2251 4640 et
2288 4585 2367 4639 sol
2385 4586 2613 4655 justitite
2636 4602 2740 4641 non
2768 4586 2941 4643 illud:
2964 4588 3112 4643 nobis
3137 4586 3283 4660 (Sep.
3315 4586 3386 4657 v).
3412 4568 3687 4660 malint-99‘

2127 4642 2176 4706 Β
2193 4642 2419 4744 iustitiae
2445 4685 2542 4743 est,
2568 4686 2612 4729 et
2639 4642 2841 4731 sanitas
2860 4679 2917 4730 iss
2940 4678 3123 4747 pennis
3284 4642 3487 4749 (Ilotae.
3508 4668 3585 4737 iv).
3601 4659 3686 4718 Volo

2202 4780 2297 4834 pes
2317 4776 2446 4821 sunt
2478 4767 2739 4831 insidiosi,
2770 4768 3005 4822 maxime
3032 4768 3291 4834 haeretici,
3320 4767 3522 4821 latentes
3551 4759 3592 4812 in
3614 4762 3688 4807 tor-

2203 4857 2372 4911 tuosis
2419 4858 2664 4913 cavernis
2687 4898 2702 4924 ,
2750 4858 3110 4928 decipientes,
3158 4860 3323 4917 odore
3362 4837 3685 4927 imitamenti“

2201 4946 2303 5001 etsi
2321 4945 2607 5002 dissentire
2631 4949 2700 5003 ab
2726 4947 2954 5003 invicem
2977 4948 3244 5011 videntur,
3264 4947 3317 5007 in
3342 4943 3517 5000 malum
3534 4944 3682 4992 nmen»

2200 5038 2255 5091 id
2285 5047 2387 5103 est,
2424 5040 2477 5094 in
2512 5039 2904 5109 posterioribus
2934 5038 3293 5103 censentium,
3330 5032 3476 5091 simili

2200 5136 2472 5194 tenentur,
2503 5139 2561 5185 et
2578 5131 2871 5186 incendunt
2915 5146 3121 5187 messos
3154 5142 3263 5187 non
3278 5132 3573 5189 nostram,
3593 5120 3682 5182 (1³³⁸

2200 5220 2350 5274 novit
2387 5219 2528 5276 Deus
2567 5221 2657 5291 qui
2699 5232 2825 5277 sunt
2851 5221 2999 5291 ejus;
3031 5222 3125 5278 sed
3160 5218 3574 5289 alienigenam.
3597 5210 3683 5271 μ

2197 5320 2324 5366 sunt
2348 5326 2475 5366 vasa
2498 5312 2858 5367 contemnite.

2274 5401 2432 5457 Vens.
2468 5403 2553 5457 il.
2575 5430 2649 5445 -α
2668 5402 2775 5469 Qui
2792 5403 2951 5459 edisti
2986 5413 3055 5461 te.
3088 5405 3271 5461 Factis
3286 5394 3503 5471 propriis
3528 5384 3681 5444 indict-

2198 5503 2287 5549 tur
2312 5492 2472 5550 Deus.

2268 5585 2430 5639 Vens.
2472 5586 2557 5641 te.
2582 5619 2653 5630 —
2675 5586 2743 5642 Et
2772 5590 2990 5643 dimisit.
3020 5589 3086 5644 Et
3114 5588 3157 5644 si
3182 5583 3383 5657 impleti
3398 5592 3482 5634 ora
3502 5564 3681 5633 κυνικοί

2200 5684 2398 5741 tarum,
2421 5692 2527 5731 non
2550 5687 2729 5733 tamen
2749 5678 2817 5735 ab
2839 5694 3058 5735 anmrca
3086 5656 3403 5735 amiitisunt,
3425 5664 3545 5722 inde
3562 5656 3679 5720 ἀίὲτη

2200 5766 2333 5820 uitio
2358 5782 2371 5819 :
2397 5768 2523 5837 quia
2543 5777 2591 5821 et
2614 5767 2808 5833 dimisi,
2838 5777 2944 5824 etc.

2278 5829 2436 5911 Vens.
2471 5856 2557 5911 i5.
2580 5884 2645 5897 —-
2671 5829 2978 5913 Pro'niltilo
3014 5856 3247 5935 form.
3287 5846 3467 5923 (Ossa)
3509 5837 3555 5891 Si
3601 5829 3678 5881 θα)
