4008 6348
293 433 388 489 981

1267 427 1530 486 GLOSSA
1565 427 1957 486 ORDINARlA.
1996 460 2064 471 —
2100 429 2226 487 LIB.
2267 431 2517 490 PSALM.

3427 433 3532 492 982

292 549 624 614 resistemus,
672 547 785 618 ipse
835 559 943 602 non
991 545 1310 601 contradicit
1357 545 1590 601 inimicis
1634 544 1849 610 nostris,
1881 548 1928 610 Α
1955 546 2118 614 Quasi
2150 550 2293 604 dicat
2317 565 2415 620 per
2449 552 2588 607 hanc
2625 549 2788 607 lsrael
2821 551 3150 618 caecitatem,
3193 555 3533 614 movebuntur

292 659 388 700 nec
409 655 625 696 manum
665 640 994 696 defensionis
1029 653 1192 708 super
1214 651 1308 692 eos
1329 639 1498 710 ponit.

357 733 521 789 Vitas.
551 731 940 788 £6.—Inimici
965 731 1194 792 Domini,
1221 741 1324 786 etc.
1360 731 1540 802 (Auo.)
1572 729 1697 786 Haac
1730 731 1858 786 item

290 825 570 896 Propheta.
614 823 839 880 Hentiti.
878 821 995 878 Non
1042 838 1140 893 per
1171 832 1388 894 agentes
1423 824 1726 894 promissa:
1759 823 1860 878 hoc

291 933 391 974 non
435 917 650 989 pagani,
691 916 816 986 quia
843 915 979 971 nihil
1011 915 1395 986 promiserunt.

354 1009 518 1066 Vens.
567 1009 749 1102 i7.—
776 1008 861 1065 Ex
888 1008 1041 1102 adipe
1077 1008 1377 1102 frumenti,”
1397 1017 1519 1102 etc.‘
1549 1006 1732 1102 (ἕως.)
1777 1007 1860 1064 Ad

289 1102 541 1168 litteram,
581 1101 666 1155 vel
707 1115 927 1165 manna,
953 1100 1039 1156 vel
1067 1114 1292 1170 corpore
1322 1099 1543 1165 Christi,
1573 1098 1663 1154 'vel
1701 1098 1860 1170 spiri-

289 1197 412 1252 tuali
435 1195 707 1252 intellectu

769 1329 1088 1390 PSALMUS
1123 1328 1358 1386 LXXXI.

352 1465 514 1523 Vens.
541 1467 595 1520 i.
621 1496 696 1507 —
719 1465 964 1520 Psalmus
1008 1465 1202 1535 Asaph.
1252 1461 1463 1534 (Cass.)
1505 1461 1752 1518 Psalmus
1790 1461 1857 1518 de

285 1557 487 1613 duabus
530 1557 737 1612 naturis
773 1557 827 1611 in
853 1555 1100 1621 Christo,
1150 1569 1256 1624 quo
1296 1554 1572 1619 Christus,
1612 1553 1694 1608 vel
1723 1552 1857 1607 Pro-

284 1653 442 1722 pheta
475 1652 716 1722 loquens,
764 1651 1051 1719 exprobrat
1091 1647 1189 1717 ipsi
1222 1646 1420 1718 Asaph,
1459 1645 1510 1701 id
1549 1655 1653 1710 est,
1683 1643 1856 1716 Syna-

285 1761 450 1816 gogae,
503 1759 622 1816 qua:
669 1743 952 1798 Dominum
985 1740 1338 1812 corporaliter
1381 1739 1534 1802 vidit,
1579 1747 1632 1794 et
1676 1746 1856 1792 tamen

283 1853 404 1892 eum
430 1852 536 1892 non
565 1835 832 1907 cognovit.
864 1834 1045 1889 Primo
1073 1833 1286 1887 nuntiat
1323 1833 1492 1887 Deum
1535 1830 1770 1895 stetisse,
1803 1837 1858 1884 et

285 1929 461 2000 arguit
499 1927 818 1992 contrarios,
858 1934 964 1981 stat
1005 1925 1186 1990 homo,
1222 1924 1478 1978 discernit
1511 1922 1669 1977 Deus.
1716 1922 1858 1976 Deus
1886 1915 1933 1976 Β

283 2021 442 2073 stetit.
495 2018 660 2089 Cujus
701 2032 805 2072 non
853 2025 939 2072 est
977 2024 1142 2080 stare,
1185 2016 1278 2086 qui
1329 2014 1524 2069 caelum
1562 2022 1615 2067 et
1656 2023 1858 2068 terram

286 2109 539 2180 complet,
573 2109 663 2178 qui
707 2117 789 2163 est
838 2108 978 2162 intra
1023 2107 1201 2161 omnia
1245 2121 1349 2160 non
1387 2105 1656 2170 inclusus,
1703 2112 1858 2160 extra

283 2201 464 2255 omnia
509 2213 614 2254 non
647 2199 928 2262 exclusus,
959 2198 1052 2253 sed
1084 2197 1324 2252 breviter
1371 2197 1539 2251 Deum
1583 2195 1856 2252 hominem

285 2293 507 2347 indicat.
552 2291 726 2347 Stetit.
771 2290 952 2361 (Auo.)
988 2289 1180 2353 Filius,
1228 2288 1319 2358 qui
1371 2287 1568 2342 missus
1619 2286 1685 2340 ad
1731 2299 1860 2342 oves

285 2385 476 2440 domus
512 2381 690 2449 Israel,
730 2381 1025 2451 spiritualis
1061 2389 1238 2435 autem
1281 2378 1565 2449 praesentia
1609 2377 1855 2444 Deitatis,

286 2492 407 2547 quae
462 2477 658 2544 ubique
703 2489 811 2529 non
853 2473 1070 2545 proprie
1117 2473 1183 2527 ad
1222 2472 1560 2543 Synagogam
1601 2471 1854 2541 pertinet,

286 2583 388 2623 nec
422 2577 660 2638 tempore
694 2567 949 2621 variatur.
995 2564 1104 2620 Cur
1145 2565 1218 2620 ibi
1249 2563 1400 2619 stetit
1422 2583 1434 2619 :
1460 2562 1592 2618 Ecce
1618 2564 1740 2618 deos
1781 2564 1869 2644 di:

280 2663 508 2732 judicat,
535 2661 589 2717 id
609 2668 712 2728 est.
733 2658 1027 2716 secundum
1043 2658 1186 2728 quod
1207 2655 1366 2721 Deus,
1386 2655 1437 2711 id
1452 2665 1554 2721 est,
1578 2671 1684 2711 non
1700 2656 1862 2711 meri-

285 2755 379 2820 tis,
403 2754 496 2810 sed
533 2753 704 2826 gratia
741 2751 999 2808 discernit
1030 2765 1182 2816 vasa,
1213 2749 1315 2804 alia
1345 2749 1401 2802 in
1435 2750 1719 2813 honorem,
1755 2746 1859 2802 alia

287 2850 341 2904 in
381 2848 779 2904 contumeliam.
819 2845 933 2900 Hoc
983 2852 1161 2900 autem
1204 2843 1332 2898 facit
1363 2851 1513 2898 stans
1559 2843 1614 2897 in
1659 2842 1857 2907 medio,

285 2940 428 2995 unde
459 2955 474 2994 :
507 2938 712 2994 Medius
737 2947 959 2991 uestrum
980 2936 1138 3000 stetit,
1165 2951 1314 3005 quem
1344 2951 1429 2988 vos
1463 2934 1690 2997 nescitis,
1718 2933 1861 2988 unde

285 3037 344 3084 et
389 3029 518 3084 hic:
549 3026 856 3082 Nescierunt
899 3041 1060 3095 neque
1107 3023 1487 3089 intellexerunt,
1517 3025 1612 3078 sed
1663 3025 1862 3077 amicus

284 3120 464 3189 sponsi
491 3127 592 3173 stat
629 3128 677 3172 et
705 3117 872 3182 audit,
903 3125 950 3170 et
978 3113 1170 3185 gaudio
1199 3114 1409 3184 gaudet.
1442 3114 1688 3168 Deorum.
1719 3114 1865 3182 Quos

286 3218 412 3280 post
449 3209 586 3279 ﬁlios
630 3206 839 3262 Excelsi
883 3206 1033 3268 dicit,
1066 3204 1138 3259 ibi
1169 3222 1182 3258 :
1217 3205 1330 3275 Ego
1355 3203 1465 3257 dixi
1497 3215 1516 3256 :
1544 3203 1619 3257 dii
1647 3204 1788 3271 estis,
1816 3213 1866 3258 et

1963 644 2028 697 ad
2063 643 2244 709 iidem,
2273 646 2446 698 omnia
2473 645 2812 712 fundamenta
2846 654 3019 712 terrte,
3044 645 3096 700 id
3124 655 3226 712 est,
3255 646 3530 717 plenitudo

1961 736 2200 806 gentium
2224 735 2464 790 intrabit.
2497 734 2612 801 Vel,
2645 737 2697 790 in
2729 744 2920 798 morte.
2945 745 3000 790 et
3033 737 3285 810 passione
3317 737 3530 795 Domini

1962 833 2106 879 mota
2137 833 2221 881 est
2250 834 2414 881 terra.
2441 827 2533 882 Vel
2565 828 2925 897 fundamenta,
2961 827 3011 883 id
3040 838 3142 894 est,
3163 827 3346 885 felices
3377 831 3531 902 copia

1962 925 2299 972 terrenorum
2325 920 2704 974 movebuntur.
2736 916 2830 975 Vel
2852 919 3168 976 admirando
3199 919 3303 977 coli
3338 937 3534 993 paupe-

1962 1021 2076 1063 rem
2107 1017 2394 1064 mortunm.
2425 1009 2520 1065 Vel
2555 1026 2675 1065 eum
2701 1013 3026 1082 contemptis
3057 1014 3291 1070 terrenis
3325 1023 3534 1070 sectan-

1961 1102 2047 1157 do.
2085 1102 2245 1156 Addit
2285 1102 2481 1166 omnia,
2525 1103 2648 1172 quia
2679 1103 2860 1158 nullus
2887 1113 2971 1159 est
3002 1106 3093 1176 qui
3136 1122 3240 1160 non
3284 1107 3531 1172 miretur,

1959 1191 2041 1248 vel
2081 1200 2440 1247 convertatur.
2482 1191 2733 1248 Terrena:
2782 1203 2958 1249 autem
2995 1194 3268 1252 felicitatis
3309 1213 3533 1270 regnum

1957 1291 2040 1339 est
2083 1284 2354 1352 superbia,
2390 1292 2575 1339 contra
2617 1301 2777 1355 quam
2817 1287 2964 1340 venit
3002 1287 3220 1342 humilis
3261 1287 3533 1352 Christus,

1956 1376 2292 1446 exprobrans
2325 1375 2423 1440 eis,
2458 1389 2595 1446 quos
2621 1375 2734 1430 vult
2770 1375 2948 1431 facere
2979 1377 3118 1432 altos
3137 1393 3234 1447 per
3266 1377 3538 1432 humilita-

1958 1477 2086 1535 tem,
2110 1470 2196 1525 his
2223 1469 2443 1524 verbis:
2479 1469 2590 1540 Ego
2613 1470 2722 1523 dixi
2755 1487 2774 1524 :
2811 1469 2888 1524 dii
2927 1473 3071 1536 estis,
3106 1487 3204 1526 vos
3247 1473 3373 1528 boni
3401 1491 3414 1527 :
3449 1485 3535 1525 vos

1957 1573 2129 1618 autem
2174 1564 2319 1628 mali,
2354 1564 2486 1618 sicut
2541 1564 2772 1617 homines
2812 1564 3125 1619 moriemini.
3158 1563 3255 1620 Vel
3287 1565 3537 1622 omnibus

1958 1657 2086 1712 dicit
2112 1675 2124 1710 :
2149 1656 2226 1709 dii
2247 1657 2389 1720 estis,
2419 1656 2470 1708 id
2496 1663 2601 1720 est,
2631 1655 2882 1711 omnibus
2902 1657 3123 1725 promisi
3148 1656 3420 1722 caelestia;
3448 1674 3534 1712 vos

1957 1758 2130 1803 autem
2158 1748 2291 1801 sicut
2325 1747 2557 1801 homines
2599 1747 2760 1816 primi
2788 1788 2804 1813 ,
2851 1747 2942 1815 qui
2976 1747 3226 1802 suasione
3273 1753 3533 1818 peccave-

1957 1849 2110 1905 runt,
2139 1847 2192 1893 et
2221 1854 2318 1894 vos
2362 1838 2596 1910 majores
2638 1838 2778 1894 sicut
2823 1837 3067 1893 diabolus
3091 1879 3107 1904 ,
3139 1838 3228 1909 qui
3284 1838 3534 1910 superbia

1960 1929 2221 2000 peccavit.

2032 2021 2194 2075 Vsus.
2220 2018 2272 2074 6.
2291 2050 2358 2059 -
2376 2018 2487 2090 Ego
2508 2019 2639 2073 dixi.
2671 2017 2873 2091 (Cass.)
2899 2017 3138 2087 Quid'eis
3158 2019 3496 2091 propositum
3514 2018 3539 2074 τ

1960 2113 2054 2167 sed
2080 2113 2374 2182 perierunt.
2411 2109 2523 2180 Ego
2548 2110 2662 2164 dixi
2688 2123 2706 2162 :
2733 2108 3047 2164 Nescierunt
3077 2126 3237 2182 neque
3273 2107 3539 2164 intellexeo

1961 2213 2128 2267 runt;
2185 2211 2364 2257 tamen
2421 2218 2513 2273 ego
2577 2199 2706 2256 dixi.
2761 2199 2871 2256 Has
2917 2200 3305 2271 promissiones
3351 2212 3539 2256 omnes

1960 2296 2274 2364 accipiunt,
2325 2294 2371 2350 si
2423 2291 2677 2348 mandata
2729 2292 3069 2357 custodiunt,
3099 2299 3159 2346 ut
3203 2291 3313 2346 sint
3353 2289 3448 2346 lilii
3483 2297 3542 2348 et

1959 2391 2055 2446 Dei
2090 2408 2104 2444 :
2130 2392 2231 2444 hoc
2256 2389 2325 2444 ad
2352 2388 2555 2459 justos;
2586 2402 2676 2442 vos
2706 2395 2898 2450 autem,
2929 2385 3032 2440 hoc
3063 2383 3129 2438 ad
3154 2381 3342 2438 malos.

2031 2482 2194 2537 Vens.
2233 2479 2553 2535 7.—Sicut
2603 2479 2857 2532 homines.
2910 2475 3091 2550 (AUG.)
3130 2473 3294 2543 Quasi
3343 2493 3357 2528 :
3405 2473 3537 2530 Cum

1960 2581 2092 2648 cito,
2121 2581 2260 2636 sicut
2287 2577 2556 2642 homines,
2591 2575 2710 2630 sitis
2756 2572 3027 2632 morituri,
3065 2587 3175 2626 non
3210 2572 3334 2626 inde
3362 2571 3538 2625 corri-

1962 2671 2178 2743 gimini;
2208 2669 2303 2725 sed
2328 2677 2385 2723 ut
2420 2664 2683 2730 diabolus,
2707 2665 2800 2735 qui
2829 2678 2993 2718 carne
3016 2678 3124 2718 non
3155 2661 3386 2718 moritur
3405 2702 3417 2723 ,
3442 2675 3539 2715 ex-

1965 2762 2210 2819 tollimini
2236 2803 2250 2827 ,
2302 2767 2363 2814 ut
2405 2757 2612 2814 cadatis
2643 2773 2656 2810 :
2685 2756 2809 2826 quia
2845 2770 2942 2825 per
2979 2753 3286 2824 superbiam
3320 2751 3542 2806 diaboli-

1962 2873 2082 2913 cam
2108 2855 2414 2910 inviderunt
2439 2851 2622 2923 gloria:
2651 2848 2882 2913 Christi,
2905 2856 2960 2901 et
2985 2846 3136 2900 viluit
3161 2846 3242 2900 eis
3263 2844 3542 2900 humilitas

1964 2946 2161 3002 crucis.
2193 2944 2322 3007 Sed,
2349 2951 2407 2997 ut
2437 2943 2540 2996 hoc
2565 2939 2751 2994 vitium
2792 2945 3010 2993 sanetur
3032 2952 3097 2992 ex
3146 2949 3374 3006 persona
3411 2933 3542 2990 Pro-

1962 3040 2160 3110 phetas,
2183 3037 2459 3092 subditur:
2487 3033 2655 3104 Surge
2679 3031 2836 3097 Deus,
2861 3041 2992 3098 etc.,
3017 3031 3152 3085 sicut
3175 3047 3329 3084 unus.
3360 3029 3538 3084 Turba

1967 3145 2087 3202 quae
2121 3127 2319 3182 cecidit
2345 3125 2541 3180 dicitur
2567 3138 2706 3178 unus
2729 3164 2743 3188 ,
2773 3122 2898 3191 quia
2946 3121 3001 3175 in
3029 3120 3281 3190 superbia
3308 3119 3500 3175 similis
3525 3135 3538 3172 :

1966 3220 2078 3276 Vos
2100 3218 2330 3283 cadetis,
2359 3216 2451 3273 scd
2478 3234 2490 3270 :

287 3300 415 3369 filiis
463 3299 671 3354 Excelsi
710 3313 904 3352 omnes.
951 3296 1104 3353 Unde
1141 3295 1332 3361 etiam,
1368 3294 1504 3364 ﬁlias
1554 3294 1777 3349 enutrivi
1809 3304 1855 3349 et
1884 3297 1931 3360 C
2035 3311 2199 3366 γεκε,
2248 3307 2301 3363 8,
2348 3337 2418 3348 --
2467 3304 2635 3375 Surge
2695 3303 2854 3358 Deus.
2887 3300 3072 3374 (Auc.)
3095 3299 3154 3356 ld
3203 3309 3304 3368 est,
3348 3300 3542 3356 damna

287 3392 534 3457 exaltari,
561 3391 658 3463 ipsi
685 3401 857 3444 autem
885 3399 1180 3460 spreverunt
1207 3403 1306 3442 me.
1331 3385 1452 3442 Filii
1477 3385 1729 3442 dicuntur
1753 3401 1859 3440 non

289 3486 465 3541 solum
487 3485 657 3556 gratia
675 3483 798 3538 novi
827 3481 1152 3546 testamenti,
1179 3480 1274 3535 sed
1303 3479 1474 3551 gratia
1495 3479 1716 3544 veteris,
1741 3494 1863 3549 quae

290 3592 385 3634 eos
409 3578 475 3633 de
501 3575 734 3648 Egypto
763 3575 1024 3631 liberavit.

363 3668 523 3734 Vens.
548 3668 601 3723 2.
627 3699 697 3709 -
723 3666 1016 3739 Usquequo.
1048 3664 1229 3738 (Λυσι.)
1257 3662 1382 3720 Iitec
1409 3673 1494 3721 est
1521 3679 1624 3719 vox
1661 3665 1864 3720 discer-

291 3761 469 3817 nentis
493 3779 507 3814 :
537 3760 682 3814 misit
719 3759 892 3830 legem
929 3764 983 3812 et
1008 3756 1326 3827 Prophetas,
1351 3763 1407 3810 et
1442 3754 1742 3820 restitistis,
1769 3757 1863 3810 sed

290 3853 602 3923 quousque?
633 3849 770 3905 Num
797 3863 968 3920 usque
997 3848 1062 3903 ad
1089 3849 1376 3902 adventum
1399 3847 1518 3902 misi
1541 3847 1860 3918 Prophetas,

288 3952 344 3998 et
369 3941 579 4012 injuriis
603 3940 878 4005 all‘ecistis,
905 3939 990 3994 vel
1018 3936 1386 4003 intcrfecistis,
1415 3937 1500 3992 vel
1531 3938 1632 3992 hoc
1660 3938 1865 4008 agenti-

289 4034 392 4089 bus
420 4030 801 4088 consensistis?
831 4028 935 4084 Sed
964 4043 1086 4082 cutn
1122 4028 1236 4082 haec
1268 4027 1552 4098 agentibus
1583 4041 1682 4082 nec
1719 4028 1862 4097 loqui

291 4127 509 4198 dignum
535 4126 620 4189 sit,
649 4138 746 4180 vos
765 4123 856 4193 qui
881 4123 1143 4184 tacuistis,
1171 4128 1227 4175 et
1253 4119 1453 4175 imitari
1479 4136 1573 4176 eos
1596 4121 1859 4186 voluistis,

290 4235 554 4290 usquequo
587 4217 838 4288 judicatis
880 4215 1207 4285 iniquitatem
1241 4221 1288 4267 et
1337 4211 1497 4282 facies
1531 4221 1861 4282 peccatorum

289 4311 537 4366 sumitis?
564 4308 700 4366 Num
727 4316 783 4360 et
807 4307 980 4360 haeres
999 4303 1324 4359 occidendus
1345 4305 1450 4369 est,
1479 4303 1570 4373 qui
1595 4319 1693 4373 pro
1710 4302 1864 4358 vobis

289 4403 460 4469 venit,
503 4403 593 4473 qui
633 4415 734 4472 pro
777 4400 928 4454 vobis
969 4398 1085 4453 sine
1123 4407 1275 4468 patre
1310 4411 1432 4453 esse
1463 4396 1632 4451 voluit
1667 4403 1727 4451 ut
1764 4411 1861 4466 pu-

289 4495 484 4566 pillus?
511 4494 601 4564 qui
631 4499 850 4562 propter
873 4503 970 4545 vos
993 4489 1220 4544 esurivit
1244 4496 1298 4543 et
1327 4488 1511 4548 sitivit,
1543 4497 1602 4542 ut
1636 4501 1857 4558 egenus,

291 4588 383 4658 qui
413 4594 631 4657 propter
655 4599 750 4638 vos
775 4597 978 4652 pauper
999 4581 1172 4634 factus
1198 4587 1303 4644 est,
1330 4593 1451 4633 cum
1477 4585 1620 4631 esset
1642 4578 1808 4632 dives.

1965 3407 2119 3470 istos,
2152 3403 2276 3473 quia
2307 3401 2391 3455 his
2439 3397 2690 3470 repulsis,
2731 3405 2787 3451 tu
2817 3393 3181 3451 hzereditabis.
3227 3390 3323 3448 Vel
3356 3391 3538 3461 iudica

1964 3497 2247 3560 mundum,
2288 3494 2413 3564 quia
2451 3499 2573 3546 tuus
2597 3499 2700 3553 est,
2732 3497 2786 3544 et
2814 3489 2918 3544 hoc
2948 3495 3050 3553 est,
3084 3495 3141 3542 tu
3173 3482 3538 3541 haereditabis.

2443 3623 2763 3680 PSALMUS
2802 3621 3058 3678 LXXXII.

2039 3765 2202 3820 Vsus.
2262 3763 2311 3817 Ι.
2354 3790 2425 3801 ——
2458 3757 2732 3816 Canticum
2787 3757 2995 3828 psalmi.
3048 3754 3250 3828 (Cass.)
3297 3753 3432 3822 Quia
3487 3753 3540 3809 in

1967 3855 2131 3914 rebus
2161 3853 2480 3920 actualibus,
2508 3852 2751 3907 habenda
2795 3859 2878 3905 est
2910 3849 3087 3905 divina
3135 3846 3538 3918 contortiplatio.

1968 3949 2216 4004 Deterret
2249 3955 2427 4002 autem
2470 3945 2683 4014 iniquos
2711 3958 2739 3998 a
2769 3942 3146 4010 persecutione
3175 3939 3355 4010 populi
3403 3937 3498 3994 Dei
3524 3954 3538 3991 :

1967 4041 2137 4095 bonos
2166 4054 2294 4093 vero
2333 4044 2516 4091 monet
2553 4036 2620 4090 ad
2657 4034 2993 4106 patientiam.
3039 4031 3288 4087 Psalmus
3327 4031 3396 4086 de
3447 4029 3541 4084 ad-

1968 4138 2131 4186 ventu
2156 4127 2358 4185 Christi
2393 4129 2458 4182 ad
2484 4125 2766 4198 judicium,
2791 4126 2882 4180 ubi
2912 4123 3060 4190 boni,
3089 4123 3180 4193 qui
3212 4123 3302 4176 hic
3330 4120 3540 4191 patiun-

1967 4230 2074 4284 tur,
2101 4217 2507 4277 coronabuntur
2536 4236 2547 4272 :
2573 4217 2696 4272 mali
2721 4231 2873 4281 vero,
2890 4215 2980 4286 qui
3007 4228 3100 4270 eos
3119 4217 3537 4282 persequuntur,

1965 4311 2377 4383 torquebuntur.
2455 4353 2460 4360 .

2035 4405 2197 4460 Vsus.
2235 4403 2290 4458 2.
2329 4433 2396 4442 —
2426 4399 2567 4456 Deus
2611 4401 2728 4470 quis
2755 4397 2982 4452 similis?
3016 4394 3217 4466 (Cass.)
3259 4393 3541 4462 Proposito

1963 4502 2158 4555 timore
2183 4495 2348 4550 futuri
2367 4493 2585 4564 judicis,
2605 4490 2862 4546 describit
2885 4488 3145 4544 malitiam
3173 4487 3536 4543 inimicorum.

1963 4587 2145 4662 (Auo.)
2177 4585 2318 4640 Deus
2366 4584 2482 4656 quis
2530 4581 2714 4636 similis
2744 4579 2770 4634 Ρ
2795 4580 2907 4635 Etsi
2939 4581 3102 4636 homo
3128 4621 3142 4646 ,
3177 4589 3239 4635 ut
3279 4577 3400 4646 alii;
3435 4582 3536 4636 etsi

367 4678 527 4734 Vsus.
564 4680 613 4732 5.
630 4705 701 4716 —
727 4673 971 4728 Iudicate
996 4687 1152 4742 egeno
1184 4679 1232 4724 et
1269 4670 1487 4740 pupillo,
1513 4685 1789 4737 pauperem
1814 4681 1861 4723 et

1967 4680 2254 4749 judicatus,
2286 4691 2406 4730 cum
2438 4675 2636 4742 iniquis
2679 4671 2952 4741 deputaris
2980 4690 2994 4724 :
3028 4671 3148 4741 quis
3176 4671 3386 4736 similis,
3415 4685 3536 4726 cum

291 4771 540 4827 humilem
553 4767 863 4840 justificate.
885 4765 1088 4837 (Cass)
1119 4763 1445 4833 Diapsalma,
1469 4772 1652 4816 monet
1668 4761 1862 4816 intelli-

290 4873 443 4937 geret
469 4863 744 4920 Christum
781 4873 900 4916 esse
939 4859 1127 4920 Deum,
1161 4865 1214 4911 et
1257 4855 1302 4910 si
1332 4868 1536 4924 egenus
1572 4863 1628 4908 et
1661 4867 1866 4924 pauper

293 4957 414 5021 fuit,
437 4953 581 5024 quod
605 4966 699 5007 eos
727 4965 830 5005 non
857 4948 1048 5004 fecisse
1076 4946 1222 5001 dicit.

367 5047 526 5104 Vens.
564 5044 704 5099 ι.-
722 5041 921 5111 Eripite
941 5053 1241 5110 pauperem.
1271 5036 1451 5106 (Avo)
1478 5033 1740 5094 Ostendit,
1770 5049 1869 5089 nec

293 5139 414 5196 illos
433 5137 700 5193 immunes
717 5133 808 5204 qui
833 5129 1192 5202 permiserunt
1211 5127 1545 5198 principibus
1567 5127 1861 5188 Christum,

292 5245 418 5285 cum
468 5242 580 5298 pra:
621 5221 960 5280 multitudine
993 5221 1328 5284 timerentur,
1359 5227 1411 5273 et
1445 5228 1668 5289 possent
1693 5219 1812 5274 illos
1834 5235 1862 5272 a

293 5321 460 5384 facto,
482 5325 538 5374 et
557 5331 618 5372 se
640 5331 670 5371 a
691 5327 959 5370 consensu
988 5311 1234 5365 liberare.
1262 5309 1463 5382 (Cass)
1487 5310 1588 5376 Qui
1613 5311 1755 5365 enim
1775 5311 1866 5365 de-

292 5413 428 5469 sinit
449 5409 670 5466 obviare
693 5423 815 5463 cum
839 5412 1035 5477 potest,
1062 5404 1350 5459 consentit.

366 5507 531 5563 Vna.
557 5499 1070 5559 6.—looebuntur.
1101 5496 1306 5568 (Cass)
1333 5495 1468 5550 Hinc
1495 5503 1642 5565 patet
1671 5495 1738 5550 de
1763 5510 1868 5564 quo

295 5601 512 5658 dixerat
541 5617 555 5653 :
584 5598 686 5656 hoc
722 5595 932 5664 signum
974 5592 1027 5647 in
1074 5590 1424 5646 crucifixione
1480 5590 1719 5659 contigit.
1773 5587 1868 5642 Vel

296 5690 672 5762 spiritualitor,
715 5687 917 5742 terreni
959 5677 1263 5739 moti'sunt
1310 5681 1399 5735 illo
1451 5689 1710 5749 tempore,
1751 5681 1867 5735 viso

297 5793 452 5840 tanto
487 5781 775 5845 miraculo;
808 5786 867 5832 ut
894 5777 1160 5841 centurio,
1188 5775 1279 5844 qui
1319 5775 1492 5829 dixit:
1536 5771 1660 5828 Vere
1695 5772 1866 5828 Filius

298 5871 530 5934 Norat
561 5877 671 5928 iste.
713 5873 893 5944 (Auc.)
928 5867 1268 5922 locabuntur
1301 5868 1476 5920 omnia
1504 5865 1862 5936 fundamenta.

1966 4772 2020 4824 in
2045 4768 2286 4823 claritate
2308 4765 2608 4836 judicabis?
2635 4765 2754 4818 ideo
2781 4772 2908 4817 tunc
2935 4779 3001 4818 ne
3023 4771 3224 4828 taceas,
3246 4763 3337 4834 qui
3364 4763 3539 4833 primo

1966 4861 2204 4918 tacuisti.
2236 4867 2289 4913 et
2317 4865 2639 4928 potestatem
2672 4853 3081 4924 compescuisti,
3131 4861 3193 4908 ut
3228 4865 3416 4924 posses
3453 4860 3536 4906 te-

1966 4953 2082 5010 neri
2128 4961 2183 5005 ct
2225 4950 2435 5020 perimi.
2469 4948 2609 5002 Deus
2639 4948 2754 5018 quis
2792 4947 3018 5000 sinttlt's.’
3045 4945 3159 5000 Non
3190 4946 3258 4999 ad
3289 4945 3538 5000 divinita-

1970 5053 2076 5098 tem
2107 5043 2210 5096 hoc
2243 5040 2492 5098 refertur.
2549 5039 2634 5093 cui
2679 5037 2881 5092 nullum
2908 5039 3180 5093 hominem
3207 5049 3536 5107 comparan-

1973 5135 2100 5188 dum
2136 5130 2406 5201 cogitavit.
2449 5125 2572 5184 Ideo
2617 5144 2722 5184 non
2751 5129 2827 5183 ait
2857 5146 2868 5182 :
2896 5127 3026 5194 Quis
3054 5125 3240 5180 similis
3277 5135 3352 5181 est
3396 5127 3490 5181 tibi
3512 5127 3538 5180 f

1968 5225 2108 5294 quod
2135 5223 2321 5291 utique
2370 5222 2435 5275 ad
2479 5221 2816 5276 divinitatem
2867 5217 3197 5283 referretur;
3240 5217 3334 5273 sed
3382 5219 3534 5284 dicit,

1969 5313 2100 5380 Quis
2129 5312 2312 5367 similis
2353 5312 2448 5366 erit
2480 5311 2610 5365 tibi?
2629 5312 2732 5366 hoc
2756 5309 2822 5364 ad
2851 5308 3076 5363 formam
3101 5307 3241 5362 servi
3269 5306 3532 5373 referens,

1969 5421 2074 5476 qua
2127 5414 2252 5459 tunc
2289 5405 2496 5460 caeteris
2519 5404 2798 5459 dissimilis
2827 5401 3135 5456 hominibus
3153 5401 3289 5467 erit,
3316 5401 3536 5471 quando

1963 5497 2130 5567 judex
2169 5496 2225 5549 in
2263 5495 2431 5565 gloria
2461 5495 2768 5565 apparebit;
2809 5491 2891 5546 vel
2914 5500 3091 5562 potest
3109 5492 3214 5546 hoe
3234 5491 3430 5546 referri
3466 5490 3533 5545 ad

1971 5588 2306 5642 divinitatem
2337 5589 2629 5643 secundum
2659 5586 2800 5654 quod
2841 5584 2972 5638 dicit
3002 5601 3016 5637 :
3048 5581 3096 5638 0
3115 5583 3276 5648 Deus,
3313 5583 3430 5653 quis
3464 5584 3536 5636 si-

1968 5682 2107 5734 milis
2136 5681 2329 5735 tibi?in
2353 5681 2592 5750 potentia
2619 5678 2844 5732 Deitatis
2861 5676 3161 5733 :Christum
3182 5675 3350 5741 enim,
3369 5687 3532 5745 quem

1971 5773 2096 5826 mali
2123 5773 2370 5827 viderunt
2409 5778 2582 5832 extra,
2621 5770 2724 5823 iste
2761 5767 2908 5823 videt
2930 5768 3089 5829 intra,
3117 5763 3324 5820 scilicet
3353 5764 3532 5819 omni-

1968 5874 2259 5938 potentem.
