4008 6348
1709 297 1862 312 μς...

465 391 572 452 985
953 393 1346 452 WALAFRIDI
1385 393 1630 452 STRABI
1663 394 1867 452 FULD.
1905 393 2069 451 MON.
2111 393 2261 451 OPP.
2304 392 2484 450 PARS
2517 393 2559 448 Ι.
2599 422 2666 433 -—-
2704 390 3158 448 THEOLOCICA.
3315 421 3324 430 --
3621 391 3730 446 984

537 513 699 569 Vens.
740 512 794 569 5.
823 543 893 554 -
923 511 1184 579 Quoniam
1213 530 1349 580 ecce,
1385 520 1493 568 etc.
1527 511 1707 587 (Auc.)
1736 511 2036 569 Novissima
2061 514 2117 576 Α
2139 513 2290 568 illud.
2324 512 2615 569 Tribulatio
2640 512 2718 569 vel
2743 513 2986 583 angustia
3016 512 3074 567 in
3102 528 3309 567 onmem
3351 512 3588 568 animam
3633 512 3733 565 lto—

467 615 711 674 tempora
741 603 1060 659 Antichristi
1123 605 1398 675 designat,
1447 603 1662 673 quando
1719 618 1838 675 quae
1883 604 2040 658 modo

465 702 786 765 premuntur
811 701 979 758 metu,
1005 693 1061 748 in
1097 693 1322 747 liberam
1353 709 1540 748 vocem
1573 702 1857 763 erumpent
1880 693 2041 763 {quae

470 804 573 843 vox
615 786 741 856 quia
790 784 1181 840 irrationabilis
1224 792 1359 849 erat,
1393 784 1564 856 magis
1599 783 1826 849 sonitus,
1877 799 2042 854 quam

467 878 666 933 locutio
681 876 897 931 dicitur.
918 874 1021 940 Qui
1040 873 1278 928 oderunt.
1307 871 1508 945 (Cass)
1539 874 1740 939 Plures,
1763 874 1856 929 sed
1878 889 2044 928 unum

469 978 630 1039 caput
669 967 1034 1022 Antichristus
1063 983 1076 1020 :
1106 965 1250 1036 quod
1284 965 1486 1021 elatum
1515 975 1598 1022 est
1622 1007 1638 1033 ,
1681 973 1740 1021 ut
1779 966 1920 1022 Deus
1963 966 2052 1027 di-_

469 1078 531 1118 ca
542 1072 647 1117 llll'.

541 1134 706 1208 Vnus.
738 1151 794 1206 4.
826 1181 886 1193 -
907 1150 1076 1220 Super
1101 1136 1348 1222 populum
1373 1159 1540 1204 tuum.
1571 1149 1746 1220 Caput
1771 1165 1927 1206 suum
1950 1165 2045 1206 ex-

470 1247 745 1312 tulerunt,
788 1245 884 1300 sed
929 1259 1034 1299 non
1067 1242 1320 1314 populum
1359 1250 1510 1296 tuum
1569 1241 1970 1311 depresserunt.

541 1343 722 1418 (Auo.)
753 1342 925 1413 Super
948 1338 1197 1412 populum
1223 1348 1390 1393 tuum.
1419 1337 1713 1393 lrridenter
1739 1337 1843 1393 hoc
1871 1338 2003 1392 dicit
2026 1355 2039 1391 :

468 1437 585 1492 Non
624 1436 767 1492 enim
809 1440 1032 1504 possunt
1072 1444 1268 1486 nocere
1305 1429 1502 1500 populo
1540 1429 1635 1483 Dei
1676 1445 1774 1498 pro
1812 1445 1918 1500 quo
1961 1436 2047 1483 est

473 1532 628 1591 Deus,
662 1527 803 1582 unde
828 1524 1114 1596 Apostolus
1140 1542 1152 1577 :
1183 1521 1244 1578 Si
1274 1521 1416 1576 Deus
1447 1539 1540 1594 pro
1564 1523 1730 1588 nobis,
1763 1520 1876 1592 quis
1916 1537 2042 1574 con-

470 1633 549 1674 tra
581 1620 721 1674 nos?
749 1618 926 1691 (Rom.
967 1616 1109 1688 vm.)

539 1711 702 1766 Vsus.
754 1711 808 1764 5.
848 1739 916 1749 —
945 1709 1198 1762 Dixerunt
1239 1706 1424 1760 venite.
1463 1704 1643 1778 (Auc.)
1691 1705 1830 1759 Ecce
1867 1703 2044 1760 consi-

468 1805 622 1868 lium,
650 1817 756 1872 quo
781 1801 1013 1855 meditati
1053 1809 1170 1853 sunt
1212 1799 1417 1851 inania.
1469 1796 1574 1850 lste
1607 1803 1691 1849 est
1725 1795 1812 1848 ille
1835 1810 1999 1850 sonus
2022 1835 2036 1860 ,

2141 605 2296 659 minis
2325 606 2587 674 operantis
2610 604 2827 660 malum.
2853 603 3031 675 (Rom.
3049 605 3136 674 ιι.)
3161 603 3350 659 Assur.
3373 604 3730 675 Deprimens,

2140 694 2226 748 vcl
2263 694 2457 749 elatus.
2491 693 2609 748 Lot.
2655 692 2966 760 Declinans,
2989 694 3166 766 angeli
3193 704 3472 766 apostata,
3503 697 3602 752 ﬁlii
3632 698 3732 755 de-

2141 784 2468 850 clinationis,
2499 785 2623 855 quia
2647 799 2677 838 a
2703 785 2932 840 veritate
2960 786 3276 842 declinando
3300 787 3357 843 in
3401 789 3732 847 satellitium

2142 877 2338 934 diaboli
2379 879 2763 944 discesserunt,
2794 880 2936 935 unde
2967 864 3024 934 in
3045 879 3404 951 Apocalypsi:
3430 882 3611 938 Draco
3639 900 3736 940 ce-

2143 968 2293 1035 cidit,
2323 979 2377 1026 et
2411 972 2576 1026 traxit
2623 986 2805 1027 secum
2837 970 3053 1025 tertiam
3088 980 3293 1042 partem
3324 972 3632 1038 stellarum,
3665 973 3734 1028 de

2141 1063 2336 1133 quibus
2360 1064 2649 1133 Apostolus
2675 1081 2689 1117 :
2715 1063 2838 1117 Non
2866 1073 2942 1118 est
2973 1063 3117 1118 nobis
3147 1063 3450 1118 colluctatio
3472 1065 3734 1118 adversus

2142 1171 2351 1210 carnem
2369 1167 2418 1210 et
2456 1158 2788 1228 sanguinem,
2821 1155 2911 1210 sed
2939 1156 3187 1210 adversus
3210 1155 3538 1227 principatus
3563 1167 3612 1210 et
3638 1173 3738 1228 po-

2143 1255 2350 1301 testates
2381 1246 2596 1318 (Ephes.
2629 1247 2728 1320 vr).

2213 1339 2374 1394 Vens.
2411 1340 2494 1394 10.
2521 1372 2592 1381 -
2621 1340 2865 1396 Madian.
2897 1340 3182 1397 Declinans
3204 1340 3486 1412 judicium.
3516 1339 3734 1404 Sisara,

2143 1431 2381 1488 exclusio
2403 1432 2602 1502 gaudii.
2625 1430 2662 1485 Ι
2665 1433 2805 1498 abin,
2831 1433 3068 1503 sapiens,
3090 1431 3158 1487 de
3185 1447 3292 1502 quo
3319 1447 3335 1486 :
3360 1429 3462 1486 Ubi
3475 1433 3740 1503 sapiens?

2145 1525 2232 1579 ubi
2251 1524 2656 1590 scriba?Cison,
2695 1525 2782 1578 ubi
2810 1525 2936 1579 victi
2968 1523 3209 1591 fuerunt,
3232 1525 3432 1580 duritia
3460 1527 3741 1596 interpre—

2145 1624 2306 1671 tatur.
2337 1613 2542 1681 Endor,
2573 1615 2663 1671 ubi
2699 1616 3000 1687 perierunt,
3051 1616 3172 1672 fons
3226 1619 3623 1688 generationis.
3675 1619 3742 1672 Et

2145 1707 2460 1778 intelligitur
2481 1707 2758 1779 generatio
2787 1709 3039 1773 carnalis,
3063 1723 3167 1762 non
3201 1724 3338 1778 aqua
3366 1709 3625 1778 baptismi
3657 1724 3743 1764 re-

2147 1799 2406 1870 generati.
2445 1797 2604 1862 Oreb,
2627 1799 2864 1864 siccitas,
2913 1798 3040 1865 Zeb,
3079 1799 3256 1870 lupus,
3295 1799 3482 1863 Zebee,
3509 1803 3740 1856 victima

469 1897 560 1966 qui
606 1871 712 1950 non
742 1902 824 1948 est
850 1907 1028 1946 sermo
1053 1929 1068 1956 ,
1097 1890 1189 1944 sed
1229 1890 1464 1943 inaniter
1505 1888 1715 1958 strepit.
1763 1887 1840 1941 De
1875 1898 2040 1957 gente.
2071 1871 2121 1930 Β
2147 1891 2282 1964 lupi,
2337 1907 2444 1946 non
2472 1890 2588 1945 Dei.
2622 1889 2899 1958 Salmana,
2928 1893 3118 1947 umbra
3157 1894 3563 1948 commotionis.
3613 1893 3742 1947 Hm

471 1986 674 2061 (Cass)
704 1983 1078 2055 Singulariter,
1099 1981 1225 2052 quia
1251 1995 1440 2035 omnes
1454 1979 1745 2034 Christiani
1766 1994 1870 2033 una
1893 1993 2044 2048 gens,

469 2097 590 2134 cum
621 2095 684 2133 ex
722 2092 827 2132 uno
859 2075 1004 2130 fonte
1031 2072 1369 2142 baptismatis
1394 2071 1536 2137 nati;
1570 2070 1655 2124 vel
1684 2083 1872 2125 omnes
1897 2069 2045 2133 boni,

465 2149 616 2242 quos.
655 2168 742 2222 ille
780 2164 1146 2220 Antichristus
1189 2171 1348 2218 vocat
1392 2177 1554 2216 unam
1599 2169 1814 2232 gentem
1864 2181 1876 2216 :
1921 2176 2046 2218 ecce

467 2259 773 2331 persecutio
792 2257 1134 2322 Antichristi,
1158 2255 1250 2324 qui
1278 2269 1472 2309 nomen
1501 2253 1868 2308 Christianum
1891 2253 2045 2324 quasi

469 2352 670 2406 malum
699 2349 926 2405 intendit
947 2348 1136 2404 tollere
1166 2345 1425 2401 funditus.

539 2445 700 2501 Vnus.
755 2442 807 2498 6.
849 2472 920 2483 --
969 2440 1356 2495 Testamentum
1421 2437 1805 2508 disposuerunt.
1855 2435 2044 2510 (AUG.)

471 2535 898 2595 Testamentum,
929 2531 1128 2600 quippe
1166 2529 1218 2582 in
1251 2527 1548 2597 Scripturis
1573 2542 1680 2582 non
1712 2519 1841 2580 illud
1875 2526 2046 2580 solum

476 2625 689 2688 dicitur,
719 2622 864 2696 quod
894 2637 1000 2676 non
1037 2621 1198 2686 valet,
1245 2620 1350 2674 nisi
1397 2628 1655 2674 testatore
1677 2607 1916 2680 'mortuo,
1952 2617 2046 2672 sed

472 2719 634 2772 etiam
663 2730 822 2770 omne
850 2722 1064 2784 pactum
1088 2755 1103 2779 ,
1151 2721 1205 2767 et
1245 2712 1503 2782 placitum
1548 2712 1691 2781 quod
1725 2711 1868 2764 inter
1894 2709 2048 2764 vivos

473 2811 634 2875 valet,
662 2816 1046 2864 testamentum
1080 2815 1308 2864 vocatur
1330 2847 1346 2872 ,
1392 2806 1533 2862 sicut
1575 2805 1758 2862 Laban
1801 2815 1856 2860 et
1880 2804 2046 2860 Jacob

473 2909 855 2957 testamentum
903 2899 1166 2955 fecerunt.
1221 2901 1296 2955 lta
1341 2909 1394 2955 et
1440 2899 1567 2955 mali
1601 2900 1744 2954 inter
1784 2913 1845 2966 se
1891 2897 2048 2968 quasi

472 3004 689 3067 pactum
748 2993 1027 3060 fecerunt,
1077 2995 1221 3064 quod
1264 2993 1590 3050 unanimiter
1649 2991 1819 3048 bonos
1863 3003 2048 3063 perse-

472 3097 787 3160 querentur.

549 3182 704 3238 Vens.
755 3181 809 3235 7.
841 3210 912 3222 --
953 3179 1310 3237 Tabernacula
1352 3179 1732 3264 Iduma’orum.
1786 3178 2048 3249 Exposuit

473 3295 580 3351 quo
619 3278 798 3334 studio
828 3276 1258 3352 malignaverunt
1294 3291 1306 3329 :
1339 3275 1576 3331 ostendit
1603 3274 1797 3330 deinde
1817 3273 1929 3344 jam
1953 3273 2047 3344 qui

472 3376 580 3430 sint
621 3373 1011 3445 malignantes,
1062 3371 1244 3426 dicens
1298 3388 1311 3422 :
1373 3367 1732 3423 Tabernacula
1779 3365 2048 3421 Idumwo-

476 3482 614 3531 rum,
673 3473 778 3520 etc.
841 3461 1220 3526 Iduma’orum,
1250 3469 1298 3515 et
1335 3458 1638 3514 lsmaelitaz.
1689 3457 1894 3531 (Ctss.)
1941 3456 2048 3511 Per

476 3561 593 3615 haec
616 3557 856 3620 nomina,
889 3554 1092 3610 Christi
1113 3553 1361 3608 inimicos
1390 3551 1648 3616 declarat,
1672 3550 1764 3621 qui
1792 3549 2050 3620 tempori-

475 3653 577 3707 bus
605 3649 920 3705 Antichristi
951 3656 1028 3703 tot
1049 3646 1205 3701 malis
1247 3645 1552 3700 similantur
1587 3663 1599 3697 :
1632 3643 1759 3715 quia
1795 3643 1935 3697 sicut
1959 3641 2049 3696 isti

474 3754 662 3800 contra
688 3741 889 3805 Israel,
923 3741 997 3794 ita
1027 3738 1101 3794 illi
1132 3745 1319 3795 contra
1358 3736 1693 3792 Christianos
1723 3745 1850 3791 tunc
1884 3734 2051 3790 bella-

472 3835 626 3888 bunt.
685 3831 934 3886 Moabitaz
969 3830 1148 3901 (Auo.,
1185 3827 1368 3898 lima.)
1403 3825 1554 3882 Unde
1578 3826 1847 3892 Moabitae,
1889 3841 2050 3896 quem

471 3924 573 3980 Lot
602 3923 787 3978 ebrius
813 3922 879 3977 de
904 3919 1107 3989 majore
1145 3918 1251 3973 ﬁlia
1297 3932 1394 3973 sua
1422 3916 1623 3987 genuit.
1673 3915 1921 3987 Agareni.
1969 3915 2050 3971 Ab

477 4016 638 4088 Agar,
669 4015 762 4084 qui
786 4022 840 4070 et
861 4011 1108 4084 proselyti
1139 4011 1590 4080 interpretantur.

545 4105 714 4160 Vsus.
745 4103 798 4159 8.
819 4133 890 4144 ——
917 4100 1099 4157 Gebal.
1149 4099 1330 4173 (Auc.,
1363 4097 1544 4170 HIER.)
1595 4095 1760 4154 Vallis
1787 4113 1946 4153 vana.
1978 4094 2052 4152 Ge

476 4196 620 4252 enim
651 4194 830 4260 vallis,
854 4192 977 4259 Bal,
1018 4206 1178 4246 vana.
1219 4191 1463 4245 Ammon.
1508 4186 1664 4246 Unde
1707 4187 2049 4256 Ammonitte,

474 4288 661 4360 genuit
689 4287 793 4343 Lot
819 4285 1000 4342 ebrius
1020 4285 1086 4340 de
1106 4283 1216 4338 ﬁlia
1242 4299 1340 4338 sua
1362 4283 1590 4338 minore.

546 4377 777 4433 Amalec.
810 4375 979 4432 Filius
1015 4375 1235 4446 Eliphaz
1269 4373 1613 4446 primogeniti
1659 4372 1826 4439 Esau,
1874 4387 1905 4426 a
1946 4386 2054 4442 quo

471 4470 798 4525 Amalecitaa.
1509 4457 1517 4460 “

527 4563 690 4617 Vens.
707 4560 1019 4615 9.—Assur.
1038 4558 1100 4632 (A
1108 4574 1194 4615 uc.
1206 4599 1220 4625 ,
1237 4555 1514 4628 thn.)‘Ad
1527 4557 1761 4613 litteram
1775 4555 2054 4612 Nabucho-

472 4656 726 4719 donosor,
743 4653 836 4724 qui
851 4651 950 4707 fuit
965 4669 1060 4708 rex
1071 4652 1436 4724 Assyriorum.
1454 4651 1700 4706 Idumwi.
1719 4649 1944 4706 Terreni
1964 4650 2050 4706 vel

474 4747 776 4820 sanguinei.
807 4744 1111 4800 Ismaelitte.
1145 4744 1471 4800 Obedientes
1496 4743 1743 4808 sibi,non
1759 4743 1889 4806 Deo,
1920 4742 2048 4811 quia

472 4855 670 4911 pravas
701 4837 1056 4908 cogitationes
1077 4851 1204 4891 suas
1231 4842 1548 4904 sequuntur.
1584 4831 1844 4898 Moab,ex
1865 4841 2043 4902 patre,

470 4933 613 5005 quod
625 4934 679 4988 in
693 4931 852 4987 malo.
869 4931 1065 4995 Bonus,
1083 4929 1301 4998 quidem
1313 4935 1487 4999 pater,
1503 4941 1610 4998 quo
1627 4926 1734 4980 tilia
1748 4926 1933 4982 illicite
1949 4941 2045 4981 usa

466 5035 575 5092 est,
589 5027 795 5082 sicutet
809 5025 893 5081 lex
911 5025 1050 5079 bona
1064 5031 1168 5088 est,
1188 5023 1233 5077 si
1247 5021 1366 5092 quis
1378 5037 1442 5076 ea
1463 5020 1699 5092 legitime
1711 5029 1917 5086 utatur,
1935 5035 2044 5074 non

467 5119 695 5177 inceste.
719 5117 964 5190 Agareni.
1012 5115 1294 5186 Proselyti,
1325 5115 1379 5170 id
1405 5123 1506 5181 est,
1536 5116 1771 5182 advenae,
1813 5114 1904 5185 qui
1938 5128 2046 5168 non

469 5212 638 5279 cives,
673 5212 768 5267 sed
787 5211 964 5266 alieno
991 5209 1172 5263 animo
1192 5207 1521 5273 subintrant,
1561 5216 1617 5263 et
1647 5209 1864 5263 inventa
1889 5221 2047 5262 occa-

472 5303 624 5359 sione
647 5301 874 5357 nocendi
912 5316 972 5356 se
1013 5299 1325 5356 ostendunt.
1357 5297 1540 5354 Gebal.
1575 5296 1743 5351 Vallis
1778 5311 1946 5360 vana,
1991 5297 2045 5352 id

470 5404 554 5450 est
585 5393 848 5448 fallaciter
869 5391 1104 5448 humilis.
1128 5391 1369 5446 Ammon.
1400 5387 1636 5459 Populus
1660 5387 1926 5454 turbidus,
1959 5387 2042 5444 vel

470 5483 980 5540 mmroris.Amalec.
1000 5482 1234 5554 Populus
1248 5482 1457 5554 lingens
1473 5487 1692 5535 terram.
1707 5477 2041 5547 Alienigena.

469 5575 622 5631 Licet
650 5575 814 5630 latino
862 5574 1080 5628 nomine
1128 5589 1188 5629 se
1239 5574 1478 5628 indicent
1503 5569 1727 5635 alienos,
1757 5579 1813 5623 et
1851 5568 1921 5624 ob
1941 5569 2045 5624 hoc

473 5665 737 5729 inimicos,
787 5673 964 5719 tamen
1020 5665 1275 5719 hebraice
1305 5664 1559 5718 dicuntur
1608 5657 1948 5724 Philisthiim,
1992 5661 2044 5714 id

471 5765 573 5819 est,
600 5755 850 5809 cadentes
889 5755 1124 5824 potione,
1167 5763 1225 5806 ut
1248 5753 1382 5808 ebrii
1409 5750 1620 5807 luxuria
1648 5749 1909 5806 saeculari.
1942 5749 2045 5820 Ty-

2148 1985 2329 2040 omnia
2351 1991 2653 2054 congruunt
2674 1984 2848 2048 malis,
2893 1999 3028 2055 quos
3057 1985 3109 2039 in
3153 1986 3294 2042 bono
3339 1987 3472 2042 vicit
3501 1988 3743 2058 papulas

2147 2075 2263 2130 Dei.
2317 2071 2430 2129 Fac
2461 2074 2568 2128 illis
2601 2074 2731 2128 sicut
2761 2072 3004 2140 Madian,
3039 2086 3087 2128 et
3133 2075 3352 2140 Sisara',
3382 2078 3526 2131 sicut
3579 2078 3743 2133 labia

2145 2168 2200 2222 in
2249 2176 2492 2221 torrente.
2550 2166 2752 2238 (Cass)
2788 2167 2863 2220 De
2915 2167 3154 2223 vindicta
3203 2169 3558 2239 iniquorum;
3606 2172 3748 2226 sicut

2148 2273 2340 2314 omnes
2362 2259 2438 2313 illi
2466 2259 2597 2314 victi
2621 2265 2746 2312 sunt
2781 2257 2833 2311 in
2869 2257 3038 2327 ﬁgura
3066 2274 3093 2312 a
3117 2259 3316 2330 popqu
3343 2260 3463 2324 Dei,
3497 2262 3586 2316 sic
3613 2263 3744 2317 istos

2147 2357 2402 2420 precatur
2431 2351 2483 2402 in
2513 2349 2742 2404 veritate
2771 2349 3035 2418 superari.
3069 2346 3220 2424 Sicut
3252 2348 3498 2404 Madinn.
3543 2351 3734 2418 (At-0.)

2151 2440 2346 2510 Utpote
2399 2439 2500 2503 illi,
2530 2438 2623 2508 qui
2659 2438 2934 2494 declinant
2981 2437 3261 2507 judicium,
3312 2456 3372 2495 se
3411 2442 3749 2510 iudicandos

2148 2546 2254 2585 non
2282 2537 2539 2600 putantes
2577 2548 2590 2583 :
2621 2538 2677 2584 et
2725 2529 2814 2600 qui
2863 2529 3154 2586 excludunt
3182 2529 3423 2586 futurum
3447 2532 3740 2602 judicium,

2148 2631 2203 2678 et
2232 2623 2286 2677 hi
2308 2637 2497 2678 omnes
2527 2621 2578 2676 in
2601 2621 2786 2687 Cison,
2810 2629 2865 2678 et
2895 2622 2948 2676 in
2971 2621 3116 2676 fonte
3139 2621 3320 2678 Endor
3334 2625 3650 2694 perierunt.

2219 2714 2496 2770 Vens.12.
2525 2744 2595 2754 —
2615 2711 2761 2769 Pone
2787 2715 3044 2786 principes
3079 2732 3258 2770 eorum
3283 2717 3442 2784 sicut,
3478 2727 3591 2773 etc.
3624 2719 3748 2774 Haec

2151 2807 2400 2864 omnibus
2425 2806 2803 2862 communiter.
2837 2805 2942 2861 Sed
2971 2807 3296 2878 specialiter,
3317 2827 3455 2880 pone
3478 2813 3746 2883 principes

2149 2916 2330 2955 eorum
2363 2917 2381 2954 :
2406 2901 2512 2956 hoc
2533 2907 2684 2972 optat
2703 2899 2966 2957 militibus
2989 2900 3336 2966 Antichristi.
3359 2905 3454 2974 qui
3480 2921 3600 2962 non
3625 2917 3750 2961 sunt

2151 2995 2524 3051 convertendi.

2221 3085 2389 3142 Vsus.
2428 3086 2515 3142 15.
2538 3085 2950 3143 -Ηωνεάὶιαεε
2978 3087 3340 3159 possideamus
3371 3093 3750 3145 sanctum-iant

2152 3179 2275 3236 Dei.
2310 3179 2495 3251 (Auc.)
2522 3178 2646 3247 Dei,
2677 3179 2941 3235 invadunt
2970 3188 3032 3235 ut
3051 3195 3225 3236 suam.

2073 3240 2120 3305 α
2222 3240 2385 3326 Vnus.
2421 3240 2506 3325 M'.
2546 3240 2721 3325 —'Ut
2752 3280 2941 3335 rotam,
2969 3281 3018 3326 et
3054 3273 3190 3326 sicut
3234 3271 3491 3342 stipulam
3520 3283 3652 3327 ante
3671 3275 3752 3342 fa-

2152 3361 2283 3416 ciem
2325 3362 2477 3416 uenti.
2512 3360 2717 3433 (Cass)
2746 3361 2851 3418 Per
2889 3362 3030 3419 hanc
3060 3363 3513 3432 similitudinem,
3535 3365 3748 3421 multas

2151 3453 2399 3524 prazdicit
2421 3469 2609 3509 eorum
2631 3453 2987 3510 calamitates.

2231 3543 2406 3600 Venti.
2471 3543 2688 3601 Levitas
2757 3548 3100 3616 peccantium
3154 3556 3316 3606 vento
3367 3561 3752 3622 comparatur,

2153 3637 2277 3707 quia
2305 3639 2411 3692 huc
2443 3644 2498 3691 et
2523 3637 2649 3692 illuc
2672 3637 2883 3692 volitat.
2947 3680 2957 3685 ..

2224 3729 2392 3785 Vens.
2427 3729 2515 3782 15.
2541 3759 2612 3769 —-
2633 3727 2783 3799 Ignis
2828 3738 2878 3783 et
2917 3732 3132 3801 flamma
3160 3732 3473 3789 comburens
3517 3746 3751 3790 montes.

2154 3819 2338 3893 (AUG.)
2365 3818 2614 3892 Congrue
2655 3819 2712 3874 in
2735 3818 2941 3889 judicio
2985 3836 3108 3879 esse
3136 3823 3404 3886 dicuntur,
3441 3828 3674 3896 quando
3699 3839 3752 3882 ei

2155 3915 2336 3970 densae
2384 3912 2535 3969 silvae
2580 3921 2952 3984 peccatorum,
2997 3925 3054 3973 et
3082 3925 3294 3973 montes
3321 3919 3598 3989 superbiae
3627 3937 3753 3976 cre-

2153 4006 2465 4061 mabuntur.

2225 4096 2389 4152 Vsus.
2426 4099 2512 4154 17.
2532 4097 2782 4170 -—-Imple
2805 4097 2987 4168 facies.
3010 4099 3212 4171 (CASS.)
3238 4098 3423 4157 Poenis
3454 4112 3750 4158 contuma-

2154 4189 2297 4246 cium
2317 4189 2675 4260 prophetatis,
2695 4199 2817 4245 orat
2839 4205 2940 4260 pro
2965 4191 3272 4256 credituris,
3293 4191 3387 4261 qui
3409 4207 3522 4248 non
3541 4194 3750 4250 habent

2154 4277 2420 4334 scelerum
2455 4279 2783 4346 laudatores,
2815 4279 2910 4334 sed
2944 4279 3269 4350 culpatores,
3303 4295 3440 4350 quos
3470 4298 3620 4354 smpe
3651 4300 3748 4353 op—

2152 4370 2429 4440 probrium
2452 4371 2691 4442 corrigit.
2722 4371 2904 4443 (Auc.)
2927 4370 3117 4426 Melius
3154 4380 3240 4427 est
3273 4387 3434 4428 ruere
3481 4386 3543 4428 ut
3568 4377 3750 4444 paeni-

2157 4471 2286 4528 teat,
2313 4477 2475 4532 quam
2503 4461 2603 4518 sub
2650 4477 2744 4533 spe
2782 4463 3057 4534 religionis
3081 4463 3400 4534 superbire:
3425 4465 3573 4520 unde
3610 4466 3746 4522 Pro-

2154 4552 2317 4623 pheta
2341 4553 2416 4608 ait
2433 4571 2446 4606 :
2463 4552 2531 4606 Et
2551 4561 2629 4619 tu,
2645 4553 2762 4624 ﬁlia
2781 4552 3099 4625 Sion,usque
3119 4553 3189 4608 ad
3203 4553 3528 4625 Babylonem
3550 4560 3745 4624 uenies,

2152 4643 2325 4714 ibique
2348 4643 2648 4700 liberaberis
2674 4643 2862 4717 (Mich.
2887 4645 2986 4716 tv).

2224 4732 2394 4806 Imple
2425 4736 2606 4806 facies.
2640 4735 2756 4791 Hoc
2775 4737 2976 4794 bonum
3004 4744 3060 4794 et
3077 4738 3313 4811 optabile
3339 4740 3422 4795 eis
3467 4756 3581 4796 non
3625 4757 3750 4814 pro

2151 4827 2486 4896 phetaretur,
2534 4827 2638 4882 nisi
2693 4828 2836 4882 inter
2883 4843 2977 4885 eos
3022 4829 3270 4887 inimicos
3319 4840 3508 4887 essent
3560 4833 3746 4900 tales,

2151 4919 2348 4988 quibus
2374 4918 2476 4974 hoc
2500 4918 2902 4990 antejudicium
2928 4923 3272 4993 praestabitur
3300 4941 3313 4978 :
3343 4923 3470 4993 quia
3499 4932 3557 4979 et
3595 4941 3748 4981 nunc

2152 5012 2291 5067 idem
2316 5028 2510 5082 corpus
2536 5023 2711 5080 sanat,
2737 5024 2792 5070 et
2818 5015 2964 5071 lavat
2988 5024 3167 5088 caput,
3208 5016 3302 5072 sed
3345 5019 3742 5088 particulatim,

2150 5121 2257 5160 non
2291 5106 2670 5164 universaliter
2697 5117 2757 5164 ut
2804 5109 2859 5164 in
2897 5110 3005 5166 ﬁne
3037 5129 3050 5164 :
3092 5119 3148 5166 et
3193 5119 3377 5167 tamen
3419 5112 3549 5169 inde
3572 5113 3748 5187 aliqui

2153 5205 2559 5265 convertentur,
2598 5216 2696 5270 pro
2714 5201 2912 5271 quibus
2950 5201 3038 5256 hic
3056 5209 3197 5257 orat.

2223 5288 2390 5345 Vens.
2408 5290 2494 5345 18.
2507 5291 2918 5348 —Erubescant
2947 5301 2993 5347 et
3021 5294 3411 5362 conturbentur,
3426 5303 3532 5352 etc.
3551 5297 3748 5369 (Ana)

2153 5377 2251 5434 Hic
2282 5379 2349 5434 de
2379 5379 2554 5446 malis,
2586 5381 2677 5451 qui
2708 5396 2816 5437 non
2846 5391 3248 5450 convertentur,
3281 5383 3650 5454 Erubescant,
3691 5390 3748 5446 in

2151 5470 2335 5528 futuro
2367 5474 2432 5529 de
2469 5473 2628 5529 malis
2666 5490 2787 5546 quae
2837 5475 3101 5531 fecerunt.
3131 5475 3199 5530 Et
3242 5478 3640 5546 conturbantur,
3677 5483 3752 5538 de

2147 5567 2324 5635 pcenis
2349 5583 2484 5637 quas
2504 5570 2795 5640 patientur.
2815 5571 2881 5626 Et
2895 5573 2994 5627 hoc
3017 5572 3071 5626 iu
3092 5572 3340 5627 secutum
3355 5576 3560 5642 menti,
3575 5577 3628 5631 id
3657 5593 3754 5634 est

2149 5658 2201 5713 in
2227 5661 2592 5716 aeternum.'Et
2607 5662 3210 5718 conturbentur.Rursus
3230 5665 3446 5720 reditad
3464 5668 3672 5736 eosqui
3693 5669 3752 5722 in

2145 5755 2398 5822 praesenti
2422 5753 2816 5810 confundentur
2847 5769 2913 5809 ne
2938 5755 3336 5811 confundantur
3355 5757 3409 5812 in
3437 5765 3750 5824 :eternum;

473 5845 851 5900 rus.Hebraice
881 5863 986 5904 sor,
1027 5844 1300 5900 tribulatio
1329 5844 1410 5899 vel
1449 5845 1716 5914 angustia,
1745 5845 2038 5912 secundum
2143 5845 2297 5926 quasi
2330 5845 2595 5912 (licatzllli
2617 5847 3006 5912 conturbentur
3026 5847 3080 5904 in
3106 5857 3365 5914 aeternum
3393 5866 3404 5906 :
3430 5859 3754 5924 (παίετε-πιέζει
