  <div class='ocr_page' id='page_1' title='image "/cluster/home/n/w/nwhite01/storage/ocr_20150623/113/hvd.32044018909572/498.png"; bbox 0 0 4008 6348; ppageno 0'>
   <div class='ocr_carea' id='block_1_1' title="bbox 199 459 3466 524">
    <p class='ocr_par' dir='ltr' id='par_1_1' title="bbox 199 459 3466 524">
     <span class='ocr_line' id='line_1_1' title="bbox 199 459 3466 524; baseline -0 -1"><span class='ocrx_word' id='word_1_1' title='bbox 199 465 308 524; x_wconf 78' lang='lat'><strong>985</strong></span> <span class='ocrx_word' id='word_1_2' title='bbox 1194 461 1462 520; x_wconf 80' lang='lat' dir='ltr'><strong>GLOSSA</strong></span> <span class='ocrx_word' id='word_1_3' title='bbox 1499 459 1899 518; x_wconf 74' lang='lat' dir='ltr'><strong>OBDINARIA.</strong></span> <span class='ocrx_word' id='word_1_4' title='bbox 1938 491 2004 505; x_wconf 91' lang='lat'><strong><em>—</em></strong></span> <span class='ocrx_word' id='word_1_5' title='bbox 2041 462 2168 518; x_wconf 81' lang='lat' dir='ltr'><strong>LIB.</strong></span> <span class='ocrx_word' id='word_1_6' title='bbox 2209 462 2457 520; x_wconf 77' lang='lat' dir='ltr'><strong>PSALM.</strong></span> <span class='ocrx_word' id='word_1_7' title='bbox 3361 467 3466 524; x_wconf 86' lang='lat'><strong>986</strong></span> 
     </span>
    </p>
   </div>
   <div class='ocr_carea' id='block_1_2' title="bbox 200 574 3462 651">
    <p class='ocr_par' dir='ltr' id='par_1_2' title="bbox 200 574 3462 651">
     <span class='ocr_line' id='line_1_2' title="bbox 200 574 3462 651; baseline 0 -14"><span class='ocrx_word' id='word_1_8' title='bbox 200 588 385 638; x_wconf 84' lang='lat' dir='ltr'><strong>autem</strong></span> <span class='ocrx_word' id='word_1_9' title='bbox 407 593 602 634; x_wconf 87' lang='lat' dir='ltr'><strong>nomen</strong></span> <span class='ocrx_word' id='word_1_10' title='bbox 630 578 842 634; x_wconf 88' lang='lat' dir='ltr'><strong>Domini</strong></span> <span class='ocrx_word' id='word_1_11' title='bbox 866 577 1045 644; x_wconf 91' lang='lat' dir='ltr'><strong>modo,</strong></span> <span class='ocrx_word' id='word_1_12' title='bbox 1071 584 1128 632; x_wconf 90' lang='lat' dir='ltr'><strong>et</strong></span> <span class='ocrx_word' id='word_1_13' title='bbox 1144 576 1545 632; x_wconf 76' lang='lat' dir='ltr'><strong>confundantur</strong></span> <span class='ocrx_word' id='word_1_14' title='bbox 1565 576 1633 631; x_wconf 91' lang='lat' dir='ltr'><strong>de</strong></span> <span class='ocrx_word' id='word_1_15' title='bbox 1658 589 1782 646; x_wconf 90' lang='lat' dir='ltr'><strong>pec-</strong></span> <span class='ocrx_word' id='word_1_16' title='bbox 1807 576 1862 637; x_wconf 77' lang='grc' dir='ltr'><strong>Α</strong></span> <span class='ocrx_word' id='word_1_17' title='bbox 1884 574 1982 630; x_wconf 91' lang='lat' dir='ltr'><strong>sed</strong></span> <span class='ocrx_word' id='word_1_18' title='bbox 2029 575 2085 630; x_wconf 90' lang='lat' dir='ltr'><strong>in</strong></span> <span class='ocrx_word' id='word_1_19' title='bbox 2142 577 2269 632; x_wconf 91' lang='lat' dir='ltr'><strong>nido</strong></span> <span class='ocrx_word' id='word_1_20' title='bbox 2295 576 2552 633; x_wconf 67' lang='lat' dir='ltr'><strong>Ecclesia:</strong></span> <span class='ocrx_word' id='word_1_21' title='bbox 2592 577 2725 633; x_wconf 88' lang='lat' dir='ltr'><strong>facit</strong></span> <span class='ocrx_word' id='word_1_22' title='bbox 2753 593 2917 650; x_wconf 80' lang='lat' dir='ltr'><strong>opera</strong></span> <span class='ocrx_word' id='word_1_23' title='bbox 2966 581 3106 636; x_wconf 89' lang='lat' dir='ltr'><strong>bona</strong></span> <span class='ocrx_word' id='word_1_24' title='bbox 3147 581 3462 651; x_wconf 76' lang='lat' dir='ltr'><strong>salubriter,</strong></span> 
     </span>
    </p>
   </div>
   <div class='ocr_carea' id='block_1_3' title="bbox 198 667 3466 749">
    <p class='ocr_par' dir='ltr' id='par_1_3' title="bbox 198 667 3466 749">
     <span class='ocr_line' id='line_1_3' title="bbox 198 667 3466 749; baseline 0.002 -19"><span class='ocrx_word' id='word_1_25' title='bbox 198 674 340 730; x_wconf 86' lang='lat' dir='ltr'><strong>catis</strong></span> <span class='ocrx_word' id='word_1_26' title='bbox 359 672 668 736; x_wconf 78' lang='lat' dir='ltr'><strong>salubriter,</strong></span> <span class='ocrx_word' id='word_1_27' title='bbox 691 679 746 727; x_wconf 89' lang='lat' dir='ltr'><strong>et</strong></span> <span class='ocrx_word' id='word_1_28' title='bbox 770 679 1014 741; x_wconf 81' lang='lat' dir='ltr'><strong>pereant,</strong></span> <span class='ocrx_word' id='word_1_29' title='bbox 1041 669 1364 740; x_wconf 87' lang='lat' dir='ltr'><strong>iuquantum</strong></span> <span class='ocrx_word' id='word_1_30' title='bbox 1394 669 1520 723; x_wconf 90' lang='lat' dir='ltr'><strong>mali</strong></span> <span class='ocrx_word' id='word_1_31' title='bbox 1548 676 1691 724; x_wconf 88' lang='lat' dir='ltr'><strong>sunt.</strong></span> <span class='ocrx_word' id='word_1_32' title='bbox 1719 668 1784 722; x_wconf 87' lang='lat' dir='ltr'><strong>Et</strong></span> <span class='ocrx_word' id='word_1_33' title='bbox 1885 683 1985 738; x_wconf 90' lang='lat' dir='ltr'><strong>pro</strong></span> <span class='ocrx_word' id='word_1_34' title='bbox 2030 667 2226 736; x_wconf 87' lang='lat' dir='ltr'><strong>quibus</strong></span> <span class='ocrx_word' id='word_1_35' title='bbox 2251 669 2492 725; x_wconf 89' lang='lat' dir='ltr'><strong>salvatur</strong></span> <span class='ocrx_word' id='word_1_36' title='bbox 2522 688 2535 724; x_wconf 91' lang='lat'><strong>:</strong></span> <span class='ocrx_word' id='word_1_37' title='bbox 2583 685 2681 741; x_wconf 90' lang='lat' dir='ltr'><strong>per</strong></span> <span class='ocrx_word' id='word_1_38' title='bbox 2715 671 2856 741; x_wconf 90' lang='lat' dir='ltr'><strong>quod</strong></span> <span class='ocrx_word' id='word_1_39' title='bbox 2899 671 3082 729; x_wconf 84' lang='lat' dir='ltr'><strong>differt</strong></span> <span class='ocrx_word' id='word_1_40' title='bbox 3122 674 3192 730; x_wconf 91' lang='lat' dir='ltr'><strong>ab</strong></span> <span class='ocrx_word' id='word_1_41' title='bbox 3226 675 3346 732; x_wconf 91' lang='lat' dir='ltr'><strong>aliis</strong></span> <span class='ocrx_word' id='word_1_42' title='bbox 3372 679 3466 749; x_wconf 86' lang='lat' dir='ltr'><strong>qui</strong></span> 
     </span>
    </p>
   </div>
   <div class='ocr_carea' id='block_1_4' title="bbox 199 759 3468 843">
    <p class='ocr_par' dir='ltr' id='par_1_4' title="bbox 199 759 3468 843">
     <span class='ocr_line' id='line_1_4' title="bbox 199 759 3468 843; baseline 0.001 -20"><span class='ocrx_word' id='word_1_43' title='bbox 199 768 282 824; x_wconf 87' lang='lat' dir='ltr'><strong>sic</strong></span> <span class='ocrx_word' id='word_1_44' title='bbox 303 764 774 839; x_wconf 90' lang='lat' dir='ltr'><strong>cognoscant,vel,</strong></span> <span class='ocrx_word' id='word_1_45' title='bbox 793 772 920 818; x_wconf 89' lang='lat' dir='ltr'><strong>tunc</strong></span> <span class='ocrx_word' id='word_1_46' title='bbox 941 761 1337 820; x_wconf 84' lang='lat' dir='ltr'><strong>confundantur</strong></span> <span class='ocrx_word' id='word_1_47' title='bbox 1361 761 1509 826; x_wconf 87' lang='lat' dir='ltr'><strong>mali,</strong></span> <span class='ocrx_word' id='word_1_48' title='bbox 1529 761 1707 816; x_wconf 89' lang='lat' dir='ltr'><strong>anima</strong></span> <span class='ocrx_word' id='word_1_49' title='bbox 1729 767 1784 814; x_wconf 90' lang='lat' dir='ltr'><strong>et</strong></span> <span class='ocrx_word' id='word_1_50' title='bbox 1886 775 2051 830; x_wconf 88' lang='lat' dir='ltr'><strong>opera</strong></span> <span class='ocrx_word' id='word_1_51' title='bbox 2081 759 2310 828; x_wconf 88' lang='lat' dir='ltr'><strong>faciunt,</strong></span> <span class='ocrx_word' id='word_1_52' title='bbox 2329 763 2422 817; x_wconf 90' lang='lat' dir='ltr'><strong>sed</strong></span> <span class='ocrx_word' id='word_1_53' title='bbox 2445 779 2551 818; x_wconf 91' lang='lat' dir='ltr'><strong>non</strong></span> <span class='ocrx_word' id='word_1_54' title='bbox 2582 764 2638 818; x_wconf 91' lang='lat' dir='ltr'><strong>in</strong></span> <span class='ocrx_word' id='word_1_55' title='bbox 2673 764 2799 820; x_wconf 90' lang='lat' dir='ltr'><strong>nido</strong></span> <span class='ocrx_word' id='word_1_56' title='bbox 2844 765 2988 821; x_wconf 86' lang='lat' dir='ltr'><strong>ﬁdei.</strong></span> <span class='ocrx_word' id='word_1_57' title='bbox 3018 765 3156 823; x_wconf 87' lang='lat' dir='ltr'><strong>Nam</strong></span> <span class='ocrx_word' id='word_1_58' title='bbox 3184 776 3241 824; x_wconf 90' lang='lat' dir='ltr'><strong>et</strong></span> <span class='ocrx_word' id='word_1_59' title='bbox 3269 770 3468 843; x_wconf 88' lang='lat' dir='ltr'><strong>pagani</strong></span> 
     </span>
    </p>
   </div>
   <div class='ocr_carea' id='block_1_5' title="bbox 199 851 3463 928">
    <p class='ocr_par' dir='ltr' id='par_1_5' title="bbox 199 851 3463 928">
     <span class='ocr_line' id='line_1_5' title="bbox 199 851 3463 928; baseline 0.001 -14"><span class='ocrx_word' id='word_1_60' title='bbox 199 871 454 928; x_wconf 88' lang='lat' dir='ltr'><strong>corpore,</strong></span> <span class='ocrx_word' id='word_1_61' title='bbox 479 861 536 911; x_wconf 89' lang='lat' dir='ltr'><strong>et</strong></span> <span class='ocrx_word' id='word_1_62' title='bbox 560 861 788 926; x_wconf 90' lang='lat' dir='ltr'><strong>pereant</strong></span> <span class='ocrx_word' id='word_1_63' title='bbox 811 853 1032 922; x_wconf 81' lang='lat' dir='ltr'><strong>omnino</strong></span> <span class='ocrx_word' id='word_1_64' title='bbox 1065 853 1512 923; x_wconf 85' lang='lat' dir='ltr'><strong>irreparabiliter.</strong></span> <span class='ocrx_word' id='word_1_65' title='bbox 1543 851 1611 906; x_wconf 87' lang='lat' dir='ltr'><strong>Et</strong></span> <span class='ocrx_word' id='word_1_66' title='bbox 1643 864 1784 906; x_wconf 90' lang='lat' dir='ltr'><strong>nunc</strong></span> <span class='ocrx_word' id='word_1_67' title='bbox 1885 853 2094 909; x_wconf 85' lang='lat' dir='ltr'><strong>faciunt</strong></span> <span class='ocrx_word' id='word_1_68' title='bbox 2142 868 2328 922; x_wconf 87' lang='lat' dir='ltr'><strong>opera,</strong></span> <span class='ocrx_word' id='word_1_69' title='bbox 2384 856 2619 910; x_wconf 90' lang='lat' dir='ltr'><strong>vestiunt</strong></span> <span class='ocrx_word' id='word_1_70' title='bbox 2663 857 2867 920; x_wconf 91' lang='lat' dir='ltr'><strong>nudos,</strong></span> <span class='ocrx_word' id='word_1_71' title='bbox 2932 865 3072 924; x_wconf 90' lang='lat' dir='ltr'><strong>etc.,</strong></span> <span class='ocrx_word' id='word_1_72' title='bbox 3119 867 3176 914; x_wconf 92' lang='lat' dir='ltr'><strong>et</strong></span> <span class='ocrx_word' id='word_1_73' title='bbox 3225 859 3463 917; x_wconf 67' lang='lat' dir='ltr'><strong>haeretici</strong></span> 
     </span>
    </p>
   </div>
   <div class='ocr_carea' id='block_1_6' title="bbox 198 942 3468 1020">
    <p class='ocr_par' dir='ltr' id='par_1_6' title="bbox 198 942 3468 1020">
     <span class='ocr_line' id='line_1_6' title="bbox 198 942 3468 1020; baseline 0.001 -15"><span class='ocrx_word' id='word_1_74' title='bbox 198 955 554 1020; x_wconf 77' lang='lat' dir='ltr'><strong>cognoscant,</strong></span> <span class='ocrx_word' id='word_1_75' title='bbox 603 946 747 1016; x_wconf 88' lang='lat' dir='ltr'><strong>quod</strong></span> <span class='ocrx_word' id='word_1_76' title='bbox 773 946 932 1001; x_wconf 92' lang='lat' dir='ltr'><strong>modo</strong></span> <span class='ocrx_word' id='word_1_77' title='bbox 973 945 1179 1001; x_wconf 89' lang='lat' dir='ltr'><strong>nolunt.</strong></span> <span class='ocrx_word' id='word_1_78' title='bbox 1217 944 1422 1018; x_wconf 91' lang='lat' dir='ltr'><strong>(Cass)</strong></span> <span class='ocrx_word' id='word_1_79' title='bbox 1452 943 1774 1008; x_wconf 88' lang='lat' dir='ltr'><strong>Notandum,</strong></span> <span class='ocrx_word' id='word_1_80' title='bbox 1888 943 2056 999; x_wconf 89' lang='lat' dir='ltr'><strong>multa</strong></span> <span class='ocrx_word' id='word_1_81' title='bbox 2110 942 2350 998; x_wconf 90' lang='lat' dir='ltr'><strong>faciunt:</strong></span> <span class='ocrx_word' id='word_1_82' title='bbox 2391 945 2485 1000; x_wconf 89' lang='lat' dir='ltr'><strong>sed</strong></span> <span class='ocrx_word' id='word_1_83' title='bbox 2534 961 2641 1000; x_wconf 92' lang='lat' dir='ltr'><strong>non</strong></span> <span class='ocrx_word' id='word_1_84' title='bbox 2685 948 2736 1001; x_wconf 92' lang='lat' dir='ltr'><strong>in</strong></span> <span class='ocrx_word' id='word_1_85' title='bbox 2785 947 2913 1002; x_wconf 92' lang='lat' dir='ltr'><strong>nido</strong></span> <span class='ocrx_word' id='word_1_86' title='bbox 2939 944 3217 1017; x_wconf 75' lang='lat' dir='ltr'><strong>EcClesiae,</strong></span> <span class='ocrx_word' id='word_1_87' title='bbox 3258 960 3314 1006; x_wconf 90' lang='lat' dir='ltr'><strong>et</strong></span> <span class='ocrx_word' id='word_1_88' title='bbox 3348 952 3468 1008; x_wconf 88' lang='lat' dir='ltr'><strong>ideo</strong></span> 
     </span>
    </p>
   </div>
   <div class='ocr_carea' id='block_1_7' title="bbox 199 1034 3463 1110">
    <p class='ocr_par' dir='ltr' id='par_1_7' title="bbox 199 1034 3463 1110">
     <span class='ocr_line' id='line_1_7' title="bbox 199 1034 3463 1110; baseline 0.001 -16"><span class='ocrx_word' id='word_1_89' title='bbox 199 1039 329 1110; x_wconf 85' lang='lat' dir='ltr'><strong>quia</strong></span> <span class='ocrx_word' id='word_1_90' title='bbox 370 1037 620 1093; x_wconf 86' lang='lat' dir='ltr'><strong>undecim</strong></span> <span class='ocrx_word' id='word_1_91' title='bbox 650 1037 1022 1107; x_wconf 88' lang='lat' dir='ltr'><strong>superioribus</strong></span> <span class='ocrx_word' id='word_1_92' title='bbox 1057 1035 1283 1106; x_wconf 90' lang='lat' dir='ltr'><strong>psalmis</strong></span> <span class='ocrx_word' id='word_1_93' title='bbox 1317 1035 1654 1090; x_wconf 85' lang='lat' dir='ltr'><strong>introductus</strong></span> <span class='ocrx_word' id='word_1_94' title='bbox 1697 1041 1782 1088; x_wconf 88' lang='lat' dir='ltr'><strong>est</strong></span> <span class='ocrx_word' id='word_1_95' title='bbox 1888 1034 2295 1102; x_wconf 87' lang='lat' dir='ltr'><strong>conculcantur,</strong></span> <span class='ocrx_word' id='word_1_96' title='bbox 2330 1051 2439 1090; x_wconf 93' lang='lat' dir='ltr'><strong>non</strong></span> <span class='ocrx_word' id='word_1_97' title='bbox 2479 1047 2786 1093; x_wconf 84' lang='lat' dir='ltr'><strong>servantur.</strong></span> <span class='ocrx_word' id='word_1_98' title='bbox 2831 1039 2958 1095; x_wconf 73' lang='lat' dir='ltr'><strong>Hace</strong></span> <span class='ocrx_word' id='word_1_99' title='bbox 2985 1057 3112 1097; x_wconf 90' lang='lat' dir='ltr'><strong>caro</strong></span> <span class='ocrx_word' id='word_1_100' title='bbox 3139 1051 3222 1097; x_wconf 88' lang='lat' dir='ltr'><strong>est</strong></span> <span class='ocrx_word' id='word_1_101' title='bbox 3251 1043 3463 1110; x_wconf 78' lang='lat' dir='ltr'><strong>mulier,</strong></span> 
     </span>
    </p>
   </div>
   <div class='ocr_carea' id='block_1_8' title="bbox 199 1125 3470 1207">
    <p class='ocr_par' dir='ltr' id='par_1_8' title="bbox 199 1125 3470 1207">
     <span class='ocr_line' id='line_1_8' title="bbox 199 1125 3470 1207; baseline 0.002 -20"><span class='ocrx_word' id='word_1_102' title='bbox 199 1133 405 1203; x_wconf 77' lang='lat' dir='ltr'><strong>Asaph,</strong></span> <span class='ocrx_word' id='word_1_103' title='bbox 436 1139 496 1186; x_wconf 91' lang='lat' dir='ltr'><strong>ut</strong></span> <span class='ocrx_word' id='word_1_104' title='bbox 542 1129 741 1185; x_wconf 83' lang='lat' dir='ltr'><strong>duritia</strong></span> <span class='ocrx_word' id='word_1_105' title='bbox 769 1128 1100 1194; x_wconf 66' lang='lat' dir='ltr'><strong>Iudaeorum,</strong></span> <span class='ocrx_word' id='word_1_106' title='bbox 1143 1128 1415 1198; x_wconf 82' lang='lat' dir='ltr'><strong>frequenti</strong></span> <span class='ocrx_word' id='word_1_107' title='bbox 1453 1142 1585 1182; x_wconf 92' lang='lat' dir='ltr'><strong>voce</strong></span> <span class='ocrx_word' id='word_1_108' title='bbox 1615 1125 1785 1196; x_wconf 90' lang='lat' dir='ltr'><strong>ipsius</strong></span> <span class='ocrx_word' id='word_1_109' title='bbox 1886 1141 1986 1197; x_wconf 90' lang='lat' dir='ltr'><strong>per</strong></span> <span class='ocrx_word' id='word_1_110' title='bbox 2007 1142 2171 1198; x_wconf 90' lang='lat' dir='ltr'><strong>quam</strong></span> <span class='ocrx_word' id='word_1_111' title='bbox 2224 1128 2500 1184; x_wconf 88' lang='lat' dir='ltr'><strong>seducitur</strong></span> <span class='ocrx_word' id='word_1_112' title='bbox 2548 1145 2758 1199; x_wconf 90' lang='lat' dir='ltr'><strong>passer,</strong></span> <span class='ocrx_word' id='word_1_113' title='bbox 2801 1133 2894 1187; x_wconf 88' lang='lat' dir='ltr'><strong>sed</strong></span> <span class='ocrx_word' id='word_1_114' title='bbox 2924 1132 3220 1189; x_wconf 90' lang='lat' dir='ltr'><strong>salvabitur</strong></span> <span class='ocrx_word' id='word_1_115' title='bbox 3246 1149 3347 1204; x_wconf 90' lang='lat' dir='ltr'><strong>per</strong></span> <span class='ocrx_word' id='word_1_116' title='bbox 3371 1151 3470 1207; x_wconf 89' lang='lat' dir='ltr'><strong>ge-</strong></span> 
     </span>
    </p>
   </div>
   <div class='ocr_carea' id='block_1_9' title="bbox 201 1219 3470 1298">
    <p class='ocr_par' dir='ltr' id='par_1_9' title="bbox 201 1219 3470 1298">
     <span class='ocr_line' id='line_1_9' title="bbox 201 1219 3470 1298; baseline 0.001 -18"><span class='ocrx_word' id='word_1_117' title='bbox 201 1223 504 1298; x_wconf 75' lang='lat' dir='ltr'><strong>Synagogze</strong></span> <span class='ocrx_word' id='word_1_118' title='bbox 534 1221 894 1288; x_wconf 88' lang='lat' dir='ltr'><strong>mollesceret,</strong></span> <span class='ocrx_word' id='word_1_119' title='bbox 938 1222 1021 1278; x_wconf 87' lang='lat' dir='ltr'><strong>vel</strong></span> <span class='ocrx_word' id='word_1_120' title='bbox 1067 1221 1169 1292; x_wconf 87' lang='lat' dir='ltr'><strong>ipsi</strong></span> <span class='ocrx_word' id='word_1_121' title='bbox 1205 1220 1434 1286; x_wconf 92' lang='lat' dir='ltr'><strong>nomini,</strong></span> <span class='ocrx_word' id='word_1_122' title='bbox 1467 1220 1552 1274; x_wconf 92' lang='lat' dir='ltr'><strong>cui</strong></span> <span class='ocrx_word' id='word_1_123' title='bbox 1603 1219 1785 1275; x_wconf 80' lang='lat' dir='ltr'><strong>devoti</strong></span> <span class='ocrx_word' id='word_1_124' title='bbox 1887 1220 2227 1275; x_wconf 88' lang='lat' dir='ltr'><strong>nerationem</strong></span> <span class='ocrx_word' id='word_1_125' title='bbox 2257 1237 2503 1292; x_wconf 89' lang='lat' dir='ltr'><strong>operum,</strong></span> <span class='ocrx_word' id='word_1_126' title='bbox 2536 1223 2580 1276; x_wconf 90' lang='lat' dir='ltr'><strong>si</strong></span> <span class='ocrx_word' id='word_1_127' title='bbox 2609 1223 2662 1278; x_wconf 91' lang='lat' dir='ltr'><strong>in</strong></span> <span class='ocrx_word' id='word_1_128' title='bbox 2690 1224 2836 1288; x_wconf 85' lang='lat' dir='ltr'><strong>nido,</strong></span> <span class='ocrx_word' id='word_1_129' title='bbox 2871 1225 2924 1280; x_wconf 93' lang='lat' dir='ltr'><strong>id</strong></span> <span class='ocrx_word' id='word_1_130' title='bbox 2950 1233 3052 1288; x_wconf 90' lang='lat' dir='ltr'><strong>est,</strong></span> <span class='ocrx_word' id='word_1_131' title='bbox 3083 1228 3128 1282; x_wconf 92' lang='lat' dir='ltr'><strong>si</strong></span> <span class='ocrx_word' id='word_1_132' title='bbox 3154 1243 3470 1298; x_wconf 83' lang='lat' dir='ltr'><strong>persevera-</strong></span> 
     </span>
    </p>
   </div>
   <div class='ocr_carea' id='block_1_10' title="bbox 199 1309 3468 1390">
    <p class='ocr_par' dir='ltr' id='par_1_10' title="bbox 199 1309 3468 1390">
     <span class='ocr_line' id='line_1_10' title="bbox 199 1309 3468 1390; baseline 0.001 -16"><span class='ocrx_word' id='word_1_133' title='bbox 199 1332 324 1374; x_wconf 88' lang='lat' dir='ltr'><strong>esse</strong></span> <span class='ocrx_word' id='word_1_134' title='bbox 349 1316 689 1382; x_wconf 85' lang='lat' dir='ltr'><strong>videbantur,</strong></span> <span class='ocrx_word' id='word_1_135' title='bbox 721 1317 1024 1372; x_wconf 87' lang='lat' dir='ltr'><strong>crederent.</strong></span> <span class='ocrx_word' id='word_1_136' title='bbox 1056 1315 1180 1386; x_wconf 85' lang='lat' dir='ltr'><strong>Egit</strong></span> <span class='ocrx_word' id='word_1_137' title='bbox 1207 1323 1390 1370; x_wconf 90' lang='lat' dir='ltr'><strong>autem</strong></span> <span class='ocrx_word' id='word_1_138' title='bbox 1418 1314 1471 1368; x_wconf 92' lang='lat' dir='ltr'><strong>in</strong></span> <span class='ocrx_word' id='word_1_139' title='bbox 1507 1314 1782 1384; x_wconf 63' lang='lat' dir='ltr'><strong>praedictis</strong></span> <span class='ocrx_word' id='word_1_140' title='bbox 1887 1309 2036 1364; x_wconf 85' lang='lat' dir='ltr'><strong>verit</strong></span> <span class='ocrx_word' id='word_1_141' title='bbox 2080 1310 2134 1364; x_wconf 91' lang='lat' dir='ltr'><strong>in</strong></span> <span class='ocrx_word' id='word_1_142' title='bbox 2165 1311 2286 1367; x_wconf 83' lang='lat' dir='ltr'><strong>ﬁde&#39;.</strong></span> <span class='ocrx_word' id='word_1_143' title='bbox 2338 1311 2548 1369; x_wconf 81' lang='lat' dir='ltr'><strong>Praebet</strong></span> <span class='ocrx_word' id='word_1_144' title='bbox 2583 1323 2762 1370; x_wconf 89' lang='lat' dir='ltr'><strong>autem</strong></span> <span class='ocrx_word' id='word_1_145' title='bbox 2792 1316 2935 1372; x_wconf 92' lang='lat' dir='ltr'><strong>Deus</strong></span> <span class='ocrx_word' id='word_1_146' title='bbox 2976 1319 3120 1373; x_wconf 89' lang='lat' dir='ltr'><strong>unde</strong></span> <span class='ocrx_word' id='word_1_147' title='bbox 3162 1319 3259 1376; x_wconf 87' lang='lat' dir='ltr'><strong>ﬁat</strong></span> <span class='ocrx_word' id='word_1_148' title='bbox 3287 1322 3468 1390; x_wconf 87' lang='lat' dir='ltr'><strong>nidus,</strong></span> 
     </span>
    </p>
   </div>
   <div class='ocr_carea' id='block_1_11' title="bbox 198 1401 3471 1480">
    <p class='ocr_par' dir='ltr' id='par_1_11' title="bbox 198 1401 3471 1480">
     <span class='ocr_line' id='line_1_11' title="bbox 198 1401 3471 1480; baseline 0.002 -17"><span class='ocrx_word' id='word_1_149' title='bbox 198 1407 425 1480; x_wconf 83' lang='lat' dir='ltr'><strong>psalmis</strong></span> <span class='ocrx_word' id='word_1_150' title='bbox 452 1407 519 1462; x_wconf 91' lang='lat' dir='ltr'><strong>de</strong></span> <span class='ocrx_word' id='word_1_151' title='bbox 545 1407 759 1462; x_wconf 90' lang='lat' dir='ltr'><strong>Domini</strong></span> <span class='ocrx_word' id='word_1_152' title='bbox 785 1407 1178 1471; x_wconf 75' lang='lat' dir='ltr'><strong>incarnatione,</strong></span> <span class='ocrx_word' id='word_1_153' title='bbox 1215 1414 1271 1461; x_wconf 87' lang='lat' dir='ltr'><strong>et</strong></span> <span class='ocrx_word' id='word_1_154' title='bbox 1291 1405 1534 1476; x_wconf 89' lang='lat' dir='ltr'><strong>gentium</strong></span> <span class='ocrx_word' id='word_1_155' title='bbox 1576 1403 1699 1468; x_wconf 87' lang='lat' dir='ltr'><strong>ﬁde,</strong></span> <span class='ocrx_word' id='word_1_156' title='bbox 1731 1413 1788 1460; x_wconf 93' lang='lat' dir='ltr'><strong>et</strong></span> <span class='ocrx_word' id='word_1_157' title='bbox 1890 1401 2065 1456; x_wconf 90' lang='lat' dir='ltr'><strong>induit</strong></span> <span class='ocrx_word' id='word_1_158' title='bbox 2105 1403 2248 1458; x_wconf 92' lang='lat' dir='ltr'><strong>enim</strong></span> <span class='ocrx_word' id='word_1_159' title='bbox 2283 1420 2340 1460; x_wconf 88' lang='lat' dir='ltr'><strong>se</strong></span> <span class='ocrx_word' id='word_1_160' title='bbox 2371 1404 2496 1461; x_wconf 90' lang='lat' dir='ltr'><strong>feno</strong></span> <span class='ocrx_word' id='word_1_161' title='bbox 2525 1407 2711 1462; x_wconf 89' lang='lat' dir='ltr'><strong>carnis</strong></span> <span class='ocrx_word' id='word_1_162' title='bbox 2739 1415 2798 1461; x_wconf 88' lang='lat' dir='ltr'><strong>ut</strong></span> <span class='ocrx_word' id='word_1_163' title='bbox 2835 1408 2902 1463; x_wconf 90' lang='lat' dir='ltr'><strong>ad</strong></span> <span class='ocrx_word' id='word_1_164' title='bbox 2927 1415 2978 1464; x_wconf 89' lang='lat' dir='ltr'><strong>te</strong></span> <span class='ocrx_word' id='word_1_165' title='bbox 3007 1412 3236 1466; x_wconf 90' lang='lat' dir='ltr'><strong>veniret.</strong></span> <span class='ocrx_word' id='word_1_166' title='bbox 3262 1411 3471 1468; x_wconf 81' lang='lat' dir='ltr'><strong>Altaria</strong></span> 
     </span>
    </p>
   </div>
   <div class='ocr_carea' id='block_1_12' title="bbox 201 1495 3474 1574">
    <p class='ocr_par' dir='ltr' id='par_1_12' title="bbox 201 1495 3474 1574">
     <span class='ocr_line' id='line_1_12' title="bbox 201 1495 3474 1574; baseline -0.002 -20"><span class='ocrx_word' id='word_1_167' title='bbox 201 1500 272 1554; x_wconf 89' lang='lat' dir='ltr'><strong>de</strong></span> <span class='ocrx_word' id='word_1_168' title='bbox 283 1497 508 1568; x_wconf 81' lang='lat' dir='ltr'><strong>judicio,</strong></span> <span class='ocrx_word' id='word_1_169' title='bbox 543 1499 608 1554; x_wconf 90' lang='lat' dir='ltr'><strong>de</strong></span> <span class='ocrx_word' id='word_1_170' title='bbox 629 1499 824 1570; x_wconf 90' lang='lat' dir='ltr'><strong>quibus</strong></span> <span class='ocrx_word' id='word_1_171' title='bbox 870 1498 1231 1571; x_wconf 83' lang='lat' dir='ltr'><strong>transgressio</strong></span> <span class='ocrx_word' id='word_1_172' title='bbox 1259 1497 1568 1554; x_wconf 65' lang='lat' dir='ltr'><strong>Iudaeorum</strong></span> <span class='ocrx_word' id='word_1_173' title='bbox 1599 1497 1787 1552; x_wconf 88' lang='lat' dir='ltr'><strong>redar-</strong></span> <span class='ocrx_word' id='word_1_174' title='bbox 1888 1503 1999 1560; x_wconf 85' lang='lat' dir='ltr'><strong>tua,</strong></span> <span class='ocrx_word' id='word_1_175' title='bbox 2021 1495 2258 1552; x_wconf 81' lang='lat' dir='ltr'><strong>Domine.</strong></span> <span class='ocrx_word' id='word_1_176' title='bbox 2285 1497 2485 1570; x_wconf 74' lang='lat' dir='ltr'><strong>(Cass)</strong></span> <span class='ocrx_word' id='word_1_177' title='bbox 2514 1499 2822 1556; x_wconf 77' lang='lat' dir='ltr'><strong>Ubianima:</strong></span> <span class='ocrx_word' id='word_1_178' title='bbox 2837 1501 3048 1557; x_wconf 74' lang='lat' dir='ltr'><strong>caelesti</strong></span> <span class='ocrx_word' id='word_1_179' title='bbox 3070 1504 3316 1559; x_wconf 88' lang='lat' dir='ltr'><strong>convivio</strong></span> <span class='ocrx_word' id='word_1_180' title='bbox 3341 1518 3474 1574; x_wconf 83' lang='lat' dir='ltr'><strong>epu.</strong></span> 
     </span>
    </p>
   </div>
   <div class='ocr_carea' id='block_1_13' title="bbox 199 1583 3472 1665">
    <p class='ocr_par' dir='ltr' id='par_1_13' title="bbox 199 1583 3472 1665">
     <span class='ocr_line' id='line_1_13' title="bbox 199 1583 3472 1665; baseline 0.002 -22"><span class='ocrx_word' id='word_1_181' title='bbox 199 1590 403 1662; x_wconf 81' lang='lat' dir='ltr'><strong>guitur.</strong></span> <span class='ocrx_word' id='word_1_182' title='bbox 463 1588 616 1645; x_wconf 89' lang='lat' dir='ltr'><strong>Unde</strong></span> <span class='ocrx_word' id='word_1_183' title='bbox 665 1604 901 1660; x_wconf 83' lang='lat' dir='ltr'><strong>congrue</strong></span> <span class='ocrx_word' id='word_1_184' title='bbox 943 1587 1195 1643; x_wconf 89' lang='lat' dir='ltr'><strong>undecim</strong></span> <span class='ocrx_word' id='word_1_185' title='bbox 1234 1595 1405 1642; x_wconf 86' lang='lat' dir='ltr'><strong>sunt:</strong></span> <span class='ocrx_word' id='word_1_186' title='bbox 1454 1587 1786 1642; x_wconf 88' lang='lat' dir='ltr'><strong>undenarius</strong></span> <span class='ocrx_word' id='word_1_187' title='bbox 1887 1583 2089 1651; x_wconf 88' lang='lat' dir='ltr'><strong>lantur,</strong></span> <span class='ocrx_word' id='word_1_188' title='bbox 2122 1587 2212 1642; x_wconf 91' lang='lat' dir='ltr'><strong>ubi</strong></span> <span class='ocrx_word' id='word_1_189' title='bbox 2247 1589 2430 1644; x_wconf 87' lang='lat' dir='ltr'><strong>anima</strong></span> <span class='ocrx_word' id='word_1_190' title='bbox 2467 1591 2620 1661; x_wconf 88' lang='lat' dir='ltr'><strong>quasi</strong></span> <span class='ocrx_word' id='word_1_191' title='bbox 2666 1591 2720 1646; x_wconf 93' lang='lat' dir='ltr'><strong>in</strong></span> <span class='ocrx_word' id='word_1_192' title='bbox 2773 1592 2933 1648; x_wconf 91' lang='lat' dir='ltr'><strong>domo</strong></span> <span class='ocrx_word' id='word_1_193' title='bbox 2995 1594 3246 1664; x_wconf 76' lang='lat' dir='ltr'><strong>gaudeat.</strong></span> <span class='ocrx_word' id='word_1_194' title='bbox 3287 1592 3472 1665; x_wconf 82' lang='lat' dir='ltr'><strong>(AuG.)</strong></span> 
     </span>
    </p>
   </div>
   <div class='ocr_carea' id='block_1_14' title="bbox 198 1675 3472 1753">
    <p class='ocr_par' dir='ltr' id='par_1_14' title="bbox 198 1675 3472 1753">
     <span class='ocr_line' id='line_1_14' title="bbox 198 1675 3472 1753; baseline 0.001 -15"><span class='ocrx_word' id='word_1_195' title='bbox 198 1683 349 1738; x_wconf 87' lang='lat' dir='ltr'><strong>enim</strong></span> <span class='ocrx_word' id='word_1_196' title='bbox 385 1697 642 1738; x_wconf 90' lang='lat' dir='ltr'><strong>numerus</strong></span> <span class='ocrx_word' id='word_1_197' title='bbox 666 1681 1110 1753; x_wconf 84' lang='lat' dir='ltr'><strong>transgressionis</strong></span> <span class='ocrx_word' id='word_1_198' title='bbox 1144 1689 1248 1746; x_wconf 89' lang='lat' dir='ltr'><strong>est,</strong></span> <span class='ocrx_word' id='word_1_199' title='bbox 1280 1681 1406 1752; x_wconf 90' lang='lat' dir='ltr'><strong>quia</strong></span> <span class='ocrx_word' id='word_1_200' title='bbox 1428 1689 1482 1736; x_wconf 91' lang='lat' dir='ltr'><strong>et</strong></span> <span class='ocrx_word' id='word_1_201' title='bbox 1503 1679 1785 1735; x_wconf 89' lang='lat' dir='ltr'><strong>denarium</strong></span> <span class='ocrx_word' id='word_1_202' title='bbox 1886 1675 1954 1730; x_wconf 89' lang='lat' dir='ltr'><strong>Et</strong></span> <span class='ocrx_word' id='word_1_203' title='bbox 2001 1691 2130 1731; x_wconf 90' lang='lat' dir='ltr'><strong>caro</strong></span> <span class='ocrx_word' id='word_1_204' title='bbox 2166 1680 2378 1747; x_wconf 83' lang='lat' dir='ltr'><strong>reponit</strong></span> <span class='ocrx_word' id='word_1_205' title='bbox 2432 1695 2596 1749; x_wconf 89' lang='lat' dir='ltr'><strong>opera</strong></span> <span class='ocrx_word' id='word_1_206' title='bbox 2627 1698 2742 1748; x_wconf 90' lang='lat' dir='ltr'><strong>sua,</strong></span> <span class='ocrx_word' id='word_1_207' title='bbox 2771 1681 2916 1738; x_wconf 90' lang='lat' dir='ltr'><strong>unde</strong></span> <span class='ocrx_word' id='word_1_208' title='bbox 2945 1701 2959 1737; x_wconf 90' lang='lat'><strong>:</strong></span> <span class='ocrx_word' id='word_1_209' title='bbox 2989 1682 3139 1738; x_wconf 86' lang='lat' dir='ltr'><strong>Beati</strong></span> <span class='ocrx_word' id='word_1_210' title='bbox 3183 1684 3296 1753; x_wconf 91' lang='lat' dir='ltr'><strong>qui,</strong></span> <span class='ocrx_word' id='word_1_211' title='bbox 3341 1693 3472 1753; x_wconf 91' lang='lat' dir='ltr'><strong>etc.,</strong></span> 
     </span>
    </p>
   </div>
   <div class='ocr_carea' id='block_1_15' title="bbox 197 1768 3360 1842">
    <p class='ocr_par' dir='ltr' id='par_1_15' title="bbox 197 1768 3360 1842">
     <span class='ocr_line' id='line_1_15' title="bbox 197 1768 3360 1842; baseline 0.001 -14"><span class='ocrx_word' id='word_1_212' title='bbox 197 1772 414 1837; x_wconf 87' lang='lat' dir='ltr'><strong>transit,</strong></span> <span class='ocrx_word' id='word_1_213' title='bbox 443 1780 499 1827; x_wconf 91' lang='lat' dir='ltr'><strong>et</strong></span> <span class='ocrx_word' id='word_1_214' title='bbox 532 1773 598 1827; x_wconf 90' lang='lat' dir='ltr'><strong>ad</strong></span> <span class='ocrx_word' id='word_1_215' title='bbox 631 1772 1020 1828; x_wconf 89' lang='lat' dir='ltr'><strong>duodenarium</strong></span> <span class='ocrx_word' id='word_1_216' title='bbox 1070 1787 1175 1827; x_wconf 93' lang='lat' dir='ltr'><strong>non</strong></span> <span class='ocrx_word' id='word_1_217' title='bbox 1207 1771 1474 1842; x_wconf 84' lang='lat' dir='ltr'><strong>pervenit,</strong></span> <span class='ocrx_word' id='word_1_218' title='bbox 1501 1771 1644 1826; x_wconf 89' lang='lat' dir='ltr'><strong>unde</strong></span> <span class='ocrx_word' id='word_1_219' title='bbox 1684 1787 1784 1825; x_wconf 93' lang='lat' dir='ltr'><strong>un-</strong></span> <span class='ocrx_word' id='word_1_220' title='bbox 1887 1768 1978 1823; x_wconf 90' lang='lat' dir='ltr'><strong>ubi</strong></span> <span class='ocrx_word' id='word_1_221' title='bbox 2009 1771 2247 1825; x_wconf 88' lang='lat' dir='ltr'><strong>ostendit</strong></span> <span class='ocrx_word' id='word_1_222' title='bbox 2273 1773 2338 1825; x_wconf 87' lang='lat' dir='ltr'><strong>ad</strong></span> <span class='ocrx_word' id='word_1_223' title='bbox 2363 1787 2526 1842; x_wconf 90' lang='lat' dir='ltr'><strong>quam</strong></span> <span class='ocrx_word' id='word_1_224' title='bbox 2561 1775 2950 1829; x_wconf 84' lang='lat' dir='ltr'><strong>beatitudinem</strong></span> <span class='ocrx_word' id='word_1_225' title='bbox 2977 1777 3166 1831; x_wconf 91' lang='lat' dir='ltr'><strong>militia</strong></span> <span class='ocrx_word' id='word_1_226' title='bbox 3191 1776 3360 1832; x_wconf 90' lang='lat' dir='ltr'><strong>ducit.</strong></span> 
     </span>
    </p>
   </div>
   <div class='ocr_carea' id='block_1_16' title="bbox 199 1863 3475 1936">
    <p class='ocr_par' dir='ltr' id='par_1_16' title="bbox 199 1863 3475 1936">
     <span class='ocr_line' id='line_1_16' title="bbox 199 1863 3475 1936; baseline 0.002 -18"><span class='ocrx_word' id='word_1_227' title='bbox 199 1863 380 1920; x_wconf 90' lang='lat' dir='ltr'><strong>decim</strong></span> <span class='ocrx_word' id='word_1_228' title='bbox 423 1863 586 1918; x_wconf 89' lang='lat' dir='ltr'><strong>etiam</strong></span> <span class='ocrx_word' id='word_1_229' title='bbox 637 1874 792 1920; x_wconf 87' lang='lat' dir='ltr'><strong>erant</strong></span> <span class='ocrx_word' id='word_1_230' title='bbox 836 1865 952 1920; x_wconf 83' lang='lat' dir='ltr'><strong>vela</strong></span> <span class='ocrx_word' id='word_1_231' title='bbox 995 1864 1289 1934; x_wconf 90' lang='lat' dir='ltr'><strong>capillacea</strong></span> <span class='ocrx_word' id='word_1_232' title='bbox 1330 1865 1385 1919; x_wconf 92' lang='lat' dir='ltr'><strong>in</strong></span> <span class='ocrx_word' id='word_1_233' title='bbox 1433 1865 1782 1920; x_wconf 89' lang='lat' dir='ltr'><strong>tabernaculo</strong></span> <span class='ocrx_word' id='word_1_234' title='bbox 1969 1864 2130 1920; x_wconf 70' lang='lat' dir='ltr'><strong>Vens.</strong></span> <span class='ocrx_word' id='word_1_235' title='bbox 2160 1864 2212 1919; x_wconf 83' lang='lat'><strong>5.</strong></span> <span class='ocrx_word' id='word_1_236' title='bbox 2240 1896 2310 1904; x_wconf 93' lang='lat'><strong>——</strong></span> <span class='ocrx_word' id='word_1_237' title='bbox 2338 1864 2487 1918; x_wconf 81' lang='lat' dir='ltr'><strong>Beati</strong></span> <span class='ocrx_word' id='word_1_238' title='bbox 2512 1868 2603 1936; x_wconf 93' lang='lat' dir='ltr'><strong>qui</strong></span> <span class='ocrx_word' id='word_1_239' title='bbox 2642 1866 2878 1921; x_wconf 87' lang='lat' dir='ltr'><strong>habitant</strong></span> <span class='ocrx_word' id='word_1_240' title='bbox 2924 1869 2978 1921; x_wconf 90' lang='lat' dir='ltr'><strong>in</strong></span> <span class='ocrx_word' id='word_1_241' title='bbox 3016 1869 3183 1930; x_wconf 83' lang='lat' dir='ltr'><strong>domo</strong></span> <span class='ocrx_word' id='word_1_242' title='bbox 3223 1880 3336 1934; x_wconf 89' lang='lat' dir='ltr'><strong>tua,</strong></span> <span class='ocrx_word' id='word_1_243' title='bbox 3364 1869 3475 1923; x_wconf 85' lang='lat' dir='ltr'><strong>Do-</strong></span> 
     </span>
    </p>
   </div>
   <div class='ocr_carea' id='block_1_17' title="bbox 197 1949 3476 2035">
    <p class='ocr_par' dir='ltr' id='par_1_17' title="bbox 197 1949 3476 2035">
     <span class='ocr_line' id='line_1_17' title="bbox 197 1949 3476 2035; baseline 0.002 -25"><span class='ocrx_word' id='word_1_244' title='bbox 197 1956 443 2021; x_wconf 91' lang='lat' dir='ltr'><strong>Domini,</strong></span> <span class='ocrx_word' id='word_1_245' title='bbox 478 1967 533 2011; x_wconf 87' lang='lat' dir='ltr'><strong>et</strong></span> <span class='ocrx_word' id='word_1_246' title='bbox 560 1957 616 2011; x_wconf 92' lang='lat' dir='ltr'><strong>in</strong></span> <span class='ocrx_word' id='word_1_247' title='bbox 670 1957 972 2012; x_wconf 89' lang='lat' dir='ltr'><strong>undenario</strong></span> <span class='ocrx_word' id='word_1_248' title='bbox 1023 1955 1240 2011; x_wconf 87' lang='lat' dir='ltr'><strong>fuerunt</strong></span> <span class='ocrx_word' id='word_1_249' title='bbox 1262 1953 1528 2026; x_wconf 78' lang='lat' dir='ltr'><strong>Apo&#39;stoli,</strong></span> <span class='ocrx_word' id='word_1_250' title='bbox 1582 1955 1783 2026; x_wconf 73' lang='lat' dir='ltr'><strong>reiecto</strong></span> <span class='ocrx_word' id='word_1_251' title='bbox 1814 1949 1861 2008; x_wconf 89' lang='lat' dir='ltr'><strong>B</strong></span> <span class='ocrx_word' id='word_1_252' title='bbox 1889 1961 2060 2023; x_wconf 89' lang='lat' dir='ltr'><strong>mine;</strong></span> <span class='ocrx_word' id='word_1_253' title='bbox 2087 1959 2141 2012; x_wconf 92' lang='lat' dir='ltr'><strong>in</strong></span> <span class='ocrx_word' id='word_1_254' title='bbox 2166 1956 2360 2010; x_wconf 72' lang='lat' dir='ltr'><strong>sa’cula</strong></span> <span class='ocrx_word' id='word_1_255' title='bbox 2384 1957 2698 2012; x_wconf 72' lang='lat' dir='ltr'><strong>steculorum</strong></span> <span class='ocrx_word' id='word_1_256' title='bbox 2724 1958 3011 2014; x_wconf 86' lang='lat' dir='ltr'><strong>laudabunt</strong></span> <span class='ocrx_word' id='word_1_257' title='bbox 3040 1968 3107 2015; x_wconf 88' lang='lat' dir='ltr'><strong>te.</strong></span> <span class='ocrx_word' id='word_1_258' title='bbox 3141 1960 3322 2035; x_wconf 76' lang='grc' dir='ltr'><strong>(Αυσ.)</strong></span> <span class='ocrx_word' id='word_1_259' title='bbox 3361 1962 3476 2018; x_wconf 84' lang='lat' dir='ltr'><strong>Hoc</strong></span> 
     </span>
    </p>
   </div>
   <div class='ocr_carea' id='block_1_18' title="bbox 196 2046 3474 2122">
    <p class='ocr_par' dir='ltr' id='par_1_18' title="bbox 196 2046 3474 2122">
     <span class='ocr_line' id='line_1_18' title="bbox 196 2046 3474 2122; baseline 0 -15"><span class='ocrx_word' id='word_1_260' title='bbox 196 2051 573 2107; x_wconf 87' lang='lat' dir='ltr'><strong>infelicissimo</strong></span> <span class='ocrx_word' id='word_1_261' title='bbox 608 2051 746 2108; x_wconf 81' lang='lat' dir='ltr'><strong>Juda</strong></span> <span class='ocrx_word' id='word_1_262' title='bbox 783 2060 1025 2122; x_wconf 92' lang='lat' dir='ltr'><strong>tempore</strong></span> <span class='ocrx_word' id='word_1_263' title='bbox 1057 2050 1344 2122; x_wconf 89' lang='lat' dir='ltr'><strong>passionis,</strong></span> <span class='ocrx_word' id='word_1_264' title='bbox 1377 2049 1592 2120; x_wconf 90' lang='lat' dir='ltr'><strong>quando</strong></span> <span class='ocrx_word' id='word_1_265' title='bbox 1618 2065 1648 2103; x_wconf 90' lang='lat' dir='ltr'><strong>a</strong></span> <span class='ocrx_word' id='word_1_266' title='bbox 1681 2049 1786 2105; x_wconf 90' lang='lat' dir='ltr'><strong>ﬁde</strong></span> <span class='ocrx_word' id='word_1_267' title='bbox 1887 2049 2014 2105; x_wconf 90' lang='lat' dir='ltr'><strong>boni</strong></span> <span class='ocrx_word' id='word_1_268' title='bbox 2041 2047 2151 2117; x_wconf 89' lang='lat' dir='ltr'><strong>jam</strong></span> <span class='ocrx_word' id='word_1_269' title='bbox 2195 2048 2416 2112; x_wconf 87' lang='lat' dir='ltr'><strong>habent,</strong></span> <span class='ocrx_word' id='word_1_270' title='bbox 2471 2046 2701 2112; x_wconf 90' lang='lat' dir='ltr'><strong>scilicet,</strong></span> <span class='ocrx_word' id='word_1_271' title='bbox 2726 2049 2888 2117; x_wconf 36' lang='lat' dir='ltr'><strong>iquod</strong></span> <span class='ocrx_word' id='word_1_272' title='bbox 2923 2050 3172 2104; x_wconf 84' lang='lat' dir='ltr'><strong>habitant</strong></span> <span class='ocrx_word' id='word_1_273' title='bbox 3225 2051 3278 2105; x_wconf 90' lang='lat' dir='ltr'><strong>iu</strong></span> <span class='ocrx_word' id='word_1_274' title='bbox 3314 2051 3474 2109; x_wconf 89' lang='lat' dir='ltr'><strong>domo</strong></span> 
     </span>
    </p>
   </div>
   <div class='ocr_carea' id='block_1_19' title="bbox 194 2135 3470 2210">
    <p class='ocr_par' dir='ltr' id='par_1_19' title="bbox 194 2135 3470 2210">
     <span class='ocr_line' id='line_1_19' title="bbox 194 2135 3470 2210; baseline 0.001 -14"><span class='ocrx_word' id='word_1_275' title='bbox 194 2140 540 2208; x_wconf 89' lang='lat' dir='ltr'><strong>defecerunt,</strong></span> <span class='ocrx_word' id='word_1_276' title='bbox 563 2141 739 2198; x_wconf 90' lang='lat' dir='ltr'><strong>unde:</strong></span> <span class='ocrx_word' id='word_1_277' title='bbox 780 2139 1013 2196; x_wconf 81' lang='lat' dir='ltr'><strong>Posuisti</strong></span> <span class='ocrx_word' id='word_1_278' title='bbox 1041 2140 1277 2194; x_wconf 78' lang='lat' dir='ltr'><strong>tenebras</strong></span> <span class='ocrx_word' id='word_1_279' title='bbox 1321 2147 1369 2194; x_wconf 84' lang='lat' dir='ltr'><strong>et</strong></span> <span class='ocrx_word' id='word_1_280' title='bbox 1397 2138 1539 2210; x_wconf 77' lang='lat' dir='ltr'><strong>facta</strong></span> <span class='ocrx_word' id='word_1_281' title='bbox 1579 2146 1654 2192; x_wconf 88' lang='lat' dir='ltr'><strong>est</strong></span> <span class='ocrx_word' id='word_1_282' title='bbox 1683 2153 1787 2192; x_wconf 63' lang='grc' dir='ltr'><strong>ηοω</strong></span> <span class='ocrx_word' id='word_1_283' title='bbox 1889 2149 2000 2195; x_wconf 91' lang='lat' dir='ltr'><strong>tua.</strong></span> <span class='ocrx_word' id='word_1_284' title='bbox 2041 2137 2336 2209; x_wconf 88' lang='lat' dir='ltr'><strong>Sequitur:</strong></span> <span class='ocrx_word' id='word_1_285' title='bbox 2365 2135 2433 2190; x_wconf 90' lang='lat' dir='ltr'><strong>In</strong></span> <span class='ocrx_word' id='word_1_286' title='bbox 2460 2137 2654 2191; x_wconf 81' lang='lat' dir='ltr'><strong>stecula</strong></span> <span class='ocrx_word' id='word_1_287' title='bbox 2702 2138 3018 2193; x_wconf 73' lang='lat' dir='ltr'><strong>strculorum</strong></span> <span class='ocrx_word' id='word_1_288' title='bbox 3070 2139 3360 2195; x_wconf 85' lang='lat' dir='ltr'><strong>laudabunt</strong></span> <span class='ocrx_word' id='word_1_289' title='bbox 3403 2153 3470 2198; x_wconf 83' lang='lat' dir='ltr'><strong>te.</strong></span> 
     </span>
    </p>
   </div>
   <div class='ocr_carea' id='block_1_20' title="bbox 198 2228 3474 2306">
    <p class='ocr_par' dir='ltr' id='par_1_20' title="bbox 198 2228 3474 2306">
     <span class='ocr_line' id='line_1_20' title="bbox 198 2228 3474 2306; baseline 0 -22"><span class='ocrx_word' id='word_1_290' title='bbox 198 2232 380 2304; x_wconf 83' lang='lat' dir='ltr'><strong>(Psal.</strong></span> <span class='ocrx_word' id='word_1_291' title='bbox 411 2232 553 2306; x_wconf 88' lang='lat' dir='ltr'><strong>cm).</strong></span> <span class='ocrx_word' id='word_1_292' title='bbox 672 2303 698 2306; x_wconf 83' lang='lat'><strong><em>_</em></strong></span> <span class='ocrx_word' id='word_1_293' title='bbox 724 2303 747 2306; x_wconf 77' lang='lat'><strong><em>_</em></strong></span> <span class='ocrx_word' id='word_1_294' title='bbox 774 2301 827 2306; x_wconf 33' lang='grc' dir='ltr'><em>Α</em></span> <span class='ocrx_word' id='word_1_295' title='bbox 856 2303 985 2306; x_wconf 24' lang='lat' dir='ltr'>____i</span> <span class='ocrx_word' id='word_1_296' title='bbox 1031 2303 1052 2306; x_wconf 87' lang='lat'><strong>_</strong></span> <span class='ocrx_word' id='word_1_297' title='bbox 1075 2302 1292 2306; x_wconf 22' lang='lat' dir='ltr'><strong>__g_____</strong></span> <span class='ocrx_word' id='word_1_298' title='bbox 1887 2229 2004 2285; x_wconf 82' lang='lat' dir='ltr'><strong>Hoc</strong></span> <span class='ocrx_word' id='word_1_299' title='bbox 2031 2237 2203 2284; x_wconf 92' lang='lat' dir='ltr'><strong>totum</strong></span> <span class='ocrx_word' id='word_1_300' title='bbox 2241 2228 2516 2298; x_wconf 84' lang='lat' dir='ltr'><strong>negetium</strong></span> <span class='ocrx_word' id='word_1_301' title='bbox 2543 2237 2629 2284; x_wconf 89' lang='lat' dir='ltr'><strong>est</strong></span> <span class='ocrx_word' id='word_1_302' title='bbox 2663 2229 2735 2283; x_wconf 87' lang='lat' dir='ltr'><strong>ibi</strong></span> <span class='ocrx_word' id='word_1_303' title='bbox 2762 2239 3072 2284; x_wconf 89' lang='lat' dir='ltr'><strong>sanctorum</strong></span> <span class='ocrx_word' id='word_1_304' title='bbox 3104 2247 3118 2284; x_wconf 89' lang='lat'><strong>:</strong></span> <span class='ocrx_word' id='word_1_305' title='bbox 3160 2245 3268 2285; x_wconf 91' lang='lat' dir='ltr'><strong>non</strong></span> <span class='ocrx_word' id='word_1_306' title='bbox 3295 2241 3379 2286; x_wconf 88' lang='lat' dir='ltr'><strong>est</strong></span> <span class='ocrx_word' id='word_1_307' title='bbox 3401 2233 3474 2289; x_wconf 87' lang='lat' dir='ltr'><strong>ibi</strong></span> 
     </span>
    </p>
   </div>
   <div class='ocr_carea' id='block_1_21' title="bbox 671 2301 3475 2391">
    <p class='ocr_par' dir='ltr' id='par_1_21' title="bbox 671 2301 3475 2391">
     <span class='ocr_line' id='line_1_21' title="bbox 671 2301 3475 2391; baseline 0.004 -22"><span class='ocrx_word' id='word_1_308' title='bbox 671 2301 993 2361; x_wconf 75' lang='lat' dir='ltr'><strong>PSALMUS</strong></span> <span class='ocrx_word' id='word_1_309' title='bbox 1029 2302 1312 2358; x_wconf 72' lang='grc' dir='ltr'><strong>ΙιΧΧΧῙῙῘο</strong></span> <span class='ocrx_word' id='word_1_310' title='bbox 1887 2322 2206 2387; x_wconf 86' lang='lat' dir='ltr'><strong>necessitas,</strong></span> <span class='ocrx_word' id='word_1_311' title='bbox 2229 2337 2350 2391; x_wconf 75' lang='lat' dir='ltr'><strong>qum</strong></span> <span class='ocrx_word' id='word_1_312' title='bbox 2392 2329 2566 2376; x_wconf 90' lang='lat' dir='ltr'><strong>mater</strong></span> <span class='ocrx_word' id='word_1_313' title='bbox 2603 2329 2688 2376; x_wconf 89' lang='lat' dir='ltr'><strong>est</strong></span> <span class='ocrx_word' id='word_1_314' title='bbox 2729 2321 2970 2376; x_wconf 91' lang='lat' dir='ltr'><strong>omnium</strong></span> <span class='ocrx_word' id='word_1_315' title='bbox 3005 2323 3364 2377; x_wconf 91' lang='lat' dir='ltr'><strong>humanarum</strong></span> <span class='ocrx_word' id='word_1_316' title='bbox 3387 2339 3475 2380; x_wconf 88' lang='lat' dir='ltr'><strong>ac-</strong></span> 
     </span>
    </p>
   </div>
   <div class='ocr_carea' id='block_1_22' title="bbox 275 2413 3474 2491">
    <p class='ocr_par' dir='ltr' id='par_1_22' title="bbox 275 2413 3474 2491">
     <span class='ocr_line' id='line_1_22' title="bbox 275 2413 3474 2491; baseline -0.001 -17"><span class='ocrx_word' id='word_1_317' title='bbox 275 2419 438 2474; x_wconf 73' lang='lat' dir='ltr'><strong>Vens.</strong></span> <span class='ocrx_word' id='word_1_318' title='bbox 465 2419 516 2473; x_wconf 80' lang='grc'><strong>1.</strong></span> <span class='ocrx_word' id='word_1_319' title='bbox 540 2449 609 2460; x_wconf 91' lang='lat'>—</span> <span class='ocrx_word' id='word_1_320' title='bbox 647 2417 717 2473; x_wconf 86' lang='lat' dir='ltr'><strong>In</strong></span> <span class='ocrx_word' id='word_1_321' title='bbox 745 2419 920 2488; x_wconf 82' lang='lat' dir='ltr'><strong>ﬁnem.</strong></span> <span class='ocrx_word' id='word_1_322' title='bbox 963 2416 1144 2491; x_wconf 75' lang='lat' dir='ltr'><strong>(Aus)</strong></span> <span class='ocrx_word' id='word_1_323' title='bbox 1175 2416 1320 2472; x_wconf 82' lang='lat' dir='ltr'><strong>Nihil</strong></span> <span class='ocrx_word' id='word_1_324' title='bbox 1347 2417 1436 2472; x_wconf 92' lang='lat' dir='ltr'><strong>hic</strong></span> <span class='ocrx_word' id='word_1_325' title='bbox 1480 2416 1678 2472; x_wconf 90' lang='lat' dir='ltr'><strong>dicitur</strong></span> <span class='ocrx_word' id='word_1_326' title='bbox 1723 2416 1791 2470; x_wconf 93' lang='lat' dir='ltr'><strong>de</strong></span> <span class='ocrx_word' id='word_1_327' title='bbox 1891 2416 2123 2482; x_wconf 90' lang='lat' dir='ltr'><strong>tionum,</strong></span> <span class='ocrx_word' id='word_1_328' title='bbox 2162 2415 2288 2484; x_wconf 89' lang='lat' dir='ltr'><strong>quia</strong></span> <span class='ocrx_word' id='word_1_329' title='bbox 2333 2414 2418 2468; x_wconf 89' lang='lat' dir='ltr'><strong>cui</strong></span> <span class='ocrx_word' id='word_1_330' title='bbox 2445 2413 2651 2468; x_wconf 87' lang='lat' dir='ltr'><strong>faciunt</strong></span> <span class='ocrx_word' id='word_1_331' title='bbox 2677 2413 2750 2468; x_wconf 89' lang='lat' dir='ltr'><strong>ibi</strong></span> <span class='ocrx_word' id='word_1_332' title='bbox 2785 2414 3082 2484; x_wconf 88' lang='lat' dir='ltr'><strong>quippiam,</strong></span> <span class='ocrx_word' id='word_1_333' title='bbox 3107 2414 3195 2468; x_wconf 90' lang='lat' dir='ltr'><strong>ubi</strong></span> <span class='ocrx_word' id='word_1_334' title='bbox 3229 2415 3361 2469; x_wconf 90' lang='lat' dir='ltr'><strong>nulli</strong></span> <span class='ocrx_word' id='word_1_335' title='bbox 3389 2416 3474 2471; x_wconf 88' lang='lat' dir='ltr'><strong>in-</strong></span> 
     </span>
    </p>
   </div>
   <div class='ocr_carea' id='block_1_23' title="bbox 196 2509 3476 2582">
    <p class='ocr_par' dir='ltr' id='par_1_23' title="bbox 196 2509 3476 2582">
     <span class='ocr_line' id='line_1_23' title="bbox 196 2509 3476 2582; baseline -0.001 -16"><span class='ocrx_word' id='word_1_336' title='bbox 196 2510 572 2566; x_wconf 88' lang='lat' dir='ltr'><strong>torcularibus</strong></span> <span class='ocrx_word' id='word_1_337' title='bbox 630 2510 934 2567; x_wconf 85' lang='lat' dir='ltr'><strong>visibilibus</strong></span> <span class='ocrx_word' id='word_1_338' title='bbox 962 2551 977 2577; x_wconf 93' lang='lat'><strong>,</strong></span> <span class='ocrx_word' id='word_1_339' title='bbox 1031 2509 1174 2566; x_wconf 90' lang='lat' dir='ltr'><strong>unde</strong></span> <span class='ocrx_word' id='word_1_340' title='bbox 1221 2518 1436 2566; x_wconf 84' lang='lat' dir='ltr'><strong>constat</strong></span> <span class='ocrx_word' id='word_1_341' title='bbox 1487 2509 1788 2579; x_wconf 88' lang='lat' dir='ltr'><strong>spiritualia</strong></span> <span class='ocrx_word' id='word_1_342' title='bbox 1890 2511 2111 2582; x_wconf 88' lang='lat' dir='ltr'><strong>digent;</strong></span> <span class='ocrx_word' id='word_1_343' title='bbox 2145 2510 2348 2564; x_wconf 90' lang='lat' dir='ltr'><strong>habent</strong></span> <span class='ocrx_word' id='word_1_344' title='bbox 2369 2524 2498 2580; x_wconf 86' lang='lat' dir='ltr'><strong>ergo</strong></span> <span class='ocrx_word' id='word_1_345' title='bbox 2521 2518 2576 2563; x_wconf 88' lang='lat' dir='ltr'><strong>et</strong></span> <span class='ocrx_word' id='word_1_346' title='bbox 2599 2517 2786 2577; x_wconf 90' lang='lat' dir='ltr'><strong>agunt,</strong></span> <span class='ocrx_word' id='word_1_347' title='bbox 2817 2511 2962 2563; x_wconf 91' lang='lat' dir='ltr'><strong>unde</strong></span> <span class='ocrx_word' id='word_1_348' title='bbox 2990 2509 3133 2564; x_wconf 86' lang='lat' dir='ltr'><strong>beati</strong></span> <span class='ocrx_word' id='word_1_349' title='bbox 3161 2519 3306 2563; x_wconf 92' lang='lat' dir='ltr'><strong>sunt.</strong></span> <span class='ocrx_word' id='word_1_350' title='bbox 3342 2509 3476 2565; x_wconf 80' lang='lat' dir='ltr'><strong>0m-</strong></span> 
     </span>
    </p>
   </div>
   <div class='ocr_carea' id='block_1_24' title="bbox 199 2600 3475 2673">
    <p class='ocr_par' dir='ltr' id='par_1_24' title="bbox 199 2600 3475 2673">
     <span class='ocr_line' id='line_1_24' title="bbox 199 2600 3475 2673; baseline 0.001 -16"><span class='ocrx_word' id='word_1_351' title='bbox 199 2616 344 2657; x_wconf 88' lang='lat' dir='ltr'><strong>esse.</strong></span> <span class='ocrx_word' id='word_1_352' title='bbox 395 2601 508 2658; x_wconf 86' lang='lat' dir='ltr'><strong>Uva</strong></span> <span class='ocrx_word' id='word_1_353' title='bbox 558 2601 614 2656; x_wconf 90' lang='lat' dir='ltr'><strong>in</strong></span> <span class='ocrx_word' id='word_1_354' title='bbox 653 2601 782 2665; x_wconf 88' lang='lat' dir='ltr'><strong>vite,</strong></span> <span class='ocrx_word' id='word_1_355' title='bbox 833 2602 973 2656; x_wconf 92' lang='lat' dir='ltr'><strong>oliva</strong></span> <span class='ocrx_word' id='word_1_356' title='bbox 1018 2602 1072 2656; x_wconf 93' lang='lat' dir='ltr'><strong>in</strong></span> <span class='ocrx_word' id='word_1_357' title='bbox 1125 2603 1319 2658; x_wconf 89' lang='lat' dir='ltr'><strong>arbore</strong></span> <span class='ocrx_word' id='word_1_358' title='bbox 1342 2601 1582 2672; x_wconf 90' lang='lat' dir='ltr'><strong>pendens</strong></span> <span class='ocrx_word' id='word_1_359' title='bbox 1616 2600 1788 2656; x_wconf 90' lang='lat' dir='ltr'><strong>libero</strong></span> <span class='ocrx_word' id='word_1_360' title='bbox 1890 2603 1975 2659; x_wconf 90' lang='lat' dir='ltr'><strong>nis</strong></span> <span class='ocrx_word' id='word_1_361' title='bbox 2000 2610 2179 2658; x_wconf 89' lang='lat' dir='ltr'><strong>autem</strong></span> <span class='ocrx_word' id='word_1_362' title='bbox 2212 2603 2404 2656; x_wconf 91' lang='lat' dir='ltr'><strong>beatus</strong></span> <span class='ocrx_word' id='word_1_363' title='bbox 2431 2601 2684 2656; x_wconf 88' lang='lat' dir='ltr'><strong>habendo</strong></span> <span class='ocrx_word' id='word_1_364' title='bbox 2711 2600 2796 2654; x_wconf 88' lang='lat' dir='ltr'><strong>vel</strong></span> <span class='ocrx_word' id='word_1_365' title='bbox 2812 2601 3023 2673; x_wconf 89' lang='lat' dir='ltr'><strong>agendo</strong></span> <span class='ocrx_word' id='word_1_366' title='bbox 3045 2602 3243 2657; x_wconf 89' lang='lat' dir='ltr'><strong>dicitur</strong></span> <span class='ocrx_word' id='word_1_367' title='bbox 3261 2602 3475 2659; x_wconf 87' lang='lat' dir='ltr'><strong>beatus.</strong></span> 
     </span>
    </p>
   </div>
   <div class='ocr_carea' id='block_1_25' title="bbox 203 2691 3478 2763">
    <p class='ocr_par' dir='ltr' id='par_1_25' title="bbox 203 2691 3478 2763">
     <span class='ocr_line' id='line_1_25' title="bbox 203 2691 3478 2763; baseline -0 -14"><span class='ocrx_word' id='word_1_368' title='bbox 203 2695 458 2750; x_wconf 90' lang='lat' dir='ltr'><strong>fruuntur</strong></span> <span class='ocrx_word' id='word_1_369' title='bbox 485 2711 631 2763; x_wconf 89' lang='lat' dir='ltr'><strong>aere,</strong></span> <span class='ocrx_word' id='word_1_370' title='bbox 656 2711 757 2751; x_wconf 91' lang='lat' dir='ltr'><strong>nec</strong></span> <span class='ocrx_word' id='word_1_371' title='bbox 777 2695 866 2750; x_wconf 90' lang='lat' dir='ltr'><strong>illa</strong></span> <span class='ocrx_word' id='word_1_372' title='bbox 880 2704 965 2751; x_wconf 89' lang='lat' dir='ltr'><strong>est</strong></span> <span class='ocrx_word' id='word_1_373' title='bbox 989 2695 1193 2761; x_wconf 91' lang='lat' dir='ltr'><strong>vinum,</strong></span> <span class='ocrx_word' id='word_1_374' title='bbox 1218 2710 1316 2750; x_wconf 90' lang='lat' dir='ltr'><strong>nec</strong></span> <span class='ocrx_word' id='word_1_375' title='bbox 1338 2695 1441 2750; x_wconf 88' lang='lat' dir='ltr'><strong>ista</strong></span> <span class='ocrx_word' id='word_1_376' title='bbox 1462 2695 1640 2749; x_wconf 88' lang='lat' dir='ltr'><strong>oleum</strong></span> <span class='ocrx_word' id='word_1_377' title='bbox 1663 2701 1786 2749; x_wconf 87' lang='lat' dir='ltr'><strong>ante</strong></span> <span class='ocrx_word' id='word_1_378' title='bbox 1961 2692 2128 2749; x_wconf 74' lang='lat' dir='ltr'><strong>Vnus.</strong></span> <span class='ocrx_word' id='word_1_379' title='bbox 2158 2694 2210 2747; x_wconf 88' lang='lat'><strong>6.</strong></span> <span class='ocrx_word' id='word_1_380' title='bbox 2239 2723 2310 2733; x_wconf 90' lang='lat'><strong>—-</strong></span> <span class='ocrx_word' id='word_1_381' title='bbox 2335 2692 2530 2746; x_wconf 80' lang='lat' dir='ltr'><strong>Beatus</strong></span> <span class='ocrx_word' id='word_1_382' title='bbox 2558 2692 2636 2746; x_wconf 86' lang='lat' dir='ltr'><strong>vir</strong></span> <span class='ocrx_word' id='word_1_383' title='bbox 2659 2693 2814 2763; x_wconf 83' lang='lat' dir='ltr'><strong>cujus</strong></span> <span class='ocrx_word' id='word_1_384' title='bbox 2843 2702 2917 2747; x_wconf 89' lang='lat' dir='ltr'><strong>est</strong></span> <span class='ocrx_word' id='word_1_385' title='bbox 2960 2691 3220 2748; x_wconf 73' lang='lat' dir='ltr'><strong>auxilium</strong></span> <span class='ocrx_word' id='word_1_386' title='bbox 3260 2694 3352 2749; x_wconf 89' lang='lat' dir='ltr'><strong>abs</strong></span> <span class='ocrx_word' id='word_1_387' title='bbox 3381 2704 3429 2748; x_wconf 89' lang='lat' dir='ltr'><strong>te</strong></span> <span class='ocrx_word' id='word_1_388' title='bbox 3457 2713 3478 2754; x_wconf 90' lang='lat'><strong><em>:</em></strong></span> 
     </span>
    </p>
   </div>
   <div class='ocr_carea' id='block_1_26' title="bbox 201 2785 3479 2860">
    <p class='ocr_par' dir='ltr' id='par_1_26' title="bbox 201 2785 3479 2860">
     <span class='ocr_line' id='line_1_26' title="bbox 201 2785 3479 2860; baseline 0 -17"><span class='ocrx_word' id='word_1_389' title='bbox 201 2803 518 2860; x_wconf 89' lang='lat' dir='ltr'><strong>pressuram</strong></span> <span class='ocrx_word' id='word_1_390' title='bbox 547 2806 560 2843; x_wconf 90' lang='lat'><strong>:</strong></span> <span class='ocrx_word' id='word_1_391' title='bbox 585 2789 664 2844; x_wconf 91' lang='lat' dir='ltr'><strong>sic</strong></span> <span class='ocrx_word' id='word_1_392' title='bbox 693 2804 830 2859; x_wconf 90' lang='lat' dir='ltr'><strong>quos</strong></span> <span class='ocrx_word' id='word_1_393' title='bbox 845 2787 1114 2860; x_wconf 72' lang='lat' dir='ltr'><strong>przcscivit</strong></span> <span class='ocrx_word' id='word_1_394' title='bbox 1137 2788 1279 2843; x_wconf 89' lang='lat' dir='ltr'><strong>Deus</strong></span> <span class='ocrx_word' id='word_1_395' title='bbox 1304 2796 1427 2842; x_wconf 91' lang='lat' dir='ltr'><strong>ante</strong></span> <span class='ocrx_word' id='word_1_396' title='bbox 1450 2787 1646 2842; x_wconf 59' lang='lat' dir='ltr'><strong>saecula</strong></span> <span class='ocrx_word' id='word_1_397' title='bbox 1668 2786 1787 2841; x_wconf 87' lang='lat' dir='ltr'><strong>ﬁeri</strong></span> <span class='ocrx_word' id='word_1_398' title='bbox 1889 2789 2221 2842; x_wconf 85' lang='lat' dir='ltr'><strong>ascensiones</strong></span> <span class='ocrx_word' id='word_1_399' title='bbox 2243 2787 2298 2841; x_wconf 83' lang='lat' dir='ltr'><strong>in</strong></span> <span class='ocrx_word' id='word_1_400' title='bbox 2319 2787 2473 2841; x_wconf 86' lang='lat' dir='ltr'><strong>corde</strong></span> <span class='ocrx_word' id='word_1_401' title='bbox 2492 2803 2589 2842; x_wconf 90' lang='lat' dir='ltr'><strong>suo</strong></span> <span class='ocrx_word' id='word_1_402' title='bbox 2611 2785 2886 2857; x_wconf 80' lang='lat' dir='ltr'><strong>disposuit.</strong></span> <span class='ocrx_word' id='word_1_403' title='bbox 2913 2785 3113 2860; x_wconf 85' lang='lat' dir='ltr'><strong>(Cass)</strong></span> <span class='ocrx_word' id='word_1_404' title='bbox 3136 2787 3254 2854; x_wconf 91' lang='lat' dir='ltr'><strong>Quo</strong></span> <span class='ocrx_word' id='word_1_405' title='bbox 3273 2789 3479 2843; x_wconf 88' lang='lat' dir='ltr'><strong>auxilio</strong></span> 
     </span>
    </p>
   </div>
   <div class='ocr_carea' id='block_1_27' title="bbox 203 2881 2513 2957">
    <p class='ocr_par' dir='ltr' id='par_1_27' title="bbox 203 2881 2513 2957">
     <span class='ocr_line' id='line_1_27' title="bbox 203 2881 2513 2957; baseline -0.002 -19"><span class='ocrx_word' id='word_1_406' title='bbox 203 2882 513 2939; x_wconf 91' lang='lat' dir='ltr'><strong>conformes</strong></span> <span class='ocrx_word' id='word_1_407' title='bbox 542 2883 792 2957; x_wconf 82' lang='lat' dir='ltr'><strong>imaginis</strong></span> <span class='ocrx_word' id='word_1_408' title='bbox 815 2883 930 2948; x_wconf 86' lang='lat' dir='ltr'><strong>ﬁlii,</strong></span> <span class='ocrx_word' id='word_1_409' title='bbox 961 2889 1251 2952; x_wconf 86' lang='lat' dir='ltr'><strong>antequam</strong></span> <span class='ocrx_word' id='word_1_410' title='bbox 1283 2882 1543 2937; x_wconf 89' lang='lat' dir='ltr'><strong>accedant</strong></span> <span class='ocrx_word' id='word_1_411' title='bbox 1578 2881 1646 2936; x_wconf 90' lang='lat' dir='ltr'><strong>ad</strong></span> <span class='ocrx_word' id='word_1_412' title='bbox 1668 2893 1784 2936; x_wconf 89' lang='lat' dir='ltr'><strong>ser-</strong></span> <span class='ocrx_word' id='word_1_413' title='bbox 1889 2885 1956 2940; x_wconf 77' lang='lat' dir='ltr'><strong>ad</strong></span> <span class='ocrx_word' id='word_1_414' title='bbox 1993 2885 2213 2940; x_wconf 88' lang='lat' dir='ltr'><strong>domum</strong></span> <span class='ocrx_word' id='word_1_415' title='bbox 2241 2883 2513 2938; x_wconf 87' lang='lat' dir='ltr'><strong>veniatur.</strong></span> 
     </span>
    </p>
   </div>
   <div class='ocr_carea' id='block_1_28' title="bbox 201 2972 3480 3046">
    <p class='ocr_par' dir='ltr' id='par_1_28' title="bbox 201 2972 3480 3046">
     <span class='ocr_line' id='line_1_28' title="bbox 201 2972 3480 3046; baseline -0.003 -18"><span class='ocrx_word' id='word_1_416' title='bbox 201 2975 430 3030; x_wconf 88' lang='lat' dir='ltr'><strong>vitutem</strong></span> <span class='ocrx_word' id='word_1_417' title='bbox 469 2974 586 3039; x_wconf 89' lang='lat' dir='ltr'><strong>Dei,</strong></span> <span class='ocrx_word' id='word_1_418' title='bbox 612 2972 864 3027; x_wconf 85' lang='lat' dir='ltr'><strong>fruuntur</strong></span> <span class='ocrx_word' id='word_1_419' title='bbox 899 2974 954 3026; x_wconf 91' lang='lat' dir='ltr'><strong>in</strong></span> <span class='ocrx_word' id='word_1_420' title='bbox 992 2972 1187 3027; x_wconf 84' lang='lat' dir='ltr'><strong>saeculo</strong></span> <span class='ocrx_word' id='word_1_421' title='bbox 1214 2972 1470 3027; x_wconf 86' lang='lat' dir='ltr'><strong>deliciosa</strong></span> <span class='ocrx_word' id='word_1_422' title='bbox 1517 2972 1783 3026; x_wconf 86' lang='lat' dir='ltr'><strong>libertate.</strong></span> <span class='ocrx_word' id='word_1_423' title='bbox 1961 2974 2126 3030; x_wconf 60' lang='lat' dir='ltr'><strong>Vsus.</strong></span> <span class='ocrx_word' id='word_1_424' title='bbox 2157 2976 2209 3030; x_wconf 88' lang='lat'><strong>7.</strong></span> <span class='ocrx_word' id='word_1_425' title='bbox 2230 2975 2386 3029; x_wconf 88' lang='grc' dir='ltr'><strong>-ιη</strong></span> <span class='ocrx_word' id='word_1_426' title='bbox 2409 2973 2545 3029; x_wconf 75' lang='lat' dir='ltr'><strong>valle</strong></span> <span class='ocrx_word' id='word_1_427' title='bbox 2571 2972 2944 3046; x_wconf 76' lang='lat' dir='ltr'><strong>lacrymarum.</strong></span> <span class='ocrx_word' id='word_1_428' title='bbox 2970 2973 3171 3046; x_wconf 39' lang='lat' dir='ltr'><strong>(case)</strong></span> <span class='ocrx_word' id='word_1_429' title='bbox 3202 2972 3372 3029; x_wconf 78' lang='lat' dir='ltr'><strong>vallis</strong></span> <span class='ocrx_word' id='word_1_430' title='bbox 3399 2974 3480 3029; x_wconf 68' lang='grc' dir='ltr'><strong>ιιι-</strong></span> 
     </span>
    </p>
   </div>
   <div class='ocr_carea' id='block_1_29' title="bbox 203 3063 3479 3138">
    <p class='ocr_par' dir='ltr' id='par_1_29' title="bbox 203 3063 3479 3138">
     <span class='ocr_line' id='line_1_29' title="bbox 203 3063 3479 3138; baseline 0 -15"><span class='ocrx_word' id='word_1_431' title='bbox 203 3066 490 3124; x_wconf 75' lang='lat' dir='ltr'><strong>Sed&#39;cum</strong></span> <span class='ocrx_word' id='word_1_432' title='bbox 536 3066 801 3122; x_wconf 88' lang='lat' dir='ltr'><strong>accedunt</strong></span> <span class='ocrx_word' id='word_1_433' title='bbox 829 3066 895 3119; x_wconf 91' lang='lat' dir='ltr'><strong>ad</strong></span> <span class='ocrx_word' id='word_1_434' title='bbox 925 3066 1245 3120; x_wconf 86' lang='lat' dir='ltr'><strong>servitutem</strong></span> <span class='ocrx_word' id='word_1_435' title='bbox 1275 3064 1393 3130; x_wconf 91' lang='lat' dir='ltr'><strong>Dei,</strong></span> <span class='ocrx_word' id='word_1_436' title='bbox 1435 3064 1637 3119; x_wconf 91' lang='lat' dir='ltr'><strong>dicitur</strong></span> <span class='ocrx_word' id='word_1_437' title='bbox 1665 3065 1783 3119; x_wconf 90' lang='lat' dir='ltr'><strong>eis:</strong></span> <span class='ocrx_word' id='word_1_438' title='bbox 1892 3081 2203 3138; x_wconf 85' lang='lat' dir='ltr'><strong>crymarum</strong></span> <span class='ocrx_word' id='word_1_439' title='bbox 2247 3074 2332 3120; x_wconf 88' lang='lat' dir='ltr'><strong>est</strong></span> <span class='ocrx_word' id='word_1_440' title='bbox 2380 3065 2697 3136; x_wconf 83' lang='lat' dir='ltr'><strong>paenitentis</strong></span> <span class='ocrx_word' id='word_1_441' title='bbox 2751 3064 3051 3120; x_wconf 87' lang='lat' dir='ltr'><strong>humilitas.</strong></span> <span class='ocrx_word' id='word_1_442' title='bbox 3098 3063 3280 3137; x_wconf 68' lang='lat' dir='ltr'><strong>(Acs)</strong></span> <span class='ocrx_word' id='word_1_443' title='bbox 3325 3066 3479 3123; x_wconf 88' lang='lat' dir='ltr'><strong>Unde</strong></span> 
     </span>
    </p>
   </div>
   <div class='ocr_carea' id='block_1_30' title="bbox 201 3154 3482 3227">
    <p class='ocr_par' dir='ltr' id='par_1_30' title="bbox 201 3154 3482 3227">
     <span class='ocr_line' id='line_1_30' title="bbox 201 3154 3482 3227; baseline -0.001 -13"><span class='ocrx_word' id='word_1_444' title='bbox 201 3159 340 3226; x_wconf 85' lang='lat' dir='ltr'><strong>Fili,</strong></span> <span class='ocrx_word' id='word_1_445' title='bbox 369 3159 620 3213; x_wconf 86' lang='lat' dir='ltr'><strong>accedens</strong></span> <span class='ocrx_word' id='word_1_446' title='bbox 644 3157 712 3211; x_wconf 90' lang='lat' dir='ltr'><strong>ad</strong></span> <span class='ocrx_word' id='word_1_447' title='bbox 736 3161 1032 3212; x_wconf 81' lang='lat' dir='ltr'><strong>servitutem</strong></span> <span class='ocrx_word' id='word_1_448' title='bbox 1057 3155 1176 3222; x_wconf 88' lang='lat' dir='ltr'><strong>Dei,</strong></span> <span class='ocrx_word' id='word_1_449' title='bbox 1199 3165 1280 3224; x_wconf 76' lang='lat' dir='ltr'><strong>sta</strong></span> <span class='ocrx_word' id='word_1_450' title='bbox 1310 3156 1366 3209; x_wconf 91' lang='lat' dir='ltr'><strong>in</strong></span> <span class='ocrx_word' id='word_1_451' title='bbox 1401 3154 1616 3226; x_wconf 82' lang='lat' dir='ltr'><strong>justitia</strong></span> <span class='ocrx_word' id='word_1_452' title='bbox 1649 3163 1698 3208; x_wconf 85' lang='lat' dir='ltr'><strong>et</strong></span> <span class='ocrx_word' id='word_1_453' title='bbox 1721 3155 1789 3206; x_wconf 88' lang='lat' dir='ltr'><strong>ti-</strong></span> <span class='ocrx_word' id='word_1_454' title='bbox 1893 3166 2077 3213; x_wconf 87' lang='lat' dir='ltr'><strong>autem</strong></span> <span class='ocrx_word' id='word_1_455' title='bbox 2109 3157 2360 3227; x_wconf 89' lang='lat' dir='ltr'><strong>ploratio,</strong></span> <span class='ocrx_word' id='word_1_456' title='bbox 2395 3157 2522 3226; x_wconf 91' lang='lat' dir='ltr'><strong>quia</strong></span> <span class='ocrx_word' id='word_1_457' title='bbox 2553 3156 2671 3226; x_wconf 85' lang='lat' dir='ltr'><strong>lege</strong></span> <span class='ocrx_word' id='word_1_458' title='bbox 2721 3172 2821 3211; x_wconf 93' lang='lat' dir='ltr'><strong>nos</strong></span> <span class='ocrx_word' id='word_1_459' title='bbox 2850 3155 3065 3222; x_wconf 86' lang='lat' dir='ltr'><strong>afﬂixit,</strong></span> <span class='ocrx_word' id='word_1_460' title='bbox 3087 3171 3185 3227; x_wconf 90' lang='lat' dir='ltr'><strong>per</strong></span> <span class='ocrx_word' id='word_1_461' title='bbox 3210 3173 3372 3226; x_wconf 91' lang='lat' dir='ltr'><strong>quam</strong></span> <span class='ocrx_word' id='word_1_462' title='bbox 3395 3173 3482 3212; x_wconf 92' lang='lat' dir='ltr'><strong>co-</strong></span> 
     </span>
    </p>
   </div>
   <div class='ocr_carea' id='block_1_31' title="bbox 197 3245 3477 3322">
    <p class='ocr_par' dir='ltr' id='par_1_31' title="bbox 197 3245 3477 3322">
     <span class='ocr_line' id='line_1_31' title="bbox 197 3245 3477 3322; baseline -0.002 -14"><span class='ocrx_word' id='word_1_463' title='bbox 197 3269 386 3319; x_wconf 81' lang='lat' dir='ltr'><strong>mere,</strong></span> <span class='ocrx_word' id='word_1_464' title='bbox 443 3260 492 3306; x_wconf 87' lang='lat' dir='ltr'><strong>et</strong></span> <span class='ocrx_word' id='word_1_465' title='bbox 539 3266 780 3322; x_wconf 69' lang='lat' dir='ltr'><strong>praepara</strong></span> <span class='ocrx_word' id='word_1_466' title='bbox 843 3249 1075 3304; x_wconf 82' lang='lat' dir='ltr'><strong>animum</strong></span> <span class='ocrx_word' id='word_1_467' title='bbox 1132 3258 1277 3302; x_wconf 88' lang='lat' dir='ltr'><strong>tuam</strong></span> <span class='ocrx_word' id='word_1_468' title='bbox 1330 3247 1400 3302; x_wconf 89' lang='lat' dir='ltr'><strong>ad</strong></span> <span class='ocrx_word' id='word_1_469' title='bbox 1453 3246 1789 3300; x_wconf 85' lang='lat' dir='ltr'><strong>tentationem</strong></span> <span class='ocrx_word' id='word_1_470' title='bbox 1819 3250 1859 3322; x_wconf 19' lang='grc' dir='ltr'><strong>’μ</strong></span> <span class='ocrx_word' id='word_1_471' title='bbox 1895 3248 2179 3320; x_wconf 87' lang='lat' dir='ltr'><strong>gnovimus</strong></span> <span class='ocrx_word' id='word_1_472' title='bbox 2199 3255 2479 3318; x_wconf 90' lang='lat' dir='ltr'><strong>peccatum</strong></span> <span class='ocrx_word' id='word_1_473' title='bbox 2520 3261 2824 3317; x_wconf 87' lang='lat' dir='ltr'><strong>repugnare</strong></span> <span class='ocrx_word' id='word_1_474' title='bbox 2855 3245 3088 3316; x_wconf 90' lang='lat' dir='ltr'><strong>spiritui,</strong></span> <span class='ocrx_word' id='word_1_475' title='bbox 3123 3247 3477 3318; x_wconf 87' lang='lat' dir='ltr'><strong>ctgemimus,</strong></span> 
     </span>
    </p>
   </div>
   <div class='ocr_carea' id='block_1_32' title="bbox 203 3319 3478 3417">
    <p class='ocr_par' dir='ltr' id='par_1_32' title="bbox 203 3319 3478 3417">
     <span class='ocr_line' id='line_1_32' title="bbox 203 3319 3478 3417; baseline -0.002 -19"><span class='ocrx_word' id='word_1_476' title='bbox 203 3342 408 3417; x_wconf 86' lang='lat' dir='ltr'><strong>(Eccle.</strong></span> <span class='ocrx_word' id='word_1_477' title='bbox 437 3319 687 3414; x_wconf 17' lang='lat' dir='ltr'><strong>n).VEcce</strong></span> <span class='ocrx_word' id='word_1_478' title='bbox 710 3340 966 3406; x_wconf 87' lang='lat' dir='ltr'><strong>torcular,</strong></span> <span class='ocrx_word' id='word_1_479' title='bbox 1009 3348 1390 3405; x_wconf 86' lang='lat' dir='ltr'><strong>conteruntur,</strong></span> <span class='ocrx_word' id='word_1_480' title='bbox 1425 3347 1699 3393; x_wconf 89' lang='lat' dir='ltr'><strong>exuuntur</strong></span> <span class='ocrx_word' id='word_1_481' title='bbox 1734 3337 1790 3392; x_wconf 88' lang='lat' dir='ltr'><strong>in</strong></span> <span class='ocrx_word' id='word_1_482' title='bbox 1818 3319 1863 3383; x_wconf 72' lang='grc' dir='ltr'>Ο</span> <span class='ocrx_word' id='word_1_483' title='bbox 1894 3319 2165 3411; x_wconf 92' lang='lat' dir='ltr'><strong>quomodo</strong></span> <span class='ocrx_word' id='word_1_484' title='bbox 2211 3339 2440 3404; x_wconf 87' lang='lat' dir='ltr'><strong>scilicet,</strong></span> <span class='ocrx_word' id='word_1_485' title='bbox 2467 3338 2750 3394; x_wconf 83' lang='lat' dir='ltr'><strong>veniamus</strong></span> <span class='ocrx_word' id='word_1_486' title='bbox 2781 3339 2850 3393; x_wconf 90' lang='lat' dir='ltr'><strong>ad</strong></span> <span class='ocrx_word' id='word_1_487' title='bbox 2879 3337 3056 3393; x_wconf 91' lang='lat' dir='ltr'><strong>locum</strong></span> <span class='ocrx_word' id='word_1_488' title='bbox 3079 3352 3242 3408; x_wconf 89' lang='lat' dir='ltr'><strong>quem</strong></span> <span class='ocrx_word' id='word_1_489' title='bbox 3276 3339 3478 3409; x_wconf 85' lang='lat' dir='ltr'><strong>posuit,</strong></span> 
     </span>
    </p>
   </div>
   <div class='ocr_carea' id='block_1_33' title="bbox 205 3428 3479 3506">
    <p class='ocr_par' dir='ltr' id='par_1_33' title="bbox 205 3428 3479 3506">
     <span class='ocr_line' id='line_1_33' title="bbox 205 3428 3479 3506; baseline -0 -18"><span class='ocrx_word' id='word_1_490' title='bbox 205 3431 531 3505; x_wconf 83' lang='lat' dir='ltr'><strong>tegumentis</strong></span> <span class='ocrx_word' id='word_1_491' title='bbox 571 3430 871 3486; x_wconf 88' lang='lat' dir='ltr'><strong>carnalium</strong></span> <span class='ocrx_word' id='word_1_492' title='bbox 917 3429 1333 3495; x_wconf 87' lang='lat' dir='ltr'><strong>desideriorum,</strong></span> <span class='ocrx_word' id='word_1_493' title='bbox 1363 3429 1520 3498; x_wconf 89' lang='lat' dir='ltr'><strong>quasi</strong></span> <span class='ocrx_word' id='word_1_494' title='bbox 1564 3428 1792 3484; x_wconf 90' lang='lat' dir='ltr'><strong>viuaciis</strong></span> <span class='ocrx_word' id='word_1_495' title='bbox 1891 3450 1994 3506; x_wconf 83' lang='lat' dir='ltr'><strong>ope</strong></span> <span class='ocrx_word' id='word_1_496' title='bbox 2035 3431 2152 3502; x_wconf 78' lang='lat' dir='ltr'><strong>ejus</strong></span> <span class='ocrx_word' id='word_1_497' title='bbox 2195 3440 2253 3488; x_wconf 90' lang='lat' dir='ltr'><strong>et</strong></span> <span class='ocrx_word' id='word_1_498' title='bbox 2302 3432 2504 3487; x_wconf 79' lang='lat' dir='ltr'><strong>auxilio</strong></span> <span class='ocrx_word' id='word_1_499' title='bbox 2549 3432 2756 3502; x_wconf 90' lang='lat' dir='ltr'><strong>utique.</strong></span> <span class='ocrx_word' id='word_1_500' title='bbox 2813 3429 2882 3485; x_wconf 88' lang='lat' dir='ltr'><strong>In</strong></span> <span class='ocrx_word' id='word_1_501' title='bbox 2926 3429 3038 3484; x_wconf 86' lang='lat' dir='ltr'><strong>loco</strong></span> <span class='ocrx_word' id='word_1_502' title='bbox 3077 3447 3232 3503; x_wconf 85' lang='lat' dir='ltr'><strong>quem</strong></span> <span class='ocrx_word' id='word_1_503' title='bbox 3284 3433 3479 3502; x_wconf 87' lang='lat' dir='ltr'><strong>posuit.</strong></span> 
     </span>
    </p>
   </div>
   <div class='ocr_carea' id='block_1_34' title="bbox 205 3521 3481 3596">
    <p class='ocr_par' dir='ltr' id='par_1_34' title="bbox 205 3521 3481 3596">
     <span class='ocr_line' id='line_1_34' title="bbox 205 3521 3481 3596; baseline 0 -15"><span class='ocrx_word' id='word_1_504' title='bbox 205 3531 481 3580; x_wconf 80' lang='lat' dir='ltr'><strong>exuuntur</strong></span> <span class='ocrx_word' id='word_1_505' title='bbox 515 3523 686 3579; x_wconf 83' lang='lat' dir='ltr'><strong>veteri</strong></span> <span class='ocrx_word' id='word_1_506' title='bbox 725 3524 962 3590; x_wconf 87' lang='lat' dir='ltr'><strong>homine,</strong></span> <span class='ocrx_word' id='word_1_507' title='bbox 1000 3531 1055 3578; x_wconf 85' lang='lat' dir='ltr'><strong>et</strong></span> <span class='ocrx_word' id='word_1_508' title='bbox 1093 3523 1148 3577; x_wconf 87' lang='lat' dir='ltr'><strong>in</strong></span> <span class='ocrx_word' id='word_1_509' title='bbox 1193 3523 1514 3593; x_wconf 76' lang='lat' dir='ltr'><strong>apothecam</strong></span> <span class='ocrx_word' id='word_1_510' title='bbox 1552 3521 1649 3577; x_wconf 85' lang='lat' dir='ltr'><strong>Dei</strong></span> <span class='ocrx_word' id='word_1_511' title='bbox 1694 3521 1789 3576; x_wconf 86' lang='lat' dir='ltr'><strong>de-</strong></span> <span class='ocrx_word' id='word_1_512' title='bbox 1892 3527 2101 3583; x_wconf 87' lang='lat' dir='ltr'><strong>Etenim</strong></span> <span class='ocrx_word' id='word_1_513' title='bbox 2147 3527 2553 3581; x_wconf 86' lang='lat' dir='ltr'><strong>benedictionem</strong></span> <span class='ocrx_word' id='word_1_514' title='bbox 2594 3525 2760 3580; x_wconf 82' lang='lat' dir='ltr'><strong>dabit.</strong></span> <span class='ocrx_word' id='word_1_515' title='bbox 2789 3523 2892 3592; x_wconf 87' lang='lat' dir='ltr'><strong>Qui</strong></span> <span class='ocrx_word' id='word_1_516' title='bbox 2925 3539 3030 3579; x_wconf 92' lang='lat' dir='ltr'><strong>non</strong></span> <span class='ocrx_word' id='word_1_517' title='bbox 3065 3531 3245 3594; x_wconf 87' lang='lat' dir='ltr'><strong>potest</strong></span> <span class='ocrx_word' id='word_1_518' title='bbox 3262 3527 3481 3596; x_wconf 87' lang='lat' dir='ltr'><strong>exponi,</strong></span> 
     </span>
    </p>
   </div>
   <div class='ocr_carea' id='block_1_35' title="bbox 205 3615 3478 3694">
    <p class='ocr_par' dir='ltr' id='par_1_35' title="bbox 205 3615 3478 3694">
     <span class='ocr_line' id='line_1_35' title="bbox 205 3615 3478 3694; baseline 0 -20"><span class='ocrx_word' id='word_1_519' title='bbox 205 3618 426 3674; x_wconf 79' lang='lat' dir='ltr'><strong>ﬂuunt:</strong></span> <span class='ocrx_word' id='word_1_520' title='bbox 471 3618 590 3674; x_wconf 88' lang='lat' dir='ltr'><strong>ideo</strong></span> <span class='ocrx_word' id='word_1_521' title='bbox 614 3617 906 3674; x_wconf 86' lang='lat' dir='ltr'><strong>toreularia</strong></span> <span class='ocrx_word' id='word_1_522' title='bbox 946 3617 1199 3672; x_wconf 89' lang='lat' dir='ltr'><strong>dicuntur</strong></span> <span class='ocrx_word' id='word_1_523' title='bbox 1237 3616 1492 3672; x_wconf 71' lang='lat' dir='ltr'><strong>Ecclesiae</strong></span> <span class='ocrx_word' id='word_1_524' title='bbox 1512 3615 1792 3686; x_wconf 71' lang='lat' dir='ltr'><strong>praesentis</strong></span> <span class='ocrx_word' id='word_1_525' title='bbox 1893 3637 2053 3694; x_wconf 89' lang='lat' dir='ltr'><strong>quem</strong></span> <span class='ocrx_word' id='word_1_526' title='bbox 2103 3619 2295 3675; x_wconf 89' lang='lat' dir='ltr'><strong>oculus</strong></span> <span class='ocrx_word' id='word_1_527' title='bbox 2347 3634 2452 3674; x_wconf 89' lang='lat' dir='ltr'><strong>non</strong></span> <span class='ocrx_word' id='word_1_528' title='bbox 2496 3618 2652 3683; x_wconf 83' lang='lat' dir='ltr'><strong>vidit,</strong></span> <span class='ocrx_word' id='word_1_529' title='bbox 2691 3633 2792 3673; x_wconf 91' lang='lat' dir='ltr'><strong>nec</strong></span> <span class='ocrx_word' id='word_1_530' title='bbox 2825 3617 2972 3672; x_wconf 88' lang='lat' dir='ltr'><strong>auris</strong></span> <span class='ocrx_word' id='word_1_531' title='bbox 3003 3617 3227 3683; x_wconf 89' lang='lat' dir='ltr'><strong>audivit,</strong></span> <span class='ocrx_word' id='word_1_532' title='bbox 3275 3617 3330 3673; x_wconf 89' lang='lat' dir='ltr'><strong>id</strong></span> <span class='ocrx_word' id='word_1_533' title='bbox 3375 3626 3478 3685; x_wconf 89' lang='lat' dir='ltr'><strong>est,</strong></span> 
     </span>
    </p>
   </div>
   <div class='ocr_carea' id='block_1_36' title="bbox 209 3704 1792 3783">
    <p class='ocr_par' dir='ltr' id='par_1_36' title="bbox 209 3704 1791 3780">
     <span class='ocr_line' id='line_1_36' title="bbox 209 3704 1791 3780; baseline -0.004 -14"><span class='ocrx_word' id='word_1_534' title='bbox 209 3710 486 3780; x_wconf 86' lang='lat' dir='ltr'><strong>temporis.</strong></span> <span class='ocrx_word' id='word_1_535' title='bbox 538 3707 646 3764; x_wconf 88' lang='lat' dir='ltr'><strong>Sed</strong></span> <span class='ocrx_word' id='word_1_536' title='bbox 685 3709 778 3779; x_wconf 88' lang='lat' dir='ltr'><strong>qui</strong></span> <span class='ocrx_word' id='word_1_537' title='bbox 827 3708 882 3763; x_wconf 91' lang='lat' dir='ltr'><strong>in</strong></span> <span class='ocrx_word' id='word_1_538' title='bbox 932 3707 1018 3763; x_wconf 91' lang='lat' dir='ltr'><strong>his</strong></span> <span class='ocrx_word' id='word_1_539' title='bbox 1059 3706 1153 3760; x_wconf 86' lang='lat' dir='ltr'><strong>ﬁlii</strong></span> <span class='ocrx_word' id='word_1_540' title='bbox 1183 3705 1338 3770; x_wconf 90' lang='lat' dir='ltr'><strong>Core,</strong></span> <span class='ocrx_word' id='word_1_541' title='bbox 1396 3705 1448 3761; x_wconf 89' lang='lat' dir='ltr'><strong>id</strong></span> <span class='ocrx_word' id='word_1_542' title='bbox 1487 3713 1569 3761; x_wconf 90' lang='lat' dir='ltr'><strong>est</strong></span> <span class='ocrx_word' id='word_1_543' title='bbox 1631 3704 1791 3772; x_wconf 90' lang='lat' dir='ltr'><strong>calvi,</strong></span> 
     </span>
    </p>
   </div>
   <div class='ocr_carea' id='block_1_37' title="bbox 1902 3704 3485 3783">
    <p class='ocr_par' dir='ltr' id='par_1_37' title="bbox 1902 3709 3485 3783">
     <span class='ocr_line' id='line_1_37' title="bbox 1902 3709 3485 3783; baseline -0.001 -15"><span class='ocrx_word' id='word_1_544' title='bbox 1902 3712 2136 3768; x_wconf 83' lang='lat' dir='ltr'><strong>futurum</strong></span> <span class='ocrx_word' id='word_1_545' title='bbox 2165 3727 2414 3783; x_wconf 89' lang='lat' dir='ltr'><strong>regnum,</strong></span> <span class='ocrx_word' id='word_1_546' title='bbox 2446 3711 2589 3781; x_wconf 91' lang='lat' dir='ltr'><strong>quod</strong></span> <span class='ocrx_word' id='word_1_547' title='bbox 2621 3709 2884 3780; x_wconf 85' lang='lat' dir='ltr'><strong>disposuit</strong></span> <span class='ocrx_word' id='word_1_548' title='bbox 2936 3717 2990 3764; x_wconf 90' lang='lat' dir='ltr'><strong>et</strong></span> <span class='ocrx_word' id='word_1_549' title='bbox 3023 3710 3293 3766; x_wconf 88' lang='lat' dir='ltr'><strong>ordinavit</strong></span> <span class='ocrx_word' id='word_1_550' title='bbox 3342 3710 3485 3768; x_wconf 86' lang='lat' dir='ltr'><strong>Deus</strong></span> 
     </span>
    </p>
   </div>
   <div class='ocr_carea' id='block_1_38' title="bbox 209 3797 2755 3876">
    <p class='ocr_par' dir='ltr' id='par_1_38' title="bbox 209 3797 2755 3876">
     <span class='ocr_line' id='line_1_38' title="bbox 209 3797 2755 3876; baseline -0.001 -16"><span class='ocrx_word' id='word_1_551' title='bbox 209 3802 418 3860; x_wconf 85' lang='lat' dir='ltr'><strong>scilicet</strong></span> <span class='ocrx_word' id='word_1_552' title='bbox 463 3800 704 3858; x_wconf 86' lang='lat' dir='ltr'><strong>Christi?</strong></span> <span class='ocrx_word' id='word_1_553' title='bbox 742 3800 940 3857; x_wconf 87' lang='lat' dir='ltr'><strong>Calvus</strong></span> <span class='ocrx_word' id='word_1_554' title='bbox 982 3815 1219 3870; x_wconf 87' lang='lat' dir='ltr'><strong>namque</strong></span> <span class='ocrx_word' id='word_1_555' title='bbox 1263 3798 1489 3854; x_wconf 71' lang='lat' dir='ltr'><strong>Elismus</strong></span> <span class='ocrx_word' id='word_1_556' title='bbox 1517 3797 1712 3852; x_wconf 90' lang='lat' dir='ltr'><strong>irrisus</strong></span> <span class='ocrx_word' id='word_1_557' title='bbox 1757 3813 1788 3852; x_wconf 89' lang='lat' dir='ltr'><strong>a</strong></span> <span class='ocrx_word' id='word_1_558' title='bbox 1893 3813 1954 3860; x_wconf 81' lang='lat' dir='ltr'><strong>ut</strong></span> <span class='ocrx_word' id='word_1_559' title='bbox 1975 3805 2042 3860; x_wconf 82' lang='lat' dir='ltr'><strong>ad</strong></span> <span class='ocrx_word' id='word_1_560' title='bbox 2064 3804 2116 3859; x_wconf 89' lang='lat' dir='ltr'><strong>id</strong></span> <span class='ocrx_word' id='word_1_561' title='bbox 2137 3820 2236 3876; x_wconf 87' lang='lat' dir='ltr'><strong>per</strong></span> <span class='ocrx_word' id='word_1_562' title='bbox 2259 3805 2457 3874; x_wconf 87' lang='lat' dir='ltr'><strong>gradus</strong></span> <span class='ocrx_word' id='word_1_563' title='bbox 2483 3803 2755 3858; x_wconf 88' lang='lat' dir='ltr'><strong>veniatur.</strong></span> 
     </span>
    </p>
   </div>
   <div class='ocr_carea' id='block_1_39' title="bbox 209 3891 3485 3970">
    <p class='ocr_par' dir='ltr' id='par_1_39' title="bbox 209 3891 3485 3970">
     <span class='ocr_line' id='line_1_39' title="bbox 209 3891 3485 3970; baseline 0.001 -20"><span class='ocrx_word' id='word_1_564' title='bbox 209 3895 392 3966; x_wconf 88' lang='lat' dir='ltr'><strong>pueris</strong></span> <span class='ocrx_word' id='word_1_565' title='bbox 418 3894 587 3966; x_wconf 84' lang='lat' dir='ltr'><strong>ﬁgura</strong></span> <span class='ocrx_word' id='word_1_566' title='bbox 617 3893 716 3947; x_wconf 85' lang='lat' dir='ltr'><strong>fuit</strong></span> <span class='ocrx_word' id='word_1_567' title='bbox 738 3893 962 3958; x_wconf 92' lang='lat' dir='ltr'><strong>Christi,</strong></span> <span class='ocrx_word' id='word_1_568' title='bbox 993 3893 1085 3964; x_wconf 91' lang='lat' dir='ltr'><strong>qui</strong></span> <span class='ocrx_word' id='word_1_569' title='bbox 1112 3892 1169 3947; x_wconf 91' lang='lat' dir='ltr'><strong>in</strong></span> <span class='ocrx_word' id='word_1_570' title='bbox 1212 3891 1445 3948; x_wconf 87' lang='lat' dir='ltr'><strong>calvaria</strong></span> <span class='ocrx_word' id='word_1_571' title='bbox 1479 3891 1791 3947; x_wconf 78' lang='lat' dir='ltr'><strong>crucifixus.</strong></span> <span class='ocrx_word' id='word_1_572' title='bbox 1967 3899 2130 3955; x_wconf 65' lang='lat' dir='ltr'><strong>Vnus.</strong></span> <span class='ocrx_word' id='word_1_573' title='bbox 2172 3897 2224 3953; x_wconf 86' lang='lat'><strong>9.</strong></span> <span class='ocrx_word' id='word_1_574' title='bbox 2247 3929 2316 3938; x_wconf 86' lang='lat'><strong>——</strong></span> <span class='ocrx_word' id='word_1_575' title='bbox 2336 3897 2556 3952; x_wconf 89' lang='lat' dir='ltr'><strong>Domine</strong></span> <span class='ocrx_word' id='word_1_576' title='bbox 2578 3897 2720 3952; x_wconf 88' lang='lat' dir='ltr'><strong>Deus</strong></span> <span class='ocrx_word' id='word_1_577' title='bbox 2749 3898 3016 3952; x_wconf 86' lang='lat' dir='ltr'><strong>virtutum.</strong></span> <span class='ocrx_word' id='word_1_578' title='bbox 3049 3896 3250 3970; x_wconf 81' lang='lat' dir='ltr'><strong>(Cass)</strong></span> <span class='ocrx_word' id='word_1_579' title='bbox 3276 3896 3409 3953; x_wconf 90' lang='lat' dir='ltr'><strong>Orat</strong></span> <span class='ocrx_word' id='word_1_580' title='bbox 3429 3906 3485 3954; x_wconf 93' lang='lat' dir='ltr'><strong>et</strong></span> 
     </span>
    </p>
   </div>
   <div class='ocr_carea' id='block_1_40' title="bbox 208 3983 1791 4062">
    <p class='ocr_par' dir='ltr' id='par_1_40' title="bbox 208 3983 1791 4056">
     <span class='ocr_line' id='line_1_40' title="bbox 208 3983 1791 4056; baseline -0.003 -14"><span class='ocrx_word' id='word_1_581' title='bbox 208 3986 337 4042; x_wconf 89' lang='lat' dir='ltr'><strong>ldco</strong></span> <span class='ocrx_word' id='word_1_582' title='bbox 371 3986 459 4041; x_wconf 89' lang='lat' dir='ltr'><strong>hic</strong></span> <span class='ocrx_word' id='word_1_583' title='bbox 487 3985 753 4056; x_wconf 91' lang='lat' dir='ltr'><strong>premitur</strong></span> <span class='ocrx_word' id='word_1_584' title='bbox 776 3984 1138 4052; x_wconf 88' lang='lat' dir='ltr'><strong>Christianus,</strong></span> <span class='ocrx_word' id='word_1_585' title='bbox 1189 3991 1249 4038; x_wconf 92' lang='lat' dir='ltr'><strong>ut</strong></span> <span class='ocrx_word' id='word_1_586' title='bbox 1283 3992 1492 4054; x_wconf 66' lang='lat' dir='ltr'><strong>quaerat</strong></span> <span class='ocrx_word' id='word_1_587' title='bbox 1531 3983 1791 4054; x_wconf 89' lang='lat' dir='ltr'><strong>quietem,</strong></span> 
     </span>
    </p>
   </div>
   <div class='ocr_carea' id='block_1_41' title="bbox 1900 3983 3483 4062">
    <p class='ocr_par' dir='ltr' id='par_1_41' title="bbox 1900 3990 3483 4062">
     <span class='ocr_line' id='line_1_41' title="bbox 1900 3990 3483 4062; baseline -0.003 -13"><span class='ocrx_word' id='word_1_588' title='bbox 1900 3991 2146 4050; x_wconf 91' lang='lat' dir='ltr'><strong>humiliat</strong></span> <span class='ocrx_word' id='word_1_589' title='bbox 2192 4006 2252 4046; x_wconf 88' lang='lat' dir='ltr'><strong>se</strong></span> <span class='ocrx_word' id='word_1_590' title='bbox 2295 4005 2394 4062; x_wconf 89' lang='lat' dir='ltr'><strong>pro</strong></span> <span class='ocrx_word' id='word_1_591' title='bbox 2441 3991 2825 4061; x_wconf 88' lang='lat' dir='ltr'><strong>impetratioue</strong></span> <span class='ocrx_word' id='word_1_592' title='bbox 2881 3990 3040 4060; x_wconf 84' lang='lat' dir='ltr'><strong>hujus</strong></span> <span class='ocrx_word' id='word_1_593' title='bbox 3083 3991 3290 4046; x_wconf 82' lang='lat' dir='ltr'><strong>auxilii.</strong></span> <span class='ocrx_word' id='word_1_594' title='bbox 3337 3990 3483 4045; x_wconf 86' lang='lat' dir='ltr'><strong>Deus</strong></span> 
     </span>
    </p>
   </div>
   <div class='ocr_carea' id='block_1_42' title="bbox 209 4075 1792 4156">
    <p class='ocr_par' dir='ltr' id='par_1_42' title="bbox 209 4075 1792 4150">
     <span class='ocr_line' id='line_1_42' title="bbox 209 4075 1792 4150; baseline -0.001 -18"><span class='ocrx_word' id='word_1_595' title='bbox 209 4090 333 4150; x_wconf 69' lang='lat' dir='ltr'><strong>quae</strong></span> <span class='ocrx_word' id='word_1_596' title='bbox 358 4085 566 4133; x_wconf 90' lang='lat' dir='ltr'><strong>nonest</strong></span> <span class='ocrx_word' id='word_1_597' title='bbox 603 4077 714 4145; x_wconf 89' lang='lat' dir='ltr'><strong>hic,</strong></span> <span class='ocrx_word' id='word_1_598' title='bbox 739 4086 794 4132; x_wconf 86' lang='lat' dir='ltr'><strong>et</strong></span> <span class='ocrx_word' id='word_1_599' title='bbox 817 4077 876 4132; x_wconf 87' lang='lat' dir='ltr'><strong>ﬁt</strong></span> <span class='ocrx_word' id='word_1_600' title='bbox 905 4077 958 4132; x_wconf 91' lang='lat' dir='ltr'><strong>ei</strong></span> <span class='ocrx_word' id='word_1_601' title='bbox 998 4077 1141 4132; x_wconf 90' lang='lat' dir='ltr'><strong>Deus</strong></span> <span class='ocrx_word' id='word_1_602' title='bbox 1183 4075 1470 4148; x_wconf 79' lang='lat' dir='ltr'><strong>refugium.</strong></span> <span class='ocrx_word' id='word_1_603' title='bbox 1513 4076 1615 4143; x_wconf 88' lang='lat' dir='ltr'><strong>Qui</strong></span> <span class='ocrx_word' id='word_1_604' title='bbox 1649 4076 1792 4131; x_wconf 90' lang='lat' dir='ltr'><strong>enim</strong></span> 
     </span>
    </p>
   </div>
   <div class='ocr_carea' id='block_1_43' title="bbox 1902 4075 3485 4156">
    <p class='ocr_par' dir='ltr' id='par_1_43' title="bbox 1902 4080 3485 4156">
     <span class='ocr_line' id='line_1_43' title="bbox 1902 4080 3485 4156; baseline -0.001 -15"><span class='ocrx_word' id='word_1_605' title='bbox 1902 4085 2081 4141; x_wconf 80' lang='lat' dir='ltr'><strong>Iacob.</strong></span> <span class='ocrx_word' id='word_1_606' title='bbox 2114 4083 2295 4156; x_wconf 74' lang='lat' dir='ltr'><strong>(Acs)</strong></span> <span class='ocrx_word' id='word_1_607' title='bbox 2327 4081 2498 4150; x_wconf 85' lang='lat' dir='ltr'><strong>Quem</strong></span> <span class='ocrx_word' id='word_1_608' title='bbox 2541 4080 2718 4138; x_wconf 83' lang='lat' dir='ltr'><strong>fecisti</strong></span> <span class='ocrx_word' id='word_1_609' title='bbox 2767 4082 2933 4139; x_wconf 87' lang='lat' dir='ltr'><strong>Israel</strong></span> <span class='ocrx_word' id='word_1_610' title='bbox 2965 4098 3232 4155; x_wconf 88' lang='lat' dir='ltr'><strong>apparens</strong></span> <span class='ocrx_word' id='word_1_611' title='bbox 3267 4083 3330 4154; x_wconf 92' lang='lat' dir='ltr'><strong>_ei</strong></span> <span class='ocrx_word' id='word_1_612' title='bbox 3407 4084 3485 4140; x_wconf 90' lang='lat' dir='ltr'><strong>sic</strong></span> 
     </span>
    </p>
   </div>
   <div class='ocr_carea' id='block_1_44' title="bbox 211 4168 2375 4238">
    <p class='ocr_par' dir='ltr' id='par_1_44' title="bbox 211 4168 2375 4238">
     <span class='ocr_line' id='line_1_44' title="bbox 211 4168 2375 4238; baseline -0.002 -10"><span class='ocrx_word' id='word_1_613' title='bbox 211 4171 478 4228; x_wconf 91' lang='lat' dir='ltr'><strong>incumbit</strong></span> <span class='ocrx_word' id='word_1_614' title='bbox 513 4172 768 4238; x_wconf 90' lang='lat' dir='ltr'><strong>terrenis,</strong></span> <span class='ocrx_word' id='word_1_615' title='bbox 793 4171 1054 4227; x_wconf 88' lang='lat' dir='ltr'><strong>incumbit</strong></span> <span class='ocrx_word' id='word_1_616' title='bbox 1095 4171 1150 4226; x_wconf 91' lang='lat' dir='ltr'><strong>in</strong></span> <span class='ocrx_word' id='word_1_617' title='bbox 1192 4169 1444 4225; x_wconf 90' lang='lat' dir='ltr'><strong>baculum</strong></span> <span class='ocrx_word' id='word_1_618' title='bbox 1487 4168 1793 4225; x_wconf 87' lang='lat' dir='ltr'><strong>arundinis.</strong></span> <span class='ocrx_word' id='word_1_619' title='bbox 1897 4176 1984 4234; x_wconf 75' lang='lat' dir='ltr'><strong>fac</strong></span> <span class='ocrx_word' id='word_1_620' title='bbox 2003 4185 2060 4234; x_wconf 74' lang='lat' dir='ltr'><strong>et,</strong></span> <span class='ocrx_word' id='word_1_621' title='bbox 2084 4191 2171 4232; x_wconf 86' lang='lat' dir='ltr'><strong>me</strong></span> <span class='ocrx_word' id='word_1_622' title='bbox 2192 4175 2375 4231; x_wconf 74' lang='lat' dir='ltr'><strong>Israel.</strong></span> 
     </span>
    </p>
   </div>
   <div class='ocr_carea' id='block_1_45' title="bbox 211 4261 3486 4338">
    <p class='ocr_par' dir='ltr' id='par_1_45' title="bbox 211 4261 3486 4338">
     <span class='ocr_line' id='line_1_45' title="bbox 211 4261 3486 4338; baseline 0.001 -21"><span class='ocrx_word' id='word_1_623' title='bbox 211 4261 722 4320; x_wconf 85' lang='lat' dir='ltr'><strong>Pro.torcularibus.</strong></span> <span class='ocrx_word' id='word_1_624' title='bbox 754 4261 937 4335; x_wconf 73' lang='lat' dir='ltr'><strong>(Acs)</strong></span> <span class='ocrx_word' id='word_1_625' title='bbox 967 4262 1029 4316; x_wconf 85' lang='grc' dir='ltr'><strong>ιιι</strong></span> <span class='ocrx_word' id='word_1_626' title='bbox 1058 4262 1314 4318; x_wconf 89' lang='lat' dir='ltr'><strong>torculari</strong></span> <span class='ocrx_word' id='word_1_627' title='bbox 1343 4262 1550 4317; x_wconf 85' lang='lat' dir='ltr'><strong>fructus</strong></span> <span class='ocrx_word' id='word_1_628' title='bbox 1573 4275 1691 4316; x_wconf 74' lang='lat' dir='ltr'><strong>uvae</strong></span> <span class='ocrx_word' id='word_1_629' title='bbox 1712 4261 1796 4317; x_wconf 88' lang='lat' dir='ltr'><strong>vel</strong></span> <span class='ocrx_word' id='word_1_630' title='bbox 1969 4268 2132 4323; x_wconf 57' lang='lat' dir='ltr'><strong>Vsus.</strong></span> <span class='ocrx_word' id='word_1_631' title='bbox 2155 4267 2242 4322; x_wconf 75' lang='grc'><strong>10.</strong></span> <span class='ocrx_word' id='word_1_632' title='bbox 2271 4299 2346 4308; x_wconf 93' lang='grc'><strong>-</strong></span> <span class='ocrx_word' id='word_1_633' title='bbox 2365 4265 2577 4338; x_wconf 82' lang='lat' dir='ltr'><strong>Respice</strong></span> <span class='ocrx_word' id='word_1_634' title='bbox 2602 4267 2658 4322; x_wconf 89' lang='lat' dir='ltr'><strong>in</strong></span> <span class='ocrx_word' id='word_1_635' title='bbox 2683 4268 2871 4337; x_wconf 77' lang='lat' dir='ltr'><strong>faciem</strong></span> <span class='ocrx_word' id='word_1_636' title='bbox 2890 4308 2904 4334; x_wconf 93' lang='lat'><strong>,</strong></span> <span class='ocrx_word' id='word_1_637' title='bbox 2935 4276 3040 4323; x_wconf 89' lang='lat' dir='ltr'><strong>etc.</strong></span> <span class='ocrx_word' id='word_1_638' title='bbox 3071 4265 3188 4337; x_wconf 86' lang='lat' dir='ltr'><strong>ipse</strong></span> <span class='ocrx_word' id='word_1_639' title='bbox 3233 4266 3376 4320; x_wconf 91' lang='lat' dir='ltr'><strong>enim</strong></span> <span class='ocrx_word' id='word_1_640' title='bbox 3407 4265 3486 4320; x_wconf 84' lang='lat' dir='ltr'><strong>lo-</strong></span> 
     </span>
    </p>
   </div>
   <div class='ocr_carea' id='block_1_46' title="bbox 205 4353 3484 4430">
    <p class='ocr_par' dir='ltr' id='par_1_46' title="bbox 205 4353 3484 4430">
     <span class='ocr_line' id='line_1_46' title="bbox 205 4353 3484 4430; baseline -0.002 -19"><span class='ocrx_word' id='word_1_641' title='bbox 205 4355 368 4411; x_wconf 64' lang='lat' dir='ltr'><strong>olivas</strong></span> <span class='ocrx_word' id='word_1_642' title='bbox 386 4363 630 4410; x_wconf 81' lang='lat' dir='ltr'><strong>emanat:</strong></span> <span class='ocrx_word' id='word_1_643' title='bbox 659 4354 738 4410; x_wconf 92' lang='lat' dir='ltr'><strong>sic</strong></span> <span class='ocrx_word' id='word_1_644' title='bbox 759 4353 815 4408; x_wconf 90' lang='lat' dir='ltr'><strong>in</strong></span> <span class='ocrx_word' id='word_1_645' title='bbox 845 4353 1116 4424; x_wconf 91' lang='lat' dir='ltr'><strong>pressuris</strong></span> <span class='ocrx_word' id='word_1_646' title='bbox 1144 4353 1339 4408; x_wconf 89' lang='lat' dir='ltr'><strong>merita</strong></span> <span class='ocrx_word' id='word_1_647' title='bbox 1365 4361 1679 4408; x_wconf 87' lang='lat' dir='ltr'><strong>sanctorum</strong></span> <span class='ocrx_word' id='word_1_648' title='bbox 1709 4367 1798 4422; x_wconf 78' lang='lat' dir='ltr'><strong>pa—</strong></span> <span class='ocrx_word' id='word_1_649' title='bbox 1898 4359 2082 4430; x_wconf 79' lang='lat' dir='ltr'><strong>quitur</strong></span> <span class='ocrx_word' id='word_1_650' title='bbox 2121 4359 2173 4412; x_wconf 89' lang='lat' dir='ltr'><strong>in</strong></span> <span class='ocrx_word' id='word_1_651' title='bbox 2201 4358 2378 4422; x_wconf 85' lang='lat' dir='ltr'><strong>nobis,</strong></span> <span class='ocrx_word' id='word_1_652' title='bbox 2403 4358 2544 4411; x_wconf 87' lang='lat' dir='ltr'><strong>unde</strong></span> <span class='ocrx_word' id='word_1_653' title='bbox 2567 4356 2859 4427; x_wconf 86' lang='lat' dir='ltr'><strong>Apostolus</strong></span> <span class='ocrx_word' id='word_1_654' title='bbox 2895 4374 2909 4411; x_wconf 89' lang='lat'><strong>:</strong></span> <span class='ocrx_word' id='word_1_655' title='bbox 2953 4359 3032 4410; x_wconf 80' lang='lat' dir='ltr'><strong>An</strong></span> <span class='ocrx_word' id='word_1_656' title='bbox 3075 4357 3484 4426; x_wconf 76' lang='lat' dir='ltr'><strong>experimentum</strong></span> 
     </span>
    </p>
   </div>
   <div class='ocr_carea' id='block_1_47' title="bbox 205 4445 3486 4522">
    <p class='ocr_par' dir='ltr' id='par_1_47' title="bbox 205 4445 3486 4522">
     <span class='ocr_line' id='line_1_47' title="bbox 205 4445 3486 4522; baseline -0 -20"><span class='ocrx_word' id='word_1_657' title='bbox 205 4455 486 4517; x_wconf 71' lang='lat' dir='ltr'><strong>tent,quaa</strong></span> <span class='ocrx_word' id='word_1_658' title='bbox 505 4448 562 4503; x_wconf 92' lang='lat' dir='ltr'><strong>in</strong></span> <span class='ocrx_word' id='word_1_659' title='bbox 589 4462 721 4518; x_wconf 92' lang='lat' dir='ltr'><strong>pace</strong></span> <span class='ocrx_word' id='word_1_660' title='bbox 745 4447 1007 4503; x_wconf 89' lang='lat' dir='ltr'><strong>latebant.</strong></span> <span class='ocrx_word' id='word_1_661' title='bbox 1033 4445 1234 4520; x_wconf 85' lang='lat' dir='ltr'><strong>(Cass)</strong></span> <span class='ocrx_word' id='word_1_662' title='bbox 1253 4445 1502 4502; x_wconf 88' lang='lat' dir='ltr'><strong>Psalmus</strong></span> <span class='ocrx_word' id='word_1_663' title='bbox 1527 4445 1799 4502; x_wconf 84' lang='lat' dir='ltr'><strong>secundus</strong></span> <span class='ocrx_word' id='word_1_664' title='bbox 1899 4451 2013 4522; x_wconf 85' lang='lat' dir='ltr'><strong>ejus</strong></span> <span class='ocrx_word' id='word_1_665' title='bbox 2036 4448 2291 4520; x_wconf 68' lang='lat' dir='ltr'><strong>quaeritis,</strong></span> <span class='ocrx_word' id='word_1_666' title='bbox 2319 4448 2409 4518; x_wconf 88' lang='lat' dir='ltr'><strong>qui</strong></span> <span class='ocrx_word' id='word_1_667' title='bbox 2429 4447 2484 4500; x_wconf 88' lang='lat' dir='ltr'><strong>in</strong></span> <span class='ocrx_word' id='word_1_668' title='bbox 2500 4463 2581 4500; x_wconf 89' lang='lat' dir='ltr'><strong>me</strong></span> <span class='ocrx_word' id='word_1_669' title='bbox 2605 4445 2840 4512; x_wconf 81' lang='lat' dir='ltr'><strong>loquitur</strong></span> <span class='ocrx_word' id='word_1_670' title='bbox 2856 4445 3127 4500; x_wconf 82' lang='lat' dir='ltr'><strong>Christus!</strong></span> <span class='ocrx_word' id='word_1_671' title='bbox 3156 4447 3219 4500; x_wconf 90' lang='lat' dir='ltr'><strong>Et</strong></span> <span class='ocrx_word' id='word_1_672' title='bbox 3251 4446 3302 4500; x_wconf 91' lang='lat' dir='ltr'><strong>in</strong></span> <span class='ocrx_word' id='word_1_673' title='bbox 3329 4448 3486 4503; x_wconf 92' lang='lat' dir='ltr'><strong>nobis</strong></span> 
     </span>
    </p>
   </div>
   <div class='ocr_carea' id='block_1_48' title="bbox 207 4538 3490 4611">
    <p class='ocr_par' dir='ltr' id='par_1_48' title="bbox 207 4538 3490 4611">
     <span class='ocr_line' id='line_1_48' title="bbox 207 4538 3490 4611; baseline 0 -15"><span class='ocrx_word' id='word_1_674' title='bbox 207 4542 282 4597; x_wconf 85' lang='lat' dir='ltr'><strong>de</strong></span> <span class='ocrx_word' id='word_1_675' title='bbox 307 4541 592 4596; x_wconf 88' lang='lat' dir='ltr'><strong>charitate.</strong></span> <span class='ocrx_word' id='word_1_676' title='bbox 613 4539 798 4596; x_wconf 89' lang='lat' dir='ltr'><strong>Primo</strong></span> <span class='ocrx_word' id='word_1_677' title='bbox 817 4541 884 4596; x_wconf 89' lang='lat' dir='ltr'><strong>de</strong></span> <span class='ocrx_word' id='word_1_678' title='bbox 905 4539 1269 4595; x_wconf 65' lang='lat' dir='ltr'><strong>inaestimabili</strong></span> <span class='ocrx_word' id='word_1_679' title='bbox 1290 4539 1557 4596; x_wconf 90' lang='lat' dir='ltr'><strong>desiderio</strong></span> <span class='ocrx_word' id='word_1_680' title='bbox 1582 4547 1799 4594; x_wconf 64' lang='lat' dir='ltr'><strong>aeterna:</strong></span> <span class='ocrx_word' id='word_1_681' title='bbox 1904 4541 2180 4611; x_wconf 90' lang='lat' dir='ltr'><strong>recipitur,</strong></span> <span class='ocrx_word' id='word_1_682' title='bbox 2211 4539 2354 4596; x_wconf 90' lang='lat' dir='ltr'><strong>sicut</strong></span> <span class='ocrx_word' id='word_1_683' title='bbox 2383 4539 2480 4606; x_wconf 89' lang='lat' dir='ltr'><strong>ait,</strong></span> <span class='ocrx_word' id='word_1_684' title='bbox 2517 4538 2621 4604; x_wconf 83' lang='lat' dir='ltr'><strong>Qui</strong></span> <span class='ocrx_word' id='word_1_685' title='bbox 2651 4556 2737 4593; x_wconf 86' lang='lat' dir='ltr'><strong>vos</strong></span> <span class='ocrx_word' id='word_1_686' title='bbox 2770 4540 2968 4611; x_wconf 84' lang='lat' dir='ltr'><strong>recipit,</strong></span> <span class='ocrx_word' id='word_1_687' title='bbox 3012 4555 3093 4593; x_wconf 89' lang='lat' dir='ltr'><strong>me</strong></span> <span class='ocrx_word' id='word_1_688' title='bbox 3123 4540 3320 4610; x_wconf 84' lang='lat' dir='ltr'><strong>recipit.</strong></span> <span class='ocrx_word' id='word_1_689' title='bbox 3361 4539 3490 4596; x_wconf 84' lang='lat' dir='ltr'><strong>Res-</strong></span> 
     </span>
    </p>
   </div>
   <div class='ocr_carea' id='block_1_49' title="bbox 208 4629 3486 4706">
    <p class='ocr_par' dir='ltr' id='par_1_49' title="bbox 208 4629 3486 4706">
     <span class='ocr_line' id='line_1_49' title="bbox 208 4629 3486 4706; baseline -0.001 -14"><span class='ocrx_word' id='word_1_690' title='bbox 208 4637 430 4692; x_wconf 88' lang='lat' dir='ltr'><strong>domus.</strong></span> <span class='ocrx_word' id='word_1_691' title='bbox 1829 4682 1880 4706; x_wconf 58' lang='lat' dir='ltr'><strong>n</strong></span> <span class='ocrx_word' id='word_1_692' title='bbox 1901 4636 2032 4706; x_wconf 85' lang='lat' dir='ltr'><strong>pice.</strong></span> <span class='ocrx_word' id='word_1_693' title='bbox 2057 4633 2332 4688; x_wconf 87' lang='lat' dir='ltr'><strong>Christum</strong></span> <span class='ocrx_word' id='word_1_694' title='bbox 2352 4632 2515 4686; x_wconf 89' lang='lat' dir='ltr'><strong>Pater</strong></span> <span class='ocrx_word' id='word_1_695' title='bbox 2534 4646 2748 4702; x_wconf 90' lang='lat' dir='ltr'><strong>semper</strong></span> <span class='ocrx_word' id='word_1_696' title='bbox 2768 4631 3005 4700; x_wconf 90' lang='lat' dir='ltr'><strong>respicit.</strong></span> <span class='ocrx_word' id='word_1_697' title='bbox 3034 4629 3233 4704; x_wconf 87' lang='lat' dir='ltr'><strong>(Cass)</strong></span> <span class='ocrx_word' id='word_1_698' title='bbox 3265 4630 3372 4688; x_wconf 89' lang='lat' dir='ltr'><strong>Sed</strong></span> <span class='ocrx_word' id='word_1_699' title='bbox 3398 4634 3486 4689; x_wconf 84' lang='lat' dir='ltr'><strong>fac</strong></span> 
     </span>
    </p>
   </div>
   <div class='ocr_carea' id='block_1_50' title="bbox 295 4682 3482 4797">
    <p class='ocr_par' dir='ltr' id='par_1_50' title="bbox 295 4682 3482 4797">
     <span class='ocr_line' id='line_1_50' title="bbox 295 4682 3482 4797; baseline -0.001 -17"><span class='ocrx_word' id='word_1_700' title='bbox 295 4725 454 4782; x_wconf 73' lang='lat' dir='ltr'><strong>Vens.</strong></span> <span class='ocrx_word' id='word_1_701' title='bbox 481 4727 537 4782; x_wconf 77' lang='lat'><strong>2.</strong></span> <span class='ocrx_word' id='word_1_702' title='bbox 563 4757 636 4767; x_wconf 88' lang='lat'><strong>—-</strong></span> <span class='ocrx_word' id='word_1_703' title='bbox 660 4725 834 4794; x_wconf 84' lang='lat' dir='ltr'><strong>Quam</strong></span> <span class='ocrx_word' id='word_1_704' title='bbox 875 4725 1086 4781; x_wconf 86' lang='lat' dir='ltr'><strong>dilecta.</strong></span> <span class='ocrx_word' id='word_1_705' title='bbox 1137 4725 1277 4782; x_wconf 88' lang='lat' dir='ltr'><strong>Ecce</strong></span> <span class='ocrx_word' id='word_1_706' title='bbox 1330 4733 1531 4796; x_wconf 90' lang='lat' dir='ltr'><strong>quanta</strong></span> <span class='ocrx_word' id='word_1_707' title='bbox 1582 4723 1795 4779; x_wconf 89' lang='lat' dir='ltr'><strong>militia.</strong></span> <span class='ocrx_word' id='word_1_708' title='bbox 1828 4682 1881 4742; x_wconf 69' lang='grc' dir='ltr'><strong>Β</strong></span> <span class='ocrx_word' id='word_1_709' title='bbox 1902 4682 2191 4797; x_wconf 78' lang='lat' dir='ltr'><strong>lpraesentia</strong></span> <span class='ocrx_word' id='word_1_710' title='bbox 2247 4723 2636 4780; x_wconf 87' lang='lat' dir='ltr'><strong>incarnationis</strong></span> <span class='ocrx_word' id='word_1_711' title='bbox 2657 4737 2780 4778; x_wconf 92' lang='lat' dir='ltr'><strong>eum</strong></span> <span class='ocrx_word' id='word_1_712' title='bbox 2811 4682 3062 4794; x_wconf 73' lang='lat' dir='ltr'><strong>gentibus</strong></span> <span class='ocrx_word' id='word_1_713' title='bbox 3091 4725 3288 4794; x_wconf 86' lang='lat' dir='ltr'><strong>respici</strong></span> <span class='ocrx_word' id='word_1_714' title='bbox 3327 4743 3340 4778; x_wconf 89' lang='lat'><strong>:</strong></span> <span class='ocrx_word' id='word_1_715' title='bbox 3381 4724 3482 4788; x_wconf 86' lang='lat' dir='ltr'><strong>vel,</strong></span> 
     </span>
    </p>
   </div>
   <div class='ocr_carea' id='block_1_51' title="bbox 211 4815 3487 4889">
    <p class='ocr_par' dir='ltr' id='par_1_51' title="bbox 211 4815 3487 4889">
     <span class='ocr_line' id='line_1_51' title="bbox 211 4815 3487 4889; baseline -0.001 -15"><span class='ocrx_word' id='word_1_716' title='bbox 211 4817 431 4874; x_wconf 86' lang='lat' dir='ltr'><strong>Etenim</strong></span> <span class='ocrx_word' id='word_1_717' title='bbox 455 4834 654 4888; x_wconf 89' lang='lat' dir='ltr'><strong>passer,</strong></span> <span class='ocrx_word' id='word_1_718' title='bbox 681 4832 846 4888; x_wconf 88' lang='lat' dir='ltr'><strong>quam</strong></span> <span class='ocrx_word' id='word_1_719' title='bbox 877 4830 1095 4872; x_wconf 89' lang='lat' dir='ltr'><strong>secura.</strong></span> <span class='ocrx_word' id='word_1_720' title='bbox 1904 4818 1980 4872; x_wconf 90' lang='lat' dir='ltr'><strong>ita</strong></span> <span class='ocrx_word' id='word_1_721' title='bbox 2028 4833 2125 4888; x_wconf 89' lang='lat' dir='ltr'><strong>per</strong></span> <span class='ocrx_word' id='word_1_722' title='bbox 2171 4816 2364 4872; x_wconf 87' lang='lat' dir='ltr'><strong>faciem</strong></span> <span class='ocrx_word' id='word_1_723' title='bbox 2407 4815 2820 4880; x_wconf 89' lang='lat' dir='ltr'><strong>innotescimus,</strong></span> <span class='ocrx_word' id='word_1_724' title='bbox 2863 4815 3001 4872; x_wconf 89' lang='lat' dir='ltr'><strong>aliis.</strong></span> <span class='ocrx_word' id='word_1_725' title='bbox 3047 4816 3230 4889; x_wconf 73' lang='lat' dir='ltr'><strong>(Acs)</strong></span> <span class='ocrx_word' id='word_1_726' title='bbox 3272 4816 3487 4888; x_wconf 83' lang='lat' dir='ltr'><strong>Respice</strong></span> 
     </span>
    </p>
   </div>
   <div class='ocr_carea' id='block_1_52' title="bbox 291 4906 3488 4988">
    <p class='ocr_par' dir='ltr' id='par_1_52' title="bbox 291 4906 3488 4988">
     <span class='ocr_line' id='line_1_52' title="bbox 291 4906 3488 4988; baseline -0.003 -16"><span class='ocrx_word' id='word_1_727' title='bbox 291 4915 456 4972; x_wconf 69' lang='lat' dir='ltr'><strong>Vens.</strong></span> <span class='ocrx_word' id='word_1_728' title='bbox 485 4917 540 4972; x_wconf 67' lang='grc'><strong>4.</strong></span> <span class='ocrx_word' id='word_1_729' title='bbox 568 4946 639 4957; x_wconf 89' lang='grc'><strong><em>-</em></strong></span> <span class='ocrx_word' id='word_1_730' title='bbox 664 4915 871 4970; x_wconf 84' lang='lat' dir='ltr'><strong>Etenim</strong></span> <span class='ocrx_word' id='word_1_731' title='bbox 922 4915 1148 4988; x_wconf 81' lang='lat' dir='ltr'><strong>passer,&quot;</strong></span> <span class='ocrx_word' id='word_1_732' title='bbox 1176 4924 1280 4971; x_wconf 90' lang='lat' dir='ltr'><strong>etc.</strong></span> <span class='ocrx_word' id='word_1_733' title='bbox 1341 4913 1522 4988; x_wconf 77' lang='lat' dir='ltr'><strong>(Aus)</strong></span> <span class='ocrx_word' id='word_1_734' title='bbox 1580 4914 1798 4970; x_wconf 90' lang='lat' dir='ltr'><strong>Duobus</strong></span> <span class='ocrx_word' id='word_1_735' title='bbox 1903 4924 2031 4981; x_wconf 86' lang='lat' dir='ltr'><strong>ergo</strong></span> <span class='ocrx_word' id='word_1_736' title='bbox 2051 4910 2106 4964; x_wconf 91' lang='lat' dir='ltr'><strong>in</strong></span> <span class='ocrx_word' id='word_1_737' title='bbox 2127 4909 2336 4980; x_wconf 81' lang='lat' dir='ltr'><strong>faciem,</strong></span> <span class='ocrx_word' id='word_1_738' title='bbox 2360 4908 2412 4962; x_wconf 91' lang='lat' dir='ltr'><strong>id</strong></span> <span class='ocrx_word' id='word_1_739' title='bbox 2434 4917 2536 4974; x_wconf 90' lang='lat' dir='ltr'><strong>est,</strong></span> <span class='ocrx_word' id='word_1_740' title='bbox 2570 4907 2912 4964; x_wconf 88' lang='lat' dir='ltr'><strong>innotescere</strong></span> <span class='ocrx_word' id='word_1_741' title='bbox 2934 4906 3287 4964; x_wconf 89' lang='lat' dir='ltr'><strong>facomnibus</strong></span> <span class='ocrx_word' id='word_1_742' title='bbox 3308 4908 3488 4963; x_wconf 81' lang='lat' dir='ltr'><strong>Chris-</strong></span> 
     </span>
    </p>
   </div>
   <div class='ocr_carea' id='block_1_53' title="bbox 213 4999 3202 5080">
    <p class='ocr_par' dir='ltr' id='par_1_53' title="bbox 213 4999 3202 5080">
     <span class='ocr_line' id='line_1_53' title="bbox 213 4999 3202 5080; baseline -0.003 -14"><span class='ocrx_word' id='word_1_743' title='bbox 213 5013 328 5068; x_wconf 90' lang='lat' dir='ltr'><strong>duo</strong></span> <span class='ocrx_word' id='word_1_744' title='bbox 364 5009 579 5065; x_wconf 86' lang='lat' dir='ltr'><strong>reddit:</strong></span> <span class='ocrx_word' id='word_1_745' title='bbox 603 5026 694 5064; x_wconf 88' lang='lat' dir='ltr'><strong>cor</strong></span> <span class='ocrx_word' id='word_1_746' title='bbox 719 5017 777 5064; x_wconf 95' lang='lat' dir='ltr'><strong>ut</strong></span> <span class='ocrx_word' id='word_1_747' title='bbox 801 5025 1009 5080; x_wconf 84' lang='lat' dir='ltr'><strong>passer;</strong></span> <span class='ocrx_word' id='word_1_748' title='bbox 1049 5025 1170 5062; x_wconf 90' lang='lat' dir='ltr'><strong>caro</strong></span> <span class='ocrx_word' id='word_1_749' title='bbox 1200 5016 1260 5063; x_wconf 92' lang='lat' dir='ltr'><strong>ut</strong></span> <span class='ocrx_word' id='word_1_750' title='bbox 1284 5017 1480 5073; x_wconf 89' lang='lat' dir='ltr'><strong>turtur,</strong></span> <span class='ocrx_word' id='word_1_751' title='bbox 1513 5009 1600 5062; x_wconf 92' lang='lat' dir='ltr'><strong>cui</strong></span> <span class='ocrx_word' id='word_1_752' title='bbox 1625 5007 1718 5061; x_wconf 91' lang='lat' dir='ltr'><strong>dat</strong></span> <span class='ocrx_word' id='word_1_753' title='bbox 1745 5016 1800 5064; x_wconf 91' lang='lat' dir='ltr'><strong>et</strong></span> <span class='ocrx_word' id='word_1_754' title='bbox 1904 5010 2036 5068; x_wconf 92' lang='lat' dir='ltr'><strong>tum,</strong></span> <span class='ocrx_word' id='word_1_755' title='bbox 2068 5010 2128 5056; x_wconf 91' lang='lat' dir='ltr'><strong>ut</strong></span> <span class='ocrx_word' id='word_1_756' title='bbox 2151 5001 2420 5073; x_wconf 91' lang='lat' dir='ltr'><strong>possimus</strong></span> <span class='ocrx_word' id='word_1_757' title='bbox 2439 5000 2520 5054; x_wconf 91' lang='lat' dir='ltr'><strong>ire</strong></span> <span class='ocrx_word' id='word_1_758' title='bbox 2548 4999 2615 5055; x_wconf 93' lang='lat' dir='ltr'><strong>de</strong></span> <span class='ocrx_word' id='word_1_759' title='bbox 2641 5001 2844 5056; x_wconf 87' lang='lat' dir='ltr'><strong>virtute</strong></span> <span class='ocrx_word' id='word_1_760' title='bbox 2865 5001 2917 5055; x_wconf 85' lang='lat' dir='ltr'><strong>in</strong></span> <span class='ocrx_word' id='word_1_761' title='bbox 2940 5001 3202 5057; x_wconf 88' lang='lat' dir='ltr'><strong>virtutem</strong></span> 
     </span>
    </p>
   </div>
   <div class='ocr_carea' id='block_1_54' title="bbox 215 5091 3486 5175">
    <p class='ocr_par' dir='ltr' id='par_1_54' title="bbox 215 5091 3486 5175">
     <span class='ocr_line' id='line_1_54' title="bbox 215 5091 3486 5175; baseline -0 -19"><span class='ocrx_word' id='word_1_762' title='bbox 215 5101 392 5175; x_wconf 85' lang='lat' dir='ltr'><strong>pullos</strong></span> <span class='ocrx_word' id='word_1_763' title='bbox 423 5115 443 5154; x_wconf 92' lang='lat'><strong><em>:</em></strong></span> <span class='ocrx_word' id='word_1_764' title='bbox 473 5101 635 5156; x_wconf 90' lang='lat' dir='ltr'><strong>corde</strong></span> <span class='ocrx_word' id='word_1_765' title='bbox 662 5100 961 5172; x_wconf 88' lang='lat' dir='ltr'><strong>cogitamus</strong></span> <span class='ocrx_word' id='word_1_766' title='bbox 1007 5100 1196 5165; x_wconf 88' lang='lat' dir='ltr'><strong>Deum,</strong></span> <span class='ocrx_word' id='word_1_767' title='bbox 1245 5101 1400 5169; x_wconf 90' lang='lat' dir='ltr'><strong>quasi</strong></span> <span class='ocrx_word' id='word_1_768' title='bbox 1441 5099 1584 5154; x_wconf 90' lang='lat' dir='ltr'><strong>volet</strong></span> <span class='ocrx_word' id='word_1_769' title='bbox 1614 5114 1802 5169; x_wconf 89' lang='lat' dir='ltr'><strong>passer</strong></span> <span class='ocrx_word' id='word_1_770' title='bbox 1976 5093 2140 5150; x_wconf 72' lang='lat' dir='ltr'><strong>Vens.</strong></span> <span class='ocrx_word' id='word_1_771' title='bbox 2208 5093 2293 5146; x_wconf 78' lang='lat' dir='ltr'><strong>ll.</strong></span> <span class='ocrx_word' id='word_1_772' title='bbox 2347 5122 2417 5132; x_wconf 92' lang='lat'><strong>—</strong></span> <span class='ocrx_word' id='word_1_773' title='bbox 2469 5091 2589 5147; x_wconf 84' lang='lat' dir='ltr'><strong>Dies</strong></span> <span class='ocrx_word' id='word_1_774' title='bbox 2639 5111 2764 5147; x_wconf 90' lang='lat' dir='ltr'><strong>una.</strong></span> <span class='ocrx_word' id='word_1_775' title='bbox 2821 5094 3217 5161; x_wconf 89' lang='lat' dir='ltr'><strong>lmmutabilis,</strong></span> <span class='ocrx_word' id='word_1_776' title='bbox 3276 5095 3486 5155; x_wconf 89' lang='lat' dir='ltr'><strong>scilicet</strong></span> 
     </span>
    </p>
   </div>
   <div class='ocr_carea' id='block_1_55' title="bbox 217 5185 3485 5264">
    <p class='ocr_par' dir='ltr' id='par_1_55' title="bbox 217 5185 3485 5264">
     <span class='ocr_line' id='line_1_55' title="bbox 217 5185 3485 5264; baseline -0.001 -15"><span class='ocrx_word' id='word_1_777' title='bbox 217 5194 290 5249; x_wconf 84' lang='lat' dir='ltr'><strong>ad</strong></span> <span class='ocrx_word' id='word_1_778' title='bbox 321 5193 567 5259; x_wconf 92' lang='lat' dir='ltr'><strong>domum;</strong></span> <span class='ocrx_word' id='word_1_779' title='bbox 589 5206 754 5247; x_wconf 90' lang='lat' dir='ltr'><strong>carne</strong></span> <span class='ocrx_word' id='word_1_780' title='bbox 783 5191 991 5262; x_wconf 87' lang='lat' dir='ltr'><strong>agimus</strong></span> <span class='ocrx_word' id='word_1_781' title='bbox 1010 5203 1194 5262; x_wconf 86' lang='lat' dir='ltr'><strong>Opera.</strong></span> <span class='ocrx_word' id='word_1_782' title='bbox 1219 5187 1418 5264; x_wconf 84' lang='lat' dir='ltr'><strong>(Cass)</strong></span> <span class='ocrx_word' id='word_1_783' title='bbox 1447 5187 1598 5244; x_wconf 91' lang='lat' dir='ltr'><strong>Sicut</strong></span> <span class='ocrx_word' id='word_1_784' title='bbox 1619 5204 1804 5260; x_wconf 89' lang='lat' dir='ltr'><strong>passer</strong></span> <span class='ocrx_word' id='word_1_785' title='bbox 1905 5188 2023 5243; x_wconf 91' lang='lat' dir='ltr'><strong>sine</strong></span> <span class='ocrx_word' id='word_1_786' title='bbox 2052 5194 2172 5241; x_wconf 89' lang='lat' dir='ltr'><strong>ortu</strong></span> <span class='ocrx_word' id='word_1_787' title='bbox 2209 5193 2266 5240; x_wconf 90' lang='lat' dir='ltr'><strong>et</strong></span> <span class='ocrx_word' id='word_1_788' title='bbox 2303 5197 2522 5250; x_wconf 89' lang='lat' dir='ltr'><strong>occasu,</strong></span> <span class='ocrx_word' id='word_1_789' title='bbox 2564 5185 2651 5239; x_wconf 92' lang='lat' dir='ltr'><strong>cui</strong></span> <span class='ocrx_word' id='word_1_790' title='bbox 2684 5201 2790 5240; x_wconf 91' lang='lat' dir='ltr'><strong>non</strong></span> <span class='ocrx_word' id='word_1_791' title='bbox 2831 5187 2973 5241; x_wconf 91' lang='lat' dir='ltr'><strong>cedit</strong></span> <span class='ocrx_word' id='word_1_792' title='bbox 3011 5185 3130 5241; x_wconf 91' lang='lat' dir='ltr'><strong>dies</strong></span> <span class='ocrx_word' id='word_1_793' title='bbox 3169 5186 3485 5258; x_wconf 84' lang='lat' dir='ltr'><strong>hesternus,</strong></span> 
     </span>
    </p>
   </div>
   <div class='ocr_carea' id='block_1_56' title="bbox 218 5275 3486 5351">
    <p class='ocr_par' dir='ltr' id='par_1_56' title="bbox 218 5275 3486 5351">
     <span class='ocr_line' id='line_1_56' title="bbox 218 5275 3486 5351; baseline -0.002 -9"><span class='ocrx_word' id='word_1_794' title='bbox 218 5284 428 5342; x_wconf 88' lang='lat' dir='ltr'><strong>deserit</strong></span> <span class='ocrx_word' id='word_1_795' title='bbox 477 5284 661 5351; x_wconf 89' lang='lat' dir='ltr'><strong>silvas,</strong></span> <span class='ocrx_word' id='word_1_796' title='bbox 716 5290 769 5338; x_wconf 89' lang='lat' dir='ltr'><strong>et</strong></span> <span class='ocrx_word' id='word_1_797' title='bbox 803 5282 1037 5338; x_wconf 77' lang='lat' dir='ltr'><strong>Tinventa</strong></span> <span class='ocrx_word' id='word_1_798' title='bbox 1091 5281 1250 5337; x_wconf 92' lang='lat' dir='ltr'><strong>domo</strong></span> <span class='ocrx_word' id='word_1_799' title='bbox 1287 5280 1520 5345; x_wconf 70' lang='lat' dir='ltr'><strong>laetatur,</strong></span> <span class='ocrx_word' id='word_1_800' title='bbox 1554 5279 1646 5335; x_wconf 91' lang='lat' dir='ltr'><strong>ubi</strong></span> <span class='ocrx_word' id='word_1_801' title='bbox 1694 5295 1803 5334; x_wconf 92' lang='lat' dir='ltr'><strong>non</strong></span> <span class='ocrx_word' id='word_1_802' title='bbox 1905 5295 2064 5351; x_wconf 91' lang='lat' dir='ltr'><strong>quem</strong></span> <span class='ocrx_word' id='word_1_803' title='bbox 2097 5293 2203 5332; x_wconf 93' lang='lat' dir='ltr'><strong>non</strong></span> <span class='ocrx_word' id='word_1_804' title='bbox 2236 5286 2394 5347; x_wconf 88' lang='lat' dir='ltr'><strong>urget</strong></span> <span class='ocrx_word' id='word_1_805' title='bbox 2431 5277 2723 5332; x_wconf 89' lang='lat' dir='ltr'><strong>crastinus.</strong></span> <span class='ocrx_word' id='word_1_806' title='bbox 2751 5277 2922 5348; x_wconf 85' lang='lat' dir='ltr'><strong>Super</strong></span> <span class='ocrx_word' id='word_1_807' title='bbox 2947 5275 3139 5343; x_wconf 82' lang='lat' dir='ltr'><strong>millia,</strong></span> <span class='ocrx_word' id='word_1_808' title='bbox 3170 5294 3334 5349; x_wconf 86' lang='lat' dir='ltr'><strong>super</strong></span> <span class='ocrx_word' id='word_1_809' title='bbox 3362 5281 3486 5336; x_wconf 81' lang='lat' dir='ltr'><strong>inii-</strong></span> 
     </span>
    </p>
   </div>
   <div class='ocr_carea' id='block_1_57' title="bbox 221 5368 3487 5442">
    <p class='ocr_par' dir='ltr' id='par_1_57' title="bbox 221 5368 3487 5442">
     <span class='ocr_line' id='line_1_57' title="bbox 221 5368 3487 5442; baseline -0.001 -9"><span class='ocrx_word' id='word_1_810' title='bbox 221 5378 382 5433; x_wconf 90' lang='lat' dir='ltr'><strong>timet</strong></span> <span class='ocrx_word' id='word_1_811' title='bbox 408 5375 628 5431; x_wconf 89' lang='lat' dir='ltr'><strong>insidias</strong></span> <span class='ocrx_word' id='word_1_812' title='bbox 655 5389 671 5428; x_wconf 91' lang='lat'><strong>:</strong></span> <span class='ocrx_word' id='word_1_813' title='bbox 707 5374 786 5430; x_wconf 93' lang='lat' dir='ltr'><strong>sic</strong></span> <span class='ocrx_word' id='word_1_814' title='bbox 816 5374 993 5428; x_wconf 90' lang='lat' dir='ltr'><strong>anima</strong></span> <span class='ocrx_word' id='word_1_815' title='bbox 1030 5373 1262 5440; x_wconf 81' lang='lat' dir='ltr'><strong>laetatur,</strong></span> <span class='ocrx_word' id='word_1_816' title='bbox 1302 5373 1428 5428; x_wconf 92' lang='lat' dir='ltr'><strong>dum</strong></span> <span class='ocrx_word' id='word_1_817' title='bbox 1451 5373 1556 5428; x_wconf 88' lang='lat' dir='ltr'><strong>scit</strong></span> <span class='ocrx_word' id='word_1_818' title='bbox 1581 5373 1683 5428; x_wconf 90' lang='lat' dir='ltr'><strong>sibi</strong></span> <span class='ocrx_word' id='word_1_819' title='bbox 1711 5372 1806 5428; x_wconf 89' lang='lat' dir='ltr'><strong>do-</strong></span> <span class='ocrx_word' id='word_1_820' title='bbox 1906 5371 2051 5426; x_wconf 91' lang='lat' dir='ltr'><strong>nitos</strong></span> <span class='ocrx_word' id='word_1_821' title='bbox 2073 5368 2188 5424; x_wconf 91' lang='lat' dir='ltr'><strong>dies</strong></span> <span class='ocrx_word' id='word_1_822' title='bbox 2209 5377 2524 5438; x_wconf 85' lang='lat' dir='ltr'><strong>praesentes,</strong></span> <span class='ocrx_word' id='word_1_823' title='bbox 2547 5369 2638 5439; x_wconf 91' lang='lat' dir='ltr'><strong>qui</strong></span> <span class='ocrx_word' id='word_1_824' title='bbox 2671 5369 2872 5424; x_wconf 90' lang='lat' dir='ltr'><strong>habent</strong></span> <span class='ocrx_word' id='word_1_825' title='bbox 2894 5368 3074 5424; x_wconf 84' lang='lat' dir='ltr'><strong>linem.</strong></span> <span class='ocrx_word' id='word_1_826' title='bbox 3092 5368 3318 5440; x_wconf 91' lang='lat' dir='ltr'><strong>Propter</strong></span> <span class='ocrx_word' id='word_1_827' title='bbox 3345 5375 3487 5442; x_wconf 90' lang='lat' dir='ltr'><strong>quod</strong></span> 
     </span>
    </p>
   </div>
   <div class='ocr_carea' id='block_1_58' title="bbox 221 5461 3489 5539">
    <p class='ocr_par' dir='ltr' id='par_1_58' title="bbox 221 5461 3489 5539">
     <span class='ocr_line' id='line_1_58' title="bbox 221 5461 3489 5539; baseline -0.002 -15"><span class='ocrx_word' id='word_1_828' title='bbox 221 5484 374 5526; x_wconf 90' lang='lat' dir='ltr'><strong>mum</strong></span> <span class='ocrx_word' id='word_1_829' title='bbox 404 5475 648 5539; x_wconf 88' lang='lat' dir='ltr'><strong>paratam</strong></span> <span class='ocrx_word' id='word_1_830' title='bbox 685 5468 738 5522; x_wconf 91' lang='lat' dir='ltr'><strong>in</strong></span> <span class='ocrx_word' id='word_1_831' title='bbox 767 5467 928 5522; x_wconf 67' lang='lat' dir='ltr'><strong>casio.</strong></span> <span class='ocrx_word' id='word_1_832' title='bbox 968 5465 1220 5537; x_wconf 85' lang='lat' dir='ltr'><strong>Spiritus,</strong></span> <span class='ocrx_word' id='word_1_833' title='bbox 1255 5465 1346 5536; x_wconf 91' lang='lat' dir='ltr'><strong>qui</strong></span> <span class='ocrx_word' id='word_1_834' title='bbox 1373 5474 1456 5521; x_wconf 89' lang='lat' dir='ltr'><strong>est</strong></span> <span class='ocrx_word' id='word_1_835' title='bbox 1483 5467 1636 5536; x_wconf 88' lang='lat' dir='ltr'><strong>quasi</strong></span> <span class='ocrx_word' id='word_1_836' title='bbox 1680 5481 1806 5537; x_wconf 87' lang='lat' dir='ltr'><strong>pas-</strong></span> <span class='ocrx_word' id='word_1_837' title='bbox 1915 5462 2065 5533; x_wconf 90' lang='lat' dir='ltr'><strong>elegi,</strong></span> <span class='ocrx_word' id='word_1_838' title='bbox 2097 5461 2200 5516; x_wconf 89' lang='lat' dir='ltr'><strong>etsi</strong></span> <span class='ocrx_word' id='word_1_839' title='bbox 2228 5476 2440 5532; x_wconf 88' lang='lat' dir='ltr'><strong>possem</strong></span> <span class='ocrx_word' id='word_1_840' title='bbox 2487 5476 2736 5532; x_wconf 90' lang='lat' dir='ltr'><strong>regnare,</strong></span> <span class='ocrx_word' id='word_1_841' title='bbox 2767 5461 2997 5530; x_wconf 88' lang='lat' dir='ltr'><strong>abjectus</strong></span> <span class='ocrx_word' id='word_1_842' title='bbox 3031 5461 3282 5531; x_wconf 91' lang='lat' dir='ltr'><strong>opinione</strong></span> <span class='ocrx_word' id='word_1_843' title='bbox 3315 5464 3489 5519; x_wconf 87' lang='lat' dir='ltr'><strong>homi-</strong></span> 
     </span>
    </p>
   </div>
   <div class='ocr_carea' id='block_1_59' title="bbox 223 5550 3488 5628">
    <p class='ocr_par' dir='ltr' id='par_1_59' title="bbox 223 5550 3488 5628">
     <span class='ocr_line' id='line_1_59' title="bbox 223 5550 3488 5628; baseline -0.003 -9"><span class='ocrx_word' id='word_1_844' title='bbox 223 5577 316 5619; x_wconf 90' lang='lat' dir='ltr'><strong>ser</strong></span> <span class='ocrx_word' id='word_1_845' title='bbox 344 5561 532 5616; x_wconf 88' lang='lat' dir='ltr'><strong>volans</strong></span> <span class='ocrx_word' id='word_1_846' title='bbox 553 5561 608 5615; x_wconf 90' lang='lat' dir='ltr'><strong>in</strong></span> <span class='ocrx_word' id='word_1_847' title='bbox 625 5559 813 5625; x_wconf 90' lang='lat' dir='ltr'><strong>altum,</strong></span> <span class='ocrx_word' id='word_1_848' title='bbox 839 5559 1060 5614; x_wconf 91' lang='lat' dir='ltr'><strong>tendens</strong></span> <span class='ocrx_word' id='word_1_849' title='bbox 1079 5558 1147 5612; x_wconf 89' lang='lat' dir='ltr'><strong>ad</strong></span> <span class='ocrx_word' id='word_1_850' title='bbox 1165 5557 1338 5628; x_wconf 86' lang='lat' dir='ltr'><strong>ipsum</strong></span> <span class='ocrx_word' id='word_1_851' title='bbox 1368 5558 1557 5611; x_wconf 91' lang='lat' dir='ltr'><strong>Deum.</strong></span> <span class='ocrx_word' id='word_1_852' title='bbox 1579 5556 1799 5622; x_wconf 86' lang='lat' dir='ltr'><strong>Nidum,</strong></span> <span class='ocrx_word' id='word_1_853' title='bbox 1913 5569 2064 5618; x_wconf 91' lang='lat' dir='ltr'><strong>num,</strong></span> <span class='ocrx_word' id='word_1_854' title='bbox 2107 5555 2162 5607; x_wconf 91' lang='lat' dir='ltr'><strong>in</strong></span> <span class='ocrx_word' id='word_1_855' title='bbox 2200 5553 2353 5606; x_wconf 87' lang='lat' dir='ltr'><strong>domo</strong></span> <span class='ocrx_word' id='word_1_856' title='bbox 2398 5553 2452 5608; x_wconf 93' lang='lat' dir='ltr'><strong>in</strong></span> <span class='ocrx_word' id='word_1_857' title='bbox 2481 5553 2738 5616; x_wconf 83' lang='lat' dir='ltr'><strong>Ecclesia,</strong></span> <span class='ocrx_word' id='word_1_858' title='bbox 2783 5550 2918 5605; x_wconf 86' lang='lat' dir='ltr'><strong>Ecce</strong></span> <span class='ocrx_word' id='word_1_859' title='bbox 2940 5569 3098 5624; x_wconf 89' lang='lat' dir='ltr'><strong>quam</strong></span> <span class='ocrx_word' id='word_1_860' title='bbox 3145 5553 3318 5619; x_wconf 87' lang='lat' dir='ltr'><strong>dulce,</strong></span> <span class='ocrx_word' id='word_1_861' title='bbox 3345 5553 3488 5625; x_wconf 79' lang='lat' dir='ltr'><strong>fasce</strong></span> 
     </span>
    </p>
   </div>
   <div class='ocr_carea' id='block_1_60' title="bbox 223 5647 2402 5726">
    <p class='ocr_par' dir='ltr' id='par_1_60' title="bbox 223 5647 2402 5726">
     <span class='ocr_line' id='line_1_60' title="bbox 223 5647 2402 5726; baseline -0.006 -14"><span class='ocrx_word' id='word_1_862' title='bbox 223 5666 326 5712; x_wconf 87' lang='lat' dir='ltr'><strong>etc.</strong></span> <span class='ocrx_word' id='word_1_863' title='bbox 360 5653 541 5726; x_wconf 72' lang='lat' dir='ltr'><strong>(Acs)</strong></span> <span class='ocrx_word' id='word_1_864' title='bbox 587 5651 764 5708; x_wconf 86' lang='lat' dir='ltr'><strong>Nidus</strong></span> <span class='ocrx_word' id='word_1_865' title='bbox 802 5652 869 5707; x_wconf 91' lang='lat' dir='ltr'><strong>ad</strong></span> <span class='ocrx_word' id='word_1_866' title='bbox 898 5660 1128 5720; x_wconf 88' lang='lat' dir='ltr'><strong>tempus,</strong></span> <span class='ocrx_word' id='word_1_867' title='bbox 1159 5649 1342 5704; x_wconf 87' lang='lat' dir='ltr'><strong>domus</strong></span> <span class='ocrx_word' id='word_1_868' title='bbox 1385 5663 1514 5704; x_wconf 90' lang='lat' dir='ltr'><strong>vero</strong></span> <span class='ocrx_word' id='word_1_869' title='bbox 1558 5650 1612 5704; x_wconf 89' lang='lat' dir='ltr'><strong>in</strong></span> <span class='ocrx_word' id='word_1_870' title='bbox 1652 5659 1805 5706; x_wconf 77' lang='lat' dir='ltr'><strong>teter-</strong></span> <span class='ocrx_word' id='word_1_871' title='bbox 1912 5647 2190 5704; x_wconf 84' lang='lat' dir='ltr'><strong>torcularis</strong></span> <span class='ocrx_word' id='word_1_872' title='bbox 2218 5648 2402 5718; x_wconf 86' lang='lat' dir='ltr'><strong>premi.</strong></span> 
     </span>
    </p>
   </div>
   <div class='ocr_carea' id='block_1_61' title="bbox 227 5737 3484 5814">
    <p class='ocr_par' dir='ltr' id='par_1_61' title="bbox 227 5737 3484 5814">
     <span class='ocr_line' id='line_1_61' title="bbox 227 5737 3484 5814; baseline 0 -14"><span class='ocrx_word' id='word_1_873' title='bbox 227 5760 380 5802; x_wconf 91' lang='lat' dir='ltr'><strong>num.</strong></span> <span class='ocrx_word' id='word_1_874' title='bbox 407 5743 602 5799; x_wconf 77' lang='lat' dir='ltr'><strong>Nidutn</strong></span> <span class='ocrx_word' id='word_1_875' title='bbox 627 5755 757 5814; x_wconf 86' lang='lat' dir='ltr'><strong>ergo</strong></span> <span class='ocrx_word' id='word_1_876' title='bbox 786 5741 916 5796; x_wconf 89' lang='lat' dir='ltr'><strong>dicit</strong></span> <span class='ocrx_word' id='word_1_877' title='bbox 949 5739 1131 5806; x_wconf 86' lang='lat' dir='ltr'><strong>fidem,</strong></span> <span class='ocrx_word' id='word_1_878' title='bbox 1164 5748 1220 5796; x_wconf 88' lang='lat' dir='ltr'><strong>et</strong></span> <span class='ocrx_word' id='word_1_879' title='bbox 1258 5738 1689 5795; x_wconf 89' lang='lat' dir='ltr'><strong>conformitatem</strong></span> <span class='ocrx_word' id='word_1_880' title='bbox 1715 5757 1803 5796; x_wconf 90' lang='lat' dir='ltr'><strong>sa-</strong></span> <span class='ocrx_word' id='word_1_881' title='bbox 1982 5740 2143 5794; x_wconf 76' lang='lat' dir='ltr'><strong>Vens</strong></span> <span class='ocrx_word' id='word_1_882' title='bbox 2175 5738 2260 5792; x_wconf 73' lang='lat'><strong>12.</strong></span> <span class='ocrx_word' id='word_1_883' title='bbox 2287 5769 2357 5779; x_wconf 90' lang='lat'><strong>—</strong></span> <span class='ocrx_word' id='word_1_884' title='bbox 2384 5737 2523 5806; x_wconf 85' lang='lat' dir='ltr'><strong>Quia</strong></span> <span class='ocrx_word' id='word_1_885' title='bbox 2572 5737 3006 5794; x_wconf 87' lang='lat' dir='ltr'><strong>misericordiam.</strong></span> <span class='ocrx_word' id='word_1_886' title='bbox 3036 5739 3236 5814; x_wconf 78' lang='lat' dir='ltr'><strong>(Cass)</strong></span> <span class='ocrx_word' id='word_1_887' title='bbox 3266 5743 3388 5800; x_wconf 88' lang='lat' dir='ltr'><strong>Ideo</strong></span> <span class='ocrx_word' id='word_1_888' title='bbox 3428 5746 3484 5802; x_wconf 90' lang='lat' dir='ltr'><strong>in</strong></span> 
     </span>
    </p>
   </div>
   <div class='ocr_carea' id='block_1_62' title="bbox 228 5827 3486 5904">
    <p class='ocr_par' dir='ltr' id='par_1_62' title="bbox 228 5827 3486 5904">
     <span class='ocr_line' id='line_1_62' title="bbox 228 5827 3486 5904; baseline -0.002 -8"><span class='ocrx_word' id='word_1_889' title='bbox 228 5846 634 5896; x_wconf 89' lang='lat' dir='ltr'><strong>cramentorum</strong></span> <span class='ocrx_word' id='word_1_890' title='bbox 665 5835 940 5901; x_wconf 85' lang='lat' dir='ltr'><strong>Ecclesiae,</strong></span> <span class='ocrx_word' id='word_1_891' title='bbox 973 5849 1134 5904; x_wconf 90' lang='lat' dir='ltr'><strong>quem</strong></span> <span class='ocrx_word' id='word_1_892' title='bbox 1158 5833 1345 5889; x_wconf 89' lang='lat' dir='ltr'><strong>nidum</strong></span> <span class='ocrx_word' id='word_1_893' title='bbox 1375 5834 1567 5904; x_wconf 73' lang='lat' dir='ltr'><strong>quaerit</strong></span> <span class='ocrx_word' id='word_1_894' title='bbox 1604 5841 1800 5900; x_wconf 87' lang='lat' dir='ltr'><strong>turtur,</strong></span> <span class='ocrx_word' id='word_1_895' title='bbox 1912 5832 2070 5888; x_wconf 87' lang='lat' dir='ltr'><strong>domo</strong></span> <span class='ocrx_word' id='word_1_896' title='bbox 2098 5830 2190 5884; x_wconf 90' lang='lat' dir='ltr'><strong>Dei</strong></span> <span class='ocrx_word' id='word_1_897' title='bbox 2218 5831 2354 5884; x_wconf 90' lang='lat' dir='ltr'><strong>malo</strong></span> <span class='ocrx_word' id='word_1_898' title='bbox 2380 5846 2499 5885; x_wconf 89' lang='lat' dir='ltr'><strong>esse</strong></span> <span class='ocrx_word' id='word_1_899' title='bbox 2525 5843 2684 5899; x_wconf 87' lang='lat' dir='ltr'><strong>quam</strong></span> <span class='ocrx_word' id='word_1_900' title='bbox 2724 5827 2866 5893; x_wconf 91' lang='lat' dir='ltr'><strong>alibi,</strong></span> <span class='ocrx_word' id='word_1_901' title='bbox 2913 5830 3038 5900; x_wconf 87' lang='lat' dir='ltr'><strong>quia</strong></span> <span class='ocrx_word' id='word_1_902' title='bbox 3091 5832 3144 5888; x_wconf 85' lang='lat' dir='ltr'><strong>in</strong></span> <span class='ocrx_word' id='word_1_903' title='bbox 3170 5847 3231 5888; x_wconf 88' lang='lat' dir='ltr'><strong>ea</strong></span> <span class='ocrx_word' id='word_1_904' title='bbox 3266 5835 3358 5890; x_wconf 87' lang='lat' dir='ltr'><strong>dat</strong></span> <span class='ocrx_word' id='word_1_905' title='bbox 3387 5837 3486 5892; x_wconf 70' lang='lat' dir='ltr'><strong>mi~</strong></span> 
     </span>
    </p>
   </div>
   <div class='ocr_carea' id='block_1_63' title="bbox 228 5921 3486 6010">
    <p class='ocr_par' dir='ltr' id='par_1_63' title="bbox 228 5921 3486 6010">
     <span class='ocr_line' id='line_1_63' title="bbox 228 5921 3486 6010; baseline -0.002 -23"><span class='ocrx_word' id='word_1_906' title='bbox 228 5941 294 6004; x_wconf 80' lang='lat' dir='ltr'><strong>ut</strong></span> <span class='ocrx_word' id='word_1_907' title='bbox 316 5928 732 6010; x_wconf 84' lang='lat' dir='ltr'><strong>reponatpullos</strong></span> <span class='ocrx_word' id='word_1_908' title='bbox 758 5941 902 5984; x_wconf 86' lang='lat' dir='ltr'><strong>suos.</strong></span> <span class='ocrx_word' id='word_1_909' title='bbox 935 5925 1052 5984; x_wconf 85' lang='lat' dir='ltr'><strong>Non</strong></span> <span class='ocrx_word' id='word_1_910' title='bbox 1083 5925 1228 5982; x_wconf 88' lang='lat' dir='ltr'><strong>enim</strong></span> <span class='ocrx_word' id='word_1_911' title='bbox 1254 5923 1440 5996; x_wconf 73' lang='lat' dir='ltr'><strong>abiicit</strong></span> <span class='ocrx_word' id='word_1_912' title='bbox 1469 5924 1797 5996; x_wconf 88' lang='lat' dir='ltr'><strong>ubicunque,</strong></span> <span class='ocrx_word' id='word_1_913' title='bbox 1915 5923 2284 5990; x_wconf 88' lang='lat' dir='ltr'><strong>sericordiam,</strong></span> <span class='ocrx_word' id='word_1_914' title='bbox 2309 5937 2412 5994; x_wconf 87' lang='lat' dir='ltr'><strong>qua</strong></span> <span class='ocrx_word' id='word_1_915' title='bbox 2453 5921 2734 5994; x_wconf 86' lang='lat' dir='ltr'><strong>justiﬁcat,</strong></span> <span class='ocrx_word' id='word_1_916' title='bbox 2762 5931 2882 6008; x_wconf 85' lang='lat' dir='ltr'><strong>post</strong></span> <span class='ocrx_word' id='word_1_917' title='bbox 2907 5922 3204 6003; x_wconf 60' lang='lat' dir='ltr'><strong>veritatem</strong></span> <span class='ocrx_word' id='word_1_918' title='bbox 3233 5925 3486 6010; x_wconf 44' lang='lat' dir='ltr'><strong>proi‘nissi</strong></span> 
     </span>
    </p>
   </div>
  </div>
