4008 6348
512 458 617 516 987

996 451 1386 511 WALAFBIDI
1423 449 1666 507 STRABI
1706 446 1909 504 FULD.
1954 447 2114 503 MON.
2150 444 2302 503 OPP.
2338 440 2518 501 PARS
2552 444 2593 500 Ι.
2629 472 2699 485 --
2736 442 3195 501 THEOLOGICA.

511 561 737 641 praemii.
768 566 875 624 Sed
901 565 1133 636 quibus?
1153 564 1238 621 his
1254 563 1347 634 qui
1366 559 1647 617 ambulant
1675 560 1730 615 in
1756 558 2079 615 innocentia.
2109 562 2158 622 Α
2260 558 2419 613 Vsus.
2472 557 2556 611 Η.
2588 587 2659 597 -
2686 554 3070 622 Misericordia,
3122 564 3228 611 etc.
3282 556 3410 629 (1ο.)
3460 558 3777 628 Postquam

584 657 746 715 Vsus.
778 656 865 712 l8.
895 684 961 696 -ι
989 653 1210 710 Domine
1236 653 1484 708 virtutum
1507 692 1523 715 ,
1569 650 1747 706 beatus
1787 650 1940 704 homo
1989 647 2081 720 qui

513 757 707 818 sperat,
730 755 835 803 etc.
858 743 961 813 Qui
984 751 1132 801 tanta
1160 741 1316 807 facis,
1340 754 1462 811 quae
1486 740 1595 797 dici
1618 754 1725 796 non
1750 748 1994 811 possunt.

976 870 1296 933 PSALMUS
1324 872 1607 931 LXXXIV.

586 1008 751 1069 Vsus.
780 1005 837 1071 2.
857 1035 927 1051 -η-
951 1004 1272 1065 Βεηεάίπίειὶ
1293 1042 1309 1069 ,
1342 1003 1580 1059 Domine.
1611 1000 1795 1072 (Aue.)
1835 998 2083 1057 Psalmus

515 1104 582 1161 de
624 1118 759 1159 nova
791 1100 1197 1165 benedictione,
1219 1107 1350 1164 etc.,
1398 1114 1558 1169 usque
1587 1096 1655 1151 ad
1695 1096 1763 1153 de
1799 1096 2083 1153 aversione

515 1195 835 1267 iniquitatis.

586 1284 747 1343 Vsus.
789 1284 844 1343 ὅ.
872 1282 1243 1347 *Βεηιὶιὶειῂ
1295 1281 1415 1354 (1η.)
1462 1279 1663 1337 Futura
1699 1278 1831 1335 dicit
1860 1285 1919 1334 ut
1941 1292 2083 1349 prm-

516 1377 692 1433 terita.

587 1464 748 1521 Vens.
774 1463 828 1521 ι.
858 1494 930 1507 -
954 1462 1210 1536 Hitigasti
1237 1462 1438 1537 (CA88.)
1466 1461 1793 1534 Diapsalma,
1833 1460 1903 1521 de
1930 1473 2088 1517 aver-

514 1559 665 1615 sione
686 1559 812 1624 irze,
851 1558 905 1617 id
932 1566 1044 1623 est,
1078 1572 1270 1629 pmnae.

586 1651 745 1708 Vsus.
770 1652 823 1707 5.
839 1681 911 1693 —
931 1649 1178 1709 Converte
1198 1667 1311 1707 nos.
1333 1648 1476 1707 Petit
1493 1646 1635 1717 quod
1654 1644 1829 1701 adhuc
1848 1641 2087 1701 futurum

516 1743 738 1798 sciebat.
768 1742 955 1810 Quasi,
980 1742 1120 1812 quod
1148 1740 1254 1795 dixi
1286 1750 1345 1795 ut
1372 1737 1729 1809 praeteritum,
1759 1750 1858 1791 oro
1883 1742 1943 1789 ut
1971 1733 2081 1791 ﬂat.

519 1832 699 1904 (AUG.)
729 1829 981 1886 Converte
1006 1846 1118 1884 nos.
1139 1829 1457 1901 Prophetice
1482 1827 1619 1882 dixit
1644 1825 1844 1891 futura,
1866 1834 1928 1883 ut
1952 1839 2089 1895 pra:-

2179 650 2334 716 dixit,
2361 658 2493 714 etc.,
2516 663 2676 718 usque
2698 647 2766 701 ad
2785 646 3043 718 quomodo
3070 649 3262 703 veritas
3284 648 3349 702 de
3371 658 3516 703 terra
3545 658 3673 703 orta
3698 660 3779 703 es

2180 739 2333 813 (Luc.
2362 739 2504 809 vm).

2250 833 2415 889 Vns.
2443 831 2531 887 12.
2553 862 2624 873 -
2651 829 2856 887 Veritas
2897 830 2963 885 de
2998 840 3139 894 terra
3170 839 3289 885 ortu
3331 838 3431 885 est.
3454 828 3587 902 (1ο.)
3616 830 3775 887 σθω

2178 921 2345 981 fessio
2368 925 2435 978 de
2458 922 2695 988 homine,
2725 928 2786 977 ut
2809 934 2869 977 se
2890 927 3136 986 accuset,
3167 930 3300 987 etc.,
3332 936 3500 992 usque
3532 923 3605 977 ad
3642 923 3775 978 data

2180 1023 2264 1070 est
2280 1012 2594 1085 justiﬂcatiu
2628 1009 2951 1067 conﬁtentis.

2250 1103 2412 1162 Vsus.
2444 1103 2529 1158 η.
2551 1132 2619 1147 -
2638 1102 2862 1157 Iustitia
2885 1108 3006 1156 ante
3024 1116 3161 1156 eum.
3192 1098 3319 1172 (ln.)
3352 1098 3545 1155 Prima
3588 1101 3781 1159 boni-

2181 1195 2266 1251 nis
2287 1193 2495 1264 iustitia
2538 1201 2658 1259 est,
2694 1201 2827 1257 etc.,
2860 1207 3024 1262 usque
3065 1191 3135 1245 ad
3161 1199 3217 1246 et
3243 1191 3472 1247 visitata
3512 1202 3695 1262 ponet
3722 1192 3780 1251 ε.

2180 1286 2270 1341 via
2311 1300 2546 1356 gressus.
2578 1282 2900 1339 Αηωαωι.
2948 1281 3274 1348 Aecrcscet,
3315 1282 3403 1337 vel
3432 1294 3781 1354 precari-et,

2182 1393 2384 1450 parans
2427 1377 2477 1432 ei
2504 1376 2677 1441 viam;
2714 1384 2772 1430 et
2815 1373 3177 1430 Dominus'in
3222 1374 3310 1429 via
3358 1383 3560 1446 parata
3612 1385 3785 1447 posset

2185 1483 2421 1542 mm
2665 1532 2984 1597 PSALMUS
3020 1532 3281 1593 LXXXV.

2260 1651 2446 1707 Oratio
2473 1648 2662 1705 David.
2690 1646 2871 1720 (Αυο.)
2908 1645 3156 1702 Psalmus
3198 1646 3337 1710 iste,
3366 1643 3657 1701 secundm
3693 1659 3785 1700 eo-

2188 1760 2309 1801 rum
2347 1751 2432 1799 est
2464 1742 2559 1813 qui
2596 1739 2860 1795 orationis
2893 1738 3113 1793 nomine
3158 1735 3535 1799 intituiantur,
3576 1734 3635 1789 in
3677 1749 3787 1804 qua

2190 1836 2440 1894 Christus
2468 1834 2565 1891 Dei
2592 1832 2760 1888 Filius
2784 1838 2843 1887 et
2868 1830 3134 1895 hominis,
3164 1843 3306 1884 unus
3334 1827 3482 1883 Deus
3510 1841 3647 1881 eum
3680 1826 3783 1881 Pa-

519 1923 699 1987 terita,
733 1923 819 1977 hic
850 1931 1028 1977 autem
1058 1929 1179 1976 orat
1204 1930 1262 1977 ut
1295 1936 1420 1977 vere
1449 1919 1624 1975 futura
1643 1958 1658 1986 ,
1693 1918 1910 1983 dicens,
1942 1915 2087 1971 Con-
2118 1932 2165 1992 Β
2190 1937 2300 1993 ιη,
2329 1940 2469 1981 unus
2492 1925 2797 1981 homocum
2816 1920 3150 1985 hominibus,
3176 1927 3296 1974 orat
3322 1917 3375 1973 in
3404 1915 3599 1973 fama
3618 1916 3783 1980 servi,

518 2020 668 2068 verte
711 2021 765 2067 et
812 2019 1026 2077 averte,
1051 2012 1207 2083 quasi
1255 2010 1432 2077 dicat,
1472 2010 1579 2067 dixi
1628 2009 1786 2080 quasi
1824 2007 1984 2062 facta.
2019 2006 2088 2062 Et

518 2106 642 2175 quia
682 2104 838 2160 video
863 2103 1042 2161 futura
1060 2144 1074 2169 ,
1103 2113 1157 2159 et
1187 2103 1311 2173 quia
1336 2118 1441 2159 non
1470 2110 1596 2157 sunt
1617 2116 1713 2157 oro
1742 2110 1802 2155 ut
1827 2099 1975 2157 ﬁant.

590 2196 752 2252 Vens.
797 2194 850 2255 6.
882 2226 953 2237 —
977 2194 1232 2269 Nunquid
1271 2195 1326 2249 in
1365 2204 1635 2251 ωερε-πυρα.
1680 2192 1944 2261 Praevidet
1988 2190 2089 2244 iste

519 2290 659 2346 hanc
686 2303 901 2361 poenam
925 2290 1305 2347 transituram:
1331 2289 1469 2356 Quia
1490 2291 1621 2345 sicut
1646 2289 1700 2343 in
1722 2286 1890 2347 Adam
1913 2300 2089 2341 omnes

518 2383 837 2450 moriuntur,
882 2385 958 2438 ita
1002 2392 1051 2438 et
1094 2382 1149 2441 in
1197 2380 1404 2441 Christo
1454 2397 1629 2437 omnes
1664 2378 2086 2449 viviﬁcabuntur.

520 2473 791 2531 Irasceris.
831 2473 1012 2548 (Αυα.)
1040 2473 1126 2537 ira
1152 2474 1247 2531 Dei
1271 2481 1354 2531 est
1390 2473 1568 2529 omnis
1610 2486 1767 2543 poena
1804 2484 1964 2541 quam
1991 2481 2088 2538 pa.

520 2567 670 2621 titur.
701 2565 854 2622 Sicut
890 2566 1093 2623 dictum
1112 2573 1197 2621 est
1222 2564 1393 2621 Adam
1417 2561 1633 2635 quando
1656 2559 1903 2632 peccavit
1932 2576 1946 2612 :
1974 2556 2094 2617 Ma-

520 2655 708 2711 ledicta
738 2655 954 2711 terrain
975 2671 1127 2725 opere
1150 2664 1262 2721 tuo,
1286 2664 1333 2709 et
1357 2655 1413 2708 in
1439 2653 1616 2709 labore
1636 2662 1685 2707 et
1710 2650 1901 2705 sudore
1920 2646 2093 2703 vultus

521 2746 595 2799 tui
623 2745 841 2801 vesceris
867 2761 1001 2816 pane
1028 2754 1139 2803 tuo.
1174 2745 1249 2799 De
1278 2744 1358 2799 ira
1384 2756 1514 2813 ergo
1543 2739 1798 2799 mortales
1828 2750 2016 2797 sumus
2037 2741 2094 2793 et

522 2834 833 2906 passibiles,
880 2836 974 2890 sed
1012 2835 1251 2889 innovati
1290 2835 1344 2888 in
1391 2834 1626 2893 Christo.
1670 2832 1715 2887 Α
1740 2831 2091 2905 generatione.

524 2924 703 2981 Prima
732 2926 1008 2997 generatio
1036 2923 1136 2981 fuit
1158 2924 1402 2987 mortalis
1423 2924 1489 2981 de
1519 2923 1595 2979 ira
1614 2963 1629 2988 ,
1656 2923 1763 2978 erit
1792 2921 1960 2976 altera
1990 2920 2092 2977 im-

524 3015 767 3071 mortalis
803 3015 869 3073 de
913 3014 1283 3073 misericordia
1312 3028 1327 3068 :
1358 3012 1451 3071 sed
1480 3027 1580 3068 nec
1607 3012 1748 3068 hanc
1790 3010 2096 3067 misericor-

523 3106 667 3164 diam
691 3122 962 3164 meremur
981 3107 1229 3167 conversi
1252 3121 1349 3179 per
1371 3122 1470 3163 nos
1495 3105 1562 3163 ad
1586 3105 1753 3163 Deum
1774 3145 1789 3173 ,
1814 3105 1927 3176 ipse
1950 3104 2095 3163 enim

525 3212 622 3253 nos
647 3197 928 3255 convertit.
954 3192 1022 3251 Et
1041 3196 1166 3257 inde
1191 3195 1370 3255 subdit
1394 3213 1407 3249 :
1435 3194 1572 3253 Deus
1595 3204 1913 3261 convertens,
1941 3194 2094 3269 quasi

523 3289 664 3345 sicut
692 3287 980 3345 viviﬁcatio
1002 3295 1087 3345 est
1115 3302 1145 3341 a
1173 3298 1257 3352 te,
1300 3287 1372 3341 ita
1409 3296 1465 3342 et
1507 3285 1805 3342 conversio.

596 3381 757 3438 Vsus.
800 3380 852 3434 7.
874 3411 945 3421 —
964 3378 1105 3435 Deus
1130 3388 1187 3432 tu
1213 3394 1508 3433 conversus.
1538 3374 1738 3448 (Cum)
1770 3374 1885 3433 Non
1911 3383 2099 3431 exten-

524 3466 687 3540 dens,
737 3472 832 3529 sed
877 3471 1020 3528 Deus
1063 3479 1401 3527 convertens.
1438 3469 1595 3524 Prius
1622 3469 1715 3523 dat
1753 3475 1937 3521 votum
1967 3482 2098 3522 con-

527 3562 823 3629 versionis,
866 3570 987 3637 pOSt
1028 3561 1096 3616 ad
1141 3561 1308 3616 vitam
1349 3560 1514 3616 ducit.
1564 3556 1691 3622 Vel,
1722 3556 1863 3613 Deus
1889 3564 1945 3611 tu
1975 3572 2104 3612 con-

529 3670 713 3711 versus
741 3656 809 3711 ab
840 3654 918 3713 ira
947 3653 998 3707 in
1031 3648 1265 3709 adventu
1291 3648 1429 3708 Filii.
1466 3649 1765 3720 Viviﬁcabis
1787 3666 1899 3705 nos.
1930 3649 2104 3707 Tanto

530 3757 770 3819 tempore
817 3756 1107 3817 antequam
1148 3746 1429 3801 habeatur.
1475 3742 1544 3798 Et
1586 3752 1746 3810 tunc,
1805 3739 1959 3797 Plebs
2011 3749 2104 3799 tua

526 3842 793 3898 laetabitur
810 3842 866 3895 in
891 3851 970 3907 te,
1006 3856 1125 3913 quae
1148 3839 1299 3913 prius
1328 3839 1381 3892 in
1408 3853 1469 3893 se
1500 3836 1638 3892 male
1666 3834 1957 3892 lzetabitur.

604 3934 764 3990 Vsus.
809 3930 1199 3991 8.—Ostende
1242 3931 1420 3997 nobis,
1465 3929 1705 3985 Domine.
1751 3929 1937 4002 (Auc.)
1992 3924 2107 3984 Hoc

529 4025 735 4081 orando
793 4022 1042 4095 praedixit
1076 4020 1382 4093 Propheta,
1434 4028 1573 4088 etc.,
1614 4034 1776 4091 usque
1835 4018 1905 4071 ad
1955 4016 2108 4077 Beati

530 4118 725 4171 mundo
743 4115 916 4181 corde,
932 4115 1177 4187 quoniam
1203 4114 1300 4185 ipsi
1322 4113 1487 4168 Deum
1507 4112 1749 4168 videbunt
1774 4108 1990 4183 (Matth.
2025 4108 2101 4183 v).

533 4206 733 4281 (Csss.)
768 4206 1012 4263 Ostende.
1040 4204 1136 4262 Vel
1158 4206 1292 4287 petit
1328 4206 1430 4261 iste
1475 4204 1575 4260 sibi
1607 4202 2109 4287 spiritualitertan-

534 4308 642 4355 tum
669 4299 946 4356 Christum
966 4286 1199 4364 ostendi,
1227 4298 1431 4355 sciebat
1452 4312 1575 4352 eum
1598 4295 1816 4368 quidem
1842 4286 2104 4361 l'utur‘um,

532 4392 625 4447 sed
673 4392 809 4464 petit
848 4400 911 4449 ut
953 4407 1087 4463 puro
1111 4392 1273 4449 corde
1322 4391 1647 4456 intueamur,
1683 4404 1791 4444 non
1833 4389 2110 4460 corporeis

531 4482 700 4537 oculis
744 4491 804 4537 ut
840 4479 1083 4538 inﬁdeles
1117 4501 1129 4535 :
1159 4480 1330 4537 Judaei
1379 4482 1523 4537 enim
1563 4480 1812 4536 viderunt
1843 4488 1899 4535 et
1935 4480 2112 4536 cruci-

534 4574 785 4629 ﬁxerunt.
830 4573 900 4628 Et
928 4574 981 4629 in
1008 4575 1228 4629 futuro:
1257 4573 1505 4630 Salutare
1531 4584 1679 4628 tuum
1721 4573 1791 4627 da
1833 4573 2013 4639 nobis,
2055 4573 2109 4628 id

2189 2016 2279 2087 qui
2307 2022 2498 2071 oratur
2522 2029 2555 2069 a
2581 2012 2737 2071 nobis
2768 2012 2823 2069 in
2848 2010 3025 2075 forma
3058 2010 3174 2067 Dei.
3212 2008 3347 2067 Orat
3384 2022 3491 2079 pro
3540 2007 3711 2065 nobis
3732 2016 3787 2065 ut

2189 2110 2440 2165 sawrdos
2486 2115 2703 2174 noster;
2744 2113 2869 2162 orat
2903 2104 2961 2160 in
2999 2103 3156 2160 nobis
3199 2110 3260 2159 ut
3287 2109 3457 2172 caput
3486 2108 3749 2159 unum
3767 2138 3785 2164 ,

2189 2210 2376 2255 oratur
2402 2214 2433 2253 a
2462 2197 2618 2253 nobis
2642 2204 2702 2251 ut
2730 2196 2875 2251 Dens
2899 2204 3135 2263 noster.,
3612 2190 3627 2197 “

2263 2289 2464 2363 (Cass.)
2487 2288 2685 2345 Christi
2715 2287 2893 2343 oratio
2912 2284 3179 2351 fidelium,
3202 2290 3335 2348 etc.,
3358 2298 3532 2353 usque
3554 2280 3633 2335 ad
3654 2296 3787 2336 com-

2192 2382 2452 2454 primeret
2479 2379 2760 2435 audaciam
2789 2376 2971 2433 stultae
2994 2384 3050 2432 et
3074 2372 3391 2431 inconsulta:
3424 2372 3785 2427 tenseritatis.

2264 2472 2452 2546 (Δυα.)
2479 2471 2605 2529 [hec
2624 2469 2755 2526 dicit
2778 2467 3027 2527 Christus
3054 2468 3109 2527 iu
3138 2466 3325 2529 nobis,
3356 2472 3416 2523 et
3446 2479 3557 2523 nos
3588 2465 3649 2519 in
3682 2464 3789 2521 illo.

2267 2565 2467 2639 (Cum)
2493 2563 2624 2621 Orat
2658 2560 3015 2626 ascendendo,
3045 2557 3189 2617 unde
3227 2555 3512 2615 concludit
3536 2570 3557 2611 :
3592 2554 3792 2613 Omnes

2195 2666 2385 2733 gentes
2410 2657 2718 2713 adorantes.

2266 2746 2502 2809 anma.
2522 2774 2594 2786 —
2622 2743 2883 2811 Quoniam
2914 2748 3127 2799 sanctus
3153 2753 3289 2805 sunt.
3317 2734 3513 2810 (Δις.)
3540 2733 3799 2795 Christus

2196 2839 2417 2913 proprie
2461 2844 2683 2895 sanctus
2714 2833 3092 2895 sanctiﬁcans,
3130 2839 3259 2895 etc.,
3307 2846 3481 2902 usque
3516 2829 3595 2887 ad
3644 2830 3798 2889 mite-

2198 2947 2320 2993 rere
2347 2930 2651 2995 clamantis,
2681 2926 2894 2985 laetiﬁca
2932 2927 3184 2987 levatum.

2272 3024 2435 3081 Vens.
2463 3023 2516 3079 5.
2540 3052 2613 3064 —
2641 3020 2808 3081 litis.
2843 3019 2968 3093 (ln.)
3007 3019 3237 3081 Portans
3265 3015 3557 3083 hominem
3576 3055 3599 3085 ,
3633 3015 3801 3075 donec

2197 3114 2442 3189 perﬁciat
2467 3128 2622 3179 eum,
2665 3118 2795 3178 etc.,
2822 3125 2985 3183 usque
3009 3108 3079 3169 ad
3123 3123 3247 3167 cum
3285 3107 3538 3171 nondum
3570 3107 3657 3167 sit
3680 3122 3798 3179 per-

2200 3207 2394 3265 fectus.

2120 3294 2169 3359 C
2267 3299 2432 3355 Vsus.
2461 3298 2515 3354 6.
2540 3327 2611 3340 —-
2632 3295 2863 3352 Auribus
2889 3296 3112 3365 percipe.
3136 3292 3341 3365 (Cass)
3374 3292 3517 3359 Vide
3548 3294 3801 3351 (ιι-ἀίω.

2199 3389 2484 3454 orationis,
2507 3396 2639 3455 etc.,
2670 3403 2833 3458 usque
2861 3385 2931 3443 ad
2965 3385 3205 3447 auditum
3233 3384 3625 3455 deprecationi
3654 3400 3801 3445 mu.

2274 3484 2436 3541 Vsus.
2462 3477 2991 3534 7.—Tribulationis.
3014 3477 3196 3550 (Alta,
3211 3475 3394 3546 Csss.)
3417 3474 3567 3535 Cum
3588 3476 3805 3533 uixit:

2201 3575 2486 3643 clamatur,
2531 3580 2665 3637 etc.,
2702 3585 2868 3642 usque
2894 3570 2963 3627 ad
2991 3569 3116 3641 quia
3146 3585 3251 3625 non
3289 3577 3365 3629 at
3406 3567 3617 3629 similis
3649 3570 3731 3631 tui
3754 3570 3804 3625 ia

2203 3663 2308 3729 diis
2326 3705 2342 3732 ,
2369 3664 2615 3727 Domine.

2278 3756 2438 3823 Vsus.
2454 3752 2939 3823 9.—Quuscunque
2951 3749 3335 3821 [ccistivetticnt
3345 3746 3805 3805 “adorabunt.

2205 3866 2343 3919 ram,
2357 3856 2462 3917 qtc.
2478 3844 2659 3919 (Δυα.)
2676 3843 2737 3900 Si
2757 3852 2840 3899 est
2862 3857 2995 3917 gens
3031 3856 3193 3914 quam
3228 3853 3335 3897 non
3362 3837 3499 3899 fecit
3526 3839 3705 3906 Deus.
3722 3838 3803 3899 illa

2207 3955 2315 3997 non
2336 3938 2603 3995 adorabit.
2648 3936 2948 3995 Annuntiat
2977 3933 3273 3993 Ecclesium
3296 3931 3501 4007 ubique
3522 3930 3801 3995 (11mm

2207 4032 2351 4105 quod
2382 4031 2543 4089 modo
2574 4029 2853 4100 impletum
2904 4035 3027 4084 est:
3074 4026 3144 4083 Et
3189 4034 3348 4089 nota,
3398 4024 3569 4095 quia,
3626 4034 3693 4089 ut
3732 4026 3803 4081 ait

2213 4120 2495 4193 Scriptura
2524 4139 2537 4175 :
2568 4120 2634 4175 In
2662 4119 2772 4175 lata
2792 4131 2945 4193 gente
2970 4117 3139 4191 gloria
3168 4117 3303 4189 regis
3322 4157 3339 4182 ,
3357 4116 3417 4172 in
3445 4116 3801 4175 diminutione

2208 4212 2386 4284 populi
2409 4211 2654 4283 principis
2692 4211 2954 4266 contritio.
2999 4207 3260 4281 Sequitur
3287 4224 3302 4263 :
3328 4206 3401 4267 Et
3424 4207 3801 4279 gloriﬁcaqu

2214 4319 2419 4358 nomen.

2284 4393 2446 4451 Vsus.
2482 4389 2567 4449 10.
2591 4420 2661 4430 -
2684 4389 2764 4447 Tu
2798 4406 2851 4445 es
2894 4389 3037 4457 Deus
3082 4390 3246 4449 solus.
3272 4389 3402 4465 (ιο.)
3431 4390 3535 4449 Vel
3570 4400 3631 4449 tu
3664 4392 3803 4449 solm

2214 4498 2440 4554 magnus
2482 4490 2670 4543 contra
2720 4482 2964 4549 futuros,
3011 4482 3105 4555 qui
3153 4498 3213 4541 se
3251 4481 3441 4541 dicunt
3475 4498 3715 4559 magnos
3754 4491 3805 4539 et

2215 4576 2365 4631 deos.

533 4671 636 4729 est,
690 4662 964 4719 Christum
1009 4664 1438 4737 amplectendam
1484 4671 1539 4718 et
1578 4663 1995 4735 possidendum,
2049 4655 2188 4736 ut-“
2282 4666 2445 4723 Vsus.
2478 4665 2859 4723 ll.—Deduc
2876 4682 2979 4731 me,
3006 4664 3575 4733 Dominc,ittriatua.
3599 4663 3803 4735 (Cass)

535 4768 641 4809 non
672 4752 888 4809 tollatur
914 4770 945 4811 a
973 4754 1127 4809 nobis
1146 4794 1162 4820 ,
1210 4761 1266 4808 et
1309 4754 1388 4808 sic
1430 4752 1628 4823 legitur
1656 4753 1850 4823 partim
1879 4753 1945 4807 de
1973 4770 2111 4825 pra:—

536 4845 703 4911 senti,
752 4854 806 4901 et
843 4845 1039 4917 partim
1083 4846 1149 4901 de
1198 4844 1397 4900 futuro.
1435 4841 1874 4897 Misericordiam.
1924 4842 2109 4915 (Auc.)

537 4936 784 4993 Christus
813 4938 1010 4994 dicitur
1053 4935 1457 5001 misericordia,
1505 4935 1631 5009 quia
1676 4934 1914 4990 ostendit
1953 4936 2111 4991 nobis

539 5028 996 5095 misericordiam,
1044 5027 1245 5084 docens
1282 5026 1544 5099 quidquid
1587 5026 1713 5083 boni
1758 5027 1919 5083 habet
1948 5028 2111 5084 homo

539 5134 603 5175 ex
635 5121 743 5177 Deo
764 5137 914 5186 esse,
945 5128 999 5176 et
1028 5120 1105 5176 sic
1135 5120 1296 5175 homo
1322 5135 1427 5175 non
1458 5120 1717 5191 superbit.
1755 5117 1862 5175 Sed
1893 5120 1972 5176 sic
2002 5122 2112 5177 hae-

541 5226 667 5268 rens
694 5222 748 5267 et
770 5212 954 5269 fruens
978 5210 1090 5267 Deo
1116 5211 1327 5265 laetatur
1354 5212 1407 5266 in
1433 5228 1516 5267 eo.

614 5300 775 5357 Vsus.
804 5301 860 5356 9.
883 5332 953 5342 —
975 5300 1194 5354 Audiam
1215 5301 1339 5373 quid
1377 5300 1622 5373 loquatur
1647 5302 1704 5355 in
1726 5318 1807 5356 me
1834 5301 2107 5358 Dominus.

543 5390 750 5464 (Csss.)
782 5390 931 5448 Unde
952 5391 1056 5447 scit
1082 5398 1135 5446 et
1162 5406 1256 5462 per
1278 5407 1436 5462 quem
1480 5392 1604 5455 ﬂat,
1632 5398 1688 5445 et
1722 5391 1853 5460 quid
1892 5402 2112 5463 praestet

540 5484 657 5556 ipse
698 5484 940 5541 veniens.
990 5482 1201 5538 Pacem.
1227 5484 1408 5557 (Auc.)
1451 5483 1745 5541 Christum.
1790 5480 1987 5540 Pacem
2042 5485 2111 5541 ad

540 5572 709 5631 Deum
733 5584 788 5631 et
813 5574 1116 5645 proximum
1134 5617 1148 5642 ,
1180 5585 1235 5630 et
1260 5590 1354 5645 per
1375 5573 1668 5629 Christum.
2112 5580 2117 5585 '

614 5664 778 5722 Vnus.
806 5667 890 5721 il).
913 5695 981 5705 —
1005 5664 1172 5734 Prope
1197 5666 1431 5718 timentes
1459 5679 1597 5717 eum.
1623 5662 1748 5735 (ln.)
1776 5662 1988 5735 Ubique
2010 5665 2119 5721 ἀω-

541 5757 723 5814 monis
756 5757 1091 5819 colebantur,
1119 5765 1249 5820 etc.,
1287 5771 1449 5827 usque
1468 5754 1537 5810 ad
1557 5754 1880 5811 immortalis
1912 5755 1968 5813 in
1998 5772 2119 5817 cor-

542 5861 676 5922 pore
704 5856 890 5903 nostro
918 5845 1078 5903 modo
1114 5843 1350 5901 mortali.

2216 4757 2350 4814 Orat
2381 4771 2481 4827 pro
2509 4757 2763 4811 omnibus
2785 4757 2898 4827 jam
2932 4756 3319 4823 adorantibus,
3361 4762 3417 4813 et
3460 4753 3715 4825 loquitur
3754 4752 3803 4807 in

2218 4850 2494 4905 membris.
2532 4848 2781 4916 Domine,
2830 4848 3036 4916 deduc,
3080 4856 3189 4905 etc.
3236 4846 3394 4902 Aliud
3440 4855 3531 4901 est
3568 4846 3699 4900 duci
3744 4842 3805 4898 ad

2216 4940 2389 5004 viam,
2433 4948 2488 4994 et
2521 4938 2661 4993 aliud
2690 4948 2774 4994 est
2800 4936 2921 4994 duci
2970 4939 3022 4994 in
3050 4940 3135 4994 via
3156 4979 3171 5005 ,
3218 4954 3287 4994 ne
3318 4938 3371 4992 in
3421 4952 3485 4993 ea
3528 4937 3763 4993 radatur
3792 4954 3805 4989 :

2217 5032 2415 5101 ubique
2458 5038 2617 5102 egent
2646 5030 2894 5086 homines
2942 5029 3218 5103 adjuvari,
3253 5030 3368 5085 sive
3419 5028 3531 5085 sint
3582 5028 3636 5084 in
3690 5028 3805 5094 via,

2218 5124 2331 5180 sive
2357 5131 2511 5178 extra
2542 5138 2684 5178 eam.
2719 5120 2814 5176 Via
2856 5130 3037 5177 autem
3075 5121 3325 5177 Christus
3353 5127 3439 5175 est
3459 5160 3473 5184 ,
3500 5119 3599 5195 qui
3627 5120 3767 5175 dicit
3793 5138 3806 5170 :

2220 5212 2333 5285 Ego
2376 5230 2491 5269 sum
2522 5212 2640 5277 via,
2679 5212 2901 5278 veritas,
2933 5222 2983 5266 et
3026 5212 3146 5267 vita.
3192 5209 3424 5266 Ltrtetur
3466 5204 3561 5267 cur
3610 5227 3807 5263 meam.

2217 5296 2399 5377 (Αυα.)
2447 5303 2502 5359 ln
2551 5303 2743 5358 timore
2794 5304 3068 5359 mundano
3114 5304 3371 5377 praecedit
3418 5319 3629 5369 causa,
3678 5314 3811 5369 etc.,

2217 5409 2376 5463 usque
2415 5393 2485 5449 ad
2520 5394 2611 5463 qui
2651 5401 2829 5447 autem
2868 5393 3051 5461 timet,
3087 5400 3140 5447 et
3176 5408 3284 5447 non
3329 5400 3546 5464 sperat,
3594 5393 3815 5467 depute-

2219 5498 2312 5539 sus
2336 5492 2440 5539 est.

2300 5576 2458 5630 Vsus.
2492 5574 2778 5630 l‘5.—E:r
2821 5574 3025 5644 inferno
3066 5576 3323 5647 inferiori.
3376 5570 3503 5647 an.)
3546 5572 3660 5632 Per
3712 5578 3813 5631 hoc

2224 5665 2588 5736 intelligimus,
2608 5674 2734 5727 etc.,
2768 5683 2928 5737 usque
2949 5667 3019 5720 ad
3054 5667 3169 5723 haec
3200 5676 3326 5723 sunt
3352 5667 3665 5741 opiniones,
3704 5684 3812 5721 non

2226 5757 2582 5813 assertiones.

2296 5846 2461 5903 Vsus.
2486 5849 2572 5904 14.
2597 5879 2665 5891 -
2699 5848 2839 5905 Deus
2857 5890 2872 5917 ,
2899 5850 3065 5922 iniqui
3094 5851 3490 5905 insurrexerunt
3519 5864 3685 5923 super
3710 5866 3817 5917 me,
