4008 6348
132 436 247 497 989

1142 442 1409 501 GLOSSA
1447 444 1843 507 0RDINARIA.
1886 483 1954 494 —
1992 454 2120 510 LIB.
2159 454 2409 513 PSALM.

3282 460 3413 527 99°,

129 564 183 613 et
208 553 492 627 Synagoga
513 557 818 625 potentium,
851 568 954 614 etc.
986 559 1188 631 (Cass)
1214 559 1345 616 item
1371 576 1467 633 pro
1506 578 1562 619 se
1587 572 1707 619 orat
1734 569 1781 629 Α
1808 581 1952 623 nem.
1987 566 2169 641 (Auc.)
2203 568 2352 626 Sicut
2379 570 2671 628 latentium
2712 573 2921 632 collatis
2962 580 3212 638 omnibus
3253 598 3386 640 con-

130 648 284 703 tacta
327 647 599 703 mentione
640 648 908 718 passionis
942 666 1051 705 suae
1095 659 1149 707 et
1197 650 1414 724 gloriae,
1440 654 1585 710 unde
1622 656 1716 711 ha-

1817 660 1984 716 ciudit
2019 677 2034 715 :
2076 659 2225 717 Sicut
2268 662 2575 720 lwtantium.
2608 662 2786 735 Sicut,
2822 668 2950 739 quia
2982 669 3107 727 talis
3130 674 3388 733 eritlati-

131 740 271 796 bent
298 738 354 795 lii
381 750 481 811 pro
509 741 704 811 quibus
732 744 906 798 oravit
946 742 1169 799 multam
1209 746 1632 802 misericordiam
1661 755 1718 803 et
1815 750 1910 818 tia,
1938 752 2151 822 qualem
2180 754 2267 811 hic
2292 768 2400 812 non
2430 758 2698 826 novimus,
2726 769 2782 816 et
2800 738 2922 818 ideo
2942 778 3066 821 cum
3087 776 3197 823 non
3213 770 3389 834 notuit

130 839 408 886 emuntur
433 826 501 886 de
524 828 758 888 inferno.
980 882 987 891 .

204 919 373 976 Vatis.
427 919 515 976 16.
545 916 723 977 -υα
765 922 1040 995 imperium
1085 937 1252 979 tuum.
1310 925 1493 998 (Auc.)
1546 926 1713 994 Quasi

129 1009 284 1064 dicat
316 1027 331 1065 :
363 1008 626 1067 Transeat
674 1018 883 1084 tempus
924 1015 1231 1084 patientiae,
1267 1018 1449 1072 veniat
1500 1025 1711 1087 tempus

119 1102 343 1173 iudicii,
391 1100 532 1159 unde
573 1119 683 1160 non
728 1114 937 1163 tantum
978 1108 1254 1177 Christus,
1298 1112 1392 1167 sed
1438 1120 1493 1167 et
1535 1112 1709 1168 sancti

126 1193 400 1250 sedebant
416 1194 661 1267 iudices,
703 1198 795 1267 qui
829 1208 954 1255 sunt
980 1200 1081 1269 ﬁlii
1106 1202 1341 1269 ancilla,
1393 1202 1446 1259 id
1488 1213 1572 1260 est
1610 1205 1711 1261 Ec-

126 1282 332 1340 clesia.
846 1292 849 1295 '

590 1356 913 1417 PSALMUS
957 1360 1244 1419 LXXXV].

200 1467 368 1523 Vens.
396 1464 809 1526 L—Psalmus.
842 1470 1043 1545 (Cass)
1072 1474 1209 1542 Quia
1242 1476 1352 1549 agit
1381 1479 1446 1534 de
1465 1478 1708 1535 Ecclesia

62 1585 73 1593 η
122 1558 423 1613 secundum
446 1568 768 1630 potestatem
788 1603 802 1629 ,
834 1563 924 1619 ubi
948 1565 1057 1633 agit
1082 1580 1268 1637 Opera.
1300 1568 1523 1627 Cantici.
1552 1568 1620 1625 Ut
1642 1570 1708 1625 de

122 1649 377 1705 saeculari
402 1648 702 1709 Jerusalem
722 1693 738 1721 ,
762 1654 831 1711 ad
855 1655 1258 1727 intelligentiam
1282 1674 1511 1729 superne
1532 1659 1707 1716 eleve-

121 1743 208 1798 ris
227 1784 241 1807 .
276 1743 484 1800 scilicet
513 1747 578 1801 de
600 1749 811 1806 actione
840 1750 907 1806 ad
945 1750 1258 1808 theoricam.
1286 1752 1552 1824 Propheta
1574 1768 1706 1823 prae-

120 1835 276 1890 dicat
299 1837 573 1893 caelestem
620 1836 918 1899 Jerusalem
960 1844 1083 1900 ﬁliis
1122 1844 1331 1913 Chore,
1360 1861 1521 1917 quam
1550 1861 1693 1902 com-

1812 845 2065 929 exprimi,
2095 846 2245 913 dicit,
2284 856 2343 903 ut
2368 849 2562 920 potuit,
2594 852 2730 907 sicut
2767 852 3079 912 (tetantium.

2268 1001 2589 1064 PSALMUS
2616 1009 2923 1068 LXXXVII.

1880 1128 2043 1189 Vens.
2072 1133 2122 1189 l.
2156 1165 2224 1176 —
2252 1134 2544 1195 Hahalatlt.
2580 1140 2761 1215 (Αυθ.)
2787 1142 2998 1201 Chorus
3017 1188 3031 1213 ,
3060 1158 3116 1203 ut
3167 1151 3386 1206 canenti

1811 1224 2011 1283 chorus
2038 1232 2384 1287 consonando
2408 1236 2758 1304 respondeat,
2795 1246 2922 1305 etc.,
2957 1257 3117 1313 usque
3138 1241 3206 1296 ad
3249 1244 3383 1298 diei-

1812 1326 1900 1373 tur
1926 1321 2071 1375 enim
2096 1320 2262 1378 fuisse
2288 1324 2505 1394 quidam
2538 1327 2833 1384 orientalis.

1880 1408 2045 1466 Vnus.
2092 1410 2147 1467 2.
2175 1444 2241 1453 -—
2265 1414 2485 1472 Domine
2538 1416 2696 1473 Deus.
2724 1416 2924 1493 (Cass)
2952 1418 3132 1479 Monet
3176 1422 3375 1480 Christi

1810 1509 2039 1557 mortem
2076 1504 2295 1561 imitari.
2328 1506 2510 1563 Primo
2547 1520 2801 1580 precatur
2841 1512 3097 1570 auxilium
3144 1514 3386 1572 referens

1807 1601 2172 1665 contemptum
2198 1599 2264 1652 ab
2289 1598 2522 1655 inimicis
2547 1620 2559 1655 :
2586 1602 2726 1657 unde
2759 1603 2815 1660 in
2838 1604 3010 1661 forma
3056 1609 3197 1664 servi
3222 1624 3385 1666 orans

1807 1684 1874 1739 ad
1897 1694 2129 1757 patrem,
2153 1688 2226 1741 ait
2251 1702 2265 1741 :
2295 1686 2339 1743 0
2365 1688 2603 1747 Domine.

1877 1774 2040 1832 Vsus.
2072 1772 2125 1831 5.
2158 1809 2229 1818 -
2258 1778 2426 1835 Intret
2454 1783 2509 1835 in
2534 1796 2828 1855 conspectu.
2868 1787 2994 1863 (11).)
3023 1788 3209 1847 Virtus
3237 1807 3384 1863 pum

1804 1869 2086 1937 orationis,
2118 1885 2237 1940 quae
2264 1872 2419 1941 quasi
2453 1875 2695 1944 quaedam
2733 1892 2962 1947 persona
2993 1878 3060 1935 ad
3090 1878 3255 1936 Deum
3298 1883 3379 1937 in-

118 1929 349 1983 mendat
376 1944 474 1999 per
500 1930 877 2031 lundamenta,
910 1944 965 1990 et
990 1946 1207 2007 portas,
1230 1947 1283 1994 et
1312 1938 1510 1994 famam
1541 1947 1599 1994 ut
1620 1940 1700 1996 eis
1728 1930 1779 1994 Β
1802 1967 1912 2015 "at
1962 1970 2015 2017 et
2073 1929 2388 2019 'mgndagum
2434 1929 2697 2041 95mg;
2734 1929 3060 2040 "at:

117 2036 388 2099 augeatur
432 2026 677 2085 affectus.
732 2026 1105 2093 Fundamenta
1161 2035 1294 2106 ejus.
1346 2035 1593 2091 Psalmus
1633 2037 1701 2092 de

111 2117 333 2173 coalesti
359 2115 655 2176 Jerusalem
680 2139 700 2176 ς
729 2121 918 2194 plenus
959 2125 1152 2195 spiritu
1189 2124 1457 2197 Propheta
1481 2169 1496 2194 ,
1534 2128 1699 2187 multa

112 2210 344 2267 volvens
373 2214 514 2287 apud
549 2229 609 2273 se
629 2254 643 2281 ,
676 2214 743 2270 de
764 2215 867 2273 hac
887 2216 1107 2272 civitate
1123 2259 1136 2280 ,
1159 2217 1225 2273 de
1244 2233 1348 2287 qua
1372 2219 1506 2274 nihil
1523 2218 1698 2277 adhuc

110 2304 363 2371 dixerat,
412 2306 465 2361 in
513 2304 618 2363 hoc
659 2308 930 2381 erumpit:
963 2307 1333 2367 Fundamenta
1384 2312 1530 2384 ejus,
1586 2321 1693 2369 etc.

109 2393 280 2450 Prior
319 2396 437 2452 laus
463 2413 492 2452 a
521 2397 919 2469 fundamentis;
971 2402 1214 2459 soliditas
1258 2403 1423 2459 totius
1462 2405 1696 2463 civitatis

110 2494 357 2542 notetur.
384 2484 520 2560 Ejus
539 2531 555 2557 ,
590 2505 697 2546 non
722 2492 956 2549 refertur
976 2494 1043 2550 ad
1068 2492 1283 2566 aliquod
1312 2496 1651 2567 praemissum
1677 2515 1690 2551 :

105 2578 215 2633 sed
235 2580 301 2634 ad
322 2582 498 2641 cordis
511 2578 793 2654 Prophetas
815 2586 1239 2653 meditationem,
1268 2586 1392 2657 quia
1418 2600 1694 2659 nunquam

109 2670 193 2725 de
220 2671 305 2727 illa
330 2676 493 2732 corde
520 2684 790 2746 tacuerat,
817 2678 919 2735 etsi
948 2695 1063 2735 ore.

193 2760 351 2819 Vens.
391 2764 705 2823 3.—Dicta.
736 2766 922 2843 (Λυσι.)
952 2764 1079 2825 Haec
1122 2774 1248 2825 sunt
1271 2767 1392 2837 illa,
1435 2785 1554 2841 quae
1581 2770 1689 2828 Do-

106 2853 299 2909 minus
325 2869 421 2926 per
448 2859 740 2929 prophetas
762 2860 828 2915 de
859 2877 920 2916 ea
952 2863 1219 2935 praedixit.

191 2951 348 3005 Vsus.
380 2951 434 3006 4.
458 2983 529 2993 -
557 2952 761 3009 Memor
784 2971 892 3011 ero.
919 2956 1042 3031 (Ιυ.)
1066 2958 1394 3033 Diapsalma.
1431 2957 1691 3015 Dominus

98 3043 185 3097 de
226 3041 415 3096 eadem
462 3040 779 3098 Jerusalem.
831 3038 1036 3101 Memor
1080 3064 1167 3102 ero
1216 3047 1385 3107 Raab.
1445 3047 1693 3109 Ostendit

93 3149 233 3204 quae
261 3142 386 3188 sunt
418 3133 506 3188 illa
552 3135 819 3204 gloriosa;
849 3139 1001 3213 quasi
1038 3140 1181 3194 dicat
1210 3159 1224 3194 :
1254 3139 1379 3199 Htcc
1405 3149 1531 3203 sunt
1558 3138 1646 3195 illa
1673 3158 1686 3194 :

93 3228 163 3282 in
213 3225 299 3280 illa
344 3226 594 3293 civitate,
644 3228 819 3301 inquit
861 3229 1127 3300 Propheta
1172 3248 1238 3288 ex
1279 3246 1506 3305 persona
1558 3231 1687 3299 Dei,

94 3316 316 3372 Memor
333 3333 421 3371 cro
443 3315 590 3371 Raab
622 3329 669 3373 et
698 3317 1012 3390 Babylonis,
1044 3338 1165 3393 qua:
1192 3302 1294 3378 non
1325 3323 1597 3393 pertinent
1618 3323 1687 3378 ad
1714 3302 1763 3366 θ

90 3404 361 3476 populum
388 3404 713 3464 Judzeorum.
752 3406 992 3467 Gloriosa
1032 3412 1098 3466 de
1124 3423 1205 3479 te,
1250 3400 1341 3469 ubi
1390 3430 1495 3475 non
1540 3414 1689 3471 solus

93 3506 201 3555 est
232 3490 444 3556 Judtens
462 3542 477 3566 ,
506 3502 599 3558 sed
626 3518 814 3563 clunes
839 3514 1047 3576 gentes.
1072 3502 1237 3561 Raab.
1266 3504 1370 3563 Per
1393 3506 1687 3571 fenestram

96 3590 294 3646 emisit
319 3593 635 3661 coccinum,
687 3595 739 3650 id
786 3606 898 3663 est,
946 3599 1000 3653 in
1044 3596 1221 3655 fronte
1264 3600 1426 3659 habet
1472 3600 1684 3672 signum

96 3679 393 3751 sanguinis
421 3681 619 3743 Christi
646 3684 888 3743 Ecclesia
917 3688 1174 3758 gentium.

186 3768 368 3827 Unde:
402 3768 677 3830 Publicani
725 3786 773 3831 et
816 3780 1108 3833 meretrices
1150 3779 1441 3853 prwcedent
1487 3796 1573 3835 vos
1627 3783 1685 3839 in

94 3877 323 3932 regnum
349 3861 612 3918 calorum.
640 3863 810 3931 Raab,
838 3866 1067 3922 latitudo
1086 3867 1171 3923 vel
1196 3866 1452 3939 impetus,
1473 3878 1682 3942 gentes,

93 3965 229 4022 quae
261 3950 367 4007 late
394 3960 449 4007 et
476 3952 777 4024 impetuose
814 3965 1079 4027 vagantur
1109 3973 1207 4028 per
1225 3959 1375 4013 vitia.
1406 3958 1489 4015 Ad
1516 3956 1687 4031 Baby-

94 4043 307 4099 loniam
336 4045 605 4114 pertinent
638 4061 826 4104 omnes
856 4049 1013 4114 mali,
1054 4058 1111 4103 ut
1148 4050 1213 4106 ad
1243 4048 1541 4106 Jerusalem
1568 4066 1685 4106 om-

94 4148 204 4189 nes
228 4135 421 4191 sancti.
458 4133 595 4191 Ecce
621 4136 941 4213 alienigenaz.
993 4139 1196 4195 Memor
1225 4156 1336 4195 ero.
1378 4140 1554 4208 Quare
1580 4142 1684 4196 hoc

93 4226 322 4282 dixisti?
351 4227 485 4283 Ecce
511 4229 846 4301 alienigena,
878 4230 931 4287 id
982 4242 1095 4299 est,
1126 4244 1313 4305 gentes
1349 4254 1362 4292 :
1395 4244 1450 4293 et
1487 4234 1676 4308 Tyrus,

94 4317 349 4388 angustia
377 4319 649 4387 vitiorum,
680 4323 761 4377 vel
790 4324 1138 4399 poenitentiae.

178 4409 335 4464 Vens.
364 4410 417 4466 5.
440 4440 509 4452 --
537 4411 791 4487 Nunquid
819 4414 969 4471 Sion.
1004 4417 1313 4475 Secundum
1334 4419 1497 4477 aliam
1526 4420 1677 4477 litte-

92 4516 245 4556 ram.
276 4498 450 4555 Mater
478 4501 606 4559 Sion
642 4503 799 4569 dicet,
829 4504 1004 4561 homo.

172 4592 354 4664 (Aue.,
368 4590 546 4665 CASS.)
561 4592 722 4662 Quasi
741 4594 913 4651 dicat:
937 4595 1086 4653 Unde
1102 4598 1259 4653 alieni
1275 4600 1591 4669 pervenient
1611 4602 1679 4656 ad

86 4686 399 4743 Jerusalem
427 4687 452 4741 Ἰ
477 4686 612 4743 Audi
659 4688 816 4743 unde.
857 4688 957 4744 Est
1004 4690 1219 4760 quidam
1262 4693 1444 4756 homo,
1472 4690 1526 4747 id
1572 4700 1675 4758 est,
1705 4676 1757 4741 D

88 4778 368 4843 Christus,
391 4778 481 4849 qui
511 4780 641 4834 dicit
664 4791 832 4834 mater
856 4779 1009 4847 Sion,
1038 4782 1091 4837 id
1114 4790 1197 4838 est
1236 4780 1540 4855 Synagoga,
1560 4798 1676 4838 ma-

87 4880 178 4925 ter
208 4880 331 4924 mea
360 4871 653 4925 secundum
701 4886 955 4934 carnem;
993 4879 1047 4927 et
1089 4887 1188 4943 per
1223 4874 1366 4928 hunc
1412 4874 1669 4942 veniunt;

86 4957 219 5031 quis
258 4966 341 5013 est
372 4956 534 5015 homo
566 4958 697 5014 ille?
721 4956 838 5029 ipse
882 4966 967 5015 est
1013 4962 1103 5030 qui
1138 4964 1191 5016 in
1220 4978 1281 5017 ea
1309 4972 1463 5018 natus
1503 4974 1579 5019 est
1619 4972 1673 5020 et

85 5064 215 5106 eam
239 5049 510 5119 fundavit;
541 5053 656 5123 ipse
675 5052 825 5123 dicit,
854 5062 1039 5121 mater,
1068 5055 1271 5110 civitati
1308 5055 1403 5111 illi.

163 5139 369 5214 (Cass)
402 5136 518 5207 Vel,
541 5143 887 5199 commendat
905 5142 1035 5200 Sion
1058 5145 1345 5216 spirituali,
1363 5155 1673 5221 etc.,usque

83 5232 159 5286 ad
190 5246 423 5304 quorum
442 5234 749 5305 principum
777 5234 801 5291 *ἒ

163 5324 351 5396 (Αυα.)
372 5322 597 5392 Horum,
618 5322 938 5396 (secundum
958 5328 1120 5383 aliam
1148 5328 1405 5403 litteram)
1426 5332 1516 5403 qui
1544 5332 1673 5403 facti

82 5426 249 5482 sunt,
284 5414 491 5473 scilicet
508 5419 810 5488 principes,
852 5420 905 5473 in
935 5434 1019 5487 ea,
1062 5421 1115 5476 id
1140 5430 1241 5485 est,
1269 5423 1359 5492 qui
1396 5421 1519 5478 facti
1547 5433 1672 5480 sunt

82 5508 401 5582 principes;
432 5498 721 5582 antequam
751 5522 931 5567 essent
968 5510 1022 5567 in
1056 5528 1118 5567 ea
1141 5554 1155 5570 .
1189 5528 1294 5567 non
1338 5523 1493 5569 erant
1521 5515 1668 5585 prin-

83 5600 244 5671 cipes
265 5641 279 5666 ,
313 5601 407 5656 sed
436 5600 644 5671 abjecta
673 5604 856 5659 mundi
886 5623 895 5658 :
924 5602 1093 5675 Elegit
1121 5605 1263 5661 enim
1290 5605 1430 5662 Deus
1458 5608 1667 5677 infirma

82 5690 281 5747 mundi
304 5702 359 5747 ut
385 5694 722 5766 confunderet
752 5692 932 5766 fortia.

161 5776 336 5839 Vsus.
382 5782 434 5839 7.
463 5817 532 5826 —
561 5782 709 5844 Sicut
756 5788 1067 5844 (natantium.
1110 5791 1310 5862 (Cass)
1340 5792 1662 5866 Diapsalma.

82 5874 387 5934 Concludit
425 5881 610 5951 paucis
652 5880 852 5949 verbis,
874 5890 1099 5955 tangens
1124 5884 1357 5943 futuram
1374 5887 1663 5947 beatitudi-

1799 2054 2003 2110 necuit.

1909 2069 2003 2108 uit.

1868 2069 2033 2202 quns.
2062 2147 2116 2201 4.
2147 2179 2218 2191 -
2240 2146 2380 2215 Quia
2420 2149 2617 2225 repleta
2640 2164 2736 2211 est.
2769 2150 2952 2231 (Auc.)
2996 2150 3107 2215 Hos
3129 2157 3380 2215 humanae

1798 2235 2128 2301 infirmitatis
2153 2238 2377 2296 ail'ectus
2398 2282 2413 2307 ,
2454 2249 2581 2310 etc.,
2610 2260 2773 2316 usque
2802 2246 2872 2300 ad
2901 2244 2995 2302 sed
3021 2248 3275 2304 humana:
3300 2250 3378 2304 in-

1798 2325 2071 2384 ﬁrmitatis
2108 2329 2327 2385 indicia.

1865 2404 2030 2477 Vens.
2060 2420 2113 2476 5.
2131 2420 2550 2482 —1Estimatus.
2576 2425 2712 2495 Quia
2734 2444 2840 2485 non
2867 2426 3039 2487 solum
3057 2428 3258 2503 gravia.
3284 2435 3378 2489 sed

1795 2514 1852 2565 et
1874 2511 2265 2571 contumeliosa
2293 2514 2512 2585 pertuli.

1863 2594 2028 2659 Vsus.
2078 2602 2132 2659 6.
2182 2633 2254 2646 —
2300 2602 2445 2660 Sicut
2492 2606 2754 2665 vulnerati
2797 2608 3129 2667 dormientes.
3162 2610 3364 2685 (Cass)

1792 2693 1927 2762 Quia
1962 2704 2018 2750 et
2038 2695 2154 2766 ipse
2177 2696 2365 2753 lancea
2386 2699 2731 2766 vulneratus,
2764 2711 2819 2758 et
2852 2703 3096 2774 sepulcro
3130 2704 3364 2770 clausus,

1792 2784 1884 2840 sed
1912 2784 2089 2843 diil'ert
2111 2800 2208 2858 per
2226 2784 2334 2844 hoc
2368 2788 2512 2859 quod
2536 2793 2811 2865 sequitur,
2853 2808 3083 2864 quorum
3111 2806 3218 2850 non
3258 2810 3370 2852 meo

1791 2876 1995 2933 ministi
2025 2879 2220 2935 adhuc.
3032 2872 3035 2875 ’

1860 2970 1929 3026 In
1977 2972 2233 3047 sepulcro.
2266 2973 2321 3030 ld
2350 2981 2467 3042 est,
2517 2976 2571 3032 in
2617 2978 2823 3034 carnali
2867 2978 3146 3052 voluptate
3186 2980 3366 3061 sopiti,

1790 3062 1933 3117 unde
1961 3062 2102 3119 Deus
2136 3080 2244 3120 non
2267 3067 2469 3122 excitat
2488 3082 2608 3124 eos.

1838 3152 1928 3233 ‘Et
1960 3155 2061 3225 ipsi
2081 3154 2146 3211 de
2169 3172 2332 3215 manu
2358 3167 2451 3213 tua
2473 3159 2666 3229 repulsi
2688 3170 2828 3216 sunt.
2876 3161 3058 3235 (Aue.)
3083 3154 3199 3220 Non
3228 3165 3373 3220 enim

1790 3245 1857 3300 ad
1904 3244 2232 3305 dormientes
2275 3249 2379 3306 hoc
2426 3250 2680 3319 refertur,
2712 3252 2766 3310 in
2815 3256 3011 3331 quibus
3051 3264 3179 3315 sunt
3212 3257 3368 3329 justi,

1790 3355 2017 3423 quorum
2052 3338 2183 3397 licet
2206 3358 2312 3426 non
2340 3344 2649 3401 meminerit
2675 3345 2818 3403 Deus
2858 3347 3062 3414 adhuc,
3098 3356 3157 3407 ut
3190 3365 3371 3405 resur-

1789 3440 1952 3505 gant:
1980 3434 2045 3489 de
2070 3434 2155 3489 his
2185 3443 2361 3491 tamen
2388 3436 2591 3493 dictum
2610 3440 2694 3494 est
2728 3458 2741 3494 :
2778 3437 3057 3495 Justorum
3085 3440 3276 3496 animo:
3312 3441 3369 3496 in

1788 3542 1948 3581 manu
1986 3524 2083 3583 Dei
2105 3537 2227 3583 sunt
2249 3525 2398 3601 (Sap.
2431 3529 2536 3603 ιιι).
2568 3528 2687 3597 Vel,
2717 3543 2998 3604 posuerunt
3024 3549 3105 3588 me
3125 3534 3203 3589 rei
3232 3534 3373 3590 veri-

1789 3625 1920 3687 tate,
1946 3615 2014 3673 ln
2040 3616 2158 3672 lacu
2187 3617 2448 3691 inferiori,
2473 3618 2527 3676 id
2559 3629 2661 3687 est,
2693 3620 2748 3676 in
2778 3621 2937 3695 aquis
2961 3620 3191 3689 inferni,
3219 3622 3366 3680 scili-

1787 3720 1875 3765 cet
1897 3706 1951 3765 in
1973 3710 2215 3765 tenebris
2244 3718 2301 3766 et
2328 3711 2383 3766 in
2412 3711 2601 3768 umbra
2630 3714 2845 3771 mortis.

1859 3797 2022 3856 Vsus.
2045 3800 2097 3855 7.
2121 3832 2191 3841 —
2218 3799 2287 3856 In
2315 3801 2434 3857 lacu
2483 3803 2741 3877 inferiori.
2773 3804 2978 3883 (Cass)
3008 3800 3108 3863 Vel
3132 3805 3367 3878 inferni:

1787 3890 1912 3963 quia
1941 3899 2049 3945 tam
2083 3889 2290 3961 abiecta
2323 3901 2496 3949 morte
2522 3894 2733 3951 ablatus
2769 3902 2852 3951 est
2880 3896 2936 3950 in
2960 3897 3202 3951 tenebris
3232 3897 3368 3952 obli-

1785 3980 1984 4047 vionis,
2011 3996 2172 4053 quem
2197 3998 2355 4039 nemo
2382 3986 2639 4055 requiret.
2670 3985 2741 4041 Et
2766 3987 2948 4041 umbra
2972 3988 3174 4051 mortis,
3210 3984 3365 4044 locus

1788 4072 2074 4141 malorum,
2108 4075 2161 4129 in
2191 4091 2298 4145 quo
2324 4078 2647 4149 puniuntur,

1858 4164 2021 4219 Vens.
2059 4162 2111 4221 8.
2147 4198 2217 4206 —
2246 4165 2413 4239 Super
2436 4188 2517 4223 me
2544 4171 2885 4240 conﬁrmatus
2913 4179 3008 4225 est.
3038 4168 3181 4239 (ln.)
3210 4166 3368 4226 Puta-

1784 4254 1917 4311 bant
1942 4256 2085 4325 quod
2109 4256 2188 4310 ira
2218 4256 2314 4312 Dei
2341 4258 2592 4329 periisset
2617 4267 2672 4314 et
2709 4259 2851 4328 quod
2883 4259 3024 4313 Deus
3054 4272 3242 4313 omnes
3283 4259 3365 4313 ln-

1784 4345 2120 4419 dignationes
2167 4364 2330 4421 super
2357 4365 2477 4407 eum
2510 4350 2844 4417 induxisset,
2881 4346 3097 4420 quando
3138 4346 3363 4423 pertulit

1784 4450 1908 4494 eum
1938 4437 2201 4509 crucifigi.

1856 4528 2019 4582 Vens.
2046 4527 2100 4582 9.
2133 4557 2205 4568 —
2233 4525 2410 4600 Longe
2436 4527 2625 4598 fecisti.
2649 4525 2772 4601 (ιιι.)
2799 4526 2939 4597 Quid
2975 4528 3134 4583 amici
3165 4526 3282 4597 ejus
3305 4529 3359 4585 in

1783 4621 2034 4690 passione
2063 4618 2325 4675 fecerunt.

1856 4708 2044 4763 Notos.
2070 4707 2188 4764 Non
2233 4725 2368 4781 quos
2412 4710 2564 4766 novit
2606 4727 2620 4765 :
2653 4710 2777 4781 quia
2813 4718 2939 4766 tunc
2966 4724 3154 4768 omnes
3193 4724 3359 4767 nove-

1783 4809 1866 4855 rat
1891 4809 1950 4853 nt
1976 4800 2135 4866 Deus,
2166 4801 2260 4857 sed
2284 4801 2480 4872 quibus
2502 4810 2661 4858 notus
2690 4811 2774 4857 est

1850 4882 2009 4945 vus.
2038 4891 2124 4946 10.
2156 4922 2225 4933 -
2250 4890 2379 4946 Tota
2413 4892 2517 4949 die.
2557 4892 2739 4966 (Λυσι.)
2776 4890 2878 4950 Per
2901 4905 3142 4954 extensae
3169 4912 3357 4951 manus

1778 4983 2111 5039 continuatio
2167 4983 2430 5039 bonorum
2472 4998 2718 5056 cperam,
2764 5001 2794 5040 a
2841 4986 3038 5057 quibus
3078 5000 3355 5055 nunquam

1777 5075 2027 5138 cessavit,
2058 5074 2393 5146 intelligitur.
2417 5072 2475 5129 ln
2502 5090 2662 5131 cruce
2686 5076 2830 5131 enim
2866 5091 2964 5132 nec
3002 5091 3107 5130 una
3136 5084 3243 5129 tota
3269 5075 3356 5130 die

1773 5162 1874 5218 fuit
1903 5164 1991 5219 illa
2021 5166 2285 5223 extensio.
2318 5180 2419 5221 nec
2450 5174 2619 5222 totum
2653 5183 2749 5238 pro
2780 5177 2933 5240 parte
2974 5176 3153 5237 potest
3182 5167 3353 5238 accipi

1770 5271 1893 5312 cum
1941 5258 2089 5317 addit
2121 5268 2265 5324 tota;
2312 5261 2407 5317 sed
2434 5263 2559 5332 quia
2615 5263 2729 5318 haec
2764 5278 2926 5334 opera
2970 5276 3077 5318 non
3104 5264 3353 5319 omnibus

1768 5350 2114 5421 profuerunt,
2144 5351 2325 5408 addit.
2352 5424 2359 5435 .

1842 5443 2002 5500 Vsus.
2034 5445 2121 5500 ii.
2143 5476 2217 5486 —
2243 5445 2497 5523 Nunquid
2525 5448 2764 5502 mortuis.
2795 5444 3038 5507 Mortuus
3075 5450 3240 5509 corde
3279 5454 3359 5509 di-

1769 5535 1862 5601 cit,
1887 5535 2081 5605 quibus
2110 5533 2243 5591 tiunt
2280 5535 2494 5607 quidem
2538 5533 2794 5591 miracula
2822 5533 3057 5609 Christi,
3101 5542 3195 5599 sed
3248 5558 3357 5598 non

1767 5635 1993 5696 prosunt
2017 5627 2095 5681 eis
2127 5645 2140 5682 :
2174 5628 2400 5684 mortuis
2425 5628 2567 5684 enim
2603 5641 2833 5696 corpore
2865 5634 3005 5689 facta
3032 5643 3159 5690 sunt
3190 5635 3355 5690 mira-

1767 5714 1916 5781 bilia,
1964 5731 2086 5771 cum
2139 5717 2357 5787 quidam
2409 5716 2743 5777 revixerunt.
2800 5722 2868 5779 Et
2919 5737 3041 5778 cum
3094 5724 3357 5782 Dominus

1768 5806 2036 5865 infernum
2059 5812 2377 5882 penetravit,
2406 5820 2572 5886 atque
2597 5811 2726 5872 inde
2753 5817 2929 5874 victor
2949 5818 3144 5874 mortis
3164 5832 3357 5875 ascen-

1769 5896 1877 5965 dit,
1908 5912 2161 5972 magnum
2188 5900 2388 5957 factum
2421 5914 2508 5963 est
2543 5906 2774 5965 mortuis
2811 5907 3152 5967 minantum.
3196 5900 3352 5966 Nun-
