4008 6348
568 396 668 455 991

1069 391 1459 450 WALAFRIDI
1499 393 1746 452 STRABI
1780 394 1984 452 FULD.
2023 394 2189 452 MON.
2229 397 2379 452 OPP.
2421 397 2600 456 PARS
2635 401 2676 456 I.
2731 432 2786 444 —
2824 403 3284 464 THEOLOGICA.

565 512 692 582 quid
730 511 969 566 mortuis.
996 508 1195 583 (Cass)
1223 509 1429 576 Quibus
1453 525 1561 565 non
1588 519 1818 580 prosunt
1843 523 2008 579 opera
2044 524 2140 564 sua
2167 513 2220 575 Α
2244 526 2340 581 spe
2365 511 2792 570 Christianorum
2811 525 2867 570 et
2891 517 3288 590 magniﬁcentia
3317 521 3532 580 Domini
3550 527 3726 584 multa
3749 530 3830 585 di-

566 605 820 663 ostendit.
862 605 965 657 Aut
988 603 1175 657 medici
1195 603 1520 657 suscitabunt
1542 642 1559 669 ,
1596 612 1698 656 etc.
1728 601 1910 673 (Αιια.)
1939 600 1998 656 In
2026 601 2138 656 He-

565 697 714 753 braeo
742 709 848 750 non
876 693 1094 758 medici,
1117 702 1247 759 etc.,
1275 709 1436 764 usque
1463 692 1565 746 ad:
1582 690 1750 745 Nemo
1771 699 1934 761 potest
1967 690 2139 745 venire

566 785 638 840 ad
670 800 783 847 me,
811 781 912 837 nisi
949 781 1112 837 Pater
1136 784 1352 836 traxerit
1381 798 1516 836 eum.

637 877 801 933 Vens.
834 875 920 931 12.
943 907 1016 916 -
1034 874 1300 946 Sepulcro.
1339 874 1490 930 Unde
1527 874 1581 928 in
1611 873 1898 944 Evangelio
1928 873 1992 928 de
2019 873 2141 928 tali-

565 973 668 1029 bus
697 990 710 1027 :
743 971 952 1026 Similes
977 973 1097 1026 estis
1127 970 1376 1040 sepulcris
1405 967 1658 1023 dealbatis
1682 985 1798 1038 qua:
1827 967 1955 1037 foris
1982 984 2140 1037 appa-

567 1075 682 1121 rent
711 1064 1002 1119 hominibus
1037 1065 1270 1135 speciosa
1299 1080 1318 1118 :
1347 1062 1634 1117 intusavero
1662 1060 1815 1130 plena
1857 1068 1976 1114 sunt
2003 1060 2138 1114 ossi-

569 1156 664 1212 bus
713 1167 1034 1210 mortuorum
1060 1195 1076 1221 ,
1134 1154 1336 1225 quasi,
1396 1154 1475 1208 sic
1523 1160 1578 1207 et
1603 1167 1696 1207 vos
1755 1149 2025 1222 hypocrisi
2085 1157 2141 1204 et

567 1250 869 1320 iniquitate.
918 1249 1335 1304 Misericordiam
1373 1258 1422 1303 et
1452 1248 1740 1302 veritatem.
1769 1245 1952 1318 (Auo.)
1985 1245 2140 1300 Mise-

566 1339 855 1394 ricordiam
883 1346 938 1393 et
973 1338 1255 1394 veritatem
1292 1346 1440 1392 amat
1465 1336 1787 1406 conjungere
1817 1334 2095 1405 Scriptura
2121 1351 2135 1387 :

564 1430 798 1486 maxime
827 1430 880 1484 in
909 1429 1147 1500 psalmis.

636 1523 798 1578 Vens.
833 1522 918 1576 15.
943 1551 1013 1562 -
1038 1521 1107 1575 In
1145 1521 1385 1576 tenebris.
1417 1519 1560 1575 Idem
1598 1526 1726 1575 sunt
1751 1515 1950 1572 mortui
1978 1515 2139 1586 positi

563 1613 619 1669 in
649 1612 910 1684 sepulcro,
944 1621 1000 1667 et
1029 1613 1283 1678 tenebrae,
1306 1620 1360 1667 et
1386 1623 1530 1666 terra
1561 1609 1864 1666 oblivionis.

634 1704 798 1760 Vens.
830 1702 917 1759 M.
939 1733 1010 1744 —-
1033 1703 1146 1774 Ego
1192 1704 1260 1756 ad
1288 1713 1357 1769 te,
1385 1702 1628 1766 Domine,
1651 1699 1892 1754 clamavi.
1937 1697 2136 1770 (Cass)

563 1795 692 1862 Quae
719 1796 774 1850 in
814 1795 926 1850 suis
961 1795 1227 1860 sustinet;
1257 1808 1385 1850 ecce
1411 1794 1609 1849 chorus
1644 1792 1973 1862 respondens
2001 1807 2136 1863 prae-

562 1887 784 1942 cinenti.

635 1981 758 2053 (ln.)
788 1980 857 2034 Et
881 1997 972 2051 ego
1001 1982 1186 2052 quasi,
1217 1996 1339 2036 cum
1368 1980 1503 2047 illis,
1529 1996 1652 2034 cum
1679 1980 1874 2050 quibus
1913 1995 2100 2034 unum.

634 2073 815 2146 (Auc.)
833 2072 904 2128 Et
927 2091 1038 2144 ego.
1069 2072 1165 2130 His
1184 2074 1409 2130 mortuis
1427 2089 1532 2128 non
1556 2083 1782 2145 prosunt
1801 2087 1985 2143 opera,
2005 2081 2138 2138 etc.,

560 2182 722 2237 usque
748 2165 815 2220 ad
847 2164 911 2219 Ut
957 2165 1102 2236 quid,
1133 2165 1374 2228 Domine,
1403 2165 1624 2236 repellis.

617 2243 796 2312 (Vens.
822 2256 907 2311 15.
924 2288 994 2298 -
1015 2256 1081 2311 Ut
1104 2258 1247 2329 quid.
1268 2256 1467 2329 (Cass.)
1490 2255 1630 2314 Ecce
1650 2265 1912 2328 quantum
1934 2255 2139 2312 deside-

559 2356 666 2404 rat.
711 2345 778 2402 Ut
812 2348 973 2419 quid,
1005 2347 1243 2402 Domine.
1290 2347 1578 2418 Proponit,
1631 2348 1974 2418 quaerendam
2021 2363 2141 2404 esse

561 2452 782 2496 causam
824 2453 840 2492 :
888 2453 1007 2509 quae
1045 2448 1158 2507 est,
1205 2447 1264 2494 ut
1300 2439 1556 2496 dilatione
1592 2440 1752 2505 boni,
1801 2448 1854 2494 et
1897 2440 2140 2496 adversis

562 2531 949 2601 multiplicatis,
979 2531 1174 2601 quibus
1201 2531 1416 2602 repulsa
1451 2532 1606 2602 quasi
1637 2531 1810 2588 oratio
1833 2529 2136 2585 inﬂamme-

562 2630 650 2678 tur
670 2622 963 2678 ardentius.

633 2713 792 2770 Vens.
833 2716 917 2770 16.
947 2745 1020 2756 -
1041 2717 1339 2771 Eaaltatus.
1381 2716 1504 2790 (ιο.)
1532 2717 1690 2774 Prius
1719 2717 1924 2773 tumido
1955 2717 2134 2783 corde,

561 2813 770 2877 postea,
800 2805 1144 2861 Humiliatus.
1178 2806 1282 2861 Per
1314 2807 1725 2863 confessionem.
1761 2806 2134 2875 Conturbatus,

561 2895 619 2951 id
646 2904 750 2962 est,
780 2895 1038 2952 confusus
1067 2897 1132 2952 de
1154 2899 1412 2968 peccatis,
1443 2915 1506 2954 ea
1537 2899 1864 2955 damnando.

637 2985 794 3044 Vens.
827 2989 912 3044 17.
957 3019 1027 3029 -
1058 2989 1417 3048 Transierunt.
1449 2991 1648 3065 (Cass)
1687 2992 1805 3049 Non
1853 2999 2135 3048 mansuete

561 3082 922 3152 contigerunt.

631 3170 812 3244 (Anc)
843 3170 977 3239 Quia
1004 3188 1113 3229 non
1139 3175 1206 3230 de
1243 3174 1416 3242 ﬁdeli,
1467 3175 1562 3231 sed
1597 3176 1662 3231 de
1693 3175 1894 3231 infideli
1932 3176 2132 3231 dictum

2241 601 2337 667 cit,
2369 616 2466 671 per
2515 618 2636 675 quae
2671 620 2830 661 nemo
2856 608 3167 676 seducitur,
3207 612 3298 681 qui
3342 614 3500 685 digne
3528 617 3826 688 supplicet,

2240 697 2382 766 quod
2419 711 2578 752 verus
2604 698 2768 755 Israel
2796 701 2867 754 ita
2890 701 3158 774 intelligit.
3191 705 3376 762 Primo
3402 707 3472 763 de
3499 710 3826 770 misericor-

2239 785 2328 843 dia
2356 795 2410 842 et
2432 789 2664 844 veritate
2689 805 2748 846 se
2767 799 2988 846 cantare
3008 795 3276 863 promittit
3317 795 3610 867 Propheta.

2311 877 2378 932 In
2407 887 2677 934 cternum.
2709 879 2910 952 (Cass.,
2937 883 3104 956 Rex.)
3127 885 3406 953 Quomodo
3433 891 3828 949 misericordias

2239 969 2295 1022 in
2320 979 2568 1024 wternum
2591 981 2784 1037 cantat,
2807 982 2862 1027 et
2891 976 3092 1044 gratias
3115 977 3260 1048 agit,
3299 978 3391 1047 qui
3442 981 3678 1036 miseriae
3719 999 3830 1039 non

2239 1061 2518 1115 meminit?
2546 1061 2823 1129 Quomodo
2843 1073 3020 1120 autem
3045 1067 3200 1137 plena
3226 1067 3505 1124 beatitudo
3536 1071 3582 1126 si
3617 1087 3830 1127 memo-

2240 1149 2526 1206 ria-reatus
2552 1161 2787 1208 mentem
2833 1155 3051 1226 tangit?
3100 1156 3206 1212 Sed
3251 1174 3393 1230 saepe
3435 1159 3544 1214 laeti
3583 1163 3828 1218 tristium

2240 1241 2604 1309 meminimus,
2651 1251 2706 1298 et
2731 1246 2850 1298 sani
2883 1245 3128 1301 dolorum
3177 1248 3295 1303 sine
3339 1247 3544 1314 dolore,
3595 1260 3656 1306 et
3697 1253 3824 1307 inde

2241 1330 2471 1400 amplius
2499 1331 2604 1387 laeti
2631 1342 2686 1388 et
2733 1335 2874 1404 grati
2915 1352 3131 1404 sumus;
3161 1337 3241 1392 sic
3283 1338 3466 1410 itaque
3501 1349 3557 1394 et
3591 1341 3829 1396 miseria:

2240 1424 2542 1478 recordatio
2584 1425 2658 1478 nil
2689 1426 3036 1484 beatitudinis
3065 1429 3321 1483 detrahit.

2319 1510 2620 1567 Veritatem.
2651 1511 3093 1570 Promissionem.
3119 1515 3176 1570 In
3206 1532 3321 1582 ore,
3352 1533 3458 1573 non
3483 1533 3552 1574 ex
3577 1534 3678 1574 ore
3701 1519 3829 1574 labi-

2239 1610 2346 1667 tur,
2373 1604 2464 1657 sed
2493 1605 2546 1657 in
2570 1619 2664 1659 ore
2693 1606 2782 1662 diu
2809 1614 3066 1676 tanquam
3089 1608 3244 1662 dulce
3280 1620 3548 1665 versatur.

2309 1693 2470 1752 Vens.
2505 1697 2557 1750 5.
2591 1729 2660 1737 -
2689 1696 2950 1764 Quoniam
2969 1700 3170 1754 dixisti.
3195 1700 3292 1756 Hic
3314 1701 3445 1757 dicit
3470 1720 3484 1755 :
3517 1699 3677 1757 Unde
3701 1703 3828 1756 scit?

2238 1798 2294 1844 et
2328 1804 2447 1860 quae
2477 1791 2862 1845 misericordiae
2885 1791 2980 1846 Dei
3016 1805 3112 1863 per
3146 1791 3420 1847 Christum
3461 1791 3612 1846 sint?
3641 1791 3824 1861 (Auc.)

2165 1876 2218 1936 Β
2245 1881 2390 1948 Quas
2437 1883 2870 1951 misericordias,
2916 1892 2972 1939 et
3016 1899 3178 1954 quam
3224 1884 3511 1939 veritatem
3548 1884 3828 1939 cantabo?

2245 1974 2406 2029 Ecce.

2239 2067 2249 2119 ἔ
2315 2063 2577 2130 Quoniam
2620 2065 2821 2120 dixisti.
2859 2066 3025 2134 Quasi
3061 2067 3246 2122 dicat:
3279 2067 3389 2137 Ego
3431 2066 3600 2122 homo
3637 2081 3826 2121 secure

2242 2156 2384 2222 dico,
2399 2157 2540 2226 quod
2557 2165 2636 2223 tu,
2654 2157 2816 2222 Deus,
2834 2158 3035 2224 dixisti,
3052 2173 3148 2228 per
3165 2158 3427 2228 Spiritum
3442 2157 3823 2212 manifestasti.

2313 2247 2678 2303 Misericordia
2731 2249 3097 2318 wdiﬁcabitur.
3154 2249 3334 2322 (Auc.)
3386 2250 3696 2319 Utrumque
3747 2266 3827 2305 re-

2239 2342 2396 2412 petit,
2428 2342 2570 2412 quod
2591 2342 2859 2412 praedixit.
2886 2341 3022 2409 Quia
3047 2343 3316 2398 universae
3346 2345 3444 2397 vize
3479 2343 3698 2398 Domini
3726 2344 3826 2398 mi-

2241 2432 2532 2488 sericordia
2557 2440 2613 2488 et
2632 2434 2851 2489 veritas.
2869 2433 2985 2489 Non
3010 2435 3302 2490 exhibetur
3330 2437 3532 2490 veritas
3554 2437 3610 2491 in
3636 2438 3824 2507 imple-

2240 2523 2386 2578 tione
2436 2525 2852 2594 promissorum,
2897 2526 2999 2580 nisi
3033 2526 3309 2596 praecedat
3358 2528 3736 2583 misericordia
3775 2529 3825 2582 in

2239 2612 2558 2669 remissione
2597 2626 2964 2685 peccatorum.
3020 2616 3290 2686 Denique,
3338 2619 3542 2672 veritas
3592 2617 3824 2684 Iudaeis,

2239 2704 2435 2775 quibus
2461 2706 2726 2776 promissa
2755 2706 2897 2762 facta
2925 2714 3088 2772 sunt,
3113 2708 3388 2777 pertinet,
3429 2709 3821 2773 misericordia,

2237 2796 2523 2866 gentibus:
2557 2805 2614 2852 ut
2638 2798 2716 2853 ait
2737 2798 3024 2870 Apostolus
3055 2817 3068 2854 :
3097 2799 3228 2854 Dico
3269 2801 3405 2854 enim
3452 2800 3638 2854 Iesum
3678 2801 3827 2856 Chri-

2237 2897 2376 2942 stum
2409 2890 2706 2944 ministrum
2753 2891 2914 2962 fuisse
2953 2893 3362 2947 circumcisionis
3391 2903 3604 2962 prapter
3647 2896 3827 2948 verita~

2239 2988 2344 3034 tem
2385 2980 2480 3035 Dei
2525 2983 2840 3054 implendam
2868 3001 2885 3039 :
2909 2994 3080 3056 gentes
3127 2995 3301 3040 autem
3337 3003 3493 3057 super
3529 2988 3823 3042 misericor-

2237 3073 2327 3127 dia
2364 3075 2622 3131 lionorare
2647 3077 2814 3132 Deum
2844 3077 3015 3151 (Rom.
3049 3079 3161 3150 xv).

2309 3163 2377 3219 In
2406 3165 2566 3221 caelis.
2604 3166 2707 3234 Qui
2735 3177 2989 3224 enarrant
3016 3169 3242 3242 gloriam
3264 3172 3380 3237 Dei,
3403 3188 3502 3242 per
3528 3189 3668 3245 quos
3698 3175 3824 3231 :edi-

555 3270 644 3319 est
668 3278 682 3318 :
710 3263 804 3318 Ira
826 3263 927 3318 Dei
952 3274 1125 3320 manet
1164 3283 1319 3336 super
1352 3283 1468 3320 eum
1511 3265 1690 3338 (Joan.
1725 3267 1827 3338 ιιι).
1879 3265 2139 3340 Flagellat
2171 3249 2218 3313 α
2248 3255 2442 3312 ﬁcallll‘
2469 3259 2859 3314 misericordia-

559 3353 703 3407 enim
731 3353 867 3410 ﬁlios
893 3369 1029 3426 quos
1054 3355 1266 3427 rmipit,
1297 3356 1472 3411 unde:
1505 3357 1646 3422 Quos
1669 3373 1761 3425 ego
1789 3374 1906 3412 amo
1925 3397 1940 3422 ,
1973 3375 2138 3429 arguo

557 3455 607 3502 et
637 3448 829 3516 castigo
853 3447 1034 3518 (Apoc.
1067 3447 1169 3520 ιιι).
1203 3447 1270 3501 Ει
1291 3447 1417 3502 alibi
1444 3444 1779 3502 :Percutiam
1813 3456 1859 3502 et
1886 3449 2086 3503 sanabo
2117 3465 2136 3504 :

559 3539 793 3594 occidam
813 3549 862 3593 et
891 3541 1053 3596 vivere
1075 3541 1268 3610 faciam
1291 3539 1467 3610 (Deut.
1500 3540 1692 3614 xxx").
1727 3539 1849 3612 (Ιο.)
1894 3539 2138 3595 Transie-

559 3641 678 3687 runt
708 3643 756 3687 et
794 3634 1247 3688 conturbauerunt.
1296 3632 1431 3700 Quia
1477 3631 1622 3686 aliud
1645 3632 1758 3703 jam
1801 3633 1866 3687 de
1913 3633 2136 3687 damna-

557 3723 704 3780 tione
734 3725 970 3795 patimur
989 3767 1003 3791 ,
1042 3734 1097 3780 et
1122 3725 1267 3780 aliud
1299 3724 1366 3778 de
1394 3733 1596 3778 aeterna
1625 3723 1830 3779 ultione
1857 3725 2127 3780 timemus.

561 3813 804 3870 Terrores
835 3815 930 3868 tui.
967 3813 1164 3886 (Cass)
1202 3813 1346 3881 Quos
1375 3815 1551 3884 patior
1579 3829 1592 3867 :
1618 3814 1741 3884 quia
1769 3814 1860 3868 tibi
1909 3813 2128 3885 placuit,

559 3923 667 3962 non
697 3921 819 3962 meo
846 3907 1058 3962 merito.
1093 3906 1274 3980 (Auc.)
1301 3907 1563 3963 Terrores
1583 3905 1749 3962 futuri
1766 3907 1976 3978 judicii,
1997 3923 2132 3978 quos

557 3999 736 4055 omnis
763 4013 888 4054 caro
913 3999 1082 4054 timet.

630 4087 1081 4144 Conturbaverunt
1123 4105 1221 4142 me.
1265 4087 1571 4145 Secundum
1620 4089 1990 4145 inﬁrmitatem
2013 4106 2131 4146 car-

557 4184 659 4238 nis.
696 4183 878 4255 (Auc.)
909 4180 1358 4237 Conturbaverunt
1401 4197 1483 4236 me
1528 4181 1815 4250 aliquando
1871 4189 2126 4248 terrores,

557 4277 632 4332 ita
671 4276 999 4332 conturbant
1039 4274 1278 4329 animum
1307 4273 1594 4345 cogitantis
1637 4273 2126 4344 circumpendenti-

554 4369 656 4423 bus
682 4366 862 4432 malis,
885 4373 946 4422 ut
969 4365 1108 4420 sicut
1137 4379 1289 4435 aqua:
1321 4363 1695 4421 circumﬂuere
1725 4365 2008 4420 videantur
2029 4407 2043 4429 ,
2076 4375 2129 4421 et

557 4457 714 4512 simul
763 4457 999 4527 undique
1027 4457 1365 4511 circumdare
1388 4497 1403 4522 ,
1461 4457 1602 4511 unde
1641 4456 1801 4511 amici
1830 4465 1884 4512 et
1916 4457 2028 4511 noti
2063 4457 2130 4512 ti-

557 4564 708 4604 more
759 4549 1031 4615 deserunt,
1082 4549 1224 4604 unde
1251 4547 1574 4618 Apostolus:
1605 4548 1795 4605 Omnes
1830 4566 1911 4604 me
1939 4551 2128 4605 dereli-

553 4647 778 4712 querunt
805 4638 890 4710 (II
919 4639 1050 4694 Tim.
1082 4639 1179 4710 ιν).

629 4731 789 4786 Vens.
818 4731 905 4786 18.
933 4759 1003 4770 --
1025 4727 1488 4785 Circumdederunt
1529 4747 1628 4785 me.
1663 4730 1862 4804 (Cass)
1901 4731 2125 4788 Peccata

554 4823 792 4894 undique
821 4822 1038 4892 copiosa
1063 4821 1412 4876 inundatione
1442 4821 1784 4876 concludunt.

658 4912 788 4968 Tota
820 4914 925 4966 die.
954 4909 1136 4983 (Auc.)
1167 4910 1301 4978 Quia
1328 4911 1472 4966 nullo
1505 4922 1742 4984 tempore
1769 4913 1962 4969 desunt
1988 4915 2128 4970 mala

555 5006 812 5064 Ecclesiae
860 5003 1030 5058 donec
1075 5001 1291 5056 ﬁniatur
1325 5001 1598 5057 smeulum.
1635 5001 1740 5058 Sed
1785 5005 1901 5059 haec
1945 5005 2127 5061 omnia

557 5101 715 5165 ﬁunt,
741 5108 800 5154 ut
830 5096 1004 5153 oratio
1029 5094 1284 5150 Ecclesia:
1308 5097 1601 5164 praeveniat
1631 5096 1798 5150 Deum
1840 5096 2010 5152 donec
2037 5097 2126 5152 illa

557 5195 704 5252 salus
733 5193 933 5258 veniat,
957 5192 1049 5246 ubi
1075 5189 1205 5246 nihil
1229 5191 1492 5246 malorum
1518 5191 1604 5245 sit.

627 5284 788 5341 Vens.
821 5283 906 5339 l9.
940 5312 1011 5324 -—
1034 5283 1274 5336 Amicum
1304 5281 1526 5355 (Cass)
1561 5279 1626 5334 Et
1651 5280 1742 5350 qui
1784 5281 1875 5352 pio
1902 5289 1956 5339 et
1983 5283 2127 5339 ﬁdeli

559 5393 742 5435 amore
773 5375 1042 5445 conjuncti
1073 5383 1213 5430 sunt.

630 5469 936 5526 Proximum
965 5477 1013 5522 et
1050 5477 1220 5530 notos,
1266 5474 1370 5520 etc.
1417 5463 1718 5519 Parentela.
1774 5464 1926 5536 Saepe
1967 5465 2128 5536 justis

558 5563 791 5620 humana
825 5559 998 5615 ofﬁcia
1025 5561 1216 5612 timore
1240 5557 1512 5611 subtracta
1539 5565 1679 5611 sunt.

997 5693 1220 5748 PSALM
1232 5691 1316 5748 US
1355 5693 1678 5750 LXXXVIII.

639 5826 795 5906 Vens.
829 5827 880 5885 ‘2.
900 5857 969 5867 -ο-
996 5825 1402 5892 Misericordias.
1433 5827 1628 5901 (Cass)
1660 5827 1758 5890 llic
1785 5829 2031 5894 Psalmus
2058 5833 2124 5896 dc

2289 3345 2478 3426 Vens.
2509 3348 2566 3402 4.
2591 3350 2868 3406 -Ιιιναυί
2906 3351 3076 3407 David
3119 3370 3263 3410 servo
3286 3371 3418 3408 meo.
3469 3354 3709 3412 Securus
3748 3367 3824 3412 est

2241 3437 2343 3493 iste
2364 3480 2380 3506 ,
2428 3439 2550 3496 ideo
2595 3441 2720 3511 quia
2768 3441 2910 3498 Deus
2939 3443 3075 3497 dixit
3107 3459 3121 3497 :
3153 3445 3420 3512 securior,
3452 3446 3580 3516 quia
3600 3448 3824 3517 juravit.

2238 3529 2448 3586 Juratio
2483 3531 2580 3586 Dei
2603 3533 2980 3603 promissionis
3003 3544 3086 3590 est
3107 3535 3446 3592 conﬁrmatio
3465 3577 3480 3604 ,
3503 3552 3573 3592 ex
3597 3548 3824 3610 utroque

2238 3622 2300 3679 ﬁt
2327 3624 2487 3678 homo
2514 3623 2719 3690 Ethan,
2751 3625 2805 3679 id
2832 3635 2934 3692 est,
2971 3627 3237 3695 robustus.

2308 3711 2472 3766 Vens.
2505 3712 2556 3766 5.
2577 3742 2646 3753 —
2668 3712 2734 3767 In
2761 3725 3032 3772 reternum.
3061 3717 3261 3791 (Cass)
3287 3719 3403 3775 Non
3436 3729 3523 3776 est
3552 3729 3822 3793 tempora—

2235 3806 2302 3860 lis
2327 3807 2614 3862 aediﬁcatio
2659 3808 3066 3878 misericordiae,
3113 3813 3256 3868 sicut
3299 3816 3456 3870 ruina
3513 3817 3823 3886 iniquitatis

2237 3901 2547 3973 temporalis
2573 3910 2656 3958 est
2686 3919 2700 3956 :
2725 3904 3021 3960 destruitur
3038 3907 3180 3960 enim
3213 3909 3466 3978 iniquitas
3495 3912 3817 3980 temporalis

2234 4001 2287 4054 in
2309 3999 2650 4068 quibusdam,
2675 4008 2734 4054 ut
2760 4000 2814 4055 in
2839 4001 2918 4056 eis
2945 4000 3236 4058 aediﬁcetur
3265 4012 3466 4059 aeterna
3505 4005 3822 4060 misericor-

2233 4091 2340 4154 dia,
2383 4091 2527 4146 unde
2556 4090 2803 4147 Jeremiae
2833 4093 3091 4149 Dominus
3117 4096 3246 4150 dicit
3277 4113 3289 4148 :
3329 4095 3464 4150 Ecce
3484 4113 3606 4168 ergo
3629 4102 3824 4152 consli-

2233 4180 2309 4233 tui
2331 4190 2379 4234 te
2407 4197 2563 4252 super
2585 4192 2757 4252 gentes
2795 4193 2840 4237 et
2869 4201 3056 4254 regna,
3096 4195 3152 4241 ut
3183 4186 3370 4241 evellas
3397 4199 3446 4242 et
3469 4189 3714 4244 destruas
3733 4233 3746 4252 .
3771 4201 3819 4243 et

2231 4271 2530 4342 disperdas,
2563 4285 2610 4328 et
2649 4275 2888 4346 dissipes,
2915 4286 2961 4330 et
2986 4278 3212 4347 tediﬁces
3240 4289 3288 4332 rt
3308 4278 3530 4350 plantes.
3569 4279 3634 4334 In
3659 4299 3814 4352 gene-

2231 4365 2503 4418 rationem.
2543 4363 2725 4437 (Auc.)
2771 4365 3065 4424 Generatio
3091 4369 3236 4423 enim
3271 4383 3377 4424 non
3421 4379 3638 4440 potest,
3683 4383 3818 4434 εις..

2230 4472 2391 4526 usque
2428 4457 2498 4510 ad
2523 4457 2728 4512 sedebit
2750 4468 2805 4513 et
2827 4469 2951 4514 tunc
2983 4461 3034 4514 in
3061 4461 3279 4516 sanctis.

2302 4545 2467 4602 Vens.
2497 4548 2550 4602 6.
2573 4579 2643 4588 —
2664 4547 3063 4618 Conﬁtebuntur
3102 4553 3238 4606 caeli.
3279 4549 3450 4623 (Css.)
3483 4552 3817 4624 Diapsalma.

2153 4619 2210 4680 D
2235 4637 2481 4694 Secundo
2511 4640 2736 4696 diversis
2763 4641 2936 4697 modis
2968 4640 3177 4708 laudes,
3198 4651 3255 4697 et
3274 4619 3699 4713 potentiam-Dei
3729 4647 3822 4700 dc-

2235 4731 2459 4797 scribit,
2497 4733 2688 4802 quasi,
2718 4733 2856 4788 sicut
2885 4734 3088 4798 dixisti,
3144 4736 3215 4790 ita
3252 4735 3367 4792 ﬁet.
3399 4735 3818 4806 Confitebttntur,

2235 4818 2552 4876 laudabunt.

2305 4911 2701 4982 Conﬁtebuntur
2727 4915 2840 4970 caeli
2861 4917 3146 4972 mirabilia.
3175 4919 3232 4974 In
3258 4919 3403 4975 omni
3424 4921 3570 4975 enim
3600 4922 3821 4978 miseri-

2232 5005 2417 5060 cordia
2454 5007 2818 5076 perditorum,
2855 5009 2908 5064 in
2941 5010 3328 5081 justiﬁcatione
3366 5012 3658 5083 impiorum
3686 5016 3820 5084 quid

2235 5096 2512 5153 laudamus
2531 5099 2632 5154 nisi
2659 5099 2922 5156 mirabilia
2946 5101 3302 5159 Dei‘tLaudas
3320 5104 3444 5174 quia
3459 5116 3820 5163 surrexerunt

2234 5189 2466 5255 mortui,
2492 5191 2614 5260 plus
2649 5191 2809 5247 lauda
2855 5195 2983 5264 quia
3009 5195 3272 5267 redempti
3308 5205 3433 5251 sunt
3467 5197 3690 5266 perditi.
3717 5198 3817 5254 Vi—

2234 5279 2329 5336 des
2365 5281 2507 5336 enim
2534 5283 2807 5339 hominem
2845 5285 2959 5339 heri
2989 5287 3300 5358 voraginem
3326 5287 3625 5355 ebrietatis,
3649 5291 3816 5348 hodie

2233 5382 2610 5428 ornamentum
2641 5375 2971 5431 sobrietatis.
3015 5373 3178 5433 Vides
3207 5378 3352 5433 enim
3385 5381 3655 5437 hominem
3691 5385 3814 5439 heri

2233 5479 2448 5519 caenum
2492 5464 2738 5532 luxuriae,
2783 5467 2944 5522 hodie
2997 5469 3161 5524 decus
3202 5473 3572 5541 temperantia:
3621 5488 3636 5528 :
3691 5474 3812 5529 heri

2232 5557 2720 5628 blasphematorem
2770 5559 2903 5624 Dei,
2939 5561 3098 5616 hodie
3124 5561 3458 5619 laudatorem
3495 5563 3612 5620 Dei.
3639 5563 3811 5624 Vides

2231 5651 2498 5705 hominem
2528 5653 2641 5707 heri
2663 5668 2874 5708 servum
2895 5662 3176 5720 creaturae,
3191 5656 3351 5712 hodie
3369 5658 3630 5714 cultorem
3643 5658 3810 5714 Crea-

2233 5741 2409 5796 toris:
2449 5742 2562 5798 haec
2601 5753 2726 5798 sunt
2791 5744 3053 5800 mirabilia
3101 5761 3220 5816 quae
3277 5749 3603 5804 conﬁtentur
3657 5749 3802 5806 cmli.

2233 5834 2439 5892 Etenim
2487 5837 2772 5910 ueritatem.
2805 5837 3004 5912 (Casa)
3048 5838 3143 5897 Vel
3188 5839 3304 5914 sine
3339 5841 3493 5901 enim.
3536 5840 3804 5912 Mirabilia
