4008 6348
171 433 276 489 995
1150 441 1414 504 GLOSSA
1452 446 1846 508 0RDINABIA.
1885 480 1956 494 --
1988 452 2116 510 LIB.
2155 452 2404 513 PSALM.
3308 465 3415 524 994

167 546 436 617 quomodo
457 549 638 606 omnia
668 553 778 623 agit
801 563 856 610 et
885 557 1227 616 administrat
1266 563 1484 634 ubique.
1524 564 1736 622 Veritas
1762 570 1818 633 Α
1913 568 2074 625 Vens.
2099 569 2457 626 16.—Beatus
2477 572 2701 643 populus
2719 573 2808 644 qui
2833 575 2950 642 scit,
2973 584 3079 632 etc.
3106 576 3412 649 (Caslelle

166 639 222 694 in
264 640 502 696 Ecclesia
551 643 642 698 ubi
687 647 945 714 creditur,
1003 648 1226 706 Verbum
1265 671 1389 710 caro
1423 655 1640 726 factum,
1686 667 1743 716 et
1845 659 1964 724 scit,
1993 659 2086 730 qui
2116 676 2268 717 suam
2297 662 2538 718 laetitiam
2567 679 2676 720 non
2702 665 2756 719 in
2783 682 2902 733 sua,
2925 667 3022 722 sed
3042 669 3255 725 Domini
3295 671 3408 726 vir-

161 730 306 799 quod
333 729 594 798 Trinitas,
622 735 773 804 prius
796 736 959 794 Deus.
1842 758 1954 807 tute
1979 729 2150 822 ponit,
2201 753 2304 820 vel,
2334 755 2448 825 qui,
2491 757 2636 826 quod
2665 773 2760 813 ore
2791 729 2992 827 cantat,
3039 762 3201 818 corde
3247 762 3406 818 intel-

231 822 393 877 Vens.
420 822 474 876 7.
498 855 569 866 ——
607 824 866 890 Quoniam
894 832 1030 901 quis.
1065 832 1245 904 (Aue.)
1267 835 1572 895 Notandum
1594 839 1736 910 quod
1834 840 1952 914 ligit
1983 862 1997 898 :
2027 845 2170 902 unde
2215 822 2463 918 sequitur
2497 822 2599 904 hoc
2633 851 2937 921 praemium,
2977 822 3040 907 in
3088 853 3304 922 lumine,
3325 885 3328 888 ~
3349 855 3404 912 id

157 912 302 968 idem
338 924 463 969 sunt
499 915 620 970 coeli
649 926 701 971 et
731 919 933 988 nubes,
971 924 1176 980 scilicet
1204 928 1600 997 praedicatores.
1627 929 1733 986 Sed
1833 912 1937 998 est,
1968 934 2022 988 in
2053 912 2518 1006 contemplatione
2544 912 2824 997 Trinitatis
2851 946 3293 1014 perseverabunt.

154 1002 949 1080 creli,przedicatores,propter
969 1010 1232 1086 fulgorem
1246 1020 1506 1076 veritatis.
1527 1019 1727 1090 Nubes,
1899 1002 2297 1083 Jubt'latt'onem:
2329 1026 2558 1096 Jubilus,
2590 1002 3007 1105 gaudium-quod
3037 1037 3214 1093 verbis
3235 1038 3403 1109 expli-

153 1113 275 1166 quae
300 1099 568 1154 nebulosae
596 1112 738 1170 sunt,
769 1115 990 1176 propter
1017 1112 1402 1168 mortalitatem
1427 1114 1638 1181 carnis,
1675 1123 1730 1170 et
1830 1112 1941 1166 cari
1964 1129 2071 1168 non
2097 1125 2293 1186 potest,
2316 1134 2420 1174 nec
2449 1099 2627 1176 tamen
2650 1123 2866 1192 penitus
2882 1099 3132 1183 -reticeri.
3156 1126 3400 1195 Domine,

151 1189 282 1258 quia
311 1198 610 1259 transeunt,
628 1193 719 1248 ubi
743 1205 798 1250 et
823 1196 1292 1271 abscondita,quae
1311 1213 1433 1273 post
1454 1204 1505 1258 in
1523 1203 1727 1273 judicio
1827 1201 1883 1255 in
1922 1201 2116 1261 lumine
2164 1207 2337 1264 vultus
2382 1209 2459 1265 tui
2485 1189 2858 1282 ambuiabunt,
2887 1227 2936 1271 et
2970 1217 3025 1272 in
3071 1220 3276 1274 nomine
3312 1231 3400 1276 tuo

147 1279 448 1336 clarebunt.
480 1282 548 1336 In
567 1283 715 1352 ﬁliis.
757 1287 854 1341 Vel
886 1291 1119 1359 superis,
1160 1291 1246 1347 vel
1290 1293 1619 1351 hominibus.
1646 1296 1724 1352 Ne
1825 1295 2180 1353 exsultabant.
2213 1298 2410 1374 (Cass)
2437 1301 2794 1362 Commendat
2815 1279 3065 1377 gratiam,
3101 1311 3166 1366 de
3191 1312 3399 1382 quaju-

145 1388 284 1443 ergo
316 1382 532 1442 putetur
553 1383 761 1432 tantum
786 1379 986 1435 homo:
1016 1382 1106 1438 ille
1137 1384 1281 1438 enim
1312 1387 1590 1452 naturalis,
1624 1403 1724 1446 nos
1821 1384 1987 1444 bilus.
2277 1403 2279 1405 ’

141 1467 412 1535 ad0ptivi;
439 1467 528 1521 illc
560 1470 794 1540 genitus,
826 1487 924 1528 nos
947 1477 1149 1542 creati;
1189 1477 1277 1532 ille
1303 1479 1372 1534 ab
1393 1488 1596 1536 aeterno
1628 1496 1720 1550 ge—
1895 1482 2078 1556 (Auc.)
2110 1485 2206 1541 Vel
2245 1488 2301 1543 in
2345 1487 2483 1546 bene
2507 1490 2707 1560 placito
2747 1497 2862 1560 tuo,
2885 1492 2940 1550 id
2966 1503 3051 1552 est
3075 1497 3129 1552 in
3157 1497 3390 1563 Christo,

139 1558 314 1623 nitus,
341 1575 438 1614 nos
455 1560 511 1615 in
543 1572 781 1631 tempore
807 1564 971 1631 facti;
1008 1566 1098 1622 ille
1126 1569 1337 1634 unicus,
1368 1587 1468 1626 nos
1496 1572 1673 1626 multi.
1819 1573 1940 1629 ideo
1965 1576 2017 1630 in
2043 1577 2181 1646 ipso,
2214 1580 2338 1650 quia
2352 1585 2643 1654 assumpsit
2671 1601 2890 1643 carnem
2916 1597 3180 1658 nostram,
3211 1590 3264 1646 in
3288 1607 3393 1662 quo

212 1650 374 1706 Vens.
404 1652 457 1707 8.
488 1685 558 1694 —-
592 1654 760 1726 Super
793 1676 990 1714 omnes.
1041 1659 1164 1733 (11).)
1211 1663 1468 1735 Angelos,
1500 1665 1586 1720 vel
1612 1667 1714 1721 ho-
1817 1666 1995 1722 omnis
2029 1684 2170 1737 spes.

131 1744 333 1810 mines,
357 1746 446 1815 qui
473 1757 597 1802 sunt
627 1750 916 1822 stipatores
949 1755 1064 1825 ejus
1095 1756 1357 1827 impares,
1379 1760 1471 1830 qui
1495 1760 1544 1814 ei
1570 1759 1712 1816 dono
1889 1757 2053 1836 Vens.
2084 1761 2172 1818 20.
2202 1794 2273 1844 -_—-
2326 1765 2469 1821 Tunc
2517 1767 2720 1824 locutus
2747 1779 2822 1824 est
2848 1772 2901 1824 in
2931 1773 3143 1828 visione.
3188 1774 3389 1847 (Cass)

128 1837 254 1906 ejus
279 1840 605 1908 proximam.
1813 1849 2144 1922 Diapsalma.
2190 1837 2376 1913 Tertio
2402 1860 2788 1928 promissiones
2832 1861 3011 1921 Patris
3053 1866 3119 1922 de
3152 1837 3384 1924 Christo:

207 1929 367 1987 Vens.
409 1933 462 1989 9.
495 1965 568 1974 —
599 1935 732 1991 Tibi.
787 1939 908 2012 (11).)
964 1941 1066 2008 Qui
1106 1945 1288 2000 omnia
1330 1945 1529 2012 fecisti,
1577 1957 1705 2014 etc.,
1737 1928 1786 1988 Β
1814 1941 2074 2014 Superior
2113 1947 2231 2002 laus
2265 1965 2373 2005 non
2411 1960 2494 2006 est
2527 1952 2707 2020 dubia,
2747 1970 2909 2025 quam
2936 1965 3158 2027 paterna
3184 1961 3385 2016 contir-

121 2039 294 2093 usque
323 2026 392 2079 ad
424 2029 622 2084 tentari
653 2046 816 2100 supra
848 2032 900 2088 id
930 2035 1074 2104 quod
1102 2046 1282 2107 potest
1306 2038 1486 2094 homo.
1809 2040 2257 2095 matauctoritas.
2285 2041 2486 2115 (Cass)

200 2119 364 2176 Vens.
424 2124 510 2178 11.
565 2156 636 2166 —
687 2124 1050 2183 Vulneratum.
1102 2130 1426 2188 Humiliatus
1467 2143 1552 2190 est
1587 2151 1708 2206 per—
1882 2127 2064 2203 (Αυσο)
2115 2131 2280 2188 Tunc.
2333 2133 2560 2202 Quando
2623 2137 2932 2208 disposais“
2980 2149 3380 2211 testamentum.

115 2209 322 2277 dendo,
369 2229 503 2284 quos
551 2217 806 2284 tenebat;
855 2219 1168 2277 vulneratus
1216 2239 1472 2294 percusso
1517 2227 1700 2292 corde,
1810 2218 1896 2274 vel
1927 2235 2050 2275 cum
2078 2221 2194 2277 haec
2219 2224 2428 2281 diceres
2456 2226 2609 2292 mihi,
2649 2239 2771 2284 tunc
2818 2231 3021 2287 locutus
3067 2250 3119 2287 es
3164 2237 3378 2301 sanctis,

110 2304 218 2358 ubi
244 2305 1698 2387 superbiebat.Superbum.(Auc.)Scilicetdraconem,
1807 2310 2035 2380 reliquis
2062 2314 2342 2384 prophelis
2385 2320 2441 2370 in
2463 2318 2676 2384 visione,
2729 2335 2836 2376 non
2885 2322 3030 2376 enim
3070 2323 3383 2394 ignoranter

105 2396 216 2464 qui
248 2396 299 2449 in
323 2397 458 2451 mari
491 2397 664 2455 factus
683 2409 763 2456 est
797 2404 863 2457 ad
890 2402 1223 2460 illudemlum
1249 2407 1323 2472 ei,
1353 2408 1442 2477 qui
1477 2425 1576 2479 per
1597 2409 1664 2464 hu

1801 2400 1968 2457 locuti
2001 2413 2146 2472 sunt,
2180 2407 2320 2462 sicut
2343 2407 2626 2465 Montanus
2657 2419 2712 2465 et
2748 2411 2968 2482 quidam
3009 2412 3101 2467 alii
3139 2413 3379 2470 haeretici

101 2487 304 2541 milem
333 2487 627 2558 Christum,
676 2492 729 2548 in
765 2510 872 2564 quo
903 2495 994 2550 alii
1035 2508 1160 2554 sunt
1210 2500 1466 2567 humiles,
1520 2504 1699 2558 humi-
1799 2494 2072 2552 dixerunt-

98 2577 349 2646 liantur;
383 2581 684 2638 humiliavit
735 2601 794 2640 se
842 2585 1112 2654 Christus,
1159 2600 1218 2645 ut
1264 2592 1581 2650 humiliaret
1609 2611 1664 2652 su

1871 2587 2034 2645 Vens.
2093 2591 2182 2646 21.
2225 2622 2295 2632 —
2330 2591 2506 2648 David
2553 2611 2757 2650 servum
2809 2612 2980 2651 meum
3028 2596 3140 2652 oleo
3197 2607 3377 2656 sancto

93 2673 364 2742 perbum.
391 2673 668 2744 Superbus
693 2677 838 2732 enim
863 2681 1126 2751 superbos
1153 2685 1410 2739 tenebat:
1445 2686 1696 2742 vulnera-
1793 2692 1908 2730 τηθο
1940 2680 2069 2733 anxi
2099 2696 2239 2735 eum-
2281 2680 2468 2754 (Λυδι)
2521 2681 2682 2738 Man“
2731 2683 2946 2752 Γοτῑθων
2983 2703 3201 2744 servum
3243 2689 3376 2746 οδε·

95 2772 208 2818 tur
260 2765 502 2824 diabolus
565 2769 847 2826 vulnerato
899 2772 1135 2840 Christo,
1188 2776 1427 2831 nondum
1468 2793 1536 2832 ex
1581 2786 1664 2833 too

1797 2769 2062 2839 dientem,
2094 2773 2215 2831 ideo
2237 2775 2293 2830 in
2313 2789 2380 2831 eo
2416 2777 2570 2847 posui
2601 2775 2947 2847 adjutorium.

87 2866 358 2915 mortuus
387 2869 488 2916 est.
515 2861 786 2918 Inimicos.
817 2864 1010 2921 Aerias
1035 2875 1334 2935 potestates
1363 2868 1446 2923 vel
1475 2868 1661 2926 Iudaeo

1863 2860 2028 2918 Vens.
2056 2864 2233 2919 25.—
2254 2865 2508 2921 Inimicus
2543 2868 2596 2921 in
2633 2885 2714 2922 eo.
2746 2869 2868 2940 (11).)
2898 2871 3170 2939 Diabolus,
3195 2875 3370 2930 unde:
3402 2887 3408 2898 ‘

83 2964 208 3018 per
230 2951 490 3006 mundum
520 2952 814 3020 dispersos,
844 2955 927 3008 vel
955 2956 1020 3009 de
1066 2957 1378 3012 hominibus
1419 2958 1554 3013 alios
1599 2974 1689 3014 as-
1801 2951 1950 3009 Venit
1977 2958 2214 3028 princeps
2243 2959 2425 3013 mundi
2454 2960 2635 3030 hujus,
2661 2962 2789 3016 etin
2811 2978 2891 3017 me
2914 2980 3017 3018 non
3045 2965 3196 3021 habet
3222 2967 3376 3037 quid-

81 3041 342 3108 sumpsit
360 3043 454 3110 qui
479 3051 605 3097 sunt
625 3043 796 3113 spolia
827 3045 1049 3111 diaboli,
1082 3045 1219 3101 alios
1253 3046 1521 3117 reliquisti
1551 3065 1689 3120 quos
1790 3063 1947 3118 quam
1985 3045 2166 3117 (Joan.
2199 3048 2338 3118 xxv).

78 3140 228 3200 ροει
258 3147 382 3185 eum
405 3133 554 3187 abire
588 3135 902 3202 permisisti,
1860 3133 2035 3188 Filius
2065 3135 2363 3205 iniquitatis
2403 3153 2505 3190 non
2542 3147 2764 3208 apponet
2811 3156 3014 3197 nocere.
3058 3142 3223 3199 Judas
3261 3160 3369 3199 non

173 3219 343 3275 Vens.
379 3221 465 3276 12.
497 3253 568 3262 —
617 3224 716 3278 Tui
745 3236 864 3280 sunt
895 3228 1008 3283 caeli
1047 3239 1096 3284 et
1147 3239 1238 3286 tua
1281 3242 1357 3287 est
1400 3242 1542 3288 terra
1595 3251 1664 3289 or-

1793 3235 2047 3297 apponet,
2070 3243 2177 3282 non
2203 3228 2365 3282 addet
2393 3227 2641 3284 effectum
2671 3229 2954 3286 voluntati.

74 3312 239 3376 bent,
272 3320 377 3366 etc.
412 3310 535 3384 (ln.)
563 3314 686 3370 ideo
714 3316 768 3370 in
797 3318 936 3372 ctelo
982 3320 1332 3392 triumphavit
1353 3323 1420 3379 de
1449 3325 1664 3380 diabolo

1863 3318 2029 3373 Vens.
2059 3319 2148 3373 ει.
2179 3349 2249 3359 -
2277 3318 2322 3372 Α
2346 3319 2482 3389 facie
2503 3321 2674 3390 ipsius.
2696 3322 2960 3378 inimicos.
3008 3323 3190 3398 (AUG.)
3233 3325 3366 3382 Cum

72 3402 231 3474 quia
264 3403 382 3474 ejus
397 3412 482 3458 est
507 3406 704 3462 coelum
724 3425 738 3474 ;
760 3409 813 3463 in
837 3418 981 3466 terra
1007 3412 1073 3467 de
1093 3411 1296 3480 Judaza,
1311 3417 1441 3487 quia
1471 3417 1588 3488 ejus
1605 3428 1688 3476 est
1790 3413 1957 3468 facies
2000 3413 2114 3482 ejus
2146 3422 2462 3483 peccatores
2503 3416 2757 3485 respicit,
2789 3433 2818 3470 a
2849 3418 3165 3476 criminibus
3216 3436 3370 3492 sepa-

75 3507 271 3551 terra.
294 3495 402 3552 Cur
426 3514 554 3568 ergo
581 3500 654 3554 illi
684 3501 739 3556 in
761 3503 953 3559 alienis
979 3508 1403 3576 superbierunt?
1789 3515 2000 3572 rantur,
2028 3507 2225 3576 quibus
2254 3523 2360 3562 non
2392 3516 2474 3563 est
2503 3508 2652 3564 locus
2683 3511 2784 3564 sub
2806 3514 3091 3580 prtesentia
3122 3515 3258 3585 ejus.

173 3589 255 3642 Tu
281 3589 536 3659 fundasti.
565 3593 674 3649 Cur
698 3611 829 3666 ergo
846 3598 897 3651 in
920 3612 1042 3654 eum
1079 3617 1138 3656 se
1158 3603 1390 3674 erigunt,
1421 3604 1575 3676 cujus
1600 3617 1682 3664 est
1868 3598 2029 3654 VEBS-
2051 3597 2287 3654 aii-"Ei
2313 3602 2500 3656 υενίιαε
2518 3619 2633 3658 mea
2655 3613 2702 3657 ετ
2731 3605 3090 3660 misericordia
3113 3626 3226 3662 me“
3247 3626 3366 3666 Cum

73 3681 338 3738 ambitus
391 3686 612 3752 mundi,
660 3696 716 3742 et
770 3705 960 3746 omnes
1017 3705 1283 3751 creaturae
1332 3712 1451 3766 qua;
1505 3700 1560 3754 in
1617 3715 1684 3756 eo
1783 3693 1918 3765 ipso,
1950 3706 1999 3750 et
2033 3696 2087 3750 in
2120 3698 2328 3752 nomine
2357 3715 2469 3753 meo
2507 3699 2829 3754 exaltabitur
2861 3718 3023 3756 cornu
3066 3703 3197 3773 ejus.
3239 3704 3364 3778 (11).)

73 3772 262 3828 sunt?

166 3862 331 3942 Vens.
363 3867 449 3922 15.
473 3899 543 3910 --
567 3871 894 3942 Aquilonem.
920 3876 1196 3932 Diabolus.
1220 3878 1441 3935 Maretu
1467 3885 1677 3938 creasti.

75 3939 390 4014 Saeculum.
448 3939 778 4036 Stulte-ergo
827 3967 880 4021 in
915 3983 1038 4023 eum
1092 3985 1152 4025 se
1192 3973 1427 4043 erigunt,
1489 3992 1518 4029 a
1573 3992 1679 4045 quo

71 4058 282 4105 creata
311 4061 455 4107 sunt.
483 4053 690 4110 Tltabor
710 4068 758 4112 et
787 4057 1022 4116 Harmon
1036 4063 1092 4115 in
1121 4065 1327 4119 nomine
1355 4076 1463 4122 tuo.
1495 4067 1675 4140 (Aue.)

1785 3783 1940 3855 Saepe
1979 3787 2350 3844 misericordia
2386 3799 2441 3845 et
2485 3791 2685 3846 veritas
2713 3793 3157 3850 commendantur
3182 3796 3362 3864 nobis,

1781 3885 1914 3942 etc.,
1943 3895 2106 3950 usque
2127 3882 2198 3934 ad
2223 3882 2313 3936 ubi
2345 3883 2460 3938 haec
2488 3883 2588 3939 sibi
2622 3896 2936 3942 occurrunt.

1858 3971 2025 4027 Vens.
2059 3973 2149 4027 31.
2175 4007 2244 4014 —
2269 3975 2328 4031 Si
2378 3987 2550 4032 autem
2599 3978 2984 4051 dereliquerinl.
3027 3981 3144 4038 Non
3187 3984 3359 4041 solum

1783 4062 1851 4119 de
1891 4063 2329 4134 persistentibus,
2383 4069 2476 4124 sed
2520 4077 2576 4125 et
2616 4070 2683 4126 de
2721 4070 3035 4128 cadentibus
3077 4073 3194 4131 haec
3235 4092 3360 4148 pro-

72 4142 306 4198 Montes
334 4144 524 4217 Syriae,
561 4158 614 4204 et
637 4165 734 4220 per
756 4167 849 4210 eos
877 4164 1064 4225 gentes
1095 4158 1436 4227 accipiuntur
1457 4177 1488 4215 a
1522 4171 1664 4231 parte

1793 4153 1957 4209 mitto.

73 4247 268 4292 totum
295 4255 394 4308 per
415 4244 811 4312 synecdochen.

162 4327 545 4388 Exsultabunt.
580 4333 798 4393 Christo
829 4340 1079 4397 veniente
1103 4342 1410 4414 allegorice.
1442 4345 1666 4414 Thabor,

65 4421 284 4488 Judaei,
313 4425 380 4478 ad
407 4441 542 4495 quos
568 4427 799 4496 primum
830 4431 1009 4488 lumen
1042 4436 1210 4491 venit.
1248 4436 1503 4506 Hermon,
1532 4440 1672 4495 Gen-

69 4522 190 4579 tes,
223 4529 347 4584 quae
387 4517 535 4586 prius
578 4519 795 4576 fuerunt
832 4526 1319 4584 anathematizauc.
1363 4529 1431 4584 In
1463 4532 1668 4586 nomine

66 4617 176 4660 tuo
202 4608 558 4680 exsultabunt,
586 4614 891 4685 conjunctis
918 4618 971 4672 in
995 4620 1240 4691 angulari
1264 4622 1439 4692 lapide
1458 4623 1667 4680 duobus

65 4698 405 4768 parietibus.

151 4790 345 4862 (Auc.)
384 4793 606 4851 Thabor.
635 4796 867 4856 Veniens
908 4801 1086 4856 lumen
1117 4818 1148 4857 a
1195 4819 1404 4861 summo
1460 4805 1666 4862 scilicet

63 4881 312 4948 lumine,
340 4900 446 4955 quo
474 4888 724 4946 veniente
758 4892 818 4946 fit
863 4895 1151 4949 anathema
1179 4894 1314 4964 ejus,
1343 4897 1397 4951 id
1424 4905 1508 4953 est
1547 4899 1663 4954 dia-

62 4977 213 5040 boli,
247 4978 339 5047 qui
375 4996 474 5037 nos
503 4985 720 5039 tenebat
759 4986 812 5040 in
846 5001 1031 5044 errore
1059 5006 1176 5046 suo.
1214 4992 1365 5058 Quod
1396 5001 1482 5048 est
1507 5011 1520 5047 :
1547 5010 1579 5048 a
1612 5006 1662 5050 te

62 5069 272 5124 datum
303 5079 388 5126 est
415 5080 476 5128 ut
511 5074 896 5146 illuminemur,
931 5091 988 5136 ut
1016 5083 1307 5138 anathema
1333 5083 1521 5140 demus
1551 5086 1664 5141 dia-

56 5158 223 5214 bolo.

145 5249 319 5307 Vens.
348 5253 435 5309 15.
465 5286 536 5296 -
565 5257 896 5332 Prceparatio
921 5264 1060 5319 sedis
1084 5274 1210 5320 tuae.
1257 5265 1462 5338 (Cass)
1499 5266 1659 5324 Sedes

56 5343 167 5401 Dei
227 5353 454 5414 aeterna,
503 5349 596 5406 sed
636 5351 689 5405 in
717 5350 923 5421 judicio
977 5356 1259 5425 apparebit
1291 5368 1501 5427 parata,
1533 5374 1657 5414 cum

55 5435 190 5504 ipse
243 5435 516 5494 videbitur
552 5439 700 5512 juste
741 5442 1006 5514 judicare.
1053 5447 1147 5502 Vel
1205 5450 1363 5504 modo
1411 5451 1656 5506 homines

55 5527 440 5584 discernenda
469 5532 690 5602 etjusta
745 5539 996 5605 tenendo,
1026 5549 1222 5608 parant
1247 5555 1306 5595 se
1337 5542 1521 5596 sedem
1551 5544 1656 5599 Do-

51 5619 244 5676 mino.

137 5712 520 5772 Misericordia
551 5728 600 5773 et
635 5721 823 5775 veritas
866 5725 1158 5793 precedent
1185 5724 1376 5795 faciem
1415 5736 1579 5782 tuam.
1610 5727 1658 5783 A

49 5808 431 5867 similitudine
456 5813 808 5883 praccursoris
859 5813 1090 5872 Domino
1123 5817 1416 5888 hospitium
1443 5835 1654 5890 praepa-

43 5901 266 5960 ramis.

1849 4245 2009 4301 Vens.
2044 4248 2131 4304 55.
2163 4281 2236 4291 —
2259 4250 2328 4306 In
2355 4253 2522 4323 virga.
2563 4254 2696 4321 Quis
2722 4254 2867 4310 enim
2907 4264 2991 4312 est
3018 4255 3194 4313 ﬁlius?
3223 4267 3353 4326 etc.,

1773 4355 1937 4410 usque
1974 4343 2045 4396 ad
2069 4357 2087 4394 :
2127 4343 2195 4398 Et
2233 4346 2288 4399 in
2326 4345 2636 4411 verberibus,
2681 4356 2783 4402 etc.

1846 4429 1970 4486 Non
1999 4433 2314 4503 dispergam.
2349 4436 2533 4508 (Auc.)
2561 4437 2678 4506 Ipse
2721 4453 2828 4494 non
2870 4439 3010 4495 tollit
3037 4439 3346 4500 misericor-

1773 4521 1916 4574 diam
1948 4522 2018 4587 ei,
2053 4526 2142 4593 qui
2168 4525 2512 4581 Christianus
2541 4528 2756 4597 quidem
2786 4539 2869 4586 est
2900 4549 2912 4584 :
2955 4533 3096 4603 quod
3119 4536 3163 4590 si
3194 4537 3352 4592 homo

1773 4608 1846 4664 ita
1874 4611 2089 4682 iniquus
2140 4622 2242 4680 est,
2273 4624 2331 4670 ut
2370 4617 2542 4687 fugiat
2591 4620 2882 4677 accedente
2929 4632 3104 4694 patre,
3135 4627 3248 4699 ipse
3291 4645 3352 4684 sc

1773 4699 1995 4767 alienat,
2035 4718 2141 4758 non
2167 4715 2322 4773 pater
2343 4706 2529 4776 abjicit
2551 4724 2694 4763 eum.

1845 4792 2008 4848 Vens.
2042 4793 2132 4849 35.
2160 4826 2233 4836 —
2263 4797 2444 4867 Neque
2465 4800 2777 4870 profanabo.
2804 4803 3035 4860 Profatta
3062 4818 3205 4864 esset
3232 4826 3350 4880 pro-

1770 4885 1980 4953 missio,
2037 4890 2081 4945 si
2108 4899 2252 4947 essct
2290 4893 2582 4962 inexpleta.
2626 4896 2877 4967 Nunquid
2921 4911 3142 4972 propter
3179 4903 3348 4957 malos

1766 4977 1944 5048 pisces
1971 4980 2105 5035 nihil
2131 4997 2196 5036 ex
2226 4982 2316 5037 illa
2344 4999 2542 5056 sagena
2571 4987 2804 5043 mittitur
2843 4990 2896 5045 in
2940 4991 3200 5047 vascula?
3228 4990 3348 5045 Mit-

1767 5059 1951 5128 tentur
1973 5075 2158 5144 utique
2187 5077 2313 5132 boni
2343 5078 2539 5148 pisces,
2562 5080 2614 5134 id
2636 5089 2741 5148 est,
2766 5099 2901 5153 quos
2919 5083 3340 5154 prindestinavit.

1841 5173 2005 5228 Vens.
2038 5173 2128 5228 56.
2150 5205 2221 5214 --
2247 5174 2634 5245 Semcljuravi.
2668 5179 2873 5250 (Csss.)
2899 5178 3072 5233 Homo
3094 5177 3345 5248 frequen-

1767 5269 1870 5329 ter,
1903 5265 2042 5319 Deus
2065 5266 2244 5333 semel,
2273 5269 2363 5338 qui
2392 5281 2497 5321 non
2526 5266 2784 5323 variatur.

1834 5354 1904 5409 In
1923 5366 2123 5410 sancto.
2152 5356 2208 5410 ln
2238 5358 2456 5414 homine
2486 5357 2724 5425 Christo,
2754 5360 2808 5414 in
2837 5373 2944 5428 quo
2968 5357 3338 5429 complendum

1763 5457 1882 5504 erat
1927 5449 2072 5518 quod
2113 5448 2316 5518 iuravi;
2365 5451 2451 5507 vel
2503 5453 2690 5518 David,
2735 5451 2788 5506 id
2833 5459 2916 5507 est
2965 5451 3214 5522 Christo,
3243 5469 3342 5527 per

1761 5539 2130 5596 sanctitatem.
2163 5540 2372 5607 Semen,
2403 5541 2720 5598 Christiani.

1832 5631 1998 5686 Vens.
2021 5631 2110 5686 58.
2133 5663 2202 5672 —
2226 5632 2373 5688 Sicut
2401 5631 2479 5688 sol
2508 5633 2567 5686 in
2596 5639 2890 5700 conspectu.
2926 5630 3108 5706 (Auc..)
3135 5633 3339 5689 Secun-

1760 5727 1888 5782 dum
1917 5726 2172 5794 animam,
2212 5736 2340 5792 etc.,
2378 5742 2540 5797 usque
2584 5723 2653 5777 ad
2682 5723 2736 5778 in
2770 5723 2925 5791 cmlo,
2957 5723 3010 5780 id
3066 5735 3150 5780 est
3178 5724 3337 5781 Chri—

1849 5835 1896 5873 S.

1849 5835 1896 5873 s.

1758 5827 1907 5965 sui”
1941 5928 2056 5966 vero
2123 5909 2377 5981 repulisti.
2417 5908 2620 5990 (Cass)
2714 5906 3036 5978 Diapsalula.
3121 5905 3330 5976 Quarto
