4008 6348
597 469 704 530 995

1089 464 1479 521 WALAFRIDI
1515 461 1762 519 STRABI
1798 457 2002 517 FULD.
2045 455 2174 513 MOE

2295 455 2396 511 PP.
2435 453 2616 510 PARS
2654 454 2697 510 Ι.
2733 484 2800 493 -
2841 445 3293 509 THEOLOGICA.

3749 449 3854 508 996

599 583 826 638 adversa
843 577 1113 650 praedictis
1136 576 1582 648 promissionibus
1609 574 1778 646 ponit,
1811 587 1878 628 ne
1906 579 2160 644 putentur
2185 563 2239 633 Α
2332 563 2491 622 Vens.
2521 565 2613 623 49.
2636 597 2702 606 -
2734 567 2862 632 Quis
2899 574 2974 620 est
3009 565 3205 620 homo?
3231 564 3356 635 an.)
3387 563 3525 619 Nulli
3571 565 3682 620 hoc
3721 580 3854 621 con-

602 673 658 728 in
697 670 804 725 alio
847 669 1078 740 impleri,
1133 684 1293 738 quam
1345 684 1398 722 in
1438 667 1618 721 futuro
1660 676 1786 719 tunc
1820 662 2055 720 Christo.
2093 659 2170 714 Tu

601 779 718 816 vero
742 760 998 831 repulisti.
1026 760 1210 827 Quasi,
1241 758 1567 814 Christianis
1596 759 1708 813 haec
1737 758 1899 821 bona,
1949 755 2042 811 sed
2066 768 2170 808 non

601 850 822 916 ludas-is,
848 851 942 922 qui
973 865 1031 906 se
1061 851 1410 922 privaverunt
1436 849 1813 920 promissione,
1845 855 1899 901 et
1919 846 2020 900 hoc
2049 852 2168 900 est:

603 941 683 996 'l‘u
711 958 837 997 vero
865 941 1126 996 Christum
1173 950 1340 1007 tuum,
1394 941 1445 995 id
1491 949 1594 1005 est,
1645 947 1862 994 unctum
1903 925 2089 1002 David,
2139 949 2171 988 a

604 1052 771 1108 regno
801 1035 1045 1108 repulisti
1073 1051 1173 1105 pro
1207 1042 1450 1106 peccato,
1482 1033 1626 1104 quod
1664 1031 1936 1089 commisit
1983 1037 2172 1084 contra

603 1129 790 1186 Uriam
820 1129 886 1184 de
922 1129 1251 1194 Bethsabee;
1301 1125 1363 1180 Et
1411 1125 1710 1196 despexisti,
1770 1123 1852 1178 vel
1907 1121 2169 1192 sprevisti,

603 1220 728 1289 quia
755 1219 920 1274 multa
943 1219 1160 1290 indigna
1185 1231 1410 1288 passus;
1441 1215 1711 1275 distulisti.
1743 1213 1832 1268 diu
1865 1213 1916 1266 in
1947 1210 2172 1266 tribula-

603 1312 770 1377 tione,
807 1320 1186 1372 testamentum,
1219 1308 1484 1378 promissa
1511 1305 1729 1372 ludatis,
1755 1306 1824 1359 ad
1849 1313 2036 1376 gentes
2065 1301 2173 1356 lata

603 1415 744 1460 sunt.
785 1405 968 1476 (Αυίὶ.)
999 1403 1076 1457 Tu
1105 1419 1240 1457 vero.
1279 1400 1395 1466 Vel,
1428 1401 1542 1454 haec
1573 1400 1752 1454 omnia
1780 1398 1844 1452 de
1870 1396 2085 1451 Christo
2121 1401 2176 1448 et

600 1496 864 1561 Ecclesia,
896 1493 1150 1566 repulisti,
1184 1493 1252 1548 ad
1287 1491 1587 1564 patibulum
1624 1488 1890 1543 Christum
1924 1496 2089 1552 tuum,
2120 1494 2176 1541 et

607 1591 662 1646 in
701 1591 1014 1659 despectum
1055 1585 1272 1641 dedisti.
1327 1583 1442 1646 Vel,
1478 1581 1730 1638 distulisti
1780 1595 1811 1634 a
1855 1578 2042 1650 gloria,
2107 1576 2176 1632 ad

600 1687 834 1747 tempus,
867 1677 948 1732 vel
977 1674 1273 1731 secundum
1307 1675 1569 1728 membra.

673 1769 836 1824 Vens.
903 1767 992 1821 40.
1035 1796 1107 1806 -
1138 1765 1544 1819 Testamentum.
1615 1761 1906 1818 Promissio
1966 1760 2176 1815 videtur

600 1872 811 1922 eversa,
844 1867 899 1911 et
928 1854 1101 1910 sancti
1145 1852 1356 1925 profani
1406 1861 1742 1921 reputantur.
1779 1850 1958 1921 Sepes,
1988 1849 2176 1922 prmia-

2269 661 2437 726 venit,
2471 657 2574 714 nisi
2605 659 2821 714 Christo
2853 677 2866 713 ε
2898 669 2953 714 et
2983 659 3030 713 si
3059 659 3202 714 enim
3243 663 3590 728 resurgentes
3619 658 3853 722 invenit,

2268 762 2324 808 et
2371 766 2478 807 non
2529 751 2671 805 ultra
2720 752 2979 806 videbunt
3027 755 3304 804 mortem:
3351 761 3456 802 non
3509 758 3702 804 tamen
3754 750 3853 820 ipsi

2267 859 2447 904 eruent
2487 851 2690 904 animus
2731 861 2856 899 suas
2894 845 2956 897 de
3004 859 3165 897 manu
3203 841 3460 912 inferiori,
3491 845 3589 899 sed
3618 841 3738 911 ille,
3766 847 3854 913 qui

2267 951 2434 1013 potest
2467 942 2700 996 animam
2733 955 2944 1010 ponere,
2983 949 3032 992 et
3077 937 3265 990 iterum
3303 952 3522 1000 sumere,
3569 936 3658 988 cui
3707 951 3854 988 nemo

2269 1049 2385 1088 eam
2419 1033 2582 1088 tollet.
2619 1029 2819 1106 (Cass.)
2863 1029 2962 1084 Vel
3002 1029 3100 1093 sic,
3144 1027 3320 1082 nullus
3362 1027 3523 1091 vivet,
3577 1025 3662 1080 vel
3706 1035 3858 1079 eruet

2271 1127 2506 1182 animam
2536 1146 2549 1180 :
2577 1133 2631 1182 et
2655 1141 2780 1181 cum
2809 1123 2910 1180 hoc
2934 1124 3024 1188 sit,
3047 1121 3133 1176 ubi
3153 1131 3270 1176 sunt
3294 1120 3717 1175 misericordiae?
3740 1117 3856 1173 lam

2271 1227 2425 1290 rogat
2445 1218 2835 1289 promissiones
2861 1215 3094 1285 impleri,
3127 1228 3262 1284 quas
3290 1210 3456 1265 David
3483 1209 3631 1266 fecit.

2343 1307 2502 1365 Vens.
2549 1307 2634 1364 50.
2677 1338 2748 1348 —
2792 1305 2895 1362 Ubi
2933 1314 3054 1362 sunt
3101 1301 3514 1359 misericorditv?
3563 1303 3694 1373 (ιο.)
3739 1302 3856 1355 Dia-

2271 1399 2495 1471 psalma.
2532 1397 2718 1464 Sexto,
2750 1397 2805 1452 in
2833 1396 3094 1452 membris
3115 1396 3276 1450 etiam
3300 1394 3596 1465 implentur
3615 1393 3853 1464 promis—

2273 1494 2473 1556 siones,
2500 1507 2604 1546 non
2632 1489 3022 1562 temporaliter,
3054 1487 3146 1543 sed
3176 1485 3547 1557 spiritualiter.
3580 1485 3650 1540 Et
3677 1485 3854 1556 loqui-

2273 1592 2362 1640 tur
2390 1585 2446 1638 in
2476 1598 2704 1654 persona
2735 1581 3006 1637 Ecclesiae.

2347 1674 2507 1730 Vens.
2544 1673 2628 1729 51.
2661 1705 2732 1714 -
2768 1674 2972 1728 Memor
3000 1679 3131 1736 esto,
3178 1669 3412 1724 Domine.
3447 1669 3634 1740 (Δῠς.)
3663 1668 3740 1725 Ut
3779 1685 3854 1723 res

2275 1783 2559 1834 muneres,
2611 1767 2820 1821 videtur
2867 1763 3099 1829 oblitus,
3155 1763 3280 1818 dum
3325 1759 3518 1817 diﬂert.
3576 1760 3856 1833 Opprobrii

2277 1875 2558 1914 servorum.
2612 1856 2812 1928 (Cass)
2860 1856 2996 1910 lllati
3049 1855 3222 1910 servis
3272 1869 3298 1906 a
3343 1851 3525 1908 multis
3584 1855 3848 1923 gentibus

601 1956 704 2011 tos,
730 1946 1058 2010 destruxisti,
1098 1937 1223 2000 dum
1260 1943 1597 1998 occiduntur.
1635 1941 1702 1995 Et
1744 1943 1960 2013 posuisti
1990 1943 2170 2011 ﬁrma+
2199 1931 2246 1991 B
2275 1952 2458 2021 (Λυα)
2488 1949 2640 2017 Quod
2665 1965 2764 2020 ego
2792 1943 3077 2020 (Ecclesia)
3097 1944 3366 2009 cominus,
3403 1945 3458 1998 id
3484 1951 3593 2011 est,
3624 1948 3849 2015 parum,

601 2050 830 2094 mentum
862 2039 976 2110 ejus
1024 2036 1377 2107 formidinem.
1418 2035 1519 2103 Qui
1561 2035 1850 2090 ﬁrmabant
1893 2035 2028 2089 alios
2080 2034 2174 2088 do—

601 2133 791 2198 cendo,
813 2131 928 2201 jam
951 2137 1077 2186 sunt
1105 2123 1312 2194 timori,
1350 2128 1476 2183 dum
1520 2125 1844 2199 afﬂiguntur,
1874 2135 1929 2182 et
1954 2127 2172 2196 quidam

595 2223 709 2296 jam
763 2232 889 2280 sunt
935 2219 1129 2293 direpti
1175 2238 1208 2274 a
1277 2220 1664 2274 transeuntibus
1711 2220 1868 2286 viam,
1929 2233 2049 2289 qua:
2091 2226 2176 2273 est

599 2319 863 2374 Christus.

674 2408 837 2463 Vens.
871 2403 1300 2460 M.—Avertisti
1323 2403 1647 2475 adjutorium
1669 2402 1832 2475 gladii
1854 2402 1988 2472 ejus.
2015 2402 2073 2458 1d
2091 2409 2177 2458 est

599 2496 1064 2569 praedicationem.
1102 2493 1229 2549 Non
1273 2510 1325 2547 es
1375 2492 1662 2547 auxiliatus
1705 2494 1751 2546 ei
1793 2494 1847 2546 in
1892 2491 2044 2557 bello,
2081 2490 2174 2547 sed

602 2587 794 2645 dedisti
833 2587 900 2641 ad
941 2586 1237 2658 passiones.
1288 2583 1606 2638 Destruristi
1662 2599 1778 2636 eum
1827 2583 1894 2664 ab.
1931 2583 2176 2636 emenda-

600 2681 760 2744 tione,
797 2686 926 2742 etc.,
956 2676 1011 2730 id
1046 2683 1149 2739 est,
1180 2673 1397 2744 quidam
1438 2673 1621 2726 mundi
1652 2671 1980 2735 defecerunt,
2032 2679 2084 2724 et
2120 2671 2174 2724 in

603 2780 804 2827 terram
834 2767 1038 2824 redacti
1058 2775 1202 2823 sunt.
1238 2765 1540 2831 Minarasti,
1571 2772 1886 2834 utputatur,
1921 2766 2045 2821 dum
2069 2765 2175 2820 cito

603 2863 670 2918 de
706 2862 816 2915 vita
841 2859 1178 2914 auferuntur.

679 2951 863 3023 (Αυθ.)
895 2947 1072 3017 Quare
1115 2947 1202 3002 illa
1247 2947 1496 3019 promisit
1540 2947 1700 3014 Deus,
1750 2957 1878 3015 etc.,
1909 2963 2071 3020 usque
2105 2949 2172 3002 ad

613 3056 671 3101 ut
702 3047 818 3100 haec
846 3042 1131 3113 promissio
1161 3042 1214 3095 in
1243 3040 1361 3094 aliis
1397 3050 1820 3110 exspectaretur.

682 3133 848 3189 Vens.
863 3133 956 3187 45.
973 3162 1043 3172 --
1065 3130 1384 3186 Destruxisti
1408 3147 1544 3184 eum.
1572 3129 1699 3185 lliec
1712 3130 1891 3186 omnia
1913 3141 2177 3186 venerunt

599 3229 823 3295 Judaei‘s,
866 3242 975 3282 non
1037 3233 1218 3279 tamen
1265 3223 1443 3279 ablato
1477 3224 1556 3278 eis
1582 3223 1819 3289 Christo,
1871 3232 1926 3278 et
1971 3233 2173 3280 aeterno

2275 2043 2345 2098 In
2374 2043 2514 2108 sinu,
2554 2042 2607 2096 in
2635 2051 2844 2096 secreto
2873 2039 3095 2104 mentis,
3125 2037 3252 2110 quia
3281 2036 3456 2106 palam
3489 2052 3602 2092 non
3630 2038 3854 2091 audebat

2275 2134 2442 2206 loqui

2345 2224 2508 2280 Vens.
2565 2221 2654 2280 53.
2698 2254 2768 2265 —
2806 2221 3137 2279 Benedictus.
3181 2221 3381 2292 (Cass)
3428 2219 3525 2280 Coi
3551 2231 3636 2280 ira
3692 2229 3852 2280 ηιειρ

2276 2315 2542 2372 dictiones
2586 2315 2846 2387 gentium.
2898 2315 3082 2386 (ἕως.)
3131 2313 3472 2373 Benedictus.
3518 2313 3855 2372 Exciamatio

2275 2422 2344 2464 ex
2369 2408 2484 2464 visa
2510 2405 2756 2462 claritate
2791 2405 3007 2462 Christi.
3397 2387 3410 2399 ”

2737 2540 3057 2599 PSALMUS
3093 2541 3378 2600 LXXXIX.

2346 2679 2507 2735 Vens.
2542 2679 2591 2734 l.
2619 2708 2691 2720 ——
2711 2677 2898 2734 Oratio
2924 2676 3116 2749 Moysi.
3147 2676 3328 2750 (Auc.)
3372 2676 3507 2734 Cum
3553 2691 3714 2734 vetus
3755 2685 3858 2734 vita

2275 2775 2331 2826 et
2354 2785 2515 2836 nova,
2532 2777 2662 2835 etc.,
2689 2783 2851 2840 usque
2872 2769 2940 2823 ad
2967 2777 3020 2823 et
3046 2769 3190 2824 videt
3217 2768 3485 2824 mirabilia
3511 2770 3582 2826 de
3603 2771 3724 2842 lege
3744 2771 3850 2826 Dei.

2347 2859 2546 2933 (Cass,
2581 2859 2746 2930 Bel.)
2773 2861 2897 2932 Agit
2923 2860 3026 2916 iste
3053 2859 3293 2932 psalmus
3329 2861 3395 2915 de
3433 2861 3654 2917 defectu
3701 2879 3858 2933 gene-

2277 2952 2354 3007 ris
2381 2951 2626 3016 humani,
2652 2951 2742 3022 qui
2763 2966 2858 3021 per
2879 2949 3157 3006 Christum
3181 2948 3477 3005 auferetur.

2348 3042 2570 3097 Domine
2596 3043 2872 3114 refugium.
2913 3040 3113 3114 (Cass)
3141 3041 3342 3108 Primo,
3373 3051 3644 3099 aeternum
3667 3059 3858 3116 prom-

2277 3132 2358 3188 nit
2382 3133 2644 3204 refugium
2675 3131 3045 3202 temporaliter
3069 3134 3296 3188 homini.

2347 3221 2515 3278 Vens.
2545 3223 2601 3277 2.
2630 3253 2698 3264 -—
2720 3222 3040 3296 Priusquam
3069 3237 3286 3280 montes.
3325 3225 3402 3282 Ne
3429 3237 3618 3282 autem
3650 3230 3855 3284 videre-

601 3337 787 3394 regno,
817 3319 910 3375 sed
939 3317 1124 3373 dilato.
1164 3317 1352 3372 Sedem
1383 3316 1495 3381 eius
1522 3317 1576 3369 in
1609 3328 1802 3370 terram
1830 3318 2085 3373 coliisisti.
2116 3320 2173 3374 id
2201 3296 2248 3358 ο
2279 3325 2369 3370 tur
2419 3329 2525 3369 non
2577 3313 2744 3370 fuisse
2766 3355 2781 3381 ,
2836 3324 3126 3386 antequam
3163 3325 3307 3372 esset
3351 3317 3508 3373 nobis
3558 3318 3854 3392 refugium;

601 3421 704 3479 est,
745 3427 970 3484 regnum
1019 3425 1206 3466 eorum
1243 3409 1439 3479 ubique
1475 3417 1739 3463 terrarum
1791 3410 2026 3466 deletum
2067 3421 2170 3479 est,

603 3505 728 3574 quia
745 3505 856 3574 jam
885 3517 990 3556 non
1016 3509 1100 3556 est
1126 3501 1192 3555 de
1213 3501 1292 3555 eis
1314 3501 1584 3571 princeps.

680 3600 818 3650 Vens
857 3595 1046 3650 46.-
1072 3592 1372 3647 Minorasti.
1420 3592 1554 3659 Quia
1603 3591 1694 3648 diu
1743 3604 1910 3649 staret
1952 3611 2173 3665 regnum

602 3703 813 3754 eorum,
834 3685 878 3740 si
912 3685 1012 3740 sub
1032 3683 1162 3738 Deo.
1193 3679 1482 3752 Perfudisti
1525 3699 1642 3737 eum
1678 3684 2004 3752 confusione.
2039 3686 2174 3751 Quia

602 3784 781 3848 gestat
839 3774 1187 3844 opprobrium
1246 3774 1598 3828 inﬁdelitatis.
1642 3771 1942 3829 Minorasti.
1992 3777 2172 3849 (Auc.)

603 3868 873 3922 Putabant
916 3880 976 3920 se
1013 3873 1337 3934 regnaturos
1367 3865 1422 3920 in
1456 3875 1743 3933 aeternum,
1794 3868 1890 3922 sed
1934 3868 2176 3924 niuuisti

604 3960 720 4016 dies
751 3957 900 4030 regni
936 3971 1150 4023 eorum,
1182 3965 1241 4011 ut
1287 3973 1393 4012 non
1439 3966 1628 4024 staret,
1666 3957 1823 4026 juxta
1867 3961 2174 4030 opinionem

604 4065 809 4108 eorum.

677 4145 837 4200 Vens.
859 4143 948 4198 47.
963 4138 1339 4213 —Usquequo,
1362 4141 1612 4197 Domine?
1627 4144 1822 4216 (Cass)
1848 4146 2170 4218 Diapsalma.

604 4235 825 4302 Quinto.
869 4233 1010 4288 Ecce
1048 4233 1102 4286 in
1148 4247 1253 4302 quo
1278 4233 1505 4303 impleta:
1532 4236 1936 4304 promissioues,
1970 4238 2175 4294 scilicet

606 4328 658 4381 in
689 4325 978 4379 substantia
1005 4323 1194 4389 David,
1225 4341 1343 4394 quae
1372 4325 1524 4390 vivit,
1573 4334 1627 4380 et
1663 4328 1804 4380 eruit
1830 4329 2092 4395 animam,
2122 4329 2174 4383 id

607 4428 710 4484 est,
742 4419 794 4472 in
818 4416 1051 4473 Christo.
1089 4418 1266 4488 (Auc.)
1295 4419 1418 4483 Sed,
1453 4435 1728 4490 usquequo
1753 4436 1856 4476 non
1887 4423 2178 4477 resuscitas

607 4509 923 4566 Christum?
973 4507 1101 4574 Quae
1147 4509 1486 4564 substantia?
1536 4527 1655 4581 quae
1708 4513 1862 4578 nihil,
1919 4515 2022 4569 nisi
2079 4529 2178 4584 per

604 4603 796 4672 ipsum.
818 4600 946 4665 Quis
971 4610 1042 4654 est
1074 4601 1225 4653 homo
1252 4601 1338 4670 qui
1368 4601 1483 4654 vivit
1507 4611 1552 4653 et
1578 4617 1677 4654 non
1705 4603 1888 4656 videbit
1920 4605 2177 4658 mortem?

605 4694 800 4748 nullus.
852 4691 909 4745 ln
956 4693 1038 4746 his
1075 4691 1186 4762 jam
1234 4691 1470 4762 postulat
1508 4691 1794 4747 subvenire
1844 4694 2068 4760 homini,
2095 4696 2177 4751 vel

604 4783 905 4856 specialiter
930 4782 1148 4838 Judaeis.

676 4875 840 4930 Vens.
869 4874 958 4929 48.
982 4905 1051 4914 —
1094 4873 1389 4928 Memorare
1413 4890 1530 4944 quw
1555 4889 1672 4927 mea
1708 4874 2020 4930 substantia.
2051 4875 2174 4951 (ιο.)

606 4968 746 5023 Dicit
786 4969 886 5022 hoc
941 4967 1132 5030 David,
1187 4981 1350 5021 carne
1391 4966 1598 5036 positus
1641 4965 1696 5020 in
1735 4963 1955 5031 Judaeis,
1999 4983 2093 5038 spe
2121 4971 2175 5024 in

605 5059 840 5115 Christo.
881 5059 1010 5126 Quae
1047 5059 1110 5111 sit
1146 5074 1258 5110 mea
1293 5058 1631 5111 substantia?
1661 5057 1728 5111 Et
1773 5058 1816 5112 si
1855 5057 2020 5113 Judaai
2045 5061 2176 5114 deﬁ-

604 5153 772 5217 ciunt,
803 5167 908 5206 non
931 5149 1111 5204 deﬁcit
1137 5163 1251 5202 mea
1273 5149 1585 5214 substantia,
1619 5164 1722 5204 non
1753 5150 1972 5205 omnino
1997 5150 2181 5206 interit

609 5244 781 5308 radix,
815 5243 955 5296 unde
981 5241 1159 5294 veniet
1198 5237 1364 5294 Maria
1417 5258 1429 5294 :
1480 5248 1535 5296 et
1573 5241 1640 5296 de
1682 5256 1746 5296 ea
1788 5241 1970 5296 veniet
1997 5257 2182 5297 semen

605 5337 691 5390 cui
761 5335 1088 5405 promissum
1169 5341 1269 5388 est.
1337 5331 1469 5387 Nam
1525 5333 1590 5389 de
1636 5333 1837 5403 populo
1886 5335 1978 5388 illo
2025 5336 2180 5406 virgo

605 5427 795 5490 Maria,
828 5427 892 5479 de
930 5424 1134 5495 virgine
1179 5423 1344 5478 Maria
1393 5437 1521 5477 caro
1567 5421 1792 5486 Christi,
1831 5431 1886 5476 et
1921 5437 2050 5478 caro
2087 5424 2177 5478 illa

605 5533 714 5571 non
738 5524 821 5570 est
850 5515 1146 5584 peccatrix,
1178 5513 1269 5567 sed
1290 5520 1632 5582 peccatorum
1657 5511 1983 5566 mundatrix.
2020 5512 2177 5566 Nun-

601 5608 727 5681 quid
755 5610 892 5664 enim
922 5623 1072 5662 vane.
1103 5605 1304 5660 Omnes
1345 5603 1438 5657 ﬁlii
1476 5602 1752 5656 hominum
1784 5603 1962 5658 ierunt
2005 5604 2060 5658 in
2092 5621 2176 5658 va-

603 5703 850 5764 nitatem,
889 5711 994 5752 non
1033 5707 1206 5750 tamen
1235 5710 1362 5748 vane
1383 5693 1695 5747 constituisti
1726 5707 1820 5751 eos
1845 5712 1858 5747 :
1883 5696 2024 5751 unde
2047 5711 2177 5768 ergo

609 5789 836 5844 mundas
863 5802 954 5840 eos
998 5804 1026 5838 :i
1055 5786 1330 5837 vanitate?
1357 5798 1454 5853 per
1484 5799 1678 5852 semen,
1718 5786 1772 5840 in
1801 5800 1908 5855 quo
1937 5798 2018 5841 est
2062 5803 2177 5841 mea

605 5883 924 5945 substantia;
954 5881 1016 5932 de
1039 5893 1144 5946 quo
1165 5878 1340 5930 subdit
1371 5897 1380 5929 '.
1409 5878 1540 5942 Quis
1559 5887 1632 5931 est
1655 5879 1847 5932 homo?

2276 3407 2517 3478 adjungit
2534 3408 2857 3478 priusquam.
2889 3406 3112 3471 Montes,
3135 3417 3294 3462 terra.
3320 3407 3668 3484 (Auc.)Eoee
3687 3413 3858 3466 Omnis

2276 3501 2557 3557 rationalis
2589 3511 2840 3557 creatura
2873 3503 2974 3557 hac
3002 3501 3304 3558 differentia
3335 3505 3596 3561 distincta
3646 3517 3764 3571 est,
3810 3517 3858 3560 at

2277 3595 2532 3648 montium
2558 3593 2774 3648 nomine
2799 3591 3064 3648 celsitudo
3097 3595 3443 3664 angelorum;
3477 3605 3533 3651 et
3569 3608 3734 3653 teme
3775 3616 3862 3654 no-

2278 3685 2422 3738 mine
2466 3685 2743 3740 humilitas
2787 3684 3068 3746 liominum
3101 3703 3114 3738 :
3153 3687 3382 3756 ideoque
3421 3704 3532 3743 non
3567 3691 3862 3763 incongrue

2277 3776 2442 3831 verba
2471 3777 2548 3832 sic
2574 3776 2841 3841 distinxit,
2873 3786 2931 3830 ut
2952 3777 3156 3832 diceret
3187 3789 3400 3843 montes,
3429 3781 3483 3835 id
3505 3791 3594 3837 est
3622 3785 3860 3853 angelos.

2275 3869 2413 3938 ﬁeri,
2436 3877 2491 3924 et
2517 3877 2728 3934 terram,
2761 3871 2812 3922 id
2851 3878 2933 3923 est
2959 3870 3225 3935 homines,
3251 3869 3494 3938 formari.
3529 3869 3754 3928 Fierent
3783 3887 3866 3928 aut

2277 3959 2611 4029 formaretur.
2653 3959 2896 4015 Formari
2922 4002 2935 4025 ,
2972 3960 3057 4016 vel
3088 3959 3233 4032 ﬁngi,
3264 3961 3402 4016 solet
3427 3962 3534 4018 dici
3561 3970 3864 4021 secundum

2277 4067 2508 4121 corpora
2540 4070 2554 4106 :
2588 4054 2703 4107 ﬁeri
2741 4055 2808 4108 de
2842 4054 3029 4108 nihilo.
3061 4055 3102 4107 A
3133 4055 3347 4109 sarculo.
3390 4055 3590 4126 Aptius
3641 4060 3864 4123 diceret,

2277 4152 2406 4209 etc.,
2433 4160 2592 4215 usque
2609 4145 2676 4199 ad
2693 4144 2782 4200 hic
2802 4155 2980 4200 autem
2998 4146 3217 4215 ponitur
3238 4146 3490 4201 steculum
3511 4163 3618 4218 pro
3638 4158 3864 4206 atterite.

2278 4235 2324 4286 A
2359 4233 2572 4288 swcuto.
2605 4235 2746 4290 Ecce
2773 4251 2892 4306 quae
2922 4237 3199 4291 aeternitas
3226 4238 3380 4291 nobis
3403 4240 3696 4310 refugium,
3735 4253 3866 4307 etc.,

2281 4341 2441 4395 usque
2478 4325 2546 4378 ad
2597 4325 2680 4380 Ne
2719 4337 2925 4381 avertas
2948 4368 2962 4393 ,
2999 4331 3247 4398 quoniam
3286 4330 3426 4383 mille
3465 4334 3618 4384 anni.
3669 4332 3748 4386 Ta
3798 4353 3868 4389 es.

2279 4413 2496 4484 Optime
2535 4417 2641 4482 ait,
2685 4417 2808 4486 quia
2852 4417 3224 4473 immutabilis.
3271 4419 3384 4474 Non
3429 4421 3565 4476 dicit
3607 4425 3760 4488 eris,
3795 4425 3872 4477 vel

2283 4505 2470 4572 fuisti,
2509 4522 2632 4562 cum
2678 4507 3032 4564 immutabilis
3075 4510 3310 4565 essentia
3354 4511 3448 4564 Dei
3501 4527 3612 4566 non
3659 4517 3870 4568 noverit

2283 4601 2640 4671 praeteritum,
2667 4601 2752 4657 vel
2773 4602 3044 4668 futurum;
3072 4603 3213 4658 unde
3241 4604 3440 4658 dictum
3460 4615 3543 4658 est
3569 4619 3588 4656 :
3619 4605 3738 4676 Ego
3757 4623 3869 4658 sui

2279 4694 2368 4764 qui
2397 4709 2533 4746 sum.
2572 4693 2661 4758 Et,
2689 4693 2792 4759 Qui
2820 4702 2893 4746 est
2923 4695 3063 4748 misit
3099 4711 3179 4748 me
3205 4695 3272 4747 ad
3304 4695 3428 4749 vos?
3455 4694 3555 4748 Et:
3585 4694 3667 4748 Tu
3693 4707 3870 4750 cum

2280 4783 2418 4836 idem
2439 4784 2550 4852 ipse
2565 4799 2639 4847 es,
2666 4792 2712 4835 et
2734 4783 2858 4836 anni
2881 4783 2958 4836 tui
2981 4799 3085 4836 non
3113 4784 3376 4852 deﬁcient.

2353 4871 2518 4927 Vens.
2545 4872 2598 4927 5.
2627 4903 2696 4912 -
2723 4871 2805 4926 Ne
2831 4883 3053 4927 avertas.
3085 4873 3284 4945 (Cass.)
3317 4871 3599 4938 Secundo,
3643 4876 3870 4945 exponit

2281 4964 2648 5018 inﬁrmitatem
2675 4963 2930 5027 hominis,
2965 4965 3050 5019 cui
3085 4965 3220 5034 petit
3249 4966 3541 5020 subveniri.
3589 4964 3658 5018 In
3695 4967 3872 5018 [tuni-

2279 5057 2497 5111 titatem.
2526 5058 2583 5112 Id
2604 5065 2706 5122 est,
2737 5068 3006 5112 terrenam
3029 5059 3682 5128 concupiscentiam,etc.,
3705 5075 3874 5128 usque

2284 5147 2352 5198 ad
2387 5147 2478 5215 qui
2513 5147 2699 5200 docuit
2727 5147 2964 5202 coelestia
2996 5163 3258 5218 quaerere.

2355 5237 2518 5294 Vens.
2551 5240 2688 5293 4.-
2705 5239 2827 5295 Dies
2850 5241 3109 5296 hesterna.
3137 5241 3320 5312 (Aus.)
3344 5240 3461 5295 Non
3494 5241 3650 5306 dicit,
3675 5243 3878 5297 saltem

2285 5329 2428 5384 sicut
2448 5331 2703 5395 crastina,
2739 5341 2870 5397 etc.,
2901 5348 3064 5403 usque
3087 5333 3154 5386 ad
3187 5332 3241 5386 iu
3267 5332 3655 5398 sollicitudine,
3687 5344 3750 5387 et
3777 5345 3876 5388 tme-

2283 5423 2578 5493 pidatioue,
2609 5433 2664 5480 et
2683 5426 2838 5494 quasi
2861 5425 2997 5479 nihil
3025 5434 3129 5479 est.

2355 5516 2521 5571 Vens.
2553 5518 2603 5570 6.
2630 5547 2699 5556 ——
2723 5515 2880 5571 Mane
2908 5518 3042 5570 sicut
3085 5517 3265 5572 herba.
3315 5516 3500 5586 (Auo.,
3531 5516 3718 5588 Cass.)
3755 5515 3872 5570 llu-

2283 5615 2428 5660 tetur
2456 5623 2486 5660 a
2512 5606 2770 5675 qualitate
2797 5608 2989 5662 noctis.

2365 5695 2583 5768 Vespere
2627 5698 2851 5752 decidat.
2905 5698 2963 5753 In
3010 5699 3273 5755 extremis
3317 5707 3485 5761 secta,
3537 5697 3625 5754 vel
3673 5697 3875 5752 fracta.

2283 5789 2484 5860 (Cass.)
2514 5788 2672 5843 Mane
2713 5789 2846 5843 sicut
2875 5790 3055 5844 herba.
3085 5790 3245 5852 Dixi,
3297 5789 3438 5860 quod
3493 5790 3622 5844 anni
3663 5790 3878 5844 haben-

2287 5891 2396 5946 tur,
2425 5890 2551 5946 etc.,
2586 5899 2742 5952 usque
2775 5883 2841 5933 ad
2868 5882 3121 5951 juventus
3149 5898 3265 5952 quin
3289 5881 3442 5936 ﬂoret
3472 5890 3526 5934 et
3553 5882 3776 5936 transit.
