4008 6348
227 471 330 528 997

1243 473 1505 531 GLOSSA
1541 473 1933 534 0RDlNARlA.
1963 503 2034 514 ——-
2070 471 2193 526 LIB.
2234 469 2478 528 PSALII.

3353 477 3464 536 998.

301 585 539 655 Vespere.
569 585 847 654 Senectus,
869 591 1081 660 quando
1105 563 1407 661 refrigescit
1435 593 1584 665 vigor
1613 593 1789 648 homi-
1817 595 1869 655 Α
1894 574 1942 644 et
1975 590 2214 644 delectati
2242 603 2442 644 sumus.
2471 587 2651 659 (Acs,
2691 584 2872 658 Cass.)
2901 585 3058 642 Modo
3099 602 3224 653 nox,
3259 590 3314 642 in
3351 605 3457 660 qua

221 681 322 734 nis.
370 677 487 736 Vel.
514 697 664 734 mane
688 682 820 734 sicut
843 681 1020 736 herba.
1048 682 1184 752 Apta
1226 687 1576 755 comparatio,
1607 687 1780 756 quasi,

221 771 361 828 sicut
411 771 580 827 herba
625 781 866 827 mutatur
917 785 946 827 a
994 773 1273 844 qualitate,
1319 791 1481 846 quam
1529 777 1692 832 habet
1730 777 1784 832 in

223 873 402 928 nocte,
446 861 502 918 in
542 863 863 919 deteriorem
894 879 1053 919 mane
1095 875 1214 921 orto
1242 867 1356 923 sole
1385 883 1399 922 :
1441 868 1514 923 ita
1547 879 1785 923 mutatur

220 953 382 1010 homo
408 954 461 1009 in
488 955 740 1010 deterius.

289 1044 454 1101 Vsus.
484 1045 534 1099 7.
568 1075 638 1087 --
667 1045 962 1116 Derecimus
991 1049 1047 1102 in
1075 1050 1157 1103 ira
1185 1059 1297 1115 tua,
1323 1059 1372 1104 et
1401 1051 1454 1104 in
1481 1051 1658 1120 furore
1693 1061 1782 1105 tuo

219 1138 408 1192 turbati
447 1153 648 1192 simus.
694 1139 876 1210 (Acs)
925 1139 1176 1196 Mortales
1215 1150 1268 1196 et
1300 1141 1579 1210 passibiles
1616 1141 1776 1204 facti,

216 1229 358 1300 quod
388 1241 566 1284 tamen
609 1239 784 1285 morte
824 1231 978 1286 ﬁnire
1007 1232 1275 1295 timemus,
1317 1233 1458 1286 unde
1500 1231 1777 1301 sequitur:

220 1318 283 1372 Et
308 1321 361 1373 in
385 1321 563 1389 furore
589 1330 681 1375 tuo
704 1321 899 1375 turbati
926 1337 1126 1376 sumus.
1160 1321 1444 1376 Saeculum.
1475 1315 1649 1376 Vitam
1680 1337 1780 1377 no-

216 1419 382 1464 stram
408 1425 651 1480 pravam.
681 1407 780 1467 Vel
807 1411 1056 1466 saeculum
1102 1422 1367 1482 posteros.
1411 1411 1476 1466 In
1517 1412 1782 1466 illumina-

215 1500 350 1552 tione
385 1499 576 1554 vultus.
611 1499 811 1572 (Cass)
856 1500 948 1556 llla
986 1509 1257 1572 teguntur,
1285 1517 1404 1572 quae
1441 1504 1654 1558 veniam
1684 1505 1782 1559 ha-

215 1589 341 1644 bent
365 1607 378 1641 :
407 1589 791 1657 illuminantur,
823 1603 942 1664 qua:
966 1594 1283 1664 puniuntur.

285 1679 443 1736 Vens.
477 1681 530 1737 9.
555 1713 626 1724 -—
647 1683 908 1750 Quoniam
949 1701 1124 1739 omnes
1163 1685 1293 1740 dies.
1327 1686 1508 1758 (Acs)
1536 1685 1780 1758 Cognitio

213 1779 392 1824 nostra
440 1770 638 1828 defecit
679 1774 1028 1830 obtenebrata
1075 1776 1284 1832 ratione
1331 1791 1426 1847 per
1461 1787 1775 1847 peccatum,

211 1860 313 1924 vel,
343 1868 552 1932 tempus
583 1864 707 1918 vitae
733 1865 1104 1920 abbreviatum
1143 1875 1251 1933 εει,
1297 1877 1353 1922 ει
1396 1881 1532 1937 pene
1567 1869 1774 1937 defecit,

1885 679 2156 734 esurimus
2185 697 2196 732 :
2231 685 2356 733 tunc
2395 686 2573 732 autem
2605 675 2920 730 satiabimur
2940 675 3111 741 vultu,
3135 679 3274 732 unde
3304 695 3314 730 ς
3351 679 3455 733 8ο--

1885 770 2054 824 tiabor
2071 786 2188 826 cum
2209 771 2512 840 apparuerit
2523 768 2692 840 gloria
2707 779 2818 822 tua.
2837 769 2904 824 Et
2917 767 3044 824 alibi
3063 785 3075 822 :
3097 769 3253 824 Mane
3276 772 3457 825 astabo

1883 863 1998 927 tibi,
2026 873 2072 915 et
2101 861 2300 916 videbo.
2335 860 2487 917 Nunc
2527 871 2704 916 autem
2748 876 2844 932 pro
2873 875 2938 916 eo
2963 863 3130 916 lwtati
3158 877 3372 926 sumus,
3404 873 3458 914 ct

1885 952 1936 1006 in
1987 952 2237 1024 malignis
2275 953 2466 1008 diebus
2513 953 2567 1006 in
2619 953 2815 1022 quibus
2842 953 3113 1008 dicimus:
3152 951 3364 1024 Respice
3401 955 3456 1006 in

1881 1057 2071 1096 ειῖυοε.

1953 1131 2113 1186 Vsus.
2148 1131 2234 1188 16.
2261 1155 2336 1175 --
2370 1131 2584 1204 Respice
2623 1135 2678 1186 in
2726 1150 2895 1188 servos
2945 1145 3083 1188 tuos.
3130 1134 3283 1202 Quod
3327 1135 3456 1190 facit

1881 1221 2024 1278 Deus
2067 1224 2120 1277 in
2166 1237 2258 1291 se,
2299 1236 2420 1280 orat
2456 1224 2724 1296 Propheta
2755 1226 2870 1280 ﬁeri
2913 1241 3010 1281 suo
3048 1227 3240 1296 populo
3271 1243 3284 1280 :
3312 1237 3452 1288 orat,

1881 1313 2106 1380 scilicet,
2141 1324 2200 1370 ut
2232 1325 2418 1386 parcat
2460 1315 2658 1371 ludatis
2705 1317 3088 1386 peccantibus,
3115 1318 3163 1372 si
3205 1325 3312 1372 non
3358 1333 3454 1385 pro

1880 1402 2089 1457 meritis
2138 1418 2355 1470 eorum,
2407 1405 2597 1460 saltem
2645 1417 2866 1476 preptcr
2907 1421 3070 1477 opera
3111 1423 3232 1478 qua:
3279 1407 3334 1462 in
3375 1408 3454 1462 eis

1877 1490 2027 1547 fecit.

1952 1582 2020 1637 Et
2045 1584 2210 1655 dirige
2237 1585 2376 1655 ﬁlios
2410 1604 2610 1641 eorum.
2653 1587 2836 1655 Quasi,
2871 1589 2977 1644 etsi
2999 1589 3100 1658 ipsi
3128 1603 3226 1658 per
3251 1589 3450 1658 iniqui-

1881 1682 2022 1730 tates
2049 1677 2278 1746 dispersi
2308 1688 2452 1742 sunt,
2487 1679 2570 1734 vel
2603 1679 2723 1744 ﬁlii,
2751 1680 2804 1734 in
2832 1680 2938 1735 ﬁne
2961 1681 3065 1736 ﬁde
3090 1682 3450 1754 corrigantur,

1878 1768 1968 1837 qui
1990 1783 2087 1838 per
2112 1783 2170 1823 se
2200 1770 2370 1839 pravi,
2393 1780 2448 1826 et
2476 1770 2934 1826 inconvertibiles.

1949 1859 2112 1914 Vens.
2141 1859 2558 1932 l7.—Splendor
2587 1860 2798 1915 Domini
2825 1861 2921 1915 Dei
2957 1863 3119 1916 nostri
3151 1878 3306 1931 super
3337 1879 3450 1926 nos,

211 1951 334 2020 quia
365 1951 432 2005 ad
461 1954 783 2022 paucitatem
820 1957 1022 2013 redacti
1063 1966 1188 2013 sunt
1237 1958 1352 2014 dies
1390 1960 1511 2012 vita:
1551 1971 1769 2016 nostrai.

1884 1958 1922 2003 et
1938 1950 2246 2019 operamini.
2268 1950 2470 2021 (litus,
2486 1952 2665 2022 Cass.)
2689 1951 2870 2022 Imago
2892 1953 2986 2012 Dei
3014 1967 3271 2008 recreans
3285 1953 3452 2007 menti

209 2041 348 2095 Anni
377 2043 543 2096 nostri
571 2045 725 2098 sicut.
757 2045 957 2115 (Cass,
983 2048 1146 2119 Acs.)
1188 2047 1401 2103 Miseria
1443 2058 1496 2104 et
1541 2050 1776 2105 brevitas

207 2130 366 2201 hujus
384 2131 508 2190 vitae
528 2135 849 2205 exprimitur
883 2137 974 2191 hic
997 2151 1095 2207 per
1120 2138 1524 2194 similitudinem
1546 2155 1772 2206 araneis,

209 2237 326 2292 qua;
359 2224 493 2278 texit
519 2224 704 2280 inanes
734 2227 889 2292 telas,
920 2238 980 2282 ut
1007 2229 1131 2284 dolo
1155 2230 1331 2300 capiat
1354 2247 1568 2288 muscas
1595 2250 1608 2286 :
1635 2233 1778 2287 unde

206 2313 574 2382 sicutaraneu,
591 2317 650 2371 id
663 2323 767 2384 et,
785 2319 838 2373 in
861 2321 1022 2376 rebus
1042 2323 1478 2393 corruptibilibus
1497 2325 1776 2380 laboraba-

205 2419 343 2471 mus,
361 2405 542 2462 inania
564 2409 896 2464 texebamus.
913 2409 1112 2482 (Cass)
1129 2411 1249 2466 Vita
1269 2427 1366 2481 per
1384 2414 1520 2467 iram
1536 2414 1630 2468 Dei
1645 2414 1771 2470 bre-

209 2495 353 2550 viata
381 2507 496 2562 est,
531 2497 654 2567 quia
695 2501 1112 2571 praesumptione
1153 2501 1410 2572 longioris
1435 2505 1560 2560 vita:
1585 2519 1773 2574 pecca-

205 2587 354 2644 bant.
387 2589 453 2645 Et
479 2607 577 2647 nos
601 2591 702 2662 ipsi
730 2593 786 2646 in
817 2593 900 2647 ira
919 2603 1014 2648 tua
1037 2595 1338 2665 defecimus.
1369 2597 1552 2669 (Acs)
1583 2597 1640 2653 ld
1661 2607 1768 2665 est,

203 2679 438 2734 essentia
457 2693 640 2736 nostra
657 2681 858 2738 deiecit
883 2698 980 2755 per
1003 2698 1289 2742 aerumnas.
1307 2687 1769 2744 lectitabantur...

202 2771 351 2836 anni,
373 2786 481 2826 non
501 2775 890 2844 operabuutur,
911 2777 1037 2846 quia
1060 2778 1175 2832 sine
1205 2778 1435 2834 utilitate
1467 2788 1767 2836 transeunt.

207 2860 320 2926 Vel,
352 2863 754 2921 meditabuntur
779 2867 1014 2936 passive,
1030 2870 1081 2924 id
1107 2879 1212 2935 est,
1235 2873 1621 2942 reputabuntur
1643 2874 1770 2928 anni

203 2956 372 3010 nostri
400 2958 534 3012 sicut
559 2974 777 3024 aranea,
801 2959 856 3013 id
877 2971 980 3026 est,
1005 2961 1145 3016 sicut
1165 2963 1354 3019 inanes
1379 2973 1435 3019 ct
1465 2966 1696 3022 inutiles.

275 3046 440 3102 Vsus.
475 3047 560 3102 10.
590 3076 661 3087 -
683 3047 1042 3120 Septuaginta.
1073 3052 1196 3124 (19.)
1229 3054 1586 3112 Terrenorum
1611 3073 1773 3128 appe-

210 3137 340 3192 titus
387 3154 508 3208 quae
549 3149 758 3210 septem
791 3141 981 3198 diebus
1024 3156 1255 3215 aguntur
1286 3160 1299 3197 :
1331 3146 1376 3202 si
1403 3146 1458 3202 in
1485 3148 1775 3204 virtutibus

203 3230 503 3301 octoginta,
540 3231 594 3287 id
616 3241 723 3298 est,
752 3235 1030 3292 asterititas
1049 3238 1270 3306 petitur.
1291 3239 1475 3294 Am.
1504 3239 1598 3296 Vel
1623 3243 1768 3307 anni,

1877 2041 2237 2111 imprimatur.
2282 2041 2378 2098 Vel
2422 2043 2677 2114 splendor
2715 2044 2811 2100 Dei
2863 2061 3026 2115 super
3055 2061 3154 2101 nos
3180 2055 3292 2110 est,
3325 2045 3453 2100 dum

1876 2133 2056 2188 crucis
2087 2133 2441 2202 impressione
2461 2133 2802 2202 decorauit",
2833 2145 2889 2190 et
2917 2136 3168 2192 vexillum
3199 2137 3453 2206 triumphi

1876 2222 1932 2278 in
1984 2221 2161 2279 fronte
2212 2233 2508 2295 portamus.
2565 2225 2803 2298 (Cas)
2853 2225 3068 2298 Triplex
3119 2227 3318 2298 quippe
3371 2237 3453 2283 est

1876 2315 2071 2385 imago,
2099 2325 2229 2382 etc.,
2258 2333 2421 2388 usque
2461 2317 2530 2371 ad
2579 2319 2921 2374 meminerim
2945 2327 3031 2386 te,
3059 2319 3352 2392 intelligam
3376 2329 3452 2386 te.

1874 2405 2096 2477 diligam
2129 2416 2197 2463 te.
2433 2475 2496 2477 μ
2571 2475 2582 2477 ᾼ
2642 2475 2680 2477 μ
2799 2467 2804 2472 ,

2431 2475 2750 2535 PSALMUS
2785 2477 2896 2534 XC.
3147 2557 3154 2567 '

1946 2589 2109 2645 Vsus.
2141 2589 2190 2643 1.
2221 2618 2290 2630 --
2314 2589 2456 2645 Laus
2479 2591 2703 2646 cantici.
2733 2590 2899 2655 Laus.
2941 2599 2997 2648 et
3036 2592 3270 2648 humana
3313 2600 3397 2648 est
3431 2609 3444 2645 :

1873 2680 1967 2736 sed
1993 2681 2108 2736 haec
2132 2689 2214 2736 est
2243 2681 2465 2747 cantici,
2495 2682 2622 2752 quia
2662 2698 2771 2740 non
2814 2684 2916 2738 nisi
2953 2684 3152 2738 divina.
3181 2683 3279 2738 Est
3307 2683 3450 2738 enim

1871 2771 2111 2839 psalmus
2140 2772 2244 2827 iste
2264 2772 2494 2844 hymnus
2513 2780 2701 2828 contra
2721 2774 3011 2832 daemones.
3028 2774 3298 2846 Propheta
3323 2791 3450 2848 ergo

1872 2867 1938 2922 de
1963 2868 2204 2936 quolibet
2231 2877 2418 2926 sancto
2445 2870 2522 2924 ait
2547 2887 2562 2924 :
2590 2869 2693 2936 Qui
2722 2869 2920 2925 habitat
2946 2871 3001 2925 in
3025 2871 3315 2942 adjutorio,
3340 2880 3445 2928 etc.

1945 2956 2146 3027 (Cass)
2173 2957 2420 3014 Ostendit
2459 2961 2784 3018 temetiones
2821 2961 3020 3018 diaboli
3046 2977 3145 3031 per
3171 2963 3446 3019 humilita-

1874 3053 1981 3100 tem
2011 3049 2182 3102 victas
2211 3063 2240 3102 a
2263 3049 2501 3114 Christo,
2537 3060 2594 3102 et
2619 3066 2649 3103 a
2673 3051 2806 3115 suis,
2833 3053 3180 3108 manentibus
3207 3054 3262 3108 in
3293 3054 3447 3108 auxi-

1872 3137 1945 3196 lio
1988 3141 2118 3205 Dei,
2169 3150 2229 3194 ut
2276 3150 2331 3196 et
2378 3155 2477 3196 nos
2524 3156 2620 3210 per
2665 3157 2789 3198 eum
2827 3143 3100 3199 discamus
3129 3147 3452 3201 tentationes

1873 3245 2149 3299 superare,
2175 3232 2300 3301 quia
2323 3239 2407 3286 est
2422 3231 2587 3299 janua
2621 3248 2716 3303 per
2735 3248 2918 3302 quam,
2936 3235 2984 3291 si
3005 3236 3126 3306 quis
3159 3237 3450 3304 introierit,

201 3323 305 3376 alia
349 3322 546 3380 littera.
583 3323 698 3391 Quo
743 3329 998 3398 temporis
1023 3330 1196 3400 spatio
1237 3331 1489 3390 dicuntur
1521 3332 1768 3406 ιοηεωνί,
1799 3313 1852 3379 0
1877 3322 2234 3393 ingredietur,
2262 3335 2316 3380 et
2338 3325 2666 3395 egredietur,
2699 3333 2754 3380 et
2779 3341 2978 3394 pascua
3003 3328 3234 3382 eveniet.

203 3416 293 3483 qui
345 3417 509 3470 etiam
559 3433 727 3487 usque
771 3421 838 3475 ad
875 3422 1132 3491 octoginta
1171 3439 1342 3482 annos
1379 3425 1587 3496 aliquas
1627 3429 1772 3484 vires

203 3504 406 3561 habere
447 3507 714 3563 videntur.
751 3507 1048 3580 Octoginta.
1081 3511 1218 3579 Quia
1243 3523 1298 3569 et
1327 3517 1464 3571 citra
1499 3518 1771 3588 octoginta

203 3611 375 3652 annos
403 3608 530 3654 sunt
577 3601 796 3669 quidam
834 3601 1066 3668 inﬁrmi,
1094 3613 1222 3668 etc.,
1255 3622 1413 3676 usque
1455 3608 1526 3662 ad
1565 3609 1774 3662 redem-

204 3686 444 3755 ptionem
459 3691 702 3758 corporis
717 3701 1108 3761 exspectantes.
1137 3693 1506 3752 Mansuetudo.
1522 3697 1774 3754 Clemen-

203 3776 279 3828 tia
313 3785 424 3840 est,
463 3777 509 3832 si
538 3779 632 3832 Dei
665 3796 678 3832 :
713 3781 982 3848 domatio,
1015 3783 1060 3837 si
1086 3793 1288 3840 nostra.
1335 3785 1454 3856 Ipse
1494 3788 1637 3842 enim
1679 3804 1774 3858 per

203 3865 546 3924 clementiam
565 3880 903 3938 mansuetus,
923 3872 1192 3932 domando
1216 3891 1318 3932 nos
1343 3876 1504 3936 eﬁicit
1527 3895 1774 3934 mansue-

205 3964 306 4019 tos,
340 3967 394 4012 et
425 3959 504 4014 sic
530 3961 906 4030 corripicmnr.

277 4045 438 4102 Vens.
473 4049 558 4104 11.
589 4080 661 4088 -
700 4050 828 4116 Quis
861 4053 995 4107 novi.
1025 4053 1148 4128 (19.)
1189 4055 1433 4112 Potestas
1468 4059 1561 4114 irae
1603 4060 1776 4116 homi-

205 4142 292 4196 nis
326 4149 410 4196 est
457 4156 653 4212 corpus
681 4145 946 4210 occidere,
972 4155 1093 4215 post
1120 4147 1254 4202 nihil
1297 4148 1494 4204 iacere.
1537 4151 1678 4206 Deus
1721 4159 1777 4206 et

203 4231 294 4285 hic
320 4233 494 4301 ptmit,
520 4242 576 4287 et
601 4243 721 4303 post
754 4234 810 4290 in
856 4237 1155 4306 gehennam
1195 4239 1406 4296 mittit:
1441 4228 1497 4296 et
1522 4257 1552 4296 a
1587 4242 1775 4312 paucis

203 4321 377 4391 major
399 4321 516 4394 ejus
545 4323 625 4377 ira
654 4323 985 4398 intelligitur.

279 4410 440 4466 Vens.
472 4411 559 4466 19..
580 4443 650 4451 -
668 4413 943 4469 Dexteram
972 4425 1116 4470 tuam
1138 4419 1212 4472 sic
1235 4428 1410 4474 notam
1438 4420 1541 4490 fac.
1578 4422 1774 4494 (Cass)

205 4501 410 4564 Tertio,
444 4511 564 4557 orat
596 4512 650 4559 et
683 4505 914 4559 allirmat
943 4505 1338 4566 liberationem.
1378 4512 1557 4586 (Acs)
1585 4514 1776 4586 Dexte-

203 4611 321 4648 ram
357 4605 520 4650 tuam.
567 4595 838 4652 Christum
870 4597 950 4654 sic
978 4611 1158 4656 notum
1183 4603 1333 4670 fecit,
1363 4613 1495 4671 etc.,
1521 4583 1680 4676 usque
1705 4583 1772 4661 ait

203 4697 265 4742 ut
294 4689 361 4743 ad
385 4689 662 4746 dexteram
686 4700 868 4760 ponat.
1111 4705 1113 4708 ‘

277 4780 347 4834 Et
369 4783 599 4839 eruditos
615 4785 767 4839 corde
782 4788 834 4841 in
855 4788 1129 4858 sapientia.
1154 4787 1245 4842 Vel
1265 4789 1576 4858 compeditos
1599 4792 1772 4846 corde.

207 4871 365 4940 Quod
407 4873 545 4928 idem
591 4885 702 4939 est,
746 4877 870 4946 quia
899 4878 990 4948 qui
1023 4879 1344 4934 erudiuntur
1379 4882 1434 4934 in
1484 4881 1772 4950 sapientia,

203 4969 400 5038 pedem
426 4970 623 5026 mentis
649 4969 896 5040 injiciunt
939 4973 992 5026 in
1033 4973 1317 5044 compedes
1348 4974 1461 5038 Dei,
1511 4985 1570 5029 ut
1611 4991 1641 5028 a
1689 4976 1775 5030 via

204 5056 327 5126 ejus
367 5076 476 5116 non
520 5063 843 5118 exorbitent.
885 5062 1028 5131 Quos
1076 5063 1154 5119 sic
1197 5062 1326 5120 fecit
1367 5064 1510 5122 Deus
1539 5075 1694 5121 notos
1723 5069 1776 5123 in

204 5147 361 5206 Novo
384 5151 748 5219 Testamento,
776 5161 832 5208 ut
854 5168 952 5224 pro
973 5153 1076 5210 ﬁde
1097 5156 1276 5209 omnia
1300 5165 1632 5227 spernerent,
1663 5173 1782 5227 quae

205 5256 406 5315 magna
449 5245 736 5311 habentur,
763 5246 816 5300 in
845 5244 1025 5300 Veteri
1061 5255 1114 5300 et
1141 5257 1342 5303 aeterna
1374 5258 1544 5304 morte
1578 5265 1782 5319 quaere-

207 5344 336 5390 rent
364 5352 378 5391 :
409 5335 512 5391 hoc
539 5337 822 5391 attendens
852 5337 950 5402 ait,
980 5351 1079 5407 pro
1113 5338 1212 5404 eis,
1247 5341 1338 5409 qui
1367 5340 1532 5395 multa
1561 5342 1782 5411 patiun-

208 5438 302 5485 tur
328 5444 359 5484 a
387 5429 583 5486 seculo
605 5444 704 5500 pro
735 5431 970 5492 azternis.

197 5573 204 5580 .
285 5520 456 5578 Vitas.
483 5523 568 5576 15.
599 5552 670 5562 -
693 5521 1017 5577 Convertere.
1068 5522 1232 5591 Quasi
1281 5539 1470 5579 aversa
1505 5527 1578 5582 sit
1617 5528 1783 5584 facies

205 5612 332 5684 ejus
377 5628 410 5668 a
458 5611 746 5672 tribulatis.
814 5609 1106 5685 Usquequo.
1161 5614 1309 5670 Alias
1369 5616 1780 5684 aliquantulum.

207 5704 418 5779 (Cass)
443 5703 558 5760 Non
605 5721 672 5760 ex
718 5712 848 5770 toto,
877 5719 995 5774 quae
1028 5706 1200 5776 magis
1235 5708 1472 5776 prodest,
1511 5709 1554 5764 si
1603 5709 1780 5780 aliqua

211 5797 492 5855 tribulatio
521 5812 732 5865 semper
764 5804 946 5850 monet
971 5811 1084 5850 nos.

291 5887 450 5945 Vltts.
485 5889 564 5944 l4.
595 5918 661 5927 -—
690 5887 845 5941 Mane
884 5887 1238 5944 misericordia
1267 5900 1358 5945 tua
1386 5890 1586 5945 exsultn
1598 5894 1782 5961 vimus,

1801 4667 1854 4727 Ι)

1945 3415 2127 3490 (Acs)
2149 3415 2321 3472 Janua
2335 3417 2613 3484 Christus;
2640 3418 2843 3474 intrare
2863 3434 2960 3489 per
2983 3434 3126 3484 eum,
3151 3428 3232 3474 est
3254 3421 3452 3476 imitari

1875 3527 2018 3577 eum,
2051 3527 2158 3572 non
2187 3513 2240 3568 in
2261 3512 2566 3576 divinitate,
2594 3520 2650 3567 et
2666 3511 2928 3582 potentia,
2957 3521 3013 3566 et
3037 3511 3332 3576 mit-atmiis,
3358 3513 3450 3566 sed

1875 3605 1931 3660 in
1980 3619 2046 3660 eo
2098 3620 2206 3673 quo
2248 3603 2424 3659 lactus
2455 3611 2538 3658 est
2574 3620 2673 3674 pro
2701 3605 2876 3670 nobis,
2919 3604 2972 3659 id
3005 3612 3110 3670 est,
3148 3605 3450 3661 humilitate

1877 3697 1943 3751 ad
1970 3713 2132 3766 quam
2166 3707 2343 3762 vocat,
2367 3697 2554 3751 dicens
2584 3713 2598 3748 :
2629 3696 2827 3750 Discite
2854 3713 2885 3750 a
2915 3712 2996 3751 me
3021 3698 3144 3766 quia
3172 3699 3310 3750 initis
3337 3714 3451 3750 sunt

1876 3797 1923 3841 et
1961 3789 2174 3843 humilis
2223 3788 2398 3844 corde.
2430 3788 2505 3844 De
2533 3789 2637 3844 hoc
2672 3788 2884 3858 psalmo
2928 3789 3153 3842 tentavit
3179 3788 3452 3843 Christum

1877 3880 2142 3934 diabolus.
2176 3878 2380 3934 Christi
2410 3888 2592 3934 autem
2623 3880 2845 3934 tentatio
2869 3889 3056 3934 nostra
3075 3887 3160 3935 est
3185 3879 3448 3942 doctrina,

1877 3987 2035 4041 quem
2061 3980 2352 4041 sequentes
2379 3987 2444 4026 ex
2467 3986 2534 4026 eo
2565 3971 2846 4027 vincimus.

1949 4061 2056 4127 Qui
2107 4063 2328 4116 habitat.
2387 4061 2589 4134 (Cass)
2634 4062 2903 4118 Describit
2963 4063 3142 4133 primo
3187 4060 3448 4118 ﬁdentem

1877 4154 1931 4208 in
1958 4153 2074 4208 solo
2103 4154 2240 4216 Deo,
2267 4153 2489 4208 omnino
2514 4155 2851 4222 protectione
2879 4152 2973 4208 Dei
3027 4151 3299 4206 vallatum.
3349 4150 3452 4213 Qui

1877 4245 2098 4308 habitat,
2137 4245 2189 4300 id
2225 4255 2336 4310 est,
2383 4245 2473 4314 qui
2523 4252 2690 4300 uitam
2727 4258 2880 4313 spem
2917 4257 3025 4298 non
3081 4245 3134 4296 in
3163 4255 3244 4304 se,
3275 4241 3368 4293 sed
3398 4240 3450 4292 in

1878 4336 1988 4391 Deo
2039 4351 2256 4406 semper
2305 4336 2624 4400 constituit,
2669 4334 2920 4390 omnibus
2979 4331 3155 4387 modis
3204 4338 3452 4400 protege-

1879 4438 2016 4482 tura
2038 4427 2167 4484 Deo.
2206 4429 2337 4482 Nota
2373 4428 2660 4480 verborum
2702 4421 3236 4492 correspondentiam
3267 4438 3279 4474 :
3316 4422 3456 4476 sicut

1879 4518 2021 4572 enim
2063 4533 2279 4588 semper
2307 4517 2538 4580 habitat,
2565 4515 2645 4572 sic
2675 4524 2731 4570 et
2768 4529 2982 4583 semper
3025 4512 3452 4568 commorabitur.

1879 4608 2010 4662 [llud
2049 4607 2303 4672 allirt'nat,
2342 4606 2552 4660 scilicet
2585 4605 2726 4674 quod
2760 4605 2993 4670 habitat;
3024 4605 3132 4660 hoc
3165 4604 3454 4674 promittit,

1882 4700 2093 4755 scilicet
2112 4699 2254 4770 quod
2281 4708 2596 4768 protegetur.

1954 4789 2024 4844 In
2049 4791 2364 4859 protectione
2397 4788 2490 4842 Dei
2520 4787 2633 4843 caeli
2678 4787 3102 4842 commorabitur.
3134 4787 3206 4845 Ut
3247 4789 3456 4845 scilicet

1883 4897 1992 4936 non
2023 4881 2254 4935 declinet
2280 4880 2345 4933 ad
2392 4881 2668 4934 dexteram
2697 4878 2780 4932 vel
2807 4878 2873 4933 ad
2898 4878 3200 4945 sinistram,
3231 4879 3370 4933 sicut
3400 4879 3456 4933 in

1885 4972 2064 5027 Veteri
2098 4971 2448 5025 Testamento
2487 4979 2813 5040 praeceptum
2855 4979 2976 5024 erat
3017 4970 3144 5026 ﬁliis
3173 4969 3360 5035 Israel,
3398 4977 3459 5025 ut

1886 5062 2294 5118 incederentvia
2319 5062 2485 5131 regia,
2509 5075 2614 5116 non
2638 5061 2972 5117 declinantes
2987 5062 3053 5114 ad
3077 5062 3352 5116 dexteram
3374 5060 3458 5115 vel

1885 5159 1951 5212 ad
1978 5159 2276 5212 sinistram.
2303 5155 2402 5210 Via
2432 5156 2600 5224 regia,
2625 5155 2712 5208 via
2739 5155 2942 5210 Christi
2970 5155 3112 5224 regis
3141 5153 3334 5219 nostri,
3363 5155 3457 5222 qui

1883 5251 1964 5306 sic
1992 5251 2129 5306 viam
2155 5250 2338 5304 mundi
2364 5242 2624 5312 cucurrit,
2641 5258 2700 5304 ttt
2721 5264 2820 5306 nec
2845 5247 3122 5318 prosperis
3143 5247 3456 5315 illiceretur,

1885 5357 1984 5396 nec
2011 5339 2255 5394 adversis
2285 5337 2640 5408 frangeretur.

1959 5431 2119 5486 Vsus.
2165 5431 2222 5484 ‘2.
2259 5461 2325 5470 —-
2361 5430 2503 5484 Deus
2553 5448 2716 5486 meus.
2768 5427 2974 5501 (CASS.)
3011 5427 3088 5484 Ne
3130 5437 3288 5498 putes
3335 5437 3460 5499 post

1885 5523 2279 5593 susceptionem
2307 5531 2362 5577 et
2381 5521 2646 5592 refugium
2669 5521 2781 5590 jam
2809 5520 2946 5576 nihil
2978 5536 3100 5581 esse
3145 5521 3455 5590 petendum,

1885 5615 2031 5670 addit
2059 5631 2070 5666 :
2103 5612 2334 5684 Sperabo
2373 5615 2428 5667 in
2457 5630 2596 5678 eum,
2643 5627 2709 5666 ne
2754 5611 3042 5680 aliquando
3081 5611 3152 5670 de
3173 5626 3236 5668 se
3257 5624 3452 5682 presu-

1885 5715 2016 5774 mat,
2048 5707 2152 5762 hoc
2173 5706 2222 5761 si
2251 5704 2474 5762 fecisset
2491 5705 2686 5768 Adam,
2716 5703 2854 5758 bene
2875 5711 3066 5760 stanet.

1958 5800 2122 5856 Vsus.
2159 5797 2212 5856 ὅ.
2253 5829 2323 5838 -
2365 5797 2441 5851 De
2485 5796 2687 5865 laqueo.
2742 5793 2873 5865 (11).)
2923 5793 3196 5856 Tentatio,
3241 5790 3324 5848 vel
3366 5805 3464 5862 per

1889 5894 2050 5958 facta,
2090 5909 2210 5962 qua:
2245 5892 2336 5947 hic
2369 5890 2570 5946 dicitur
2606 5888 2856 5960 laqueus;
2901 5887 2984 5943 vel
3015 5902 3112 5958 per
3142 5885 3306 5944 verba
3346 5900 3466 5959 qua
