4008 6348
544 491 650 548 999

1030 481 1418 541 WALAFRIDI
1455 479 1702 539 STRABI
1737 477 1942 537 FULD.
1984 473 2152 535 MON.
2189 471 2339 532 OPP.
2379 469 2558 527 PARS
2595 469 2638 524 l.
2678 499 2748 511 -—-
2783 464 3238 526 THEOLOGICA.

3661 462 3804 520 1000

540 603 651 667 hic,
681 617 715 658 a
738 599 890 656 verba
919 615 1140 669 aspero;
1170 597 1344 667 quasi,
1371 595 1474 652 etsi
1509 595 1624 650 leve
1649 593 1915 657 videatur,
1943 603 2110 662 grave
2135 590 2190 652 Α
2211 599 2318 656 que
2348 582 2632 654 diligenter
2660 581 2910 646 adverte,
2934 579 3026 634 ubi
3050 577 3118 632 de
3139 574 3357 669 Christo
3388 572 3690 669 secundum
3711 588 3808 669 ca-

547 704 726 750 tamen
752 699 838 748 est
860 691 1029 746 verbo
1053 688 1268 744 tentari.
1300 685 1560 757 Laqueus,
1586 684 1842 739 versutia:
1869 680 2122 752 spiritua-

544 783 699 850 lium,
738 781 825 838 vel
865 779 1162 837 carnalium
1203 778 1575 844 inimicorum;
1618 777 1829 831 verbum
1855 788 2118 844 asperum,

546 892 710 934 omne
741 876 964 941 dictum,
993 872 1139 946 quod
1168 879 1349 927 movet
1395 886 1428 925 a
1470 868 1670 941 regulis
1697 867 1909 925 divinis.
1939 864 2120 937 (Auo.)

547 971 627 1027 De
679 970 862 1042 laqueo
910 966 1226 1032 venantium,
1263 964 1596 1028 damonum,
1647 959 1738 1030 qui
1780 973 1886 1014 non
1930 957 1986 1011 in
2035 955 2122 1010 via

549 1061 788 1128 Christo,
824 1058 918 1115 sed
950 1057 1119 1122 circa,
1150 1055 1220 1110 ad
1253 1055 1528 1111 dexteram
1557 1051 1643 1108 vel
1678 1051 1973 1115 sinistram,
2005 1054 2124 1101 ten-

551 1157 686 1214 dunt
702 1156 948 1228 laqueos.
973 1151 1033 1208 In
1053 1166 1190 1223 quos
1214 1160 1270 1206 et
1295 1166 1394 1220 per
1412 1149 1637 1204 verbum
1659 1159 1906 1216 asperum
1928 1142 2126 1198 cadunt

552 1247 753 1318 aliqui,
783 1245 961 1318 utqui
991 1243 1180 1300 nolunt
1214 1257 1333 1298 esse
1361 1240 1587 1306 Christi,
1611 1244 1831 1309 propter
1861 1231 2125 1290 insultan-

552 1347 635 1395 tes
672 1338 980 1397 Christiano
1023 1333 1259 1398 nomini,
1303 1341 1360 1388 et
1399 1331 1490 1401 qui
1529 1330 1722 1384 timent
1763 1323 2125 1382 detractiones

550 1430 852 1496 hominum,
875 1435 938 1482 ut
966 1433 1181 1481 cessent
1211 1437 1242 1477 a
1271 1422 1357 1477 via
1385 1421 1502 1476 Dei.

622 1523 784 1577 Vens.
809 1519 866 1574 4.
898 1548 970 1560 -
1009 1514 1274 1586 Scapulis.
1303 1512 1458 1585 (Anc.
1481 1553 1497 1578 ,
1525 1509 1708 1582 Cass.)
1750 1505 2000 1579 Speranti
2035 1505 2128 1560 be-

551 1613 745 1669 neficia
796 1610 892 1666 Dei
939 1607 1224 1681 promittit.
1273 1603 1554 1675 Scapulw,
1611 1610 1739 1659 sunt
1789 1599 2129 1671 operationes

553 1704 917 1769 mirabilium,
962 1701 1158 1771 quibus
1199 1706 1261 1753 ut
1300 1697 1544 1752 humeris
1593 1696 1769 1750 virtus
1814 1693 1912 1748 Dei
1951 1700 2131 1747 osten-

552 1798 715 1853 ditur.
759 1796 988 1862 Pennce,
1019 1793 1222 1850 monita
1246 1792 1671 1864 Prophetarum,
1699 1805 1819 1862 quae
1857 1789 1925 1844 ad
1965 1785 2130 1843 caelos

551 1890 772 1946 vehunt.

2217 685 2334 748 put,
2358 675 2449 730 ubi
2477 674 2774 730 secundum
2799 669 3039 726 membra
3065 676 3212 740 agat.
3236 665 3583 720 Altissimum.
3609 663 3672 719 In
3695 663 3808 718 alto

2219 777 2304 824 est
2326 765 2594 837 refugium
2623 763 2740 830 Dei,
2767 761 2923 817 valde
2949 761 3004 815 in
3029 758 3262 824 occulto,
3286 765 3346 812 ut
3365 755 3605 827 fugiatur
3625 770 3658 809 a
3677 768 3809 810 vw-

2221 865 2342 912 tura
2371 857 2471 911 ira.
2503 854 2654 910 Multi
2696 853 2841 908 enim
2870 851 2948 907 sic
2986 849 3192 906 faciunt
3223 848 3325 903 sibi
3359 846 3629 916 refugium
3676 845 3807 911 Dei,

2222 964 2328 1018 quo
2348 947 2560 1018 fugiunt
2581 962 2610 1000 a
2631 945 2789 1001 malis
2810 941 3212 1014 temporalibus.
3236 937 3564 993 Altissimum
3583 937 3810 1006 posuisti

2223 1045 2502 1115 refugium,
2528 1043 2582 1099 id
2616 1051 2719 1108 est,
2757 1039 3110 1111 resurgendo,
3138 1035 3497 1101 ascendendo,
3532 1033 3705 1089 altum
3733 1031 3814 1088 fe-

2223 1136 2344 1192 cisti
2373 1134 2659 1206 refugium,
2695 1143 2756 1188 ut
2776 1133 2889 1204 jam
2913 1146 3125 1203 sperem
3149 1128 3301 1200 sequi
3327 1143 3434 1199 quo
3455 1127 3812 1198 precessisti.

2294 1225 2458 1281 Vens.
2492 1226 2578 1280 10.
2597 1254 2669 1265 -
2690 1223 2814 1298 (11).)
2842 1221 3258 1277 Tabernaculum
3284 1219 3382 1274 Dei
3403 1228 3489 1275 est
3513 1233 3668 1284 caro,
3683 1228 3811 1284 etc.,

2223 1335 2386 1389 usque
2412 1317 2480 1371 ad
2511 1316 2726 1372 Christo
2749 1317 2853 1371 hoc
2879 1316 3017 1372 bene
3047 1313 3329 1384 accipitur.

2297 1406 2462 1462 Vens.
2492 1406 2578 1460 11.
2602 1436 2674 1446 -
2696 1404 2958 1472 Quoniam
2995 1405 3212 1475 angelis.
3259 1401 3373 1459 Hoc
3409 1403 3548 1458 dixit
3573 1410 3814 1458 tentatur

2226 1500 2476 1566 Domino,
2504 1500 2718 1571 quando
2739 1498 2886 1554 illum
2923 1499 3188 1554 tentavit:
3215 1497 3318 1553 hoc
3346 1495 3568 1568 objecit,
3594 1495 3670 1552 de
3697 1496 3818 1551 Dei-

2228 1603 2339 1650 tate
2361 1593 2478 1663 ejus
2503 1593 2769 1649 dubitans.
2803 1590 3064 1647 Tentatus
3089 1599 3176 1646 est
3206 1597 3386 1645 autem
3409 1588 3669 1644 Christus
3698 1606 3818 1660 pro-

2227 1692 2348 1758 pter
2373 1699 2472 1740 nos
2487 1724 2502 1750 ,
2529 1691 2666 1739 utet
2689 1683 2744 1738 in
2773 1697 2838 1738 eo
2859 1688 3182 1738 tentatorem
3203 1680 3424 1736 vincere
3445 1679 3746 1736 discamus.

2301 1777 2484 1849 (Αυρ.)
2522 1776 2614 1831 Sic
2637 1785 2692 1830 et
2720 1773 2984 1844 baptizari
3007 1789 3038 1827 a
3067 1787 3224 1828 servo
3249 1771 3436 1835 voluit,
3465 1786 3577 1826 non
3600 1787 3708 1841 pro
3725 1787 3816 1826 sua

2229 1870 2572 1935 necessitate,
2605 1868 2700 1923 sed
2724 1883 2824 1938 pro
2851 1865 3085 1920 hominis
3113 1863 3368 1928 utilitate,
3396 1871 3456 1918 ut
3491 1879 3602 1918 non
3631 1877 3816 1932 asper-

629 1979 1005 2050 Obumbrabit.)
1027 1977 1100 2034 Ut
1125 1991 1301 2048 neque
1327 1976 1410 2033 sol
1437 1974 1753 2043 divinitatis,
1774 1990 1966 2046 neque
2001 1975 2125 2032 luna
2156 1953 2204 2015 Β
2231 1979 2423 2020 nemur
2450 1960 2714 2032 baptizari
2744 1975 2776 2014 a
2804 1957 3099 2014 conservis.

559 2073 907 2130 humanitatis
941 2080 994 2128 te
1035 2079 1177 2126 urat.
1226 2070 1295 2125 In
1332 2071 1514 2142 pennis
1552 2069 1836 2141 protectio.
1884 2070 2128 2142 Scapulis

553 2168 684 2222 suis.
708 2166 875 2232 Alias,
905 2164 1054 2220 Inter
1071 2163 1332 2235 scapulas.
1361 2163 1542 2236 (Auc.)
1567 2165 1624 2220 ld
1647 2172 1748 2232 est,
1791 2173 1916 2220 ante
1939 2174 2128 2236 pectus

559 2276 718 2317 suum
748 2268 802 2314 te
841 2258 1024 2330 ponit,
1065 2265 1199 2324 etc.,
1227 2273 1388 2328 usque
1431 2258 1499 2311 ad
1529 2266 1589 2312 ut
1617 2263 1716 2314 sub
1743 2257 1842 2314 alis
1866 2256 1982 2326 ejus
2007 2273 2128 2330 spe-

556 2365 760 2406 remus.

625 2441 791 2496 Vens.
823 2439 878 2494 5.
897 2469 970 2480 —
994 2437 1220 2494 Veritas.
1253 2435 1376 2509 (ln.)
1404 2436 1500 2493 Dei
1525 2445 1638 2505 est,
1664 2439 1755 2508 qui
1780 2453 1887 2493 non
1911 2437 2132 2508 respicit

555 2545 836 2604 personas,
861 2547 960 2587 nec
994 2531 1184 2587 miscet
1210 2538 1492 2600 sperantes
1533 2531 1600 2585 de
1642 2531 1833 2600 seipsis
1879 2545 2000 2586 cum
2044 2530 2131 2586 his

561 2625 653 2696 qui
683 2613 903 2695 sperant
929 2624 983 2678 in
1010 2623 1141 2687 Deo,
1169 2621 1264 2677 sed
1291 2622 1553 2677 dscernit
1579 2621 1809 2676 humiles
1836 2621 1920 2676 vel
1941 2636 2130 2691 super-

560 2714 680 2771 bos.
730 2713 942 2786 (Csss.)
969 2711 1066 2768 Vel
1093 2712 1307 2777 veritas,
1350 2713 1648 2768 incarnatio
1675 2712 1910 2778 Christi,
1950 2711 2128 2766 unde:

560 2805 639 2861 De
669 2815 808 2860 terra
835 2805 1022 2860 ueritas
1053 2815 1168 2859 orta
1190 2813 1266 2859 est
1295 2801 1467 2876 (Psal.
1497 2805 1741 2876 Lxxnv),
1766 2805 1910 2874 quod
1937 2812 1992 2859 et
2017 2819 2133 2860 sca-

559 2897 702 2969 pulis
728 2897 1030 2960 obumbrat,
1065 2903 1120 2950 et
1146 2903 1299 2951 scuto
1327 2893 1587 2950 defendit.
1630 2895 1782 2951 Sicut
1811 2895 2018 2951 notavit
2045 2909 2134 2966 ge-

560 3004 685 3044 nera
718 2987 1084 3044 defensionum
1103 3027 1118 3053 ,
1153 2993 1308 3042 notat
1342 2996 1398 3042 et
1427 3001 1624 3060 genera
1649 2987 2012 3060 periculorum
2031 3027 2048 3056 ,
2073 2995 2135 3042 ut

561 3080 631 3134 sit
658 3079 861 3148 gratior
886 3077 1155 3134 liberatio.

633 3169 675 3222 Α
703 3171 889 3222 timore
916 3178 1186 3223 nocturno.
1233 3168 1280 3222 A
1318 3169 1667 3226 similitudine
1704 3170 1952 3240 periculi,
1997 3169 2136 3226 unde

2301 2055 2464 2112 Vens.
2487 2055 2574 2110 12.
2592 2052 2742 2108 —In
2763 2052 3006 2108 manibus
3031 2050 3310 2124 portabunt
3331 2057 3399 2104 te.
3423 2046 3553 2120 (ln.)
3571 2046 3819 2101 Manibus

2231 2149 2545 2221 angelorum
2571 2145 2815 2203 sublatus
2841 2153 2924 2200 est
2951 2144 3198 2200 Christus
3223 2146 3279 2199 in
3309 2142 3532 2209 celum,
3562 2153 3703 2206 etc.,
3732 2159 3819 2194 us-

2229 2257 2328 2312 que
2355 2238 2423 2294 ad
2452 2238 2544 2308 qui
2570 2235 2714 2291 vinci
2740 2250 2848 2290 non
2873 2241 3069 2304 potest.

2303 2332 2466 2388 Vens.
2500 2331 2585 2387 15.
2621 2330 2792 2401 Super
2825 2327 3078 2398 aspidem.
3115 2325 3244 2382 Post
3271 2326 3566 2381 humanam
3593 2323 3820 2380 inﬁrmi-

2234 2435 2421 2491 tatem,
2450 2424 2631 2478 divina
2659 2421 2833 2476 virtus
2859 2419 3181 2484 ostenditur,
3205 2434 3324 2488 quae
3363 2419 3532 2472 tantis
3568 2421 3816 2488 imperat.

2232 2516 2300 2571 Et
2320 2514 2430 2584 agit
2448 2513 2515 2568 de
2532 2511 2748 2568 Christo
2769 2509 3064 2566 secundum
3088 2509 3348 2564 membra.
3375 2507 3445 2561 Et
3461 2508 3816 2563 conculcabis.

2235 2605 2416 2679 (Auc.)
2446 2604 2764 2674 Serpentem
2795 2601 2969 2658 calcat
2993 2600 3265 2665 Ecclesia,
3310 2615 3430 2671 qua:
3470 2607 3634 2654 cavet
3676 2606 3820 2653 astu-

2235 2699 2363 2752 tiam
2387 2697 2525 2768 ejus.
2554 2696 2798 2752 Leonem.
2827 2694 3026 2766 Aperte
3047 2693 3197 2749 stevit
3225 2692 3280 2746 in
3307 2701 3595 2762 martyres.

2318 2793 2492 2847 Draco
2545 2790 2832 2846 insidiatur
2875 2803 2972 2860 per
3019 2787 3334 2850 haereticos,
3393 2793 3452 2839 ut
3506 2793 3822 2856 corrumpat

2233 2882 2500 2953 virginem
2526 2879 2757 2946 Christi,
2793 2880 2932 2934 unde
2961 2877 3284 2949 Apostolus:
3316 2875 3586 2947 Despondi
3619 2894 3710 2931 eos
3739 2878 3824 2929 utri

2235 2977 2366 3043 viro,
2388 2975 2638 3047 virginem
2661 2985 2862 3030 castam
2882 2973 3119 3028 exhibere
3140 2971 3348 3026 Christo
3381 2970 3466 3042 (II
3494 2969 3624 3025 Cor.
3657 2971 3756 3043 ιι).

2309 3076 2474 3133 Vsus.
2500 3076 2585 3132 11.
2608 3106 2679 3117 -
2701 3074 2964 3142 Quoniam
2994 3073 3050 3128 in
3077 3089 3159 3128 me
3185 3071 3428 3143 speravit.
3471 3069 3669 3142 (Auc.)
3706 3070 3828 3124 Ter-

2239 3171 2315 3228 tio
2344 3170 2512 3227 verba
2550 3168 2677 3236 Dei,
2716 3168 2911 3238 quibus
2939 3166 3234 3222 Ecclesiam
3261 3165 3610 3230 consolatur,
3649 3165 3738 3218 cui
3779 3173 3824 3216 et

569 3268 775 3314 tantum
801 3260 961 3314 timor
984 3259 1233 3314 habetur.
1255 3259 1299 3312 A
1321 3261 1504 3314 timore
1528 3269 1800 3316 nocturno.
1831 3260 2012 3332 (Anc.)
2035 3259 2134 3328 Qui
2175 3325 2210 3332 _
2239 3263 2330 3317 hic
2345 3261 2727 3324 defensionem,
2743 3267 2796 3314 et
2815 3259 2870 3314 in
2884 3257 3064 3314 futuro
3077 3259 3292 3330 praemia
3314 3258 3604 3328 promittit.
3626 3258 3828 3328 (Cass)

573 3353 828 3423 ignorans
860 3358 1068 3421 peccat,
1099 3358 1230 3418 etc.,
1265 3367 1426 3422 usque
1447 3351 1516 3404 ad
1568 3349 1766 3406 Cadent
1805 3325 1852 3405 ai
1866 3325 2025 3408 latere
2047 3325 2136 3409 tuo
2160 3325 2213 3392 ο
2242 3350 2458 3406 Mandat
2481 3347 2685 3420 angelis
2711 3349 2776 3404 de
2802 3359 2853 3402 te
2886 3325 3109 3403 dicens}
3151 3325 3412 3415 Quoniam
3438 3349 3496 3402 in
3517 3325 3827 3404 nim—Certi?

563 3445 723 3499 mille.

638 3534 796 3590 Vsus.
818 3532 1145 3590 7.-—Cadent
1171 3553 1204 3589 a
1228 3535 1406 3590 latere.
1426 3533 1629 3607 (Cass)
1644 3533 1910 3603 Secundo,
1925 3537 2140 3595 fidentis

566 3626 621 3681 in
649 3627 953 3696 Deocaput,
968 3627 1021 3682 id
1047 3635 1130 3680 est
1151 3625 1446 3693 Christum,
1460 3626 1515 3680 in
1534 3625 1671 3682 cmlo
1692 3627 1945 3695 levatum,
1962 3630 2090 3686 dicit
2111 3645 2141 3684 a

564 3718 710 3774 nullo
732 3734 890 3790 posse
914 3719 1176 3789 contingi,
1202 3719 1291 3788 qui
1315 3727 1370 3773 et
1396 3719 1574 3790 proles
1603 3719 1657 3774 in
1704 3729 1846 3776 terra
1868 3725 2137 3794 protegit:

565 3810 658 3866 sed
673 3820 1090 3882 praesumptores
1108 3810 1177 3865 ab
1196 3826 1262 3866 eo
1280 3812 1502 3867 cadunt.
1521 3812 1660 3869 Ecce
1679 3816 1944 3870 certitudo
1963 3825 2144 3886 prote-

572 3903 770 3958 ctionis
796 3903 1009 3959 fidentis
1040 3905 1092 3958 in
1119 3905 1228 3960 Deo
1255 3919 1354 3975 per
1376 3904 1672 3962 Christum.
1703 3909 1747 3961 Α
1769 3909 1948 3965 latere.
1977 3911 2143 3968 Latus

567 3997 664 4050 Dei
710 4004 796 4050 est
843 4011 1044 4052 corona
1069 3995 1358 4066 justorum,
1402 3999 1491 4069 qui
1529 4015 1653 4055 cum
1692 4015 1758 4056 eo
1806 4002 2140 4072 judicabunt,

568 4087 712 4142 unde
740 4086 939 4143 dicitur
963 4104 976 4140 :
1004 4087 1196 4142 Mittite
1221 4107 1252 4142 a
1283 4088 1442 4144 latere
1472 4101 1669 4157 vestro,
1699 4091 1752 4146 id
1785 4100 1886 4158 est,
1921 4095 2012 4164 qui
2046 4109 2144 4149 vo-

580 4180 785 4235 biscum
815 4180 1012 4235 habent
1050 4181 1351 4236 consilium.
1399 4180 1563 4238 Latus
1593 4199 1722 4254 ergo
1758 4183 1975 4248 Christi,
2004 4185 2148 4256 Apo-

567 4270 688 4324 stoli
716 4277 771 4325 et
796 4285 982 4326 eorum
1008 4270 1326 4339 imitatores,
1343 4271 1538 4343 quibus
1564 4274 1812 4342 promisit
1841 4293 1854 4328 :
1889 4274 2147 4330 Sedebitis

569 4378 724 4432 super
771 4362 918 4418 sedes
968 4362 1272 4429 duodecim,
1313 4362 1612 4433 judicantes
1664 4365 1940 4419 duodecim
1984 4368 2147 4422 tribus

571 4450 742 4506 Israel
768 4451 980 4524 (Matth.
1005 4452 1142 4524 xu).
1175 4453 1467 4508 Duodecim
1502 4454 1658 4510 sedes
1695 4455 1954 4525 perfectio
1979 4457 2148 4513 tribu-

571 4543 736 4606 nalis,
783 4544 837 4598 iu
875 4543 1072 4614 quibus
1110 4544 1373 4600 sedebunt
1423 4559 1615 4602 omnes
1656 4546 1749 4625 qui
1797 4547 1978 4603 omnia
2024 4547 2149 4603 reli-

570 4644 822 4706 querunt,
849 4645 905 4692 et
928 4638 1098 4692 secuti
1122 4647 1253 4694 sunt
1277 4637 1576 4694 Christum.

542 4714 568 4722 ’
640 4729 804 4784 Vens.
835 4730 977 4786 8.—
1003 4730 1388 4786 Verumtamen.
1427 4731 1632 4804 (Cass,
1659 4730 1819 4804 Ave.)
1849 4731 1999 4790 Licet
2027 4735 2146 4805 qui-

574 4823 695 4877 dem
728 4831 781 4876 te
817 4823 1161 4892 permittente
1203 4823 1384 4892 impiis
1426 4830 1547 4876 tuos
1586 4823 1868 4892 persequi,
1916 4823 2005 4878 sed
2044 4839 2152 4879 non

576 4912 816 4983 impune,
845 4913 1017 4968 oculis
1041 4913 1147 4968 tuis
1168 4912 1538 4968 considerabis
1562 4912 1783 4979 malum,
1810 4915 1952 4985 quod
1976 4915 2155 4971 volue-

2173 4691 2228 4753 D

2243 3443 2370 3498 tudo
2393 3441 2770 3512 promissionis
2793 3456 2891 3512 per
2911 3441 3320 3512 promissionem
3351 3443 3466 3497 Dei.
3551 3461 3560 3466 ·

2312 3533 2477 3590 Vsus.
2514 3533 2600 3590 15.
2634 3564 2704 3574 -
2733 3531 2992 3588 Clamabit
3023 3535 3091 3588 ad
3129 3551 3225 3588 me.
3276 3533 3478 3608 (Auc.)
3505 3535 3629 3590 Non
3659 3545 3748 3590 est
3776 3536 3832 3588 ti-

2242 3628 2500 3683 mendum
2543 3627 2598 3682 in
2627 3627 2996 3693 tribulatione,
3025 3637 3155 3693 etc.,
3181 3645 3344 3699 usque
3379 3629 3450 3684 ad
3486 3645 3556 3686 eo
3586 3640 3830 3702 tempore

2245 3719 2418 3789 magis
2448 3719 2757 3775 laboremus
2779 3720 2846 3773 ad
2873 3719 3250 3774 resistendum.

2786 3809 3104 3867 PSALMUS
3145 3810 3274 3866 XCI.

2315 3901 2481 3958 Vens.
2515 3903 2565 3956 l.
2588 3931 2660 3944 -—
2681 3899 2929 3956 Psalmus
2959 3902 3170 3956 cantici.
3216 3901 3398 3973 (AUG.)
3426 3902 3666 3973 Propter
3687 3903 3833 3960 fasti-

2247 3994 2394 4049 dium
2416 3993 2744 4060 animorum,
2765 4001 2866 4048 etc.
2880 4032 2895 4061 ,
2918 4008 3080 4063 usque
3102 3993 3170 4048 ad
3189 3993 3412 4064 gloriam
3436 3994 3534 4050 Dei
3558 4013 3832 4066 quaerens,

2247 4102 2357 4143 non
2386 4095 2554 4142 tuam.

2321 4175 2484 4231 Vsus.
2503 4177 2635 4232 2.-
2649 4177 2859 4234 Bonum
2881 4188 2955 4234 est
2979 4178 3233 4247 conﬁteri.
3253 4177 3456 4251 (Cass)
3481 4178 3700 4246 Primo,
3726 4183 3836 4253 agit

2249 4269 2520 4339 quomodo
2540 4269 2714 4324 bonus
2736 4269 3157 4341 imperturbatus
3175 4269 3283 4341 agit
3301 4269 3590 4327 sabbatum
3615 4276 3834 4338 mentis,

2250 4359 2489 4416 sentiens
2512 4360 2693 4415 omnia
2718 4360 2858 4416 bene
2887 4361 2970 4433 agi
3002 4376 3031 4415 a
3064 4359 3195 4427 Deo,
3226 4361 3367 4430 quod
3395 4378 3502 4417 non
3526 4364 3688 4418 novit
3711 4366 3839 4419 stul-

2251 4458 2357 4506 tus.
2394 4447 2575 4522 (Auc.)
2600 4449 2749 4507 Bona
2771 4451 3055 4522 praesentia
3079 4467 3110 4506 a
3140 4452 3248 4506 Deo
3271 4451 3426 4508 nobis
3455 4453 3684 4519 donata,
3717 4472 3840 4510 con-

2253 4545 2449 4602 solatio
2473 4554 2634 4602 sunt:
2675 4562 2799 4602 cum
2845 4547 3067 4613 desunt,
3105 4546 3314 4617 justitia
3358 4554 3461 4603 est.
3505 4547 3838 4604 Consolatur

2253 4638 2399 4694 enim
2424 4652 2524 4693 nos
2551 4636 2713 4702 Deus,
2745 4643 2801 4692 et
2836 4634 3118 4691 emendat:
3149 4637 3206 4692 in
3240 4645 3470 4708 utroque
3502 4652 3640 4708 ergo
3671 4639 3840 4692 simus

2253 4731 2305 4786 ei
2326 4729 2485 4801 grati,
2511 4729 2787 4785 dicentes:
2822 4727 3026 4782 Bonum
3051 4738 3124 4783 est
3150 4728 3400 4798 conﬁteri,
3434 4738 3541 4784 etc.

2327 4825 2492 4880 Vens.
2517 4823 2571 4877 4.
2592 4851 2664 4864 -
2691 4821 2759 4878 1η
2803 4823 3148 4878 decachordo.
3180 4821 3302 4894 (In.)
3329 4819 3513 4877 Psallit
3532 4861 3548 4884 .
3580 4819 3680 4890 qui
3718 4837 3838 4875 cum

2254 4914 2529 4972 hilaritate
2571 4913 2711 4969 bene
2752 4910 2899 4966 facit.
2936 4912 3040 4978 Qui
3091 4927 3212 4968 cum
3259 4911 3474 4966 tristitia
3510 4910 3581 4965 de
3627 4925 3702 4966 eo
3751 4911 3840 4976 fit,

575 5013 726 5070 runt,
751 5020 855 5074 non
884 5005 1085 5061 bonum
1115 5004 1256 5074 quod
1284 5019 1380 5074 per
1404 5005 1707 5060 nescientes
1737 5006 1935 5077 agitur,
1961 5009 2040 5063 eis
2071 5024 2156 5064 re—
2255 5021 2364 5061 non
2397 5005 2510 5075 ipse
2538 5002 2666 5058 facit
2691 5021 2705 5058 :
2735 5011 2791 5058 et
2817 5010 2998 5073 portat
3040 5003 3386 5074 psalterium,
3415 5017 3522 5057 non
3563 5011 3760 5057 cantat
3790 5004 3840 5056 in

575 5095 876 5161 tribuetur,
923 5101 979 5150 et
1021 5102 1261 5158 sanctus,
1293 5093 1384 5162 qui
1412 5094 1574 5150 habet
1608 5095 1792 5151 oculos
1837 5096 1981 5161 fidei,
2011 5097 2156 5153 videt
2257 5114 2341 5154 eo.
2373 5096 2440 5151 In
2467 5096 2809 5150 decachordo.
2841 5096 2896 5150 Si
2926 5096 3065 5151 bene
3113 5096 3348 5165 loqueris
3379 5103 3621 5158 tantum,
3663 5095 3842 5150 canti-

575 5200 670 5240 eos
713 5186 872 5241 modo
899 5183 1127 5239 exaltari
1165 5192 1222 5238 et
1251 5193 1440 5241 tonare
1461 5226 1477 5252 ,
1520 5195 1575 5242 et
1603 5187 1657 5242 in
1684 5187 1791 5243 fine
1824 5186 2109 5244 fulminare
2133 5207 2147 5243 :

575 5278 680 5333 hoc
707 5278 843 5333 dixit
867 5293 936 5332 ne
965 5276 1518 5348 inllrrnijmoveantur.
1550 5279 1752 5352 (Cass)
1795 5277 2152 5336 Verumtamen

577 5369 761 5424 oculis.
794 5369 909 5424 Etsi
936 5370 1193 5426 cadentes
1221 5379 1430 5428 tentent
1475 5381 1525 5427 te
1569 5371 1747 5436 duris,
1782 5384 2150 5426 verumtamen.

577 5461 697 5528 Vel,
725 5461 826 5518 etsi
854 5462 1175 5520 daemonium
1199 5481 1309 5521 non
1334 5464 1747 5536 appropinquet,
1771 5463 1911 5534 quod
1938 5472 2022 5520 est
2059 5479 2154 5533 per

581 5550 833 5622 iniquos:
872 5554 966 5610 sed
1001 5563 1181 5612 tamen
1208 5572 1318 5611 non
1349 5554 1493 5627 quod
1524 5552 1747 5620 faciunt,
1781 5554 1875 5609 sed
1897 5554 2037 5624 quod
2074 5555 2155 5608 in-

578 5643 828 5710 tendunt,
853 5645 1229 5702 considerabis.

654 5731 819 5790 Vitas.
845 5734 898 5791 9.
932 5765 1004 5777 -—
1032 5734 1295 5801 Quoniam
1321 5747 1377 5791 tu
1397 5753 1472 5793 es.
1505 5736 1688 5807 (Auc.)
1726 5736 1875 5793 Unus
1908 5733 2156 5794 Christus

578 5832 666 5878 est
687 5834 848 5894 caput
866 5834 922 5880 et
943 5839 1139 5894 corpus
1159 5863 1174 5890 ,
1203 5826 1270 5880 de
1294 5841 1404 5896 quo
1433 5828 1672 5897 loquitur
1699 5828 1857 5882 modo
1882 5835 1943 5882 ut
1969 5829 2035 5884 de
2064 5843 2154 5884 ca-

581 5913 710 5982 pite,
744 5915 900 5969 modo
927 5923 986 5970 ut
1013 5915 1080 5969 de
1102 5927 1349 5985 corpore,
1377 5931 1483 5973 non
1506 5926 1709 5974 mutata
1727 5931 1982 5988 persona.
2001 5914 2155 5974 ideo-

2257 5203 2381 5244 cum
2409 5195 2493 5243 est
2531 5188 2648 5243 sine
2672 5187 2914 5252 cithara;
2958 5186 3003 5241 si
3029 5186 3291 5258 Operaris,
3331 5194 3386 5240 et
3415 5200 3521 5240 non
3561 5185 3840 5255 loqueris,

2257 5281 2465 5336 cithara
2504 5287 2589 5334 est
2633 5278 2753 5334 sine
2785 5279 3029 5346 cantico;
3082 5288 3140 5333 et
3178 5279 3300 5334 ideo
3337 5278 3473 5335 bene
3518 5276 3756 5348 loquere
3790 5285 3842 5332 et

2258 5371 2500 5428 benefac.

2332 5459 2495 5516 Vsus.
2527 5461 2581 5515 5.
2608 5492 2679 5501 -
2699 5460 2839 5528 Quia
2864 5460 3149 5517 delectasti.
3179 5460 3302 5532 (ιθ.)
3325 5461 3479 5518 Unde
3503 5460 3838 5532 Apostolus:

2233 5549 2437 5622 ‘Ipsius
2472 5550 2775 5621 ﬁgmentum
2801 5568 3002 5619 sumus,
3025 5560 3158 5618 etc.,
3184 5567 3348 5622 usque
3375 5550 3444 5605 ad
3465 5567 3486 5606 :
3515 5549 3698 5616 Quam
3726 5568 3842 5604 ma-

2261 5644 2510 5715 gniﬁcata
2542 5653 2684 5699 sunt.
2731 5643 2800 5698 In
2833 5643 3037 5715 factura
3063 5654 3176 5698 tua.
3217 5642 3416 5714 (Cass,
3446 5642 3634 5715 Hine.)
3669 5644 3742 5701 Et
3789 5644 3842 5698 in

2260 5734 2453 5790 decore
2480 5733 2647 5804 ipsius
2669 5734 2957 5791 mundialis
2985 5735 3222 5802 fabricae,
3250 5744 3305 5791 et
3334 5735 3390 5791 in
3415 5735 3764 5800 obedientia,
3787 5743 3843 5790 et

2260 5825 2317 5882 in
2342 5824 2713 5896 dispositione,
2759 5835 2813 5881 et
2857 5827 2913 5882 in
2958 5827 3158 5893 causis,
3188 5836 3245 5882 et
3271 5827 3325 5881 in
3355 5825 3672 5890 effectibus,
3706 5833 3762 5883 et
3783 5824 3840 5879 in

2258 5915 2512 5992 operibus
2543 5934 2823 5985 manuum,
2854 5919 3049 5990 quibus
3076 5928 3220 5986 utor,
3249 5918 3332 5974 vel
3360 5933 3479 5989 qua:
3508 5919 3706 5974 miror.
