4008 6348
209 481 330 536 1001

1187 479 1452 541 CLOSSA
1488 483 1878 541 ORDINARIA.
1919 515 1984 526 -—
2020 487 2148 542 LIB.
2179 488 2433 546 'PSALM.

3275 494 3416 549 1002

269 593 420 647 Vens.
450 589 500 644 6.
529 619 592 631 —
626 591 797 658 Quam
821 595 1154 665 magniﬁcam
1173 607 1313 652 sunt.
1342 597 1546 670 (Cass,
1568 598 1750 669 Hten.)
1779 601 1828 662 Α
1854 598 2054 655 Christi
2081 600 2168 656 hic
2189 611 2461 669 cantatur,
2487 612 2618 669 etc.,
2653 620 2812 675 usque
2839 605 2908 658 ad
2936 619 2966 658 a
3003 605 3158 661 laude
3191 607 3411 673 domus,

209 686 262 740 In
295 683 581 739 substantia
602 724 617 748 ,
650 693 705 739 et
731 685 785 740 in
812 685 1020 752 forma,
1049 697 1104 742 et
1147 689 1201 744 in
1238 691 1324 757 vi,
1355 700 1411 746 et
1433 692 1487 746 in
1518 693 1745 748 caeteris.

1855 690 1949 754 ibi,
1979 689 2204 746 Domum
2227 703 2390 747 tuam.
2420 693 2667 748 Decorem
2695 695 2930 750 indutus.
2962 694 3141 768 (Auc.)
3167 695 3415 756 Christus

203 776 362 832 Nimis
401 774 674 846 profunda:
709 785 828 831 sunt
854 779 1188 849 cogitationes
1218 791 1351 847 tute,
1390 784 1584 853 quibus
1623 783 1749 838 talia
1851 781 2578 855 decorushis,ctc.,usquead
2592 785 2954 855 orbisquinon
2969 789 3410 844 commovebitur.

200 863 358 920 fecisti
384 872 438 920 et
463 864 629 936 regis.

267 952 416 1008 Vens.
439 954 490 1008 7.
513 985 584 996 —
604 952 700 1008 Vir
723 954 991 1026 insipiens,
1013 967 1120 1016 etc.
1147 961 1344 1034 (Cass)
1367 963 1447 1017 Me
1472 962 1746 1018 delectasti

199 1045 248 1098 in
274 1044 512 1113 operibus
529 1085 544 1109 ,
570 1045 663 1100 sed
697 1047 777 1099 vir
803 1047 1049 1116 insipiens
1079 1067 1182 1106 non
1209 1061 1499 1123 cognoscet,
1528 1062 1584 1108 et
1609 1053 1742 1108 stul-

197 1142 295 1198 tus,
325 1135 430 1204 qui,
464 1135 508 1189 si
539 1135 674 1204 scit,
720 1152 824 1191 non
859 1149 1014 1196 cavet
1035 1141 1167 1207 sibi,
1193 1160 1295 1197 non
1324 1142 1570 1214 intelliget
1611 1144 1740 1209 haec,

195 1240 306 1293 quze
323 1225 467 1288 dixit,
485 1225 567 1279 vel
587 1241 707 1295 qua:
720 1227 849 1282 dicit
867 1240 1005 1299 post.
1026 1230 1304 1287 Summum
1321 1247 1486 1304 genus
1506 1234 1743 1290 scientiae

191 1325 271 1370 est
293 1315 423 1370 scire
449 1316 616 1371 Deum
639 1325 788 1373 tanta
812 1332 1091 1392 praestare,
1114 1339 1232 1394 quae
1256 1326 1522 1382 humanus
1553 1342 1742 1382 sensus

189 1419 288 1458 non
319 1405 452 1458 valet
475 1405 761 1476 attingere.

258 1493 501 1563 [nsipiens
540 1507 656 1560 est,
695 1498 790 1567 qui
835 1497 1041 1556 cadesti
1083 1503 1340 1572 sapientia
1383 1519 1611 1572 vacuus,
1640 1507 1740 1560 hu-

188 1583 350 1636 manis
371 1584 617 1640 versutiis
647 1585 836 1656 plenus
874 1598 987 1656 est;
1017 1592 1109 1661 qui
1134 1607 1241 1648 non
1277 1594 1379 1649 scit
1416 1610 1578 1666 Opera
1617 1595 1736 1657 Dei,

184 1672 304 1741 quia
332 1689 455 1728 casu
480 1685 632 1744 putat
672 1679 854 1734 omnia
897 1682 1019 1752 agi;
1050 1681 1251 1739 Stultus
1293 1695 1376 1742 est
1403 1689 1614 1754 brutus,
1644 1691 1736 1759 qui

183 1780 280 1818 nec
307 1767 576 1822 saecularia
605 1771 772 1826 novit.

255 1854 404 1910 Vens.
433 1856 484 1910 8.
508 1889 578 1898 —
597 1858 726 1914 Cum
770 1865 936 1917 exorti
965 1865 1195 1935 fuerunt.
1226 1867 1428 1940 (Cass)
1451 1870 1615 1926 Malos
1649 1887 1735 1928 as-

1848 872 2098 928 Decorem
2116 875 2304 928 induit.
2334 874 2529 946 (Cass)
2571 875 2625 929 Id
2647 884 2754 941 est,
2781 875 3254 944 pulchritudinem,
3284 887 3412 945 etc.,

1846 979 2008 1034 usque
2029 965 2097 1018 ad
2117 965 2185 1019 ab
2212 965 2602 1031 incarnatione,
2629 967 2843 1035 quando
2878 967 3122 1023 homines
3149 969 3348 1024 docuit.

1917 1055 2200 1110 Prwcinxit
2224 1074 2299 1111 se.
2327 1057 2444 1112 Non
2479 1058 2589 1123 ait,
2623 1058 2828 1122 cinxit,
2867 1057 2950 1111 vel
2989 1059 3285 1124 succinxit,
3331 1061 3416 1115 vel

1845 1148 2110 1214 accinxit,
2142 1150 2234 1204 sed
2268 1150 2568 1220 prmeinxit.
2610 1149 2886 1221 Cingimur
2923 1150 3066 1204 enim
3105 1153 3374 1222 operaturi
3398 1194 3413 1217 ,

1843 1237 2171 1308 accingimur
2199 1240 2517 1308 pugnaturi,
2543 1239 2907 1310 succingimur
2938 1240 3094 1305 ituri,
3127 1243 3414 1313 praecingi-

1842 1342 1964 1380 mur
1991 1328 2364 1383 ministraturi.
2388 1328 2568 1402 (AUG.)
2605 1328 2816 1385 Cinctio
2854 1346 2983 1401 ergo
3020 1346 3183 1400 opera
3210 1333 3415 1402 signiti-

1840 1423 1956 1480 cat,
1994 1423 2123 1482 etc.,
2156 1433 2319 1489 usque
2348 1418 2418 1472 ad
2447 1418 2571 1488 quia
2616 1417 2800 1472 melior
2825 1429 2900 1472 est
2927 1421 3016 1489 qui
3049 1421 3204 1474 vincit
3243 1421 3414 1495 iram,

1837 1521 1993 1576 quam
2031 1508 2122 1576 qui
2161 1510 2298 1578 capit
2347 1511 2624 1564 civitatem.
2671 1507 2977 1564 Prwcinxit.
3022 1510 3218 1582 (Csss.)
3257 1512 3414 1567 Cmtu

1837 1596 2147 1666 angelorum
2180 1601 2494 1666 ascendens,
2518 1601 2602 1655 vel
2629 1601 2949 1656 strenuitate
2974 1603 3253 1670 operandi.

1908 1687 2117 1742 Etenim
2131 1690 2378 1758 ﬁrmavit.
2397 1691 2579 1763 (Auc.)
2602 1691 2860 1746 Decorem
2873 1703 2928 1747 et
2944 1691 3310 1747 fortitudinem
3339 1694 3418 1747 in-

1837 1776 1974 1842 duit,
1990 1787 2050 1832 ut
2070 1778 2321 1834 fundaret
2336 1791 2558 1848 terram,
2572 1783 2712 1836 unde
2729 1782 2876 1836 addit
2902 1799 2915 1834 :
2941 1780 3148 1835 Etenim
3161 1783 3411 1849 firmavit.

1910 1868 2072 1924 Vens.
2098 1869 2238 1923 2.-
2266 1869 2351 1924 Ea:
2377 1880 2517 1925 tunc.
2551 1870 2674 1944 (In.)
2708 1871 2804 1926 Vel
2832 1885 2900 1925 ex
2925 1871 3040 1936 illo,
3067 1881 3274 1940 tempus
3297 1889 3421 1942 gra-

179 1948 306 2018 serit
347 1949 639 2019 perituros,
667 1962 799 2019 etc.,
825 1972 986 2027 usque
1022 1958 1092 2012 ad
1114 1957 1282 2015 Judtei
1324 1970 1650 2032 putaverunt,
1682 1970 1736 2020 ιε
1764 1948 1810 2008 Β
1836 1957 1928 2012 tia:
1955 1959 2232 2030 designat,
2258 1959 2398 2016 forte
2439 1961 2688 2031 intelligit
2719 1962 2822 2015 hoc
2859 1976 2924 2015 ex
2955 1961 3040 2016 die
3065 1969 3192 2015 ante
3227 1963 3419 2017 sabba-

176 2041 436 2094 communi
466 2041 670 2098 scilicet
695 2053 841 2102 sorte
869 2048 1028 2108 mou'.

249 2131 396 2187 Vens.
427 2134 478 2189 9.
506 2165 575 2175 —
601 2135 679 2190 Tu
705 2149 879 2194 autem
903 2140 1221 2198 Altissimus.
1243 2145 1422 2219 (Auc.)
1444 2147 1736 2219 Exspectas

177 2224 395 2292 desuper
421 2240 485 2278 ex
512 2233 742 2295 aeterno,
775 2238 904 2298 etc.,
933 2249 1097 2304 usque
1136 2235 1205 2289 ad
1245 2253 1352 2292 non
1391 2237 1732 2310 longanimis,

177 2332 241 2370 ex
271 2319 426 2373 verbo
452 2326 706 2376 aeternus.
1271 2371 1274 2375 .

245 2409 400 2465 Vens.
431 2411 514 2466 Il.
559 2443 631 2454 —
657 2412 725 2467 Et
765 2415 1098 2472 excitabitur.
1150 2419 1272 2491 (In.)
1322 2421 1435 2477 Etsi
1478 2424 1578 2494 ipsi
1612 2439 1735 2494 per-

175 2499 340 2560 ibunt,
365 2511 490 2569 etc.,
520 2520 682 2574 usque
704 2506 773 2559 ad
797 2521 984 2564 omnes
1003 2509 1234 2566 haereses
1249 2513 1520 2582 peribunt.

245 2591 396 2648 Vens.
425 2593 508 2647 12.
534 2625 603 2634 -
629 2594 698 2648 Et
723 2596 974 2667 despexit.
1005 2598 1128 2669 (ln.)
1172 2601 1238 2655 Et
1273 2602 1393 2658 ideo
1433 2604 1546 2674 jam
1591 2621 1734 2662 nunc

167 2683 418 2754 despexit,
446 2696 499 2740 et
525 2688 704 2743 audiet
736 2705 766 2744 a
801 2690 1027 2747 veritate
1056 2692 1218 2748 intus.
1253 2694 1321 2748 Et
1361 2697 1425 2750 ab
1461 2699 1736 2769 insurgen-

159 2775 319 2830 tibus.
353 2777 556 2851 (Cass)
587 2778 715 2845 Vel,
751 2781 1094 2853 insurgentes
1137 2785 1189 2838 in
1218 2799 1333 2850 me,
1373 2787 1730 2858 malignantes

161 2867 346 2923 audiet
375 2870 427 2924 in
457 2871 747 2926 novissimo
773 2889 786 2925 :
817 2875 1030 2941 quando
1055 2888 1114 2928 se
1150 2876 1533 2944 increpabunt,
1555 2879 1736 2934 dicen-

153 2967 272 3024 les,
301 2959 436 3026 Quid
463 2961 609 3015 nobis
637 2963 834 3032 profuit
868 2966 1108 3033 superbia
1139 2975 1186 3018 et
1209 2967 1448 3021 divitiae?
1475 2967 1624 3039 (Sap.
1653 2969 1732 3041 v.)

141 3050 319 3105 Auris
354 3067 488 3104 mea.
523 3050 706 3121 (Auc.)
731 3049 938 3106 Stantis
983 3053 1050 3107 ad
1100 3054 1408 3120 dexteram,
1451 3057 1636 3110 audiet
1675 3057 1731 3112 in

135 3139 361 3205 futtiro,
390 3141 493 3195 hoc
515 3139 740 3206 scilicet,
756 3140 856 3207 Ite,
871 3141 1157 3209 maledicti,
1184 3145 1238 3197 in
1259 3146 1428 3215 ignem
1457 3155 1731 3202 internum.

129 3231 210 3287 Α
237 3245 340 3300 quo
397 3229 539 3285 malo
593 3231 776 3286 auditu
805 3231 982 3302 justus
1022 3248 1128 3287 non
1174 3233 1400 3288 timebit.
1447 3234 1590 3290 Ecce
1634 3237 1739 3292 hoc

131 3320 303 3385 istis,
345 3318 486 3386 Quid
512 3321 577 3374 de
591 3320 791 3392 justis?
819 3320 1030 3392 (Matth.
1063 3323 1214 3394 xxv.)

233 3417 390 3471 Vens.
410 3414 494 3468 i3.
507 3415 762 3471 —Justus
789 3423 844 3469 ut
865 3415 1063 3484 palma.
1089 3417 1168 3472 Illi
1183 3428 1240 3473 ut
1262 3418 1463 3474 fenum.
1481 3417 1665 3476 Justus
1677 3429 1738 3475 ut

132 3507 354 3583 palma,
386 3522 483 3577 pro
521 3506 824 3572 altitudine,
849 3516 905 3562 et
924 3504 1049 3578 quia
1085 3510 1237 3564 radix
1269 3526 1482 3580 aspera,
1507 3511 1733 3581 pulchra

131 3612 314 3656 coma
339 3597 391 3652 in
432 3611 644 3652 summo
669 3605 724 3652 et
755 3595 889 3663 fine,
929 3605 984 3652 et
1025 3598 1174 3653 tarde
1202 3597 1438 3654 fructum
1464 3599 1624 3666 facit;
1658 3603 1733 3656 ita

130 3687 434 3756 etjustum
463 3689 552 3743 hic
595 3697 811 3758 asperat
845 3688 1019 3754 labor,
1050 3706 1210 3760 quem
1240 3691 1293 3744 in
1337 3694 1586 3762 supernis
1618 3677 1736 3764 pul-

133 3779 408 3837 chritudo
461 3779 883 3834 immortalitatis
930 3781 1243 3847 coronabit,
1287 3790 1343 3836 et
1395 3783 1546 3852 quasi
1585 3783 1737 3840 tarde

137 3871 484 3944 postlongos
497 3868 713 3924 labores
736 3870 1040 3925 mercedem
1063 3884 1282 3941 operum
1295 3872 1536 3941 recipiet.
1552 3871 1588 3925 J
1593 3882 1736 3927 ustus

131 3975 213 4021 ιιι
239 3962 434 4032 palma.
471 3960 675 4033 (Cass)
705 3962 885 4017 Tertia
913 3977 1062 4031 pars.
1093 3961 1276 4020 Justos
1310 3963 1516 4029 ﬂorere,
1547 3974 1607 4020 ut
1635 3967 1738 4021 hac

133 4053 518 4126 promissione
556 4053 747 4107 devote
776 4053 1062 4122 gaudeant.
1095 4051 1312 4110 Cedrus.
1347 4056 1527 4126 (Αυο.)
1549 4055 1736 4110 Palma

133 4151 211 4201 et
235 4142 454 4206 cedrus,
471 4141 554 4197 hae
575 4143 796 4197 arbores
825 4155 929 4196 non
952 4152 1202 4198 arescunt
1226 4152 1433 4210 aestate,
1450 4154 1510 4200 ut
1530 4144 1728 4200 fenum.

222 4231 391 4286 Vens.
422 4229 508 4284 14.
532 4258 604 4270 --
622 4228 692 4284 In
715 4231 867 4283 atriis
893 4229 1098 4284 domus.
1134 4230 1339 4305 (Csss.)
1362 4233 1570 4287 Atrium
1587 4274 1602 4300 ,
1631 4234 1735 4290 ini-

132 4324 286 4378 tium
349 4320 694 4386 mansionis;
749 4321 934 4374 domus
987 4320 1230 4377 interior.
1291 4322 1361 4378 In
1405 4326 1553 4380 atriis
1605 4339 1735 4397 ergo

125 4411 444 4483 ﬂorebunt,
476 4410 529 4465 id
564 4417 674 4477 est,
721 4410 774 4464 in
812 4412 928 4480 ipso
959 4413 1368 4469 resurrectionis
1401 4415 1574 4481 initio,
1607 4415 1734 4471 dum

127 4501 374 4558 audient
402 4518 416 4554 :
445 4499 646 4567 Venite,
671 4499 922 4555 benedicti
959 4498 1137 4557 Patris
1166 4504 1268 4556 mei
1299 4503 1510 4574 (Matth.
1545 4504 1694 4574 xxv).

1838 2059 1974 2116 tum,
1998 2053 2051 2106 id
2075 2061 2191 2118 est,
2229 2062 2382 2108 sexto
2409 2062 2651 2122 tempore
2677 2052 2837 2120 hujus
2868 2053 3072 2117 mundi,
3104 2067 3212 2122 quo
3234 2054 3414 2108 Domi—

1836 2159 1940 2198 nus
1966 2144 2149 2198 venit:
2181 2145 2275 2199 sed
2305 2159 2372 2198 ne
2395 2152 2552 2214 putes
2573 2153 2699 2196 tunc
2717 2141 2980 2211 coepisse,
3017 2141 3231 2211 quando
3253 2149 3413 2195 natus

1835 2235 1984 2289 venit
2011 2234 2180 2299 addit,
2211 2252 2242 2287 a
2271 2233 2464 2288 steculo
2489 2242 2546 2287 tu
2567 2250 2640 2287 es.

1907 2326 2072 2380 Vens.
2115 2326 2170 2381 5.
2226 2355 2296 2366 -—
2335 2325 2679 2379 Elevaverunt
2731 2323 2950 2392 ﬂumina
3000 2337 3192 2376 vocem.
3233 2321 3415 2391 (Auc.)

1837 2416 1976 2484 Quia
2003 2416 2250 2487 discipuli
2280 2416 2582 2480 audientes,
2606 2420 2735 2479 etc.,
2753 2430 2914 2483 usque
2944 2411 3012 2466 ad
3040 2411 3242 2476 saaculi,
3273 2412 3418 2481 quod

1835 2506 2298 2576 coepitirasci,vel
2320 2505 2592 2576 persequi.
2623 2504 2965 2558 Elevaverunt
2995 2501 3213 2572 [lumina
3227 2502 3417 2571 ﬂuctus

1834 2617 1981 2665 suos,
2007 2609 2112 2654 etc.
2145 2597 2344 2671 (Csss.)
2376 2599 2488 2653 Hoc
2540 2587 2692 2653 deth
2722 2597 2776 2650 in
2815 2595 2956 2660 aliis,
2992 2603 3118 2657 etc.,
3158 2609 3319 2663 usque
3348 2591 3418 2646 ad

1835 2691 1926 2762 qui
1943 2690 2067 2745 facit
2086 2691 2267 2745 omnia
2279 2689 2602 2755 bona,addit
2618 2703 2632 2742 :
2651 2685 2912 2740 Mirabilis
2925 2686 2976 2738 in
3000 2685 3121 2738 altis
3141 2685 3413 2738 Dominus.

1909 2782 2072 2838 Vens.
2105 2783 2158 2837 5.
2183 2811 2255 2822 -
2278 2782 2613 2836 Testimonia.
2649 2778 2830 2851 (Auc.)
2863 2778 3000 2845 Quia
3023 2776 3277 2830 mirabilis
3303 2775 3416 2830 ela—

1836 2877 1908 2928 tio
1947 2876 2108 2929 maris
2129 2915 2145 2940 ,
2175 2884 2304 2940 etc.,
2329 2890 2489 2945 usque
2521 2873 2588 2926 ad
2615 2879 2670 2927 et
2698 2885 2926 2926 coronas
2958 2883 3024 2924 ex
3043 2868 3413 2940 prtedictione.

1837 2961 2040 3034 (Cass)
2065 2962 2398 3016 Testimonia.
2435 2961 2533 3015 Vel
2569 2962 2662 3026 ita,
2692 2968 2820 3025 etc.,
2853 2976 3013 3030 usque
3041 2959 3108 3011 ad
3141 2958 3266 3012 licet
3291 2959 3416 3013 bre-

1836 3051 1994 3106 vibus
2019 3051 2218 3116 verbis,
2248 3052 2507 3105 continet.

2364 3141 2682 3197 PSALMUS
2709 3140 2888 3197 XCIII.

1914 3229 2159 3286 Psalmus
2181 3231 2354 3287 David
2378 3231 2562 3302 (Auc.)
2585 3229 2844 3296 lnﬁrmis,
2880 3232 2971 3301 qui
2997 3240 3054 3286 et
3075 3243 3418 3288 murmurant

1763 3295 1810 3360 (ἶ
1840 3324 2022 3388 corde,
2047 3333 2182 3388 etc.,
2213 3295 2458 3394 usquead
2486 3295 2632 3378 totus
2647 3295 2847 3379 docens
2871 3324 3415 3394 patientiam.Quarto

1835 3415 2058 3477 sabbati,
2089 3431 2198 3484 quo
2223 3415 2308 3469 die
2337 3414 2462 3470 fecit
2501 3415 2640 3468 Deus
2662 3413 2971 3480 luminaria,
3003 3423 3135 3480 etc.,
3162 3432 3323 3487 usque
3345 3417 3414 3470 ad

1837 3507 1978 3562 unde
1996 3516 2179 3563 monet
2204 3509 2272 3562 ad
2300 3491 2636 3576 patientiam.

1908 3596 2069 3653 Vens.
2101 3599 2154 3652 1.
2189 3628 2261 3639 -
2293 3597 2434 3652 Deus
2470 3597 2730 3651 ultionum
2765 3597 3039 3652 Dominus.
3079 3597 3158 3653 Ne
3192 3599 3415 3656 festines

1837 3688 2001 3742 alium
2031 3689 2257 3757 punire,
2299 3689 2345 3743 si
2389 3698 2439 3742 te
2482 3688 2650 3754 laesit;
2697 3689 2837 3742 sicut
2882 3689 3053 3744 nolles
3089 3691 3266 3759 puniri
3309 3691 3415 3747 alio

1836 3789 2096 3848 rogante,
2130 3793 2291 3849 quem
2323 3778 2509 3834 laesisti
2543 3797 2556 3831 :
2594 3787 2648 3833 et
2690 3779 2735 3834 si
2778 3778 2865 3833 ille
2899 3789 3088 3846 peccat
3129 3781 3182 3834 in
3226 3791 3306 3847 te,
3344 3796 3414 3838 ne

1834 3884 2028 3940 pecces
2065 3869 2302 3924 deterius
2338 3869 2716 3938 blasphemans
2743 3871 2909 3924 Deum
2929 3910 2945 3934 ,
2975 3885 3075 3925 nec
3113 3880 3266 3940 optes
3297 3873 3414 3926 vin-

1837 3959 2064 4026 dictam;
2092 3975 2212 4028 quae
2240 3960 2284 4015 si
2305 3961 2532 4024 venerit,
2563 3959 2745 4014 forsan
2779 3971 2830 4014 te
2855 3961 3004 4030 prius
3031 3961 3283 4016 inveniet.

1907 4051 2087 4106 Libere
2111 4053 2233 4122 egit.
2257 4051 2438 4124 (Auc.)
2454 4051 2716 4123 Tempore
2747 4052 3093 4119 inﬁrmitatis,
3114 4063 3172 4108 ut
3197 4056 3412 4124 quando

1835 4140 1891 4194 in
1920 4141 2114 4210 templo
2143 4141 2344 4206 docuit,
2374 4151 2627 4212 tanquam
2662 4151 2986 4211 potestatem
3021 4143 3258 4206 habens,
3284 4145 3409 4212 quia

1835 4243 1939 4285 nec
1964 4231 2173 4286 veritati
2195 4231 2332 4301 ejus,
2355 4248 2456 4288 nec
2475 4233 2726 4303 potestati
2755 4232 2870 4299 ejus
2895 4241 3071 4302 potest
3095 4233 3319 4287 obviari.
3342 4233 3412 4287 Et

1835 4322 1962 4390 quia
1983 4322 2054 4376 ita
2071 4331 2216 4388 tunc,
2230 4338 2370 4377 nunc
2387 4322 2809 4392 Exaltare,quia,
2823 4338 3084 4392 usquequo
3093 4333 3402 4392 peccatores.

1906 4411 2067 4465 Vens.
2114 4410 2170 4464 4.
2209 4441 2280 4453 -
2322 4410 2653 4480 ΕῙῙαὺιιηιιιν.
2702 4409 2902 4480 (ωδε.)
2953 4409 3184 4481 Exponit
3221 4429 3406 4468 eorum

1833 4511 2089 4570 peccata,
2125 4510 2257 4565 etc.,
2293 4517 2452 4572 usque
2479 4502 2547 4554 ad
2582 4501 2824 4570 procedit
2859 4503 3250 4572 exaggerando.
3302 4503 3407 4557 Lo-

217 4593 392 4648 Vens.
417 4591 502 4647 15.
526 4591 798 4646 -ΑάΙιιιε
820 4592 1323 4663 multiplicabuntur.
1348 4595 1469 4667 (10.)
1491 4596 1732 4650 Ecclesia
1759 4655 1807 4667 _
1836 4604 2059 4663 quentur
2099 4609 2273 4646 omnes
2305 4592 2393 4662 qui
2428 4602 2732 4661 aperantur,
2773 4600 2877 4646 ctc.
2909 4591 3245 4661 E/fabuntur,
3287 4594 3406 4650 aliis

128 4686 325 4757 magis
356 4686 577 4756 incipiet
605 4700 726 4740 esse
758 4655 1061 4752 uberrima,
1094 4702 1214 4742 cum
1247 4689 1313 4742 ad
1354 4655 1519 4744 linem
1551 4690 1731 4746 saeculi
1759 4655 1812 4714 Β
1837 4685 2200 4754 respondent,
2261 4682 2442 4754 (Auc.)
2494 4683 2546 4736 id
2597 4691 2714 4746 est,
2761 4683 2962 4737 habent
2999 4685 3138 4754 quod
3186 4701 3407 4754 respon-

117 4779 247 4835 erit
278 4777 542 4847 perducta
575 4796 588 4832 :
624 4786 750 4834 tunc
773 4779 918 4834 enim
948 4779 1284 4848 passionibus
1308 4779 1599 4836 electorum
1623 4783 1732 4838 cito

119 4870 468 4941 implebitur
518 4886 776 4926 numerus
827 4871 1127 4926 beatorum.
1190 4872 1257 4926 Et
1319 4874 1582 4944 accipitur
1643 4877 1732 4932 hic

119 4963 310 5018 aliter
337 4973 596 5029 senectus,
623 4977 782 5032 quam
814 4978 993 5033 supra.

207 5053 395 5108 Vens.
419 5053 507 5110 l6.
530 5084 601 5095 —
623 5055 966 5109 Annuntient.
1001 5055 1124 5126 (ln.)
1152 5055 1273 5121 Hic,
1307 5057 1410 5122 vel,
1441 5057 1566 5112 dum
1595 5073 1732 5128 prae-

115 5147 316 5202 mium
357 5145 576 5216 capient
612 5145 1033 5210 annuntiabunt,
1066 5147 1208 5216 quod
1237 5145 1446 5216 justus,
1491 5152 1583 5218 qui
1618 5150 1731 5205 suis

109 5236 422 5310 promissa
448 5236 698 5306 complet.
726 5235 795 5290 Et
823 5253 926 5291 non
951 5246 1026 5292 est
1063 5237 1310 5310 iniquitas
1349 5239 1403 5293 in
1431 5256 1512 5294 eo.
1547 5240 1726 5312 (Auc.)

115 5328 202 5383 Ut
236 5327 339 5381 hic
375 5327 653 5396 permittat
672 5326 783 5396 pati
810 5342 909 5396 pro
938 5342 1017 5392 se,
1049 5343 1184 5397 quos
1213 5345 1318 5382 non
1351 5329 1422 5384 ibi
1452 5339 1626 5385 ornet.
1657 5328 1730 5384 Et

105 5427 318 5474 rectus
339 5457 357 5482 ,
387 5419 481 5488 qui
508 5427 846 5484 remunerat,
874 5434 979 5474 non
1009 5418 1227 5491 iniquus
1251 5428 1310 5475 ut
1347 5420 1560 5477 fraudet
1592 5439 1728 5494 pra:-

93 5509 268 5576 mio,
300 5508 411 5564 sed
442 5507 706 5579 benignus
734 5516 796 5562 ut
830 5508 1152 5563 accumulet.

687 5598 1006 5655 PSALMUS
1041 5599 1198 5655 XCII.

188 5685 275 5745 In
321 5690 502 5758 diem,
534 5699 640 5747 etc.
671 5688 855 5762 (Auc.)
883 5689 941 5745 In
977 5690 1062 5745 die
1096 5701 1224 5747 ante
1251 5693 1533 5749 sabbatum
1553 5735 1568 5762 ,
1597 5705 1728 5764 etc.,

83 5799 300 5856 asque
325 5785 404 5838 ad
440 5784 582 5855 quod
608 5784 874 5854 signiﬁcat
903 5793 1084 5838 sextus
1115 5784 1249 5839 dies.

183 5877 384 5932 Vens.
427 5880 472 5933 Ι.
506 5906 573 5916 --α
609 5876 862 5930 Dominus
913 5876 1180 5947 regnavit,
1219 5884 1324 5932 ctc.
1353 5876 1552 5951 (Cass)
1594 5879 1734 5934 Laus

549 5971 822 6032 ΡΑτιιοι..
856 5953 1081 6030 CXIII.

1837 4781 2024 4841 deant,
2079 4787 2208 4842 etc.,
2257 4795 2418 4848 usque
2466 4778 2534 4831 ad
2585 4778 2876 4848 loquuntur
2932 4778 3101 4848 iniqui
3167 4781 3406 4836 dicentes

1835 4870 2004 4924 Deum
2035 4885 2140 4924 non
2170 4883 2360 4924 curare
2390 4869 2521 4922 lucc.

1907 4961 2067 5014 Vens.
2102 4959 2152 5014 6.
2180 4987 2247 5000 ——
2277 4956 2502 5010 Viduam
2528 4965 2576 5010 et
2607 4955 2877 5010 advenam.
2908 4957 3106 5029 (Cass.)
3128 4957 3237 5014 llos
3260 4957 3403 5013 Deus

1834 5059 2034 5116 tuetur,
2064 5058 2196 5115 etc.,
2239 5063 2399 5118 usque
2432 5047 2501 5099 ad
2536 5048 2650 5102 sine
2693 5055 2847 5118 patre
2884 5047 3095 5104 diabolo
3129 5057 3185 5103 et
3229 5058 3402 5103 matre

1831 5138 2284 5209 concupiscentia.

1903 5229 2064 5283 Vens.
2098 5230 2150 5282 7.
2184 5259 2253 5270 -
2282 5225 2391 5281 Nec
2430 5227 2697 5298 intelliget.
2738 5228 2920 5299 (Auc.)
2941 5228 3112 5296 .Quasi
3134 5270 3148 5295 ,
3179 5246 3284 5284 non
3322 5241 3402 5285 al-

1835 5323 2017 5378 tendet
2043 5322 2144 5378 ista
2162 5363 2177 5386 ,
2206 5321 2428 5392 negligit
2451 5322 2549 5376 ista
2573 5362 2587 5388 ,
2617 5337 2715 5377 nec
2738 5321 2966 5378 attendit
2993 5334 3051 5378 ut
3073 5324 3268 5388 videat,
3296 5341 3398 5380 nou

1832 5428 1920 5468 me
1946 5422 2100 5468 curat
2119 5413 2282 5477 Deus,
2310 5413 2438 5481 quid
2457 5413 2649 5484 agam?

1903 5506 2066 5562 Vens.
2089 5504 2528 5575 8.—lntelligite.
2547 5503 2747 5576 (Cass)
2774 5506 3016 5560 Secunda
3036 5521 3194 5576 pars;
3210 5518 3396 5564 contra

1832 5598 2196 5668 blasphemas,
2219 5606 2323 5652 etc.
2339 5637 2353 5662 ,
2368 5613 2531 5666 usque
2543 5595 2614 5649 ad
2628 5596 2770 5665 quod
2782 5595 3060 5652 consilium
3075 5614 3229 5654 suum
3243 5599 3399 5654 malis

1837 5691 2190 5762 incognitum,
2205 5689 2315 5745 suis
2327 5689 2518 5743 amicis
2536 5688 2726 5756 aperit.
2747 5685 2926 5742 Stulti.
2943 5687 3046 5756 Qui
3061 5700 3246 5761 aperte
3265 5691 3402 5747 blas-

1835 5784 2109 5852 phemant,
2125 5781 2366 5838 dicentes
2381 5780 2548 5834 Deum
2576 5794 2683 5833 non
2699 5779 2896 5834 videre.
2907 5781 3000 5836 Vel
3019 5782 3090 5836 ita
3108 5800 3122 5835 :
3143 5783 3252 5840 Vos
3274 5786 3375 5838 insi
3387 5818 3403 5826 -

1835 5879 2050 5946 pientes,
2064 5875 2118 5930 id
2145 5883 2230 5930 est
2247 5871 2443 5937 nescii,
2469 5871 2763 5941 intelligite,
2783 5872 2870 5941 qui
2890 5871 3002 5939 jam
3023 5874 3157 5930 bene
3171 5875 3400 5932 vivendo
