4008 6348
81 697 94 736 ,ς

82 747 92 866 ἑ

83 873 88 942 !

79 943 86 998 ἕ

71 1009 83 1172 ξ

641 450 779 504 1067
1145 445 1534 502 WALLFRIDI
1571 445 1814 500 STRABI
1851 446 2056 502 FULD.
2094 444 2259 501 MON.
2297 446 2448 504 OPP.
2491 447 2670 503 PARS
2701 448 2742 503 l.
2779 478 2851 490 -—-
2885 446 3336 504 THEOLOCICA.
3739 453 3874 509 1008

709 580 876 635 Vens.
909 579 965 633 ’5.
986 609 1057 622 -
1079 579 1227 650 Ignis
1248 592 1367 633 ante
1389 583 1554 649 ipsum
1580 582 1848 650 praecedet,
1880 589 1986 636 etc.
2024 580 2189 653 (Αυςς

2309 561 2582 635 (Ηιιειιοη.)
2633 564 2692 618 1n
2739 565 2882 620 tubis
2923 564 3231 627 ductilibus,
3280 562 3566 633 argenteis,
3611 579 3766 618 more
3789 563 3880 620 Ju-

637 668 802 737 Quasi
828 668 1057 723 correcti
1084 675 1209 721 sunt
1239 667 1392 721 sedes
1420 667 1537 733 Dei,
1570 677 1697 732 etc.,
1726 685 1888 738 usque
1907 667 1977 723 ad
2004 668 2050 722 si
2082 668 2205 722 mali

639 767 787 824 sunt,
819 759 887 814 ad
915 757 1373 826 consumptionem
1403 775 1418 824 ;
1452 759 1496 812 si
1522 759 1668 821 boni,
1702 759 1769 813 ad
1789 759 2200 829 reparationem.

708 849 869 906 Vsus.
892 849 948 904 4.
976 880 1046 890 -
1071 849 1366 903 Illuxerunt
1394 849 1627 920 fulgura.
1660 849 1784 922 (11).)
1829 849 2008 906 Nubes
2037 850 2204 906 vilue-

638 950 767 996 runt
793 941 967 996 forma
1009 942 1264 1005 humana,
1295 940 1390 995 sed
1423 939 1597 1010 fulgor
1624 940 1902 996 mirandus
1944 942 1998 996 in
2025 943 2204 998 verbis

636 1029 719 1085 vel
749 1029 906 1085 lactis
931 1044 1116 1085 eorum
1138 1030 1406 1100 apparuit,
1434 1039 1489 1084 et
1518 1021 1641 1086 inde
1669 1039 1814 1085 mota
1833 1039 1920 1085 est
1947 1038 2110 1085 terra.

707 1121 870 1176 Vens.
892 1121 945 1175 5.
975 1152 1043 1161 —
1069 1119 1382 1174 Fluxerunt.
1420 1119 1544 1192 (11).)
1571 1121 1683 1176 Etsi
1712 1136 1819 1176 non
1844 1122 2003 1176 modo
2031 1123 2204 1178 credit

633 1228 893 1285 paganus,
937 1219 1116 1266 tamen
1153 1211 1326 1265 victus
1353 1219 1454 1266 est.

705 1306 866 1360 Vens.
898 1304 950 1358 7.
977 1334 1049 1344 —
1076 1300 1498 1372 Confundantur.
1545 1303 1659 1360 Hoc
1693 1303 1806 1372 jam
1843 1303 2046 1360 factum
2092 1314 2196 1360 est.

631 1394 814 1465 (Αυο.)
861 1393 1050 1450 Cessat
1075 1393 1216 1449 enim
1247 1393 1360 1463 jam
1405 1393 1722 1448 idololatria.
1776 1394 1845 1448 Et
1881 1396 2220 1450 erubescant.

629 1489 720 1558 qui
751 1488 978 1544 adorant
1004 1487 1226 1557 lapides,
1256 1488 1380 1557 quia
1409 1489 1626 1543 mortui.

699 1581 865 1638 Vsus.
909 1583 962 1638 8.
994 1613 1064 1622 —
1106 1581 1353 1635 Adorate.
1406 1580 1528 1652 (11).)
1563 1580 1753 1636 Cessat
1799 1596 1928 1651 ergo
1957 1581 2199 1636 adoratio

627 1675 964 1744 angelorum,
1001 1673 1095 1728 sed
1119 1672 1363 1726 adorant.
1394 1671 1498 1742 Ipsi
1529 1672 1654 1727 mali
1679 1672 1854 1742 angeli
1877 1672 2066 1727 volunt
2107 1673 2199 1728 ad-

626 1769 771 1822 orari
790 1809 804 1833 ,
833 1767 962 1822 boni
989 1768 1234 1832 adorant,
1264 1782 1363 1820 nec
1389 1780 1446 1820 se
1467 1765 1786 1836 permittunt
1822 1766 2055 1821 adorari.
2099 1765 2197 1820 Vel

627 1858 816 1913 saltem
843 1858 946 1912 hoc
965 1855 1208 1926 exemplo
1238 1856 1550 1911 idololatriae
1574 1864 1802 1911 cessent.

696 1949 906 2002 Audiuit
949 1957 997 2002 et
1025 1918 1221 2002 laetata.
1252 1946 1450 2017 (CASS.)
1497 1945 1742 2002 Secundo
1771 1955 1891 2018 post
1919 1957 2193 2004 restaura-
2223 1918 2271 1978 Β

628 2041 825 2096 tionem
867 2049 1026 2095 terra)
1053 2039 1358 2094 omnimoda
1403 2039 1706 2106 exsultatio,
1754 2038 2094 2110 etc.,usque
2127 2039 2196 2095 ad

624 2142 683 2189 ut
715 2133 782 2188 de
806 2131 1056 2188 Cornelio
1096 2132 1292 2188 fratres
1317 2131 1485 2201 gavisi
1515 2141 1641 2186 sunt
1671 2147 1829 2202 quem
1871 2131 2068 2188 Petrus
2108 2136 2198 2188 ba-

624 2223 864 2294 ptizavit.
895 2222 966 2277 Et
986 2221 1392 2277 exsultaverunt.
1418 2221 1599 2296 (Aoo.)
1619 2223 1921 2278 Audierant
1945 2224 2194 2294 apostoli,

620 2316 892 2385 quierant
921 2315 976 2369 in
1020 2314 1201 2370 Judaea
1249 2313 1467 2382 fratres,
1496 2315 1623 2385 quia
1650 2326 1836 2387 gentes
1877 2327 2197 2388 receperunt

618 2409 841 2465 verbum
864 2409 984 2475 Dei,
1010 2416 1064 2462 et
1098 2407 1261 2462 laetati
1287 2417 1412 2463 sunt
1429 2418 1485 2462 et
1504 2410 1920 2481 magniﬁcabant
1948 2411 2138 2466 Deum.

693 2499 848 2556 Vens.
887 2499 940 2554 9.
983 2530 1051 2538 ——
1081 2498 1360 2552 Terram...
1402 2500 1546 2554 deos.
1597 2500 1717 2572 (11).)
1753 2500 1858 2556 Per
1903 2510 2098 2556 terram
2141 2509 2196 2556 et

616 2590 762 2654 deos,
805 2597 1119 2659 peccatores
1148 2596 1203 2642 et
1243 2586 1419 2656 iustos
1467 2590 1670 2658 accipe.
1704 2588 1823 2656 Vel,
1872 2593 2103 2648 terrenis
2139 2600 2195 2648 et

615 2680 926 2736 coelestibus
953 2677 1221 2748 signiﬁcat
1244 2695 1366 2732 eum
1394 2680 1677 2749 imperare.

685 2770 848 2825 Vsus.
892 2768 980 2823 l0.
1025 2799 1093 2808 —
1137 2768 1374 2822 Custodit
1419 2769 1695 2824 Dominus.
1734 2770 1926 2846 (Aura)
1973 2770 2033 2826 Si
2069 2788 2194 2829 cum

614 2861 845 2932 coeperis
873 2858 1050 2915 odisse
1075 2858 1364 2929 malignum
1384 2899 1400 2923 ,
1435 2859 1832 2930 subsequantur
1859 2863 2194 2928 persecutio-

613 2968 735 3018 nes,
757 2967 828 3007 ne
854 2952 1066 3014 timeas,
1095 2951 1220 3020 quia
1248 2951 1478 3006 custodit
1525 2951 1783 3007 Dominus
1817 2953 2026 3008 animas
2067 2969 2191 3010 san-

613 3052 823 3098 ctorum
865 3056 1109 3106 suorum,
1141 3041 1208 3096 de
1229 3041 1422 3112 quibus
1450 3041 1700 3099 tollendis
1719 3051 1803 3100 est
1832 3043 2079 3100 ultimum
2099 3061 2192 3116 ge-

612 3150 714 3190 nus
742 3125 1158 3205 persecutionis.
1507 3185 1510 3190 .

1124 3223 1444 3280 PSALMUS
1470 3222 1673 3280 XCVII.

2212 3271 2260 3336 C

2308 653 2564 708 timorum.
2617 655 2836 726 Mystice
2862 697 2878 722 ,
2922 654 3196 725 productis
3235 655 3336 709 sub
3375 654 3570 710 malleo
3612 655 3880 712 universae

2307 753 2485 811 terra),
2528 745 2583 800 id
2619 755 2702 802 est
2729 747 2958 802 diabolo.
2992 747 3172 818 (Auc.)
3204 744 3518 812 Tribulatio,
3547 749 3733 803 tunsio
3756 757 3879 810 est;

2303 833 2596 904 profectus,
2623 837 2932 906 productio:
2959 837 3082 891 talis
3111 837 3237 890 tuba
3267 845 3384 890 erat
3405 835 3526 903 Job,
3555 839 3701 894 unde
3725 839 3882 909 quasi

2305 926 2432 981 tuba
2461 928 2714 992 insonuit,
2755 929 2935 986 dicens
2961 947 2975 985 :
3003 929 3260 985 Dominus
3285 931 3449 999 dedit,
3469 931 3732 988 Dominus
3763 936 3882 989 abs-

2303 1018 2441 1073 tulit.

2373 1109 2537 1170 Vsns.
2581 1114 2633 1168 7.
2682 1145 2752 1155 —
2795 1101 3085 1169 Moventur.
3131 1114 3256 1187 (11).)
3306 1115 3366 1170 1d
3405 1126 3523 1181 est,
3574 1116 3882 1173 indulcetur

2301 1218 2449 1259 mare
2473 1204 2641 1276 legis,
2679 1205 2826 1278 ligno
2859 1207 3037 1263 crucis
3064 1207 3117 1262 in
3163 1221 3230 1262 eo
3254 1208 3447 1277 posito.
3494 1207 3565 1261 Et
3609 1208 3879 1279 plenitudo

2300 1295 2432 1364 ejus.
2494 1295 2753 1352 Universa
2799 1295 2932 1368 legis
2986 1306 3364 1362 sacramenta,
3406 1307 3545 1362 etc.,
3597 1314 3763 1367 usque
3814 1300 3880 1352 ad

2300 1387 2395 1442 sed
2433 1387 2675 1456 ﬂumina,
2716 1395 2820 1442 etc.
2872 1386 3354 1461 Terram..(sts.)
3398 1387 3458 1443 1d
3500 1397 3607 1454 est,
3659 1403 3878 1444 omnem

2296 1487 2655 1548 peccatorem.

2367 1567 2531 1624 Vens.
2586 1571 2639 1625 9.
2677 1601 2748 1611 —
2795 1569 2982 1624 Orbem
3032 1579 3313 1624 terrarum.
3364 1569 3568 1627 Omnes
3605 1577 3874 1626 terrenos.

2297 1657 2365 1712 In
2383 1658 2612 1728 justitia.
2655 1660 2838 1733 (Αυα.)
2895 1661 3030 1727 Quia
3065 1677 3172 1716 non
3225 1670 3539 1717 meruerunt
3564 1663 3876 1717 misericor-

2296 1743 2457 1806 diam.
2511 1750 2760 1822 Populos.
2801 1751 3011 1824 (sts.)'
3054 1752 3262 1809 Fideles
3290 1754 3357 1809 de
3380 1753 3583 1810 Iudaeis
3621 1764 3682 1809 et
3711 1756 3876 1825 genti-

2295 1843 2418 1910 bus,
2465 1843 2557 1915 qui
2601 1844 2816 1914 capient
2839 1859 2991 1914 :equa
3038 1845 3264 1901 meritis.

2783 1998 3102 2057 PSALMUS
3145 1999 3372 2056 XCVIII.

2368 2131 2529 2186 Vens.
2591 2133 2642 2186 1.
2688 2161 2758 2171 -
2807 2129 3051 2184 Psalmus
3111 2130 3303 2184 David.
3361 2129 3544 2201 (AUG.)
3602 2131 3873 2201 Propheta

2296 2222 2553 2280 describit
2617 2223 2888 2278 Christum
2950 2238 3130 2294 regem
3199 2224 3342 2278 bona
3423 2224 3645 2278 dantem
3672 2265 3690 2289 ,
3747 2233 3872 2288 etc.,

2295 2332 2454 2387 usque
2508 2316 2577 2370 ad
2632 2315 2725 2371 sed
2777 2316 3022 2370 velamen
3065 2315 3308 2370 ablatum
3362 2323 3464 2381 est,
3513 2331 3642 2370 cum
3689 2318 3874 2370 uer-itas

2294 2409 2358 2462 de
2395 2417 2534 2462 terra
2580 2419 2692 2462 orta
2735 2416 2834 2473 est,
2857 2416 2904 2462 et
2922 2407 3134 2477 justitia
3161 2407 3226 2460 de
3251 2408 3376 2461 coelo
3402 2409 3672 2478 prospexit
3703 2407 3873 2477 (Psal.

2295 2499 2512 2571 xum).
2573 2498 2828 2552 Dominus
2896 2499 3122 2569 regnavit
3187 2497 3413 2570 (Cass)
3487 2499 3563 2554 De
3633 2503 3874 2570 potentia

2293 2595 2347 2644 et
2370 2603 2534 2658 regno
2576 2587 2794 2653 Christi,
2842 2597 2902 2642 ut
2932 2589 2986 2642 in
3035 2587 3252 2644 homine
3299 2589 3574 2644 adoretur.
3627 2588 3878 2644 Ostendit

2291 2676 2563 2733 Christum
2585 2686 2918 2748 regnantem,
2951 2687 3006 2732 et
3020 2677 3347 2748 (quicunque
3373 2679 3660 2748 repugnet)
3707 2679 3874 2732 altam

2293 2783 2451 2838 super
2462 2783 2670 2834 omnes,
2695 2769 2838 2823 unde
2853 2770 2900 2823 ei
2915 2771 3106 2824 cedere
3129 2779 3330 2825 monet.
3346 2769 3874 2840 Irascunturpapstli.

2293 2857 2491 2932 (Cass)
2521 2859 2721 2915 lrrisio.
2751 2860 2952 2915 Secure
2973 2861 3194 2916 concedi
3225 2871 3422 2930 potest,
3450 2871 3511 2915 ut
3540 2863 3876 2927 irascantur,

2291 2949 2416 3018 quia
2439 2963 2547 3004 non
2575 2956 2701 3003 sunt
2724 2949 2862 3003 ultra
2894 2949 3125 3006 nocituri
3149 2966 3163 3003 :
3195 2951 3557 3020 permittendo
3583 2952 3742 3014 dicit,
3772 2969 3878 3006 non

2293 3039 2621 3110 imperando.
2667 3040 2823 3096 Sedet
2846 3057 3000 3112 super
3027 3041 3310 3095 cherubim.
3340 3040 3462 3114 (11).)
3513 3041 3721 3098 Contra
3753 3059 3876 3098 eum

2291 3131 2426 3185 nihil
2477 3139 2654 3201 potest
2680 3141 2846 3196 terra,
2895 3133 2996 3188 etsi
3023 3133 3137 3202 ipse
3161 3131 3263 3188 fuit
3290 3135 3342 3188 in
3381 3142 3528 3189 terra
3555 3136 3654 3190 ubi
3687 3152 3880 3205 passus

2288 3228 2374 3275 est
2400 3219 2537 3276 iram
2583 3221 2780 3292 populi.
2827 3218 3122 3276 Cherubim.
3161 3221 3345 3294 (Anc.)
3387 3221 3684 3279 Plenitudo
3709 3228 3880 3279 scien-

680 3320 926 3376 Psalmus
955 3320 1140 3373 David.
1169 3317 1367 3389 (Cass)
1395 3317 1608 3372 Tertius
1626 3316 1868 3386 psalmus
1882 3333 2070 3374 (mrum
2094 3317 2187 3388 qui
2213 3311 2260 3336 ν
2290 3311 2377 3365 tite
2402 3312 2808 3382 interpretatur,
2836 3329 2957 3383 quae
2973 3322 3059 3369 est
3085 3315 3343 3370 charitas.
3376 3314 3670 3373 Plenitudo
3693 3318 3876 3372 scien-

607 3414 673 3468 de
701 3420 931 3482 utroque
953 3411 1186 3467 adventu
1215 3416 1381 3480 agunt
1405 3426 1418 3462 :
1463 3408 1518 3462 in
1543 3406 1740 3478 quibus
1759 3418 1845 3466 est
1871 3425 2034 3466 causa
2074 3409 2189 3480 spei

505 3515 508 3517 '
604 3517 704 3570 per
730 3501 1159 3558 misericordiam
1206 3499 1364 3567 primi
1406 3497 1687 3564 adventus,
1737 3507 1796 3554 et
1833 3499 2048 3555 timoris
2090 3514 2190 3569 per

599 3593 862 3662 judicium
891 3591 1114 3648 secundi
1147 3608 1160 3643 :
1207 3589 1341 3655 haec,
1390 3589 1493 3643 etsi
1521 3603 1662 3660 saepe
1689 3589 1973 3656 iterentur,
2008 3600 2185 3645 tamen

605 3697 820 3752 semper
865 3697 1002 3738 nova
1030 3697 1130 3752 pro
1183 3682 1468 3736 verborum
1504 3688 1560 3736 et
1598 3683 1988 3738 sententiarum
2034 3682 2184 3738 varia

605 3773 990 3842 descriptione.
1519 3809 1524 3815 -

675 3859 838 3915 Vens.
869 3861 920 3914 1.
950 3891 1022 3901 —
1047 3860 1264 3916 Cantate
1288 3860 1533 3916 Domino.
1563 3858 1762 3936 (Cum)
1791 3864 1973 3922 Primo
2012 3865 2089 3920 ait
2117 3866 2184 3921 de

603 3950 910 4006 ostensione
931 3950 1234 4006 salvatricis
1256 3951 1513 4006 dexterae.

672 4041 924 4098 Salvavit.
957 4041 1138 4114 (Αῠα.)
1192 4041 1362 4110 Majus
1389 4051 1473 4098 est
1519 4043 1664 4113 quod
1701 4052 1870 4099 totum
1923 4045 2109 4102 orbem
2148 4064 2180 4101 a

602 4144 776 4192 morte
805 4144 1009 4190 aeterna
1060 4134 1254 4200 erexit,
1305 4149 1468 4202 quam
1509 4133 1653 4202 quod
1689 4144 1932 4190 mortuos
1956 4136 2182 4192 suscita-

599 4227 694 4283 vit.
745 4225 875 4282 Sibi.
906 4224 1057 4280 Multi
1085 4224 1362 4280 salvantur
1383 4224 1758 4294 corporaliter,
1806 4226 1898 4280 sed
1920 4226 2043 4293 sibi,
2071 4243 2178 4284 non

599 4320 648 4376 ei
673 4336 687 4372 :
711 4319 803 4388 qui
827 4326 1048 4387 accepta
1079 4315 1346 4385 corporali
1372 4315 1605 4372 sanitate
1632 4314 1934 4382 lasciviunt,
1965 4318 2062 4374 sed
2086 4319 2179 4389 qui

599 4425 696 4480 per
709 4408 869 4464 ﬁdem
898 4408 1043 4463 intus
1066 4416 1346 4472 sanantur,
1369 4408 1421 4463 ei
1441 4417 1718 4474 sanantur,
1751 4409 1833 4465 vel
1858 4426 1916 4466 se
1945 4410 2175 4466 salvant.

669 4497 831 4556 Vsus.
881 4498 936 4553 2.
977 4529 1050 4539 -
1076 4496 1386 4553 Salutare...
1412 4499 1697 4569 justitiam.
1724 4501 1905 4574 (Auc.)
1934 4501 2037 4569 Qui
2073 4502 2180 4558 sal-

599 4599 690 4645 vat
708 4599 762 4645 et
778 4589 1058 4660 justiﬁeat.
1089 4588 1366 4644 Revelavit.
1399 4590 1597 4647 Futura
1623 4591 1722 4647 sub
1747 4594 2012 4649 velamine
2041 4611 2178 4665 prae-
2203 4622 2255 4683 Ι)

599 4685 850 4740 dixerunt
878 4683 1186 4754 prophetae:
1216 4683 1311 4738 sed
1337 4682 1583 4739 velamen
1633 4683 1871 4740 ablatum
1916 4695 2018 4752 est,
2049 4702 2171 4742 cum

601 4779 788 4833 veritas
810 4775 876 4830 de
898 4785 1038 4830 terra
1075 4785 1190 4830 orta
1214 4783 1310 4830 est.

667 4868 832 4925 Vens.
863 4870 916 4925 '5.
942 4897 1013 4910 —
1039 4867 1419 4924 Misericordia:
1445 4878 1495 4924 et
1521 4871 1774 4925 veritatis.
1801 4872 1980 4944 (Auc.)
2014 4873 2173 4928 Mise-

599 4961 827 5017 ricordia
850 4970 932 5017 est
954 4975 1060 5030 quo
1081 4959 1352 5030 promisit,
1380 4962 1519 5017 hanc
1544 4964 1786 5035 sequitur
1811 4967 2022 5034 veritas,
2045 4967 2171 5036 quia

599 5051 848 5107 reddidit.
883 5049 991 5105 Sed
1014 5049 1142 5104 cui?
1168 5049 1380 5118 Israeli,
1408 5053 1462 5109 id
1482 5062 1584 5119 est,
1607 5057 1700 5124 qui
1721 5056 1881 5111 modo
1898 5073 1996 5128 per
2010 5057 2168 5112 ﬁdem

597 5145 740 5199 videt
761 5145 1067 5208 veritatem,
1091 5151 1214 5212 post
1239 5159 1337 5214 per
1364 5147 1616 5215 speciem.

666 5233 828 5290 Vens.
865 5235 919 5288 4.
945 5264 1018 5277 -
1036 5233 1248 5290 Omnes.
1274 5235 1397 5308 (11).)
1421 5237 1557 5305 Quia
1585 5253 1688 5293 non
1711 5237 2027 5308 quibusdam
2049 5248 2168 5295 tan-

595 5332 709 5380 tum
736 5326 892 5381 datus
914 5336 998 5382 est
1024 5325 1291 5382 Christus.

664 5415 826 5471 Vsus.
864 5416 916 5471 5.
943 5448 1016 5458 -—
1041 5417 1293 5472 Jubilate.
1320 5416 1518 5490 (ΟΑεε.)
1551 5417 1798 5475 Secundo
1827 5421 1956 5477 dicit
1983 5423 2160 5478 omni-

592 5508 694 5564 bus
720 5508 893 5562 modis
939 5507 1262 5563 laudandum
1299 5523 1417 5564 esse
1448 5517 1505 5564 et
1533 5512 1987 5578 annuntiandum,
2037 5514 2164 5582 quia

591 5599 738 5653 venit
768 5597 954 5667 judex.

662 5686 822 5741 Vens.
871 5688 924 5740 6.
951 5719 1020 5728 --
1045 5687 1112 5741 In
1151 5690 1284 5744 tubis
1328 5690 1606 5746 ductilibus
1638 5702 1688 5746 et
1716 5708 1838 5747 uoce
1874 5692 2012 5747 tuba:
2049 5711 2163 5747 cor-

593 5795 719 5831 neae.
748 5780 928 5847 (Auc.)
957 5779 1132 5843 Aeris,
1172 5797 1291 5850 qua:
1313 5784 1584 5839 tundendo
1612 5784 2001 5853 producuntur,
2029 5794 2155 5850 etc.,

592 5881 752 5935 usque
797 5868 867 5920 ad
910 5877 968 5922 ut
1017 5884 1178 5924 cornu
1227 5873 1374 5927 carni
1420 5874 1606 5938 hzeret,
1656 5883 1708 5930 ct
1748 5889 1868 5931 eam
1917 5887 2152 5947 superat.

2287 3400 2377 3454 tiae
2400 3399 2553 3470 legis,
2578 3416 2698 3470 quae
2741 3410 2825 3456 est
2854 3402 3010 3458 sedes
3033 3401 3148 3470 Dei,
3177 3404 3284 3459 erit
3308 3413 3364 3458 et
3389 3403 3444 3458 in
3475 3412 3561 3468 te,
3595 3405 3648 3460 si
3693 3407 3879 3461 chari-

2288 3499 2452 3546 tatem
2497 3491 2772 3558 habueris,
2821 3504 3012 3550 contra
3062 3510 3225 3564 quam
3259 3495 3394 3551 nihil
3439 3505 3678 3567 possunt
3725 3499 3871 3554 irati.

2286 3582 2423 3650 Quid
2458 3583 2604 3639 enim
2630 3593 2773 3640 terra
2803 3595 2989 3641 contra
3009 3587 3248 3642 coelum?

2355 3674 2517 3730 Vsus.
2540 3674 2594 3728 2.
2623 3705 2694 3716 —
2717 3674 2972 3731 Dominus
3003 3677 3059 3730 in
3086 3677 3236 3734 Sion.
3269 3677 3397 3750 (11).)
3439 3679 3502 3736 Si
3526 3697 3644 3737 non
3671 3683 3872 3738 intelli-

2284 3765 2365 3834 gis
2389 3765 2518 3835 quid
2553 3775 2636 3822 est
2671 3783 2828 3836 super
2846 3765 3146 3835 Cherubim,
3175 3769 3280 3826 hoc
3301 3771 3446 3837 vide,
3477 3773 3611 3843 quia
3649 3776 3706 3829 in
3746 3775 3870 3831 Sion

2283 3877 2520 3931 magnus.
2558 3860 2688 3916 Sion
2718 3871 2802 3918 est
2839 3863 3018 3917 anima
3061 3879 3179 3934 quae
3212 3865 3382 3919 Deum
3411 3865 3756 3934 speculatur.
3809 3865 3872 3920 Ιι

2283 3951 2412 4006 Sion
2467 3971 2704 4024 magnus.
2759 3954 2960 4027 (Cass)
2987 3955 3118 4023 Quis
3149 3956 3440 4024 Dominus,
3490 3959 3768 4028 exponit:
3809 3957 3871 4012 Ιιι

2283 4041 2411 4098 Sion
2436 4053 2612 4099 natus.
2654 4043 2880 4115 Magnus
2905 4086 2921 4111 ,
2962 4061 3030 4102 ne
3058 4061 3156 4116 pro
3179 4048 3428 4118 passione
3449 4048 3704 4105 vilescat.
3761 4048 3870 4110 Vel,

2282 4143 2460 4191 tamen
2490 4135 2749 4193 Dominus
2775 4153 3001 4208 magnus
3022 4139 3078 4193 in
3103 4137 3233 4195 Sion
3261 4138 3597 4206 Iudaeorum,
3630 4153 3686 4198 et
3709 4159 3870 4213 super

2277 4225 2503 4296 populos
2524 4229 2783 4297 gentium.

2351 4317 2515 4373 Vens.
2555 4317 2607 4372 5.
2635 4347 2707 4358 —
2736 4317 2949 4390 Magno.
2996 4318 3183 4392 (Aoc.)
3215 4319 3448 4376 Parvum
3485 4332 3613 4377 erat
3649 4324 3866 4394 quando

2281 4405 2675 4473 irascebantur,
2699 4409 2753 4464 id
2777 4418 2880 4474 est,
2909 4411 3101 4479 paucis
3128 4411 3486 4479 diﬁ‘amatum,
3517 4415 3622 4470 sed
3651 4415 3773 4485 jam
3817 4417 3864 4470 in

2280 4498 2427 4553 omni
2450 4507 2596 4554 terra
2625 4499 2924 4556 dilatatam.
2958 4500 3224 4559 Terribile.
3259 4503 3384 4576 (11).)
3428 4505 3570 4573 Quia
3605 4510 3712 4564 etsi
3747 4526 3864 4563 crn-

2281 4593 2472 4649 ciﬁxus
2513 4595 2856 4664 praedicatur,
2883 4596 3048 4666 judex
3073 4607 3350 4662 venturus,
3399 4608 3454 4654 et
3497 4616 3612 4656 non
3662 4603 3862 4656 errabit

2278 4682 2330 4736 in
2356 4682 2580 4753 judicio.
2610 4684 2681 4738 Et
2709 4685 2877 4740 honor
2905 4687 3057 4757 regis.
3081 4687 3281 4758 (Cass)
3318 4687 3558 4758 Exponit
3586 4691 3858 4760 quomodo

2276 4771 2471 4827 debent
2497 4773 2760 4830 conﬁteri.
2798 4774 2984 4831 Honor
3008 4779 3166 4849 regis,
3211 4787 3294 4833 est
3336 4779 3575 4850 gloriosa
3603 4783 3855 4851 praedica-

2275 4862 2372 4930 tio,
2393 4863 2658 4933 judicium
2703 4866 3078 4924 discretionem
3122 4869 3328 4940 exigit;
3376 4885 3482 4926 non
3522 4870 3640 4926 levi
3675 4872 3856 4925 volun-

2275 4961 2385 5009 tate
2411 4955 2668 5012 colendus
2705 4966 2818 5025 est,
2870 4961 2963 5014 sed
3015 4961 3120 5016 ﬁsa
3147 4961 3560 5028 deliberatione,
3613 4967 3764 5034 quod
3793 4963 3852 5016 sb

2275 5045 2392 5115 ipso
2431 5054 2552 5114 est;
2584 5049 2728 5104 unde
2767 5051 2980 5106 subdit:
3015 5051 3095 5106 Tu
3131 5055 3330 5124 parasti
3368 5054 3718 5112 directiones.
3769 5055 3850 5109 Vel

2275 5137 2444 5190 honor
2479 5139 2614 5208 regis
2633 5148 2718 5195 est
2741 5139 3015 5197 damnatio
3038 5144 3372 5212 nocentium,
3398 5147 3548 5202 unde
3577 5149 3732 5222 regis
3757 5148 3850 5220 glo-

2275 5226 2355 5281 ria
2383 5237 2628 5299 augetur.

2343 5319 2506 5375 Vsns.
2529 5321 2582 5375 4.
2615 5353 2686 5363 —-
2711 5321 2779 5377 In
2802 5322 2986 5380 Iacob.
3040 5325 3220 5400 (Λυθ.)
3265 5326 3380 5384 Non
3405 5328 3590 5386 solum
3619 5334 3844 5401 patrisr-

2272 5411 2392 5477 cha,
2437 5413 2528 5468 sed
2551 5413 2768 5484 populo,
2811 5431 2970 5484 quem
3015 5417 3303 5489 signiﬁcat.
3343 5420 3420 5475 Tu
3453 5421 3652 5491 fecisti.
3711 5424 3838 5484 Har,

2270 5518 2390 5572 quae
2419 5503 2555 5559 alius
2585 5520 2692 5560 non
2718 5516 2917 5576 posset.

2338 5593 2498 5648 Vens.
2528 5594 2581 5648 5.
2607 5624 2678 5635 -—
2705 5593 2971 5653 Exultate.
3010 5598 3208 5674 (Cass)
3237 5601 3486 5660 Secunda
3511 5621 3648 5677 pars
3671 5615 3854 5662 mouet

2266 5685 2492 5742 adorare
2526 5703 2673 5754 eum,
2701 5689 2828 5758 quia
2856 5699 3038 5759 patres
3066 5692 3184 5762 ejus
3210 5694 3445 5765 fuerunt.
3488 5695 3685 5766 Quasi,
3728 5694 3850 5767 quia

2267 5781 2380 5836 haec
2407 5780 2536 5835 facit
2562 5780 2738 5844 nobis,
2759 5796 2888 5852 ergo
2917 5781 3181 5839 Ezaltate.

2335 5874 2646 5930 Scabellum.
2676 5874 2737 5945 (Α
2749 5859 2863 5945 uc.)
2894 5875 3053 5932 Terra
3087 5880 3368 5937 scabellum
3394 5885 3594 5941 nedum
3621 5885 3736 5955 ejus
3761 5884 3854 5938 di-
