4008 6348
301 488 440 544 1009

297 629 373 682 cit
423 623 717 693 Scriptura,
761 633 888 688 etc.,
938 636 1095 690 usque
1131 619 1200 672 ad
1246 619 1298 672 in
1334 616 1484 686 cujus
1511 615 1714 669 honore
1750 626 1867 667 sca-
1890 589 1948 648 Α
2018 596 2024 602 ’

297 718 495 774 bellum
522 715 728 770 adorat.
769 713 989 769 Pedum.
1024 711 1222 782 (Cass)
1248 709 1435 773 Pedes,
1473 706 1734 762 indefecta
1758 714 1866 759 sta-

297 795 490 862 bilitas
529 805 763 860 deitatis.
813 803 1086 859 Sanctum.
1146 801 1231 876 Ut.
1271 800 1546 855 discernas
1594 810 1790 866 corpus
1831 807 1863 847 a

296 895 517 959 deitate,
563 891 663 948 etsi
687 907 792 946 una
822 905 1070 962 persona.

368 985 531 1038 Vens.
558 983 612 1038 6.
641 1013 710 1023 -—
738 981 961 1052 Moyses.
994 980 1193 1053 (Cass)
1223 979 1503 1042 Sacerdos,
1531 976 1654 1046 quia
1681 975 1726 1030 si
1755 988 1864 1029 non

295 1077 525 1139 hostias,
555 1075 732 1146 populi
751 1085 875 1132 vcta
893 1072 1106 1138 obtulit,
1129 1080 1182 1127 et
1199 1069 1500 1141 propopulo
1522 1067 1859 1137 supplicavit.

367 1165 528 1221 Vens.
559 1166 612 1218 7.
639 1195 701 1205 —
737 1163 1012 1218 Columna.
1050 1159 1248 1232 (Cass)
1294 1157 1574 1214 Fortitudo
1620 1165 1676 1210 et
1700 1155 1864 1210 decor

295 1257 506 1311 domus.
534 1253 590 1308 ln
619 1255 720 1310 hac
748 1254 924 1324 specie
953 1253 1289 1323 loquebatur,
1321 1265 1441 1320 quae
1461 1248 1744 1303 nuntiabat
1762 1247 1862 1302 Ec-

193 1343 211 1358 '
291 1345 536 1409 clesiam,
565 1343 650 1400 vel
676 1358 918 1409 carnem,
949 1343 1042 1398 sed
1070 1349 1198 1395 tunc
1223 1341 1276 1394 in
1300 1339 1462 1405 nube,
1487 1339 1646 1394 modo
1677 1345 1864 1407 aperte

290 1455 390 1511 per
413 1438 606 1494 Filium
638 1457 652 1492 :
682 1437 851 1492 Nabis
897 1431 1202 1508 loquebatur
1229 1434 1298 1488 ad
1334 1450 1439 1488 eos.
1476 1433 1599 1506 (ln.)
1641 1431 1724 1486 Ad
1768 1446 1863 1487 eos

289 1544 421 1598 ergo
464 1536 593 1582 tunc
639 1527 694 1582 in
721 1528 897 1600 nube,
943 1526 1034 1596 qui
1073 1525 1184 1596 jam
1215 1523 1371 1580 nobis
1395 1523 1632 1592 loquitur
1658 1522 1712 1577 in
1743 1536 1863 1576 sca-

290 1618 451 1684 bello,
504 1619 684 1682 idest,
731 1618 787 1672 in
808 1633 972 1672 carne
1008 1624 1280 1686 assumpta
1306 1623 1506 1684 aperte.
1547 1612 1862 1667 Testimonia

289 1713 404 1782 ejus
433 1722 481 1766 et
505 1723 762 1781 praecepta
792 1709 916 1782 (ln.)
947 1709 1337 1764 Testimonium
1362 1717 1446 1762 est
1469 1722 1566 1776 per
1589 1705 1740 1776 signa
1763 1703 1862 1758 ali-

287 1819 393 1872 qua
433 1799 785 1870 prazcedentis
813 1800 889 1854 rei
939 1799 1113 1869 posita
1139 1797 1462 1869 signiﬁcatio
1493 1815 1506 1850 :
1556 1797 1696 1850 unde
1722 1809 1862 1865 saepe

287 1896 340 1948 in
375 1893 490 1963 lege
518 1892 742 1946 dicitur:
800 1889 914 1945 Hoc
934 1892 1029 1944 erit
1060 1890 1198 1945 vobis
1235 1891 1290 1943 in
1319 1889 1684 1943 testimonium.
1716 1887 1862 1942 Prte-

285 1995 440 2056 cepta
469 1993 593 2040 sunt
615 1985 754 2038 sicut
779 1992 1044 2053 praecepta
1071 1983 1204 2052 legis
1227 1997 1325 2052 per
1347 1981 1564 2051 Moysen
1588 1981 1730 2035 data.

355 2076 518 2131 Vens.
544 2075 596 2130 8.
619 2104 690 2114 —
724 2074 984 2144 Propitius
1013 2074 1158 2143 fuisti
1181 2073 1276 2128 eis.
1307 2072 1488 2144 (Aes)
1525 2072 1640 2129 Non
1663 2073 1860 2132 dicitur

284 2169 387 2224 nisi
421 2167 677 2238 peccatis,
710 2167 973 2237 propitius
1019 2165 1366 2237 ignoscendo,
1412 2167 1675 2237 propitius
1698 2176 1754 2223 et
1777 2168 1858 2222 ul-

281 2259 555 2323 ciscendo,
576 2273 703 2313 ecce
722 2258 823 2312 etsi
854 2257 987 2310 tanti
1014 2255 1316 2322 essentisti,
1343 2255 1543 2325 aliquid
1565 2264 1744 2312 tamen
1761 2259 1858 2314 ha-

282 2351 483 2405 bebant
518 2349 758 2420 peccati;
793 2348 931 2402 unde
955 2347 1122 2406 addit.
1147 2347 1201 2400 in
1229 2363 1406 2402 omnes
1443 2347 1852 2405 adinventiones.

355 2439 640 2494 Ulcisccns.
690 2438 769 2494 Ne
804 2438 1039 2494 humana
1083 2437 1245 2493 elatio
1295 2439 1634 2508 subriperet;
1667 2440 1851 2496 unde:

283 2533 449 2586 Datus
493 2540 574 2585 est
605 2529 733 2584 mihi
764 2529 1013 2584 stimulus
1060 2529 1238 2584 carnis
1289 2543 1424 2583 mea}
1463 2527 1550 2599 (11
1579 2527 1702 2583 Cor.
1730 2529 1850 2602 xn).

284 2625 696 2678 Adinventiones.
755 2622 905 2678 Alias
942 2621 1269 2678 affectiones.
1313 2621 1496 2695 (Aus)
1528 2621 1674 2691 Quas
1706 2623 1854 2679 solus

284 2715 424 2769 Deus
471 2722 696 2771 noverat
733 2714 787 2769 in
815 2715 1067 2770 cordibus
1109 2729 1336 2781 eorum;
1390 2715 1534 2770 unde
1563 2730 1722 2785 paena
1773 2716 1852 2770 eis

282 2807 392 2877 pati
437 2820 530 2861 eos
571 2821 692 2861 cum
739 2806 933 2875 quibus
971 2814 1142 2871 erant,
1197 2822 1297 2876 pro
1346 2822 1576 2875 quorum
1615 2807 1852 2876 peccatis

283 2897 435 2967 quasi
464 2898 576 2952 suis
612 2897 863 2952 dolebant
890 2912 988 2967 per
1031 2898 1371 2954 charitatem.
1418 2899 1534 2954 Non
1555 2900 1698 2954 enim
1727 2900 1846 2964 fuit,

283 2999 398 3045 uta
422 2990 692 3060 plerisque
734 2999 973 3060 putatur,
1027 2988 1194 3060 Moysi
1221 3004 1380 3060 pcena
1404 3007 1513 3046 non
1562 2992 1764 3046 intrare
1795 2992 1851 3045 in

282 3093 480 3138 terram
503 3082 874 3152 promissionis
903 3083 956 3136 in
987 3096 1149 3150 quam
1173 3090 1228 3136 et
1248 3082 1431 3136 miseri
1469 3081 1846 3148 intraverunt;

282 3173 376 3228 sed
419 3175 614 3243 ﬁgura,
661 3172 802 3242 quod
826 3173 920 3243 qui
945 3171 1044 3227 sub
1067 3171 1183 3243 lege
1204 3181 1412 3237 essent,
1465 3179 1520 3226 et
1547 3171 1647 3226 sub
1674 3171 1848 3240 gratia

281 3279 402 3319 esse
425 3263 646 3330 nollent,
672 3280 777 3320 non
798 3264 1063 3319 intrarent
1085 3265 1138 3318 in
1165 3263 1427 3333 requiem.

791 3373 1110 3431 PSALMUS
1149 3374 1330 3441 XCIX.

348 3488 512 3546 Vens.
545 3490 598 3545 l.
619 3519 692 3531 —
715 3486 962 3546 Psalmus
990 3493 1046 3546 in
1071 3491 1411 3561 confessione.
1446 3489 1726 3546 Confessio
1751 3503 1846 3560 ge-

281 3582 422 3637 mina
461 3590 580 3649 est;
639 3597 748 3636 una
775 3591 858 3638 est
882 3582 1072 3649 laudis,
1100 3582 1267 3636 altera
1312 3591 1675 3651 peccatorum.
1707 3579 1849 3636 Con-

281 3671 441 3728 fessio
477 3673 650 3728 laudis
677 3673 928 3728 convenit
967 3672 1236 3744 perfectis,
1289 3671 1556 3728 confessio
1597 3680 1846 3743 peccato-

281 3782 397 3821 rum
447 3767 859 3838 incipientibus;
912 3769 1054 3824 unde
1091 3769 1146 3824 in
1190 3769 1293 3825 hoc
1339 3768 1544 3839 psalmo
1584 3769 1847 3839 propheta

281 3866 462 3914 monet
483 3859 549 3913 ad
576 3858 987 3914 confessionem.
1023 3858 1224 3931 (Cass)
1263 3860 1430 3915 Docet
1455 3859 1543 3914 hic
1583 3859 1845 3928 psalmus,

279 3961 332 4008 et
361 3951 529 4006 Deum
557 3951 886 4007 incessanter
933 3951 1174 4016 laudare,
1206 3960 1260 4007 et
1289 3960 1501 4021 peccata
1547 3960 1732 4006 nostra
1762 3951 1848 4004 in-

279 4051 556 4098 cessanter
581 4043 869 4113 plangere:
901 4043 1025 4113 quia
1049 4057 1148 4099 nec
1174 4043 1230 4098 in
1266 4043 1423 4098 malis
1450 4051 1532 4098 est
1551 4042 1847 4112 desperan-

277 4133 426 4200 dum,
456 4149 558 4190 nec
582 4134 634 4188 in
657 4135 810 4190 bonis
833 4135 991 4191 debet
1011 4135 1222 4190 animus
1241 4149 1361 4190 esse
1375 4134 1634 4190 elevatus.
1663 4134 1847 4189 Primo

277 4223 531 4296 perfectis
556 4224 887 4296 praecipuum
915 4239 1084 4296 genus
1115 4223 1490 4290 confessionis,
1522 4225 1576 4280 id
1601 4232 1684 4279 est
1726 4224 1844 4279 lau-

277 4317 420 4384 dem,
450 4317 654 4373 indicit.

346 4408 596 4464 Jubilate.
625 4407 807 4481 (Aes)
842 4407 901 4464 Si
930 4424 1036 4466 vox
1056 4409 1252 4482 jubilat
1283 4401 1553 4476 exterius,
1577 4418 1707 4476 etc.,
1754 4426 1847 4463 us-

278 4518 374 4572 que
423 4501 491 4555 ad
512 4509 568 4556 et
597 4516 705 4572 quo
730 4502 920 4557 ordine
956 4511 1012 4558 et
1035 4517 1197 4572 quam
1222 4501 1450 4558 mirifice
1486 4502 1634 4557 fecit.
1663 4500 1847 4556 Omnis

277 4604 434 4648 terra.
460 4593 540 4649 Ad
565 4593 774 4650 laudem
812 4611 1055 4651 monens.
1084 4594 1202 4650 Non
1227 4610 1393 4650 unum
1415 4595 1666 4666 angulum
1693 4604 1848 4649 terra:

279 4687 559 4741 hortatur:
587 4687 682 4742 sed
706 4686 844 4742 sicut
868 4685 1067 4756 ubique
1110 4687 1260 4741 novit
1283 4686 1600 4741 seminatam
1627 4685 1849 4741 benedi-

278 4777 540 4842 ctionem,
578 4777 650 4831 ita
673 4776 907 4845 undique
931 4775 1097 4845 exigit
1134 4775 1527 4846 jubilationem.
1569 4774 1765 4830 Servite
1790 4777 1847 4830 in

276 4867 478 4922 laetitia.
508 4865 690 4941 (Acs)
738 4865 862 4922 Haec
912 4866 1144 4923 servitus
1178 4881 1285 4922 non
1313 4875 1398 4922 est
1440 4867 1843 4932 amaritudinis,

276 4972 377 5012 nec
419 4956 823 5028 indignationis,
868 4957 962 5012 sed
1004 4955 1279 5012 felicitatis
1299 4964 1355 5011 et
1397 4956 1683 5013 libertatis.
1715 4957 1844 5012 Ser-

275 5062 402 5102 vum
430 5061 559 5118 ergo
603 5057 655 5102 te
702 5047 864 5102 faciat
892 5048 1149 5113 charitas,
1183 5047 1310 5117 quia
1355 5047 1584 5104 liberum
1635 5058 1688 5104 te
1719 5049 1848 5104 fecit

277 5139 492 5194 veritas.
541 5136 693 5194 Unde
721 5139 1012 5195 Dominus:
1052 5136 1111 5194 Si
1135 5139 1426 5195 mamentis
1449 5141 1506 5194 in
1533 5139 1682 5194 uerbo
1710 5158 1844 5207 meo,

277 5247 391 5289 vere
417 5228 659 5295 discipuli
703 5231 803 5285 mei
822 5231 1004 5285 eritis:
1054 5240 1102 5284 et
1127 5231 1440 5302 cognoscetis
1483 5231 1771 5298 veritatem,
1799 5242 1846 5286 et

279 5327 464 5381 ueritas
489 5341 572 5380 vos
595 5324 830 5380 liberabit
860 5325 1038 5396 (Joan.
1065 5325 1201 5398 Vlll).

348 5414 416 5471 In
446 5415 650 5472 laetitia.
693 5416 830 5484 Quia
854 5415 1106 5484 liberati;
1155 5433 1262 5473 non
1310 5428 1712 5474 murmurantes
1736 5459 1750 5486 ,
1785 5427 1846 5474 ut

279 5505 334 5562 in
361 5507 606 5564 deserto:
635 5509 774 5564 unde
799 5510 1080 5578 praemium
1109 5509 1304 5564 subdit.

349 5599 513 5656 Vens.
554 5601 608 5656 2.
637 5631 708 5642 —
730 5599 952 5656 Introite
987 5603 1042 5656 i‘n
1071 5611 1364 5669 conspectu.
1397 5601 1646 5672 Magnum
1675 5612 1759 5659 est
1789 5604 1843 5658 in

281 5699 572 5764 conspectu
601 5692 733 5746 tanti
764 5693 1015 5762 gaudere.
1061 5691 1300 5748 Introite.
1330 5691 1523 5764 (Cass.
1547 5693 1567 5765 )
1596 5693 1843 5751 Secundo

281 5784 562 5841 intraturis
591 5783 882 5842 secundum
911 5800 1081 5856 genus
1118 5787 1509 5853 confessionis;
1553 5804 1654 5844 nec
1695 5789 1846 5845 dubi-

281 5885 447 5942 tetur,
473 5879 594 5947 quia
625 5877 995 5934 misericordia
1024 5887 1105 5933 est
1133 5879 1204 5931 ei.

1299 479 1561 537 GLOSSA
1600 475 1995 533 ORDINABIA.
2035 506 2104 516 —
2143 477 2268 532 LIB.
2303 478 2554 534 PSALM.

3394 480 3536 536 £010

2543 590 2858 647 PSALMUS
2895 593 2955 647 C.

2043 683 2198 738 Vens.
2233 685 2285 739 l.
2313 716 2382 727 —
2408 685 2654 740 Psalmus
2681 687 2782 757 ipsi
2810 685 2996 739 David.
3032 685 3260 758 (Cass)
3291 685 3533 744 Psalmus

1965 778 2064 832 iste
2089 777 2328 833 continet
2356 777 2585 832 formam
2613 776 2866 847 perfecta:
2893 777 3225 842 sanctitatis,
3254 785 3315 832 ut
3340 785 3522 833 cente-

1965 870 2134 925 simus
2163 887 2418 925 numerus
2445 870 2712 941 perfectus
2739 879 2842 926 est.

2036 962 2147 1033 Ipsi
2173 963 2356 1018 David.
2390 963 2462 1019 Ut
2489 972 2661 1019 totum
2688 966 2830 1036 quod
2855 966 2946 1022 hic
2970 966 3213 1034 docetur,
3243 968 3534 1025 virtutibus

1963 1053 2162 1110 Christi
2191 1055 2506 1126 applicetur,
2547 1057 2679 1112 nihil
2721 1067 2934 1114 terreno
2969 1061 3102 1130 regi.
3140 1059 3241 1117 Hic
3278 1061 3534 1117 docemur

1961 1148 2103 1203 bona
2130 1159 2411 1219 appetere,
2437 1150 2579 1205 mala
2606 1167 2864 1218 renuere,
2892 1167 3012 1223 qua:
3035 1161 3116 1208 est
3140 1155 3378 1225 perfecta
3405 1171 3534 1212 con-

1961 1243 2197 1298 versatio
2223 1244 2364 1297 vitae.

2034 1332 2445 1389 Misericordiam
2475 1345 2524 1389 et
2546 1335 2806 1404 judicium
2829 1336 3068 1390 cantabo.
3103 1335 3304 1408 (Cass)
3339 1335 3536 1392 Cantat

1961 1422 2052 1477 hic
2079 1422 2357 1489 Christus,
2403 1433 2457 1478 et
2499 1440 2597 1480 nos
2640 1425 2696 1479 in
2733 1425 2842 1478 illo.
2879 1424 3036 1480 Prius
3060 1425 3126 1480 de
3161 1426 3530 1481 misericordia

1961 1521 2016 1568 et
2046 1514 2252 1584 judicio
2291 1515 2560 1585 proponit.
2605 1515 3017 1570 Misericordiam
3045 1525 3095 1570 et
3115 1517 3379 1586 judicium
3409 1535 3535 1572 can-

1961 1603 2100 1657 tabo.
2125 1603 2247 1660 Haec
2268 1605 2374 1660 duo
2395 1614 2578 1660 mutua
2600 1605 2858 1663 societate
2871 1607 3201 1678 junguntur:
3229 1608 3280 1662 in
3308 1609 3392 1663 his
3416 1609 3536 1663 bre-

1960 1693 2100 1747 viter
2127 1695 2305 1749 omnia
2331 1709 2494 1766 Opera
2514 1697 2884 1760 ,Dei,includit.
2921 1697 2989 1752 Et
3023 1697 3111 1752 hic
3142 1709 3225 1753 est
3257 1700 3532 1768 praemissa

1962 1799 2122 1840 causa
2150 1800 2316 1854 quare
2342 1786 2420 1840 sic
2445 1802 2502 1842 se
2525 1787 2722 1853 habet,
2751 1789 2888 1843 sicut
2909 1795 3094 1856 postea
3118 1789 3318 1842 subdit.
3351 1774 3532 1855 (Δός.)

1962 1873 2130 1929 Nemo
2176 1875 2242 1929 de
2284 1876 2654 1931 misericordia
2700 1887 2988 1948 praesumat
3024 1879 3090 1933 ad
3125 1879 3528 1948 impunitatem,

1884 1937 1933 1996 B
1962 1963 2086 2032 quia
2111 1971 2193 2018 est
2216 1964 2265 2018 ei
2288 1961 2553 2031 judicium
2577 1981 2594 2031 ;
2623 1937 2782 2021 nemo
2807 1966 3121 2020 immutatus
3147 1937 3534 2036 inimelius-ju;

1961 2055 2159 2109 dicium
2186 2055 2402 2121 timeat,
2429 2057 2554 2126 quia
2587 2058 2846 2126 praecedit
2878 2057 3271 2112 misericordia.
3310 2057 3536 2129 Semper

1960 2147 2074 2202 haec
2113 2145 2272 2201 simul
2315 2146 2370 2200 in
2411 2161 2476 2202 eo
2510 2155 2679 2202 sunt;
2715 2148 2808 2203 sed
2844 2163 2944 2218 per
2968 2157 3208 2220 tempora
3237 2147 3530 2205 secundum

1957 2235 2178 2292 effectus
2202 2237 2627 2308 distinguuntur,
2661 2225 3035 2297 misericordia
3059 2257 3232 2306 nunc,
3266 2239 3528 2309 judicium

1956 2327 2012 2381 in
2055 2325 2252 2382 futuro.

2026 2414 2190 2471 Vens.
2234 2416 2288 2470 2.
2312 2448 2384 2458 —
2407 2417 2646 2473 Psallam
2669 2428 2717 2472 et
2743 2419 3050 2490 intelligam.
3089 2419 3252 2492 (ln.)
3291 2421 3404 2476 Hoc
3440 2422 3532 2477 dat
3582 2491 3590 2498 ν

1955 2509 2214 2579 psallere,
2241 2521 2302 2564 ut
2325 2511 2614 2582 intelligam
2642 2520 2840 2579 mente,
2865 2514 3008 2582 quod
3034 2513 3205 2568 oculis
3228 2529 3334 2568 non
3359 2521 3527 2584 patet,

1957 2597 2010 2653 id
2053 2605 2165 2664 est,
2214 2599 2430 2654 credam
2476 2602 2618 2671 quod
2661 2601 2919 2658 Dominus
2963 2604 3176 2668 veniet,
3221 2620 3382 2675 quem
3427 2605 3530 2660 iste

1956 2697 2163 2744 tantum
2203 2689 2514 2756 desiderat,
2559 2693 2650 2761 qui
2701 2694 2877 2748 veniet
2923 2695 2977 2748 in
3027 2695 3113 2748 via
3160 2695 3522 2750 immaculata.

1953 2775 1973 2848 (
1995 2776 2148 2833 Cass.
2175 2778 2193 2850 )
2221 2778 2356 2847 Quia
2397 2782 2655 2836 mundum
2700 2784 2952 2839 transivit
2979 2786 3095 2840 sine
3118 2795 3378 2856 peccato;
3407 2787 3526 2854 vel,

1952 2885 2055 2940 ego
2091 2871 2319 2941 psallam
2355 2881 2410 2928 et
2447 2873 2739 2944 intelligam
2759 2915 2776 2942 ,
2803 2877 3044 2933 existens
3070 2879 3124 2933 in
3148 2879 3234 2933 via
3263 2881 3526 2936 immacu-

1950 2960 2058 3016 lata
2078 3002 2094 3027 ,
2124 2963 2362 3032 quando,
2389 2973 2494 3018 etc.
2523 2963 2652 3032 Vel,
2684 2966 2906 3036 psallam
2924 3008 2940 3034 ,
2972 2968 3217 3025 hilariter
3241 2972 3526 3042 operabor,

1951 3060 2006 3105 et
2028 3067 2126 3122 per
2163 3053 2264 3107 hoc
2292 3053 2602 3124 intelligam.
2648 3057 2870 3121 Quando
2901 3060 3071 3114 venies
3102 3062 3172 3115 ad
3205 3078 3305 3117 me.
3346 3063 3403 3118 ln
3444 3079 3531 3119 se-

1951 3144 2128 3199 cundo
2150 3145 2382 3200 adventu
2400 3189 2413 3213 ,
2442 3148 2528 3202 vel
2555 3150 2707 3204 obitu
2733 3149 3014 3222 cujusque.
3046 3154 3174 3220 Vel,
3202 3159 3412 3226 quando
3447 3176 3529 3212 re-

1951 3237 2062 3290 nies
2086 3236 2157 3290 ad
2179 3254 2259 3290 me
2279 3278 2293 3302 ,
2325 3254 2422 3309 per
2444 3253 2665 3294 carnem
2703 3241 2759 3296 in
2789 3242 2966 3312 primo
3009 3244 3271 3311 adventu,
3312 3248 3437 3316 quia
3473 3249 3526 3302 in

1873 3296 1922 3362 c
1955 3331 2042 3385 via
2077 3296 2438 3386 immaculata.
2485 3296 2956 3388 Perambulalbam;

1951 3437 2071 3491 quae
2105 3421 2177 3478 sit
2209 3423 2298 3477 via
2333 3423 2674 3479 immaculata
2712 3426 2953 3494 exponit.
2993 3426 3014 3500 (
3033 3429 3167 3483 Anc.
3192 3427 3212 3499 )
3239 3426 3530 3484 Perambu-

1950 3511 2146 3568 labam.
2173 3513 2304 3582 Quae
2327 3523 2410 3570 est
2446 3515 2533 3570 via
2569 3515 2960 3573 immaculata?
2995 3518 3072 3573 Ea
3111 3519 3179 3574 ab
3215 3519 3524 3576 innocentia

1950 3603 2168 3675 incipit,
2211 3614 2266 3660 et
2308 3606 2363 3660 in
2408 3605 2497 3660 illa
2535 3617 2981 3674 consummatur;
3029 3619 3085 3664 et
3117 3625 3225 3665 non
3267 3620 3350 3665 est
3390 3625 3526 3680 opus

1949 3696 2132 3752 multis
2157 3697 2338 3752 verbis
2367 3714 2380 3752 :
2409 3697 2670 3754 lnnocens
2693 3709 2837 3764 esto,
2865 3709 2921 3756 et
2944 3700 3218 3771 perfecisti
3235 3701 3520 3771 justitiam.

1952 3785 2059 3841 Sed
2101 3787 2308 3842 duobus
2333 3789 2506 3842 modis
2529 3799 2685 3845 nocet
2708 3791 2900 3857 homo,
2928 3793 3180 3850 videlicet
3205 3796 3250 3850 si
3276 3794 3406 3850 facit
3430 3796 3528 3850 mi-

1950 3893 2165 3946 serum,
2210 3889 2263 3933 et
2306 3879 2350 3934 si
2391 3881 2589 3936 deserit
2615 3882 2890 3937 miserum.
2917 3882 3181 3939 innocens
3205 3894 3286 3940 est
3313 3886 3402 3955 qui
3428 3901 3528 3942 nec

1948 3971 2052 4026 sibi
2095 3986 2197 4026 nec
2239 3971 2328 4025 alii
2376 3981 2548 4027 nocet.
2597 3972 2835 4044 (Cass)
2874 3971 3334 4030 Perambulabam.
3363 3975 3528 4044 Quasi

1949 4063 2092 4117 dicat
2119 4080 2133 4117 :
2159 4061 2492 4117 Transitoria
2532 4079 2638 4119 non
2686 4065 2942 4135 quaesivi,
2987 4067 3081 4122 sed
3127 4069 3342 4123 cucurri
3380 4070 3524 4124 viam

1951 4151 2168 4218 mundi,
2212 4152 2448 4206 existens
2492 4152 2546 4205 in
2587 4153 2767 4208 medio
2809 4155 2999 4210 domus
3041 4164 3165 4210 tum.
3212 4159 3524 4213 lnnocentia

1947 4245 2053 4300 hoc
2086 4229 2291 4314 potest,
2329 4252 2389 4299 ut
2430 4243 2596 4300 faciat
2624 4247 2871 4302 habitare
2898 4248 2950 4312 in
2975 4248 3150 4302 medio
3177 4248 3369 4302 domus
3395 4249 3525 4314 Dei,

1950 4334 2106 4404 quasi
2134 4334 2446 4389 honorabile
2472 4335 2778 4405 exemplum
2801 4335 3048 4390 aliorum.

2020 4425 2182 4480 Vens.
2229 4424 2281 4478 5.
2309 4455 2376 4464 -
2404 4423 2529 4478 Non
2562 4427 2929 4496 proponebam.
2980 4425 3219 4498 (Cass)
3263 4427 3525 4485 Innocen-

1948 4515 2081 4568 tiam
2121 4529 2220 4584 per
2264 4522 2450 4584 partes
2487 4515 2724 4584 exponit.
2769 4514 2982 4582 Primo,
3022 4516 3148 4585 quia
3187 4516 3320 4571 nihil
3361 4519 3525 4574 habet

1951 4603 2300 4680 cumgmalis,
2347 4604 2520 4659 dicit:
2553 4602 2676 4659 Non
2711 4605 3092 4675 proponebam,
3138 4621 3338 4676 usque,
3386 4609 3525 4662 oculi

1950 4697 2069 4751 mei.
2105 4694 2230 4750 Post
2250 4695 2391 4764 quod
2418 4711 2545 4766 pars
2571 4696 2620 4750 ei
2647 4710 2769 4750 cum
2787 4693 2980 4764 justis,
3008 4706 3064 4752 et
3088 4699 3230 4768 quod
3256 4701 3524 4755 versutias

1950 4784 2148 4841 diaboli
2187 4784 2252 4840 de
2291 4786 2454 4840 corde
2490 4783 2666 4857 fugat,
2717 4785 2824 4852 ibi,
2867 4787 2922 4839 in
2961 4789 3252 4842 matutinis.
3298 4789 3471 4861 (Anc.
3503 4789 3522 4860 )

1951 4874 2077 4929 Non
2102 4876 2468 4946 proponebam.
2498 4874 2659 4942 Quasi
2690 4893 2703 4929 :
2735 4875 3172 4931 Perambulabam
3196 4878 3252 4931 in
3279 4878 3526 4933 innocen-

1949 4969 2061 5023 tia:
2109 4968 2211 5024 hac
2254 4968 2440 5038 utique
2488 4968 2659 5039 (dicit
2698 4975 2846 5024 totus
2871 4967 3189 5042 Christus.)
3232 4971 3377 5040 quod
3419 4987 3523 5026 non

1947 5059 2324 5130 proponebam,
2354 5057 2406 5112 id
2431 5067 2544 5124 est,
2568 5073 2676 5113 non
2705 5058 2996 5130 diligebam
3024 5075 3138 5116 rem
3166 5057 3443 5127 injustam.

2020 5152 2184 5207 Vens.
2213 5152 2268 5206 4.
2295 5181 2364 5190 —
2387 5149 2510 5204 Non
2535 5151 2772 5205 adhwsit.
2807 5149 3031 5222 (Cass)
3058 5149 3290 5218 Exponit
3313 5165 3524 5220 praeva-

1953 5243 2260 5300 ricationes.
2312 5238 2416 5296 Cor
2459 5257 2710 5311 pravum,
2757 5241 2850 5311 qui
2893 5240 3280 5310 praevaricatur
3314 5239 3519 5308 corde;

1952 5333 2355 5398 declinantem,
2405 5332 2715 5388 haereticum
2761 5332 2854 5402 qui
2899 5346 2930 5384 a
2976 5329 3261 5386 catholicis
3311 5331 3522 5390 dissen-

1953 5425 2018 5479 tit
2045 5438 2059 5477 :
2087 5431 2144 5478 et
2169 5421 2259 5491 qui
2287 5436 2318 5475 a
2345 5421 2508 5476 rectis
2533 5422 2741 5477 semitis
2769 5421 2950 5476 deviat
2977 5435 3084 5475 non
3121 5421 3519 5492 agnoscebam,

1951 5515 2076 5585 quia
2115 5514 2218 5568 etsi
2253 5513 2443 5582 signati
2478 5513 2758 5568 nobiscum
2791 5509 3175 5575 sacramentis,
3207 5523 3315 5564 non
3343 5517 3524 5565 tamen

1947 5607 2060 5661 veri
2098 5613 2241 5660 sunt.

2017 5696 2183 5752 Vens.
2229 5695 2282 5750 5.
2308 5725 2378 5734 —
2402 5692 2651 5763 Superbo.
2696 5689 2912 5761 (Αυο.)
2958 5689 3027 5744 Et
3067 5688 3224 5743 Jesus
3266 5687 3522 5743 conviva-

1949 5800 2065 5854 tus,
2105 5795 2254 5855 etc.,'
2297 5802 2459 5857 usque
2513 5784 2582 5837 ad
2626 5780 2810 5837 unde:
2853 5778 3006 5835 Beati
3053 5779 3143 5850 qui
3195 5778 3428 5833 esuriant
3474 5786 3524 5831 et

1947 5882 2125 5936 sitiign.‘
2165 5878 2429 5950 justitiam
2459 5875 2478 5945 (
2504 5872 2692 5927 Matth.
2721 5887 2815 5927 v1"
2841 5871 2883 5943 ).
