4008 6348
285 391 424 472 1015

1217 349 1220 352 ’
1265 385 1531 442 GLOSSA
1565 381 1958 452 0RDINARIA.
1995 413 2062 425 —
2101 387 2228 442 LIB.
2269 383 2513 444 PSALM.

3378 389 3518 458 1014

284 507 480 566 rationi
509 504 717 566 Veteris
749 505 1115 582 Testamenti;
1173 513 1399 588 prosunt
1441 503 1599 560 alteri
1627 545 1640 568 ,
1683 504 1737 560 id
1763 511 1847 559 cst
1870 501 1925 565 Α
1951 506 2181 562 rioribus
2211 495 2322 564 non
2347 516 2431 564 est
2458 515 2687 572 certum,
2718 504 2812 562 sed
2843 505 2888 561 si
2917 515 3158 572 manent,
3188 522 3296 566 non
3325 508 3381 566 in
3412 525 3470 566 se
3501 551 3520 578 ,

282 617 453 659 ηοντε.

351 667 524 766 Vsus.
547 691 636 758 20.
658 722 727 733 —
749 691 888 760 Quia
927 691 1226 772 prospexit,
1253 699 1356 760 etc.
1391 687 1576 762 (AUG.)
1602 687 1731 744 Post
1756 703 1850 762 ge-

281 788 446 852 mitus
477 785 730 856 dolentis,
773 786 887 856 jam
927 793 1054 848 sunt
1079 786 1242 850 verba
1268 782 1715 852 consolationum,
1742 782 1856 856 jam

282 881 481 951 gaudet
509 893 732 952 pauper.
765 876 835 934 Et
858 876 986 948 quia
1015 891 1175 946 supra
1204 876 1340 950 dixit
1371 891 1385 928 :
1418 873 1724 942 Aidiﬁcavit
1750 871 1856 946 Do-

283 961 457 1044 ntinus
488 957 618 1038 Sion
642 987 659 1035 ;
682 977 737 1030 et
761 969 892 1040 item
922 987 936 1022 :
966 966 1277 1036 Scribuntur
1299 967 1441 1031 lucc;
1468 965 1628 1032 modo
1648 971 1857 1020 utrum-

283 1079 390 1134 que
417 1045 684 1127 declarat;
715 1060 868 1140 quasi
898 1061 998 1134 hoc
1023 1068 1105 1116 est
1138 1059 1282 1130 quod
1310 1057 1443 1132 dixit
1476 1055 1814 1114 scribendum
1838 1096 1856 1123 ,

283 1157 406 1226 quia
434 1153 716 1224 prospexit.

355 1243 651 1316 Prospexii.
705 1242 777 1310 Ut
819 1243 1090 1320 praeterita
1120 1241 1281 1307 dicit,
1315 1255 1433 1316 quae
1461 1245 1618 1312 erant
1653 1237 1854 1312 futura.

353 1337 521 1392 Vens.
543 1335 631 1390 21.
660 1365 728 1375 ——
769 1333 1207 1404 Compeditorum.
1263 1330 1442 1402 (Auu.)
1486 1329 1669 1384 Timor
1712 1330 1856 1397 Dei,

281 1428 570 1500 compedes
596 1435 741 1504 sunt,
767 1436 897 1502 etc.,
925 1442 1084 1500 usque
1113 1424 1180 1480 ad
1208 1431 1262 1492 et
1288 1422 1476 1490 solutis
1497 1429 1780 1494 vertuntur
1802 1421 1857 1475 in

283 1519 528 1590 gloriam.
567 1503 766 1590 (Cass)
795 1516 1127 1585 Compediti,
1165 1513 1373 1580 sancti,
1419 1520 1558 1576 etc.,
1599 1527 1759 1581 usque
1789 1509 1860 1566 ad

283 1611 427 1664 unde
467 1591 524 1664 in
550 1603 878 1682 generalem
907 1608 1202 1664 Ecclesiam
1253 1607 1528 1684 concurrit
1557 1620 1735 1662 sermo
1762 1621 1855 1660 eo-

283 1716 426 1755 rum.
455 1697 522 1753 Ut
551 1699 764 1754 solveret
793 1699 952 1768 ﬁlios.
983 1697 1164 1771 (Auc.)
1204 1698 1312 1753 Nos
1343 1708 1523 1752 autem
1551 1711 1736 1764 sumus
1762 1695 1858 1770 ﬁlii

284 1791 500 1862 illorum
547 1791 1019 1862 mortiﬁcatorum,
1056 1791 1146 1860 qui
1201 1790 1462 1856 solvimur
1490 1805 1520 1844 a
1549 1789 1705 1846 nodis
1731 1801 1856 1859 pec-

284 1892 559 1949 catorum,
592 1891 648 1960 et
669 1881 898 1960 \jinculis
923 1883 1295 1956 cupiditatum.

356 1977 521 2052 Vnus.
566 1955 1064 2044 ἔδρξ-Ηεδροηάὶι
1120 1975 1168 2028 ei
1216 1976 1268 2050 in
1323 1975 1410 2048 uia
1469 1972 1674 2046 uirtutis
1725 1987 1856 2026 sum.

285 2067 486 2140 (Cass.)
510 2067 711 2136 Quarta
741 2082 886 2137 pars,
923 2067 1038 2132 ubi,
1070 2075 1192 2138 post
1237 2067 1615 2122 certitudinem
1648 2065 1816 2146 venite
1843 2104 1858 2131 ,

285 2161 418 2235 dicit
439 2163 582 2232 quod
609 2161 676 2236 de
699 2175 797 2234 sua
824 2160 1088 2236 brevitate
1115 2159 1184 2224 ad
1204 2160 1562 2232 aeternitatem
1595 2167 1859 2226 transeat.

286 2251 468 2324 (AUG.)
499 2237 801 2326 Respondit.
835 2249 968 2332 Quia
1003 2270 1015 2304 :
1045 2252 1174 2308 Dico
1197 2291 1211 2316 ,
1237 2259 1296 2310 ut
1326 2237 1638 2324 annuntiem
1667 2263 1866 2322 nomen

287 2341 497 2396 Domini
525 2349 578 2395 et
607 2341 818 2394 laudem
844 2338 962 2408 ‘ejus
994 2339 1046 2394 in
1081 2338 1401 2404 Jerusalem,
1441 2349 1570 2404 etc.,
1603 2355 1760 2408 usque
1793 2336 1863 2390 ad

285 2447 393 2508 non
430 2432 746 2502 contemnit,
776 2431 872 2510 sed
893 2431 1127 2506 fructum
1162 2433 1356 2511 reddit.
1393 2431 1684 2501 Respondit
1710 2432 1776 2484 ei.
1806 2429 1864 2484 Id

285 2531 393 2586 est,
423 2521 596 2602 credit
624 2515 989 2596 resurrerisse
1015 2520 1434 2596 Christum.’Sed
1459 2522 1583 2590 quia
1607 2519 1867 2590 praevidet

289 2615 550 2688 quosdam
599 2613 860 2698 dicturos,
915 2611 1019 2668 fuit
1063 2613 1278 2684 quidem
1324 2613 1592 2694 quondam
1625 2609 1866 2684 Ecclesia

285 2683 924 2778 congregans‘omnes'in
951 2722 1138 2772 unum,
1167 2706 1264 2780 sed
1283 2683 1395 2786 iam
1433 2683 1648 2764 desinit.

360 2798 710 2880 Paucittttent,
733 2798 927 2884 inquit,
959 2799 1160 2872 dierum
1186 2815 1418 2876 tneorum
1454 2812 1472 2864 ς
1505 2811 1612 2856 non
1653 2797 1868 2866 interni—

287 2897 454 2946 tatem
478 2887 712 2966 illorum,
747 2887 837 2964 ubi
869 2902 997 2957 ero,
1045 2888 1138 2942 sed
1178 2887 1503 2960 temporales
1531 2887 1665 2952 dies,
1699 2902 1869 2958 quan-

289 2981 378 3035 diu
405 2994 500 3034 ero
523 2979 576 3032 in
601 2977 705 3050 hoc
728 2977 944 3048 saeculo.
973 2976 1179 3032 Nuntia
1204 2978 1350 3032 mihi.
1381 2975 1608 3054 Propter
1633 2976 1752 3032 illos
1774 2978 1867 3048 qui

287 3069 494 3134 dicunt,
522 3069 635 3140 jam
661 3083 768 3123 non
796 3057 918 3123 esse
947 3067 1265 3144 Ecclesiarn.
1290 3066 1408 3136 Non
1438 3076 1593 3132 vacat
1614 3083 1718 3123 vox
1741 3069 1866 3132 ista,

287 3176 398 3217 non
425 3169 509 3216 est
537 3160 714 3240 inanis
743 3159 952 3238 petitio.
978 3159 1096 3240 Ipsa
1119 3161 1264 3234 enim
1290 3160 1400 3226 via,
1417 3159 1478 3216 id
1499 3167 1581 3216 est
1599 3159 1868 3232 Christus,

293 3254 376 3309 sic
431 3237 770 3328 annuntiavit
799 3269 811 3305 :
856 3221 1126 3328 Vobiscum
1164 3268 1279 3306 sum
1330 3269 1491 3324 usque
1523 3253 1592 3306 ad
1626 3268 1868 3308 consum-
1895 3221 1942 3287 α

289 3345 568 3426 rnatipnent
627 3342 805 3422 surculi
851 3327 1076 3422 (Matth.
1123 3343 1352 3418 1min).
1411 3343 1604 3414 Totum
1658 3353 1869 3416 tempus

290 3425 463 3510 usque
489 3425 556 3494 ad
584 3437 768 3504 ﬁnem,
783 3444 866 3496 est
883 3438 976 3498 illa
995 3439 1262 3510 exiguitas
1283 3439 1492 3493 dierum
1519 3453 1533 3492 :
1561 3439 1686 3514 quia
1709 3453 1870 3500 omne

293 3518 434 3602 quad
461 3531 647 3606 ﬁnitur
669 3530 922 3604 exiguum
949 3538 1050 3598 est,
1075 3538 1134 3592 ut
1152 3530 1277 3586 inde
1304 3537 1607 3596 transeatur
1628 3533 1682 3586 in
1712 3539 1871 3590 teter-

293 3627 539 3681 nitatem.
573 3623 778 3678 Nuntia
809 3631 865 3678 et
893 3642 906 3678 :
939 3637 948 3650 ‘

365 3717 528 3788 Vsus.
554 3716 642 3772 24.
671 3746 744 3757 -
775 3715 858 3770 Ne
903 3731 1106 3782 revoces
1162 3733 1243 3772 me
1297 3718 1354 3773 in
1397 3717 1616 3776 dimidio
1666 3718 1870 3774 dierum

293 3824 547 3878 mearent.
578 3805 699 3880 Non
728 3805 808 3864 sic
832 3806 946 3872 ﬁat,
971 3816 1032 3873 ut
1052 3807 1293 3878 hgeretici
1321 3809 1524 3871 dicunt,
1555 3818 1686 3873 etc.,
1709 3826 1872 3880 usque

296 3899 364 3952 ad
417 3899 510 3952 sed
567 3912 676 3951 non
729 3904 854 3950 sunt
899 3896 1002 3950 nisi
1049 3897 1297 3963 dimidii,
1357 3898 1401 3952 si
1449 3912 1557 3952 non
1603 3898 1872 3960 addantur

295 3995 506 4058 aeterni.

368 4083 532 4150 Vsus.
574 4083 666 4154 ξιξ.
713 4114 780 4124 -
808 4083 878 4148 In
901 4084 981 4160 vin
1006 4084 1229 4152 uirtutis.
1267 4086 1448 4159 (Ano.)
1486 4086 1544 4144 In
1576 4087 1718 4154 ﬁde,
1767 4070 1872 4158 qua

299 4180 664 4248 resurrexisse
695 4180 868 4246 credit
892 4179 1186 4246 Christum.
1218 4181 1318 4238 Via
1341 4183 1560 4248 virtutis
1586 4181 1688 4238 fuit
1713 4182 1870 4238 Chri-

298 4281 416 4328 stus
441 4280 564 4342 post
591 4270 1067 4337 resurrectionem,
1110 4287 1233 4328 cum
1279 4271 1390 4341 jam
1439 4289 1547 4329 non
1583 4273 1830 4330 inﬁrrnus
1856 4317 1870 4341 ,

301 4364 394 4420 sed
421 4362 598 4428 fortis,
635 4363 689 4417 in
724 4363 862 4418 coelo
889 4371 1048 4417 vocat
1073 4362 1388 4429 Ecclesiam.
1421 4364 1563 4424 Laus
1586 4365 1710 4422 ﬁdei
1742 4374 1823 4422 est
1854 4407 1870 4434 ,

304 4469 414 4510 non
450 4455 576 4525 quia
603 4454 774 4512 credit
801 4461 1096 4524 mortuum,
1139 4455 1282 4524 quod
1309 4465 1363 4510 et
1388 4471 1630 4527 paganus
1659 4459 1830 4514 credit
1855 4499 1871 4525 ,

301 4548 396 4602 sed
421 4547 794 4619 gloriﬁcatum.

1887 1868 1936 1948 Β

1899 4580 1957 4645 D.

1954 597 2046 671 sed
2076 597 2126 649 in
2155 595 2265 652 Deo
2292 605 2527 672 manent.

2027 685 2190 742 Vnus.
2218 687 2308 742 28.
2333 718 2404 728 —-
2425 686 2494 740 Et
2521 688 2656 742 sicut
2683 689 2998 758 opertorium
3022 691 3248 747 mutabis
3270 708 3376 748 eos.
3399 693 3524 750 Cas-

1953 780 2034 848 los
2081 781 2286 849 accipe,
2336 780 2428 851 qui
2456 780 2638 850 omnia
2683 780 2973 850 operiunt,
3020 782 3114 851 qui
3155 783 3320 840 etiam
3351 791 3524 838 muta-

1956 875 2172 950 buntur.
2201 874 2270 930 Et
2307 875 2431 938 anni
2472 874 2548 928 tui
2582 889 2686 929 non
2729 875 2986 944 deﬁcient.
3017 875 3202 949 (Auc.)
3229 876 3331 944 Qui
3368 887 3528 932 erunt.

1957 966 2014 1020 in
2039 967 2386 1038 generatione
2408 968 2833 1039 generationum.
2871 965 2978 1024 Sed
3010 982 3079 1023 an
3107 969 3182 1024 ibi
3217 984 3340 1025 esse
3376 978 3528 1040 pote-

1959 1059 2170 1114 rimus?
2195 1057 2422 1128 Utique,
2450 1060 2574 1129 quia
2613 1059 2712 1129 ﬁlii
2755 1075 3022 1116 servorum
3069 1069 3278 1116 tuorum
3322 1063 3530 1118 habita-

1960 1150 2106 1208 bunt.

2030 1244 2191 1302 Vens.
2216 1243 2304 1302 29.
2329 1275 2400 1286 —-
2428 1242 2867 1310 Filiioservorum.
2897 1245 3082 1318 (Αυα.)
3127 1245 3200 1302 Ut
3241 1245 3334 1302 ﬁlii
3362 1247 3534 1302 intra-

1959 1346 2155 1394 verunt
2177 1346 2375 1394 terram
2397 1339 2789 1409 promissionis,
2813 1347 2942 1407 etc.,
2965 1357 3128 1413 usque
3152 1341 3220 1396 ad
3240 1357 3362 1397 cum
3383 1339 3534 1400 omni

1960 1432 2199 1485 novitate
2221 1432 2474 1487 ﬁliorum.

2034 1521 2184 1577 Filii.
2215 1523 2416 1580 Hilaris
2443 1525 2737 1582 conclusio.
2764 1523 2887 1582 Filii
2914 1528 3299 1598 prophetarum
3327 1535 3384 1585 et
3407 1539 3537 1604 apo-

1963 1615 2243 1679 stolorum,
2273 1617 2468 1671 nedum
2507 1617 2628 1686 ipsi.

2033 1707 2243 1763 Semen.
2275 1706 2474 1778 Opera,
2503 1709 2646 1764 unde
2667 1709 2877 1766 fructus
2901 1719 3152 1769 aeternus.

2040 1795 2329 1866 Dirigetur.
2357 1796 2494 1865 Quia
2517 1798 2650 1853 nihil
2680 1806 2878 1854 tortum
2903 1800 3088 1855 intrat.

2515 1927 2836 1986 PSALMUS
2873 1929 2976 1986 Cll.

2034 2062 2198 2127 Vens.
2226 2063 2281 2118 2.
2317 2091 2388 2106 --
2423 2061 2648 2128 Benedic
2670 2106 2685 2131 ,
2722 2067 2920 2122 anima.
2953 2065 3138 2138 (Auc.)
3185 2066 3316 2124 Post
3349 2079 3540 2140 preces

1962 2156 2214 2224 pauperis
2236 2157 2505 2226 praeconia
2532 2157 2832 2227 gaudentis.
2881 2154 3081 2215 Omnes
3115 2160 3208 2228 qui
3236 2160 3292 2214 in
3322 2158 3538 2217 Christo

1967 2248 2118 2318 quasi
2145 2263 2284 2306 unus
2304 2249 2467 2312 homo
2494 2257 2640 2315 sunt,
2667 2249 2762 2320 qui
2788 2251 2990 2307 excitat
3031 2260 3086 2307 et
3129 2253 3376 2308 hortatur
3413 2255 3533 2308 ani-

1968 2354 2110 2392 mam
2139 2354 2314 2406 suam,
2341 2349 2400 2396 ut
2427 2340 2710 2398 benedicat
2755 2343 3038 2398 Dominum
3055 2384 3071 2410 ,
3097 2343 3283 2400 volens
3310 2343 3540 2402 difﬁnire

1967 2443 2064 2483 cur
2108 2431 2528 2496 benedicendus,
2592 2447 2660 2487 ne
2708 2434 2828 2502 quis
2884 2435 2952 2487 ad
3008 2435 3112 2490 hoc
3177 2436 3326 2506 piger
3383 2436 3539 2490 inve-

1966 2521 2164 2574 niatur.
2208 2520 2393 2576 Clama
2417 2536 2582 2587 voce,
2613 2523 2658 2580 si
2685 2533 2769 2579 est
2816 2525 2978 2587 homo
3021 2525 3111 2595 qui
3157 2527 3368 2592 audiat;
3421 2527 3538 2583 sine

1965 2627 2118 2678 voce,
2151 2614 2194 2686 si
2218 2628 2325 2668 non
2353 2623 2435 2669 est
2464 2615 2552 2684 qui
2586 2616 2768 2670 audiat
2795 2617 2956 2672 homo
2977 2657 2992 2684 ,
3021 2618 3146 2688 quia
3184 2619 3333 2673 audit
3371 2617 3532 2674 Deus.

1969 2703 2169 2778 (Cass)
2196 2704 2300 2772 Per
2323 2721 2418 2762 sua
2443 2705 2704 2772 beneﬁcia
2735 2709 2984 2764 hortatur
3006 2710 3324 2764 benedicere
3347 2710 3535 2764 Deum.

1968 2795 2150 2868 (Ana)
2182 2794 2448 2868 Propheta
2474 2797 2529 2852 in
2552 2811 2782 2868 persona
2807 2799 3074 2870 generalis
3106 2797 3238 2866 justi
3276 2799 3501 2870 loquens
3523 2838 3539 2865 ,

1969 2890 2261 2942 secundum
2285 2891 2621 2960 superiorem
2658 2890 2766 2944 vim
2802 2892 3014 2954 animae,
3048 2891 3100 2946 id
3131 2900 3216 2948 est
3254 2892 3540 2958 rationem,

1968 2980 2286 3048 exhortatur
2315 2981 2551 3036 animam
2583 2981 2648 3035 ad
2680 2981 3135 3048 benedicendum,
3159 2983 3379 3039 dicens:
3415 2982 3544 3037 Noli

1969 3070 2222 3124 oblivisci.
2256 3071 2370 3125 Non
2396 3072 2467 3126 sit
2487 3065 2611 3128 ante
2654 3072 2840 3128 oculos
2887 3073 3170 3128 delectatio
3195 3075 3422 3142 peccati,
3448 3073 3543 3128 sed

1971 3161 2245 3218 damnatio
2269 3171 2324 3220 et
2353 3163 2600 3219 remissio
2634 3164 2729 3218 Dei
2774 3182 2785 3217 :
2825 3164 3000 3234 cogita
3028 3165 3208 3219 omnia
3239 3165 3377 3222 mala
3407 3173 3496 3220 tua
3525 3206 3541 3232 ,

1971 3253 2097 3324 quia
2156 3261 2286 3323 quot
2345 3270 2430 3319 ea,
2490 3263 2567 3312 tot
2620 3256 2772 3310 bona:
2834 3258 3216 3313 retributiones
3277 3258 3392 3313 Dei.
3435 3257 3538 3312 Re-

1971 3343 2291 3398 tributiones.
2357 3344 2472 3399 Non
2523 3347 2860 3403 tributiones.
2931 3349 3142 3403 Tribuit
3183 3351 3346 3405 homo
3395 3349 3538 3405 mala

1970 3449 2070 3506 pro
2096 3436 2271 3501 bonis,
2307 3445 2362 3502 et
2390 3438 2638 3500 retribuit
2667 3439 2715 3496 ei
2753 3440 2894 3500 Deliis
2921 3439 3061 3494 bona
3091 3453 3189 3508 pro
3223 3439 3403 3495 malis.
3427 3436 3541 3494 Tri-

1970 3527 2109 3594 buit,
2138 3544 2258 3582 cum
2288 3544 2374 3594 me
2401 3528 2548 3594 fecit,
2581 3531 2832 3590 retribuit
2861 3547 2982 3587 cum
3007 3530 3290 3601 justiﬁcat.

2050 3615 2208 3672 Vnus.
2257 3619 2403 3672 5.-
2431 3619 2534 3685 Qui
2559 3622 2888 3693 propitiatur.
2943 3622 3126 3694 (AUG.)
3172 3622 3285 3678 Hoc
3331 3624 3441 3694 agit
3489 3624 3545 3680 in

1971 3709 2222 3782 baptismi
2253 3721 2612 3777 sacramento.
2645 3713 2748 3780 Qui
2791 3723 2944 3770 sanat
2991 3731 3167 3770 omnes
3214 3702 3547 3784 inﬁrmitates

1974 3813 2114 3858 tuas.
2145 3803 2262 3886 Hoc
2289 3807 2399 3876 agit
2421 3806 2476 3862 in
2522 3806 2633 3860 vita
2663 3805 2836 3864 ﬁdelis
2865 3808 3098 3864 hominis
3121 3849 3136 3874 ,
3189 3807 3317 3863 dum
3351 3823 3550 3865 concu-

1974 3897 2135 3966 piscit
2167 3910 2295 3951 caro
2339 3898 2600 3952 adversus
2629 3899 2902 3966 spiritum,
2932 3907 2992 3975 ut
3037 3899 3084 3954 si
3132 3914 3252 3970 quae
3301 3900 3550 3958 nolumus

1975 3987 2268 4054 faciamus;
2301 3989 2394 4057 qui
2425 3989 2712 4058 languores
2741 3991 3026 4064 vetustatis
3066 3991 3132 4045 de
3175 3991 3262 4046 die
3302 3991 3356 4045 in
3404 3991 3548 4045 diem

1976 4085 2252 4133 crescente
2293 4078 2531 4133 novitate
2571 4088 2834 4134 sanantur
2858 4095 2921 4134 ex
2952 4079 3074 4146 ﬁde,
3107 4096 3226 4151 quae
3268 4095 3366 4150 per
3412 4080 3546 4135 dile-

1979 4170 2212 4234 ctionem
2240 4179 2514 4241 operatur.

2049 4258 2211 4318 Vens.
2258 4259 2310 4314 4.
2361 4291 2430 4300 —-
2469 4259 2572 4325 Qui
2617 4262 2853 4326 redimit,
2903 4263 2966 4315 de
3019 4261 3348 4332 corruptione
3389 4262 3548 4317 vitam

1977 4361 2142 4408 tuam.
2179 4353 2290 4412 Hoc
2317 4353 2380 4410 ﬁt
2429 4355 2482 4409 in
2534 4355 2719 4409 ultima
2760 4356 3158 4410 resurrectione
3183 4363 3542 4411 mortuorum.

1979 4441 2083 4506 Qui
2109 4451 2342 4506 coronat,
2372 4450 2476 4498 etc.
2510 4441 2624 4498 Hoc
2650 4442 3060 4511 ﬁtjudicio,ubi
3095 4460 3218 4500 cum
3259 4461 3353 4501 rex
3389 4447 3546 4501 sede-

1980 4533 2053 4588 rit
2086 4533 2142 4592 in
2168 4533 2385 4599 throno,
2409 4535 2718 4590 redditurus
2745 4535 3032 4604 unicuique
3057 4537 3351 4592 secundum
3381 4551 3551 4607 opera

375 4638 510 4704 Vel,
557 4638 794 4708 breviter
844 4635 1102 4710 inﬂigitur
1152 4636 1343 4708 religio
1367 4637 1672 4697 Christiana
1703 4681 1718 4706 ,
1751 4656 1872 4698 cum
1900 4623 1955 4668 ³(
1981 4623 2121 4691 ejus,
2151 4625 2272 4693 quis
2301 4624 2620 4696 gloriabitur
2664 4642 2723 4680 se
2767 4625 2967 4682 habere
3017 4626 3307 4698 gloriosum
3357 4643 3452 4684 cor
3495 4625 3552 4683 et

301 4733 499 4802 dicitur
527 4735 610 4802 nia
641 4733 865 4800 uirtutis.

374 4824 491 4892 Vel,
541 4826 594 4880 in
643 4824 990 4896 generatione
1017 4821 1446 4893 generationum.
1479 4823 1576 4880 Est
1603 4827 1876 4895 generatio

257 4921 260 4923 λ
307 4915 738 4984 generationum,
760 4929 879 4985 quae
899 4930 1005 4968 non
1030 4913 1244 4978 transit,
1273 4912 1498 4968 collecta
1520 4914 1584 4969 de
1604 4915 1876 4978 omnibus,

309 5005 364 5060 id
391 4989 712 5072 est'sancti.
767 5005 823 5059 In
872 5002 961 5068 illa
1005 5011 1165 5058 erunt
1207 5002 1336 5057 anni
1379 5002 1611 5076 Domini,
1644 5004 1733 5072 qui
1771 5019 1875 5059 non

309 5102 611 5158 transeunt,
643 5093 698 5148 id
723 5101 808 5148 est
835 5093 1108 5148 aeternitas
1141 5091 1276 5156 Dei,
1309 5107 1429 5160 quae
1473 5100 1556 5147 est
1603 5093 1715 5160 ipsa
1758 5093 1881 5147 sub-

310 5184 510 5237 stantia
537 5182 654 5248 Dei,
687 5181 826 5236 nihil
861 5183 1064 5235 habens
1084 5180 1360 5242 mutabile.

382 5276 545 5338 Vsus.
569 5275 658 5330 26.
685 5305 755 5315 —-
786 5273 945 5328 Initio
971 5281 1044 5336 tu,
1074 5271 1313 5327 Domine.
1346 5272 1532 5350 Quasi,
1551 5287 1619 5328 ne
1639 5287 1882 5340 revoces,

313 5365 438 5434 quia
477 5365 542 5440 ad
576 5364 931 5419 aeternitatem
955 5362 1115 5416 tendo
1138 5402 1153 5427 ,
1180 5377 1340 5432 quam
1381 5364 1633 5433 exponit,
1663 5363 1878 5418 dicens:

314 5455 475 5528 Initio
497 5464 578 5530 tu,
601 5453 845 5522 Domine,
876 5462 1068 5506 terram
1099 5451 1351 5521 fundasti.

387 5551 548 5621 Vens.
600 5551 689 5616 27.
719 5583 789 5595 —-
819 5549 930 5621 Ipsi
963 5549 1218 5620 peribunt.
1255 5549 1436 5622 (Auc.)
1488 5549 1592 5620 Ipsi
1642 5549 1760 5605 οωιί
1794 5562 1886 5618 pe-

317 5643 520 5706 ribunt,
549 5642 614 5697 de
642 5642 903 5712 proximis
933 5647 1088 5693 terrae
1115 5641 1218 5694 hoc
1258 5647 1495 5705 constat;
1527 5639 1668 5694 unde
1695 5649 1748 5692 et
1784 5637 1884 5694 Pe-

317 5741 436 5810 trus
459 5751 472 5786 :
500 5731 660 5792 Terra
690 5744 862 5788 autem
886 5739 934 5785 et
958 5728 1070 5782 caeli
1102 5731 1191 5800 qui
1213 5746 1351 5785 nunc
1375 5731 1709 5797 sunt,eodem
1737 5731 1888 5784 verbo

1982 4717 2241 4784 mundum
2275 4733 2306 4770 a
2343 4718 2601 4786 peccato?
2625 4717 2749 4773 Ideo
2777 4719 3140 4774 necessarium
3183 4718 3288 4775 fuit
3313 4735 3552 4777 comme-

1983 4825 2197 4864 morare
2227 4809 2338 4864 illic
2363 4810 2790 4864 misericordiam
2816 4818 2870 4865 et
2897 4811 3292 4877 miserationes,
3328 4813 3421 4866 ubi
3466 4813 3550 4865 vi-

1983 4901 2239 4956 derentur
2262 4901 2342 4955 sic
2367 4901 2514 4968 reddi
2543 4899 2742 4964 debita,
2767 4909 2826 4953 ut
2851 4900 3030 4956 nullus
3046 4913 3192 4958 esset
3220 4901 3369 4957 locus
3389 4899 3552 4956 mise-

1985 4993 2248 5048 ricordize.

2063 5088 2223 5142 Vsus.
2257 5087 2310 5142 5.
2331 5117 2401 5127 -—
2428 5084 2496 5140 Ut
2521 5086 2710 5158 aquila:
2746 5087 2991 5158 juventus
3025 5087 3134 5142 ιιιᾱ.
3167 5086 3348 5159 (Ave)
3394 5085 3558 5142 Simi-

1989 5184 2158 5238 litudo
2186 5191 2334 5237 tanta
2366 5184 2487 5236 data
2512 5189 2613 5247 est,
2645 5193 2749 5238 etc.
2776 5226 2790 5250 ,
2820 5201 2980 5254 usque
3004 5183 3072 5237 ad
3099 5183 3294 5251 quibus
3317 5189 3558 5237 vetustas

1988 5273 2183 5328 clausit
2210 5288 2291 5338 os,
2321 5271 2502 5328 oblitis
2526 5275 2856 5328 manducare
2885 5287 3076 5342 panem
3108 5281 3375 5326 nostrum.

2059 5362 2222 5418 Vens.
2259 5363 2310 5417 6.
2343 5393 2415 5404 —
2442 5360 2687 5416 Faciens.
2737 5362 2915 5434 (Ᾱυσ.)
2962 5360 3210 5415 Secunda
3255 5376 3418 5431 pars,
3466 5361 3559 5415 ubi

1988 5464 2171 5513 monet
2205 5456 2519 5511 benedicere
2554 5469 2651 5524 per
2691 5469 2784 5508 eas
2810 5468 2928 5523 quae
2971 5453 3207 5522 antiquis
3234 5451 3375 5506 facta
3412 5459 3557 5516 sunt,

1987 5557 2042 5604 et
2069 5549 2302 5619 posteris
2332 5548 2484 5602 ﬁunt.
2520 5545 2931 5600 Misericordiae.
2965 5544 3110 5611 Quas
3139 5551 3556 5613 consequentur,

1989 5640 2079 5708 qui
2147 5638 2396 5693 inimicos
2439 5636 2689 5703 diligunt,
2720 5641 2852 5696 etc.,
2895 5649 3055 5703 usque
3090 5633 3158 5686 ad
3198 5637 3322 5703 post
3360 5631 3562 5684 miseri-

1990 5732 2226 5785 cordiam
2277 5731 2420 5786 enim
2462 5727 2642 5783 subdit
2685 5725 2756 5782 de
2787 5725 3011 5797 judicio,
3050 5725 3266 5792 dicens,
3293 5722 3388 5791 Et.
3417 5721 3578 5800 india

321 5826 532 5896 repositi
561 5835 683 5880 sunt
708 5864 724 5891 ,
756 5825 864 5895 igni
894 5822 1142 5877 reservati
1173 5821 1262 5892 (Il
1288 5820 1430 5877 Petr.
1471 5823 1575 5894 tu).
1611 5824 1686 5878 De
1730 5837 1890 5892 supe-
1993 5823 2150 5876 cium.
