4008 6348
471 443 608 500 1015

963 441 1356 498 WALAFRIDI
1393 442 1636 499 STRABI
1669 442 1874 498 FULD.
1912 439 2077 497 non.
2116 438 2270 496 ore.
2310 439 2490 495 psus
2523 439 2564 494 1.
2605 469 2674 480 -
2712 419 3167 495 THEOLOGICA.

3572 439 3716 498 1016

531 525 1018 622 Vens.7.¥—Hoysi.
1040 551 1342 623 (Auc.)Per
1361 552 1769 623 Moysenomnes
1790 561 2026 617 sanctos,
2058 556 2109 614 Α
2133 549 2317 605 caelum
2342 552 2495 604 sicut.
2523 549 2604 604 Ad
2627 550 2886 617 litteram,
2904 549 3123 609 cminm.
3147 550 3302 618 quasi
3325 557 3548 617 tectum,
3577 562 3718 620 etc.,

457 656 589 712 etc.,
621 661 779 715 usque
806 644 875 697 ad
905 659 1002 715 per
1027 659 1186 713 quem
1217 643 1387 714 legem
1423 645 1588 711 dedit,
1618 654 1678 700 ut
1724 645 2027 700 abundaret

457 737 729 792 delictum.

530 829 691 884 Vens.
755 828 841 882 11.
896 851 967 868 -ι
1013 826 1293 892 Quoniam.
1345 827 1466 899 (10.)
1529 826 1736 883 Caelum
1800 828 2034 898 undique

460 919 604 974 circa
631 928 830 973 terram
860 919 1002 973 unde
1029 917 1192 973 etiam
1218 918 1567 988 peccantibus
1595 918 1707 983 lux,
1735 933 1852 983 aer,
1875 918 2032 989 spiri-

463 1019 578 1071 tus,
612 1007 820 1077 pluvia,
862 1008 1005 1062 unde
1040 1005 1247 1062 fructus
1288 1027 1301 1061 :
1334 1008 1450 1063 sine
1475 1007 1613 1063 caelo
1641 1007 1838 1063 desinit
1863 1016 2029 1073 terra,

460 1100 536 1154 sic
562 1099 825 1170 protectio
849 1099 943 1154 Dei
967 1115 1128 1170 super
1151 1100 1421 1155 timentes.

531 1189 692 1244 Vnus.
750 1190 837 1245 12.
861 1221 927 1231 —
959 1189 1228 1256 Quantum
1258 1191 1452 1257 distat,
1496 1197 1598 1245 etc.
1637 1189 1760 1262 (10.)
1806 1188 2032 1257 Quando

459 1289 740 1350 peccatum
765 1281 1078 1342 remittitur,
1099 1281 1349 1336 occidunt
1373 1293 1615 1353 peccata,
1645 1281 1815 1352 gratia
1837 1280 2029 1346 oritur,

459 1381 680 1444 peccata
710 1374 764 1428 in
793 1388 1012 1439 occasu,
1043 1383 1291 1428 avertere
1321 1388 1448 1446 ergo
1477 1375 1544 1428 ab
1571 1388 1764 1428 occasu
1788 1382 2034 1442 peccato-

460 1479 603 1529 rum,
635 1474 688 1519 et
716 1465 871 1520 tende
904 1465 971 1518 ad
1000 1473 1177 1520 ortum
1203 1466 1406 1536 gratia;
1437 1474 1491 1520 et
1517 1467 1713 1537 surgis.

529 1553 687 1610 Vens.
724 1555 808 1609 14.
837 1586 904 1596 -
930 1554 1253 1610 Recordatus
1291 1564 1402 1621 est,
1430 1563 1534 1610 etc.
1564 1555 1686 1626 (10.)
1711 1555 1806 1610 Vel
1835 1570 2030 1611 secun-

459 1649 581 1700 dum
612 1646 770 1700 aliam
799 1647 1081 1701 litteram:
1126 1645 1405 1711 Memento,
1449 1647 1696 1716 quoniam
1738 1645 1903 1716 pulvis
1946 1663 2034 1699 su-

458 1756 591 1792 mus.
649 1739 814 1805 Quasi
861 1739 1063 1794 diceret
1117 1756 1130 1792 :
1179 1737 1426 1807 Cognovit
1477 1737 1817 1807 ﬁgmentum,
1859 1737 1912 1790 id
1951 1747 2034 1792 est

459 1831 824 1885 inﬁrmitatem
874 1840 1177 1886 nostram‘:
1212 1833 1355 1901 quod
1396 1832 1710 1902 ligmentum
1740 1848 2033 1887 conversus

2134 659 2293 711 usque
2319 642 2386 694 ad
2414 650 2534 711 post
2569 642 2623 696 in
2651 641 2760 697 ﬁne
2801 650 2860 696 ut
2891 640 3030 696 liber
3067 640 3346 710 Scriptura
3397 641 3716 712 plicabitur.

2203 737 2366 792 Vsus.
2395 735 2447 790 5.
2471 767 2540 778 —
2570 736 2674 802 Qui
2692 735 2837 806 tegis.
2874 733 2998 806 (10.)
3023 733 3104 788 Ad
3129 734 3362 790 litteram
3389 745 3516 791 sunt
3535 751 3720 805 aquae,

2133 837 2262 891 etc.,
2309 844 2471 896 usque
2517 828 2584 880 ad
2626 824 2779 894 cujus
2813 824 3092 893 superiora
3135 832 3259 878 sunt
3297 823 3404 880 duo
3442 835 3722 896 praecepta

2133 917 2430 972 charitatis.
2457 915 2554 971 Vel
2579 915 2668 986 qui
2688 916 2816 984 tegis
2843 915 3081 983 aquis,id
3107 923 3208 977 est,
3234 914 3504 984 spirituali
3526 931 3719 981 sensu,

2134 1008 2474 1076 superﬁciem
2501 1007 2814 1077 Scriptum,
2838 1005 2922 1059 vel
2949 1005 3104 1060 donis
3133 1003 3502 1074 Spiritualibus
3525 1021 3724 1060 eorum

2133 1101 2313 1156 munis
2338 1100 2682 1164 charitatem,
2707 1113 2774 1154 ne
2790 1099 2916 1168 quid
2938 1113 3033 1152 eos
3055 1112 3309 1167 separare
3325 1097 3512 1166 possit.
3545 1096 3726 1166 Super

2131 1209 2327 1263 pennas
2359 1202 2647 1257 ventorum,
2683 1200 2788 1246 etc.
2821 1190 3026 1245 Ventus
3058 1199 3143 1245 est
3173 1197 3352 1245 motus
3379 1190 3545 1253 aeris.
3577 1197 3720 1254 etc.,

2132 1297 2293 1352 usque
2330 1281 2398 1335 ad
2437 1281 2530 1336 sed
2569 1281 2892 1337 charitatem
2937 1279 3179 1335 omnium
3222 1288 3442 1350 superat
3479 1280 3724 1334 Charitas

2133 1375 2358 1432 Christi.

2203 1469 2364 1524 Vsus.
2407 1468 2462 1523 4.
2509 1497 2579 1508 —
2613 1466 2792 1536 Ignem
2817 1476 3066 1520 urentem.
3099 1463 3299 1536 (Cass)
3341 1464 3398 1518 1d
3440 1473 3525 1520 est
3569 1479 3726 1519 sera-

2131 1563 2301 1632 phim,
2333 1562 2425 1631 qui
2472 1569 2597 1615 sunt
2634 1561 2878 1628 superior
2907 1559 3038 1614 ordo
3060 1599 3075 1622 ,
3108 1556 3242 1612 facis
3270 1557 3550 1612 ministros
3573 1567 3720 1620 tuos,

2135 1655 2276 1708 unde
2336 1654 2389 1708 in
2419 1653 2553 1708 Isaia
2585 1667 2600 1706 :
2635 1649 2840 1706 Volavit
2870 1653 2936 1704 ad
2966 1667 3044 1704 me
3070 1667 3204 1704 unus
3233 1649 3297 1702 de
3325 1649 3586 1719 seraphim
3635 1649 3728 1718 qui

2132 1755 2256 1801 sunt
2293 1745 2538 1815 superior
2564 1746 2716 1800 ordo.

2203 1839 2365 1894 Vsus.
2400 1839 2453 1893 5.
2482 1869 2553 1878 —
2580 1838 2682 1904 Qui
2719 1838 2951 1906 fundasti
2978 1846 3170 1890 terram
3207 1851 3362 1906 super
3383 1834 3728 1888 stabilitatem

461 1923 527 1976 ad
560 1923 726 1977 Deum
759 1923 888 1979 dicit
920 1942 932 1976 :
977 1923 1234 1978 Memento
1274 1925 1397 1993 quia
1441 1924 1609 1993 pulvis
1637 1943 1836 1988 sumus,
1865 1918 1917 1979 id
1947 1934 2030 1979 est
2061 1918 2107 1978 Β
2134 1947 2304 1985 suam.
2336 1930 2458 2001 (10.)
2494 1930 2618 1985 Ideo
2647 1929 2884 1998 Spiritus
2913 1937 3132 1981 sanctus
3158 1927 3212 1980 in
3249 1926 3353 1980 hoc
3383 1924 3591 1995 psalmo
3625 1923 3729 1977 dif-

459 2021 770 2085 perseveret
796 2031 924 2086 erga
962 2031 1060 2070 nos
1092 2026 1180 2070 tua
1223 2014 1628 2080 misericordia,
1658 2031 1724 2070 nc
1751 2015 2037 2070 oblivisca-

463 2121 585 2158 mur
608 2105 795 2176 gratiae
823 2116 946 2161 tute.
991 2105 1109 2171 Vel,
1141 2105 1311 2160 Homo
1348 2107 1480 2160 sicut
1507 2107 1706 2176 fenum,
1734 2115 1838 2163 etc.
1869 2107 2040 2162 Homo

457 2195 602 2249 enim
629 2195 769 2250 sicut
795 2197 893 2264 ﬂos
920 2195 1198 2266 egreditur,
1225 2204 1355 2260 etc.,
1382 2212 1544 2266 usque
1574 2198 1642 2250 ad
1674 2195 2040 2250 Misericordia

458 2289 692 2344 Domini.
721 2290 984 2362 Eﬁlorebit
1014 2289 1214 2361 (CASS.)
1241 2290 1297 2346 1d
1325 2301 1428 2357 est,
1471 2293 1536 2347 ad
1568 2293 1686 2362 plus
1725 2294 1802 2349 sic
1829 2292 2041 2350 ﬁorebit

456 2381 540 2435 vel
567 2380 844 2446 elllorebit,
875 2382 929 2437 id
953 2390 1036 2438 est
1064 2380 1362 2438 deﬁorebit.
1394 2384 1458 2436 Et
1487 2384 1564 2439 sic
1580 2394 1664 2440 est
1694 2386 2036 2452 intentivum,

458 2475 539 2528 vel
574 2475 915 2544 privativum.

530 2563 692 2623 Vsus.
724 2566 811 2624 16.
842 2598 912 2606 —
947 2567 1205 2636 Quoniam
1241 2568 1453 2639 spiritus
1482 2567 1814 2641 pcrtransirit
1840 2569 1896 2624 in
1922 2567 2032 2625 illo.

459 2657 529 2712 Et
560 2675 665 2712 non
689 2661 953 2716 subsistet.

533 2750 693 2804 Vnus.
732 2751 818 2805 17.
858 2781 928 2790 —-
957 2751 1026 2806 Et
1058 2753 1295 2822 justitia.
1343 2751 1528 2824 (Auc.)
1573 2753 1938 2808 Misericordia
1986 2761 2041 2807 et

455 2837 666 2908 iustitia
707 2841 988 2898 retributio
1034 2852 1132 2898 est.
1187 2845 1359 2909 Dicit,
1395 2861 1551 2914 super
1587 2843 1726 2913 ﬁlios
1771 2843 2036 2914 ﬁliorum;

2141 2024 2302 2079 ﬁcilia
2343 2023 2474 2079 dicit
2513 2022 2810 2079 secundum
2839 2020 3097 2084 litteram,
3136 2027 3196 2074 ut
3222 2033 3532 2090 quaeramus
3567 2017 3730 2086 spiri-

2142 2115 2373 2260 tuVizaas.
2424 2205 2477 2258 7.
2525 2234 2596 2245 —
2624 2203 2670 2256 Α
2715 2219 2832 2257 voce
2861 2201 3096 2256 tonitrui.
3148 2199 3270 2273 (10.)
3310 2199 3415 2254 Per
3449 2199 3730 2254 terribiles

2139 2307 2327 2351 ventos
2347 2295 2698 2350 siccabuntur
2719 2308 2900 2362 aquae;
2932 2290 3056 2346 mali
3085 2291 3509 2349 comminatione
3529 2291 3730 2360 jndicii

2143 2388 2428 2442 timebunt.

2211 2479 2374 2534 Vsus.
2424 2478 2478 2532 8.
2515 2507 2588 2519 —
2620 2478 2940 2532 Ascendunt.
2971 2475 3152 2548 (Auc.)
3184 2475 3345 2540 Mali,
3387 2483 3446 2528 ut
3477 2485 3694 2529 montes
3717 2516 3731 2538 ,

2139 2581 2277 2640 etc.,
2325 2587 2484 2643 usque
2518 2569 2587 2627 ad
2627 2577 2686 2627 ut
2719 2568 2874 2627 liccat
2920 2567 3172 2626 Ecclesia:
3199 2566 3371 2625 libere
3408 2565 3734 2639 praedicare.

2140 2665 2343 2736 (Cass)
2391 2663 2662 2733 Superbos
2692 2663 2956 2732 permittit
2996 2663 3137 2718 Deus
3157 2702 3171 2724 ,
3202 2673 3336 2726 etc.,
3365 2677 3527 2730 usque
3557 2661 3628 2712 ad
3673 2669 3732 2712 ut

2132 2755 2246 2824 jam
2279 2753 2540 2808 mundum
2570 2769 2677 2808 non
2701 2765 2984 2822 occupent.
3209 2817 3214 2819 _

2207 2842 2371 2898 Vsus.
2403 2843 2488 2896 10.
2533 2873 2602 2882 -
2637 2841 2708 2896 In
2737 2842 3079 2896 convallibus.
3117 2839 3300 2912 (Auc.)
3328 2842 3403 2896 De
3435 2840 3734 2896 humilibus

458 2931 612 2986 inulti
635 2933 766 3002 justi
793 2948 900 2987 non
925 2933 1126 2988 habent
1159 2933 1318 3000 ﬁlios,
1360 2934 1555 2989 nedum
1596 2934 1733 2989 ﬁlios
1778 2933 2035 3001 ﬁliorum,
2139 2931 2374 2988 subditis
2400 2931 2588 3001 gratiae
2634 2939 2689 2986 et
2732 2932 2776 2986 si
2810 2939 2936 2985 sunt
2968 2939 3179 2986 montes
3233 2931 3500 3002 Spirituali
3541 2931 3732 2984 altitu-

459 3023 552 3077 sed
577 3022 678 3090 ﬁlii
713 3031 839 3077 sunt
862 3037 1059 3093 Opera;
1087 3023 1186 3092 ﬁlii
1212 3023 1444 3092 ﬁliorum
1483 3037 1691 3079 merces
1713 3038 1958 3094 operum.
2138 3021 2284 3083 dine,
2313 3020 2482 3075 ﬂuunt
2503 3019 2677 3076 fontes
2699 3019 2934 3091 Spiritus
2955 3022 3255 3092 sancti,qui
3283 3037 3447 3092 super
3471 3021 3733 3076 humilem

532 3113 693 3168 Vnus.
726 3113 1164 3168 19.—Dominus
1193 3115 1247 3167 in
1276 3114 1403 3169 cwlo
1429 3117 1633 3185 paravit
1659 3115 1831 3169 sedem
1857 3131 2030 3169 suam.
2137 3111 2386 3182 quiescit.
2427 3111 2575 3166 Inter
2611 3113 2860 3166 medium.
2906 3112 3028 3184 (10.)
3066 3112 3122 3168 1d
3167 3123 3250 3168 est
3291 3114 3435 3169 inter
3467 3114 3732 3177 medium,

460 3203 660 3279 (Cass)
687 3205 947 3262 Praadicat
967 3207 1228 3278 judicium
1257 3207 1516 3272 futurum,
1545 3224 1613 3262 ne
1636 3217 1922 3278 peccantes
1945 3209 2032 3262 in-
2135 3211 2268 3267 etc.,
2297 3219 2459 3273 usque
2490 3202 2559 3256 ad
2587 3209 2642 3257 et
2681 3203 2771 3257 hic
2817 3201 2938 3256 talis
2967 3217 3122 3258 mons
3158 3219 3266 3258 non
3295 3213 3379 3258 est
3409 3204 3732 3259 audiendus.

459 3293 757 3361 solescant;
781 3295 951 3364 quasi,
986 3307 1040 3350 et
1073 3295 1236 3352 debes
1261 3311 1382 3352 esse
1410 3313 1616 3352 memor
1638 3307 1696 3350 ut
1721 3295 1890 3352 facias
1909 3298 2032 3366 quia

2207 3290 2371 3346 Vsus.
2409 3291 2858 3346 11.—Potabunt
2892 3309 3089 3348 omnes.
3119 3294 3243 3365 (10.)
3271 3293 3472 3350 Omnes
3509 3294 3734 3350 fuerunt

460 3386 718 3442 Dominus
747 3388 802 3443 in
836 3390 991 3444 caelo.

529 3473 694 3532 Vnus.
719 3478 808 3532 21.
831 3480 1212 3536 —Benedicite
1234 3482 1480 3549 Domino,
1498 3499 1673 3538 omnes
1701 3482 1874 3553 angeli
1896 3481 2030 3552 ejus,

456 3575 706 3637 potentes.
731 3569 854 3641 (10.)
889 3570 1070 3626 Tertio
1103 3583 1284 3628 monet
1324 3574 1571 3630 caelestes
1600 3581 1656 3628 et
1682 3588 1872 3628 omnes
1900 3571 2036 3626 alias

459 3666 738 3714 creaturas
778 3660 1115 3718 benedicere.
1160 3661 1455 3719 Benedicite
1496 3664 1743 3730 Domino,
1773 3672 1879 3718 etc.
1921 3663 2032 3733 Ag-

460 3749 773 3820 gratulando
798 3753 949 3819 dicit,
977 3770 1083 3810 non
1120 3755 1430 3825 imperando
1451 3797 1464 3821 ,
1489 3756 1574 3810 vel
1603 3757 1890 3811 monendo.
1935 3753 2037 3808 Mi-

461 3840 613 3893 nistri
655 3842 785 3910 ejus.
837 3844 1020 3918 (Auc.)
1055 3845 1162 3903 Vos
1199 3849 1519 3914 benedicite,
1570 3857 1674 3904 etc.
1707 3889 1723 3916 ,
1768 3865 1928 3919 usque
1964 3847 2035 3903 ad

461 3941 522 3986 ut
546 3934 690 4002 quod
719 3936 884 3990 habet
903 3938 958 3992 in
991 3953 1088 3995 ore
1111 3941 1357 3995 ostendat
1380 3942 1433 3994 in
1464 3956 1646 4012 opere.

987 4065 1305 4125 PSALMUS
1363 4063 1487 4125 C111.

531 4195 692 4254 Vitas.
727 4196 1102 4255 1.—Psalmus
1127 4200 1543 4274 David.-(Csss.)
1566 4203 1696 4258 item
1715 4203 2034 4261 benedicere

462 4293 630 4349 Deum
655 4303 838 4350 monet
860 4336 875 4361 ,
920 4296 1092 4366 primo
1119 4310 1214 4366 per
1237 4296 1433 4351 caelum
1478 4305 1532 4353 et
1559 4305 1765 4353 terram
1791 4307 1846 4354 et
1875 4314 2035 4354 orna-

463 4397 576 4441 tum
604 4401 812 4441 eorum.
846 4386 1027 4458 (Auc.)
1057 4387 1169 4442 Etsi
1220 4403 1349 4443 vere
1377 4388 1465 4444 hic
1487 4389 1672 4445 omnia
1701 4389 1768 4444 ad
1798 4388 2032 4444 litteram

459 4484 686 4545 possunt
711 4475 960 4546 religiose
986 4479 1190 4548 accipi,
1233 4488 1362 4545 etc.,
1398 4496 1561 4551 usque
1595 4480 1664 4534 ad
1689 4480 1742 4534 in
1783 4481 2034 4536 omnibus

461 4567 756 4637 spiritualis
773 4583 966 4624 sensus
978 4571 1298 4640 quaerendus
1322 4579 1421 4625 est.
1439 4569 1680 4636 Benedic,
1697 4572 1874 4626 anima
1893 4587 2028 4633 mea,

2139 3385 2196 3440 in
2225 3379 2374 3439 dis’co
2400 3383 2544 3437 Petri
2575 3391 2661 3436 ter
2682 3383 2975 3448 submisso,
3015 3392 3146 3450 etc.,
3170 3401 3334 3456 usque
3354 3385 3423 3438 ad
3451 3393 3510 3439 ut
3540 3384 3733 3440 Ecde-

2138 3477 2216 3532 sia
2248 3483 2624 3546 congregetur.
2650 3473 2870 3546 Onagri.
2895 3474 3016 3547 (10.)
3045 3475 3348 3546 Sylvestres
3378 3476 3518 3532 asini
3544 3478 3732 3546 magni

2138 3564 2422 3630 indomiti,
2465 3571 2592 3626 etc.,
2629 3580 2792 3635 usque
2836 3564 2905 3618 ad
2947 3563 3035 3619 vel
3080 3565 3297 3636 superbi
3352 3565 3525 3622 Judaei
3585 3566 3738 3622 diﬂe~

2141 3663 2260 3709 rent
2284 3653 2468 3708 bibere
2496 3653 2550 3707 in
2590 3661 2800 3723 tempus
2833 3653 3101 3708 ultimum.

2209 3745 2375 3800 Vnus.
2425 3745 2512 3800 12.
2563 3775 2634 3785 ——
2671 3742 2840 3816 Super
2873 3761 2936 3798 ea
2980 3744 3211 3800 volucres
3260 3747 3394 3800 caeli.
3431 3745 3566 3818 (10.)
3611 3746 3734 3801 Non

2138 3850 2329 3893 omnes
2368 3849 2497 3891 aves
2522 3843 2764 3899 manent,
2797 3842 2905 3890 etc.
2932 3874 2949 3902 ,
2991 3851 3154 3908 usque
3195 3837 3265 3890 ad
3294 3836 3386 3892 alii
3419 3837 3476 3892 in
3503 3837 3735 3893 sinistra

2139 3929 2487 3985 damnantur.

2208 4020 2376 4077 Vnus.
2408 4021 2496 4075 15.
2521 4051 2593 4063 -
2612 4021 2692 4076 De
2715 4019 2894 4091 fructu
2917 4036 3130 4092 operum
3151 4030 3381 4074 tuorum.
3409 4020 3534 4092 (10.)
3558 4019 3735 4076 Nemo

2136 4128 2266 4185 ergo
2290 4113 2550 4184 glorietur
2571 4113 2626 4168 in
2654 4112 2910 4184 operibus
2935 4113 3048 4168 suis
3065 4153 3081 4179 ,
3107 4112 3204 4168 sed
3237 4115 3328 4183 qui
3357 4112 3641 4185 gloriatur,
3674 4117 3733 4168 in

2135 4206 2363 4262 Domino
2402 4207 2673 4278 glorietur,
2712 4206 2886 4278 gratia
2927 4205 3072 4262 enim
3110 4205 3206 4261 Dei
3247 4214 3526 4261 saturatur
3555 4216 3729 4262 terra.

2137 4296 2228 4352 Sic
2257 4297 2422 4368 igitur
2449 4297 2620 4367 gratia
2659 4297 2829 4366 gratis
2857 4293 3136 4352 datur.-Si
3161 4295 3414 4366 operibus
3439 4297 3730 4352 hominum

2135 4391 2397 4456 redditur,
2424 4405 2634 4446 merces
2663 4390 2881 4446 dicitur.

2205 4482 2372 4538 Vnus.
2425 4483 2510 4538 14.
2551 4514 2621 4524 -—
2662 4482 2912 4538 Servituti
2936 4485 3224 4540 hominum.
3255 4485 3378 4557 (10.)
3407 4485 3563 4543 Unde
3603 4503 3731 4540 cum

2135 4575 2266 4630 liber
2293 4593 2456 4631 essem
2483 4593 2548 4630 ea:
2574 4577 2832 4642 omnibus,
2853 4579 3087 4632 omnium
3110 4595 3192 4632 me
3215 4579 3316 4649 {cci
3337 4596 3561 4636 servum.
3589 4589 3728 4646 etc.,

463 4657 706 4722 Domino,
738 4666 843 4713 etc.
871 4699 884 4724 ,
913 4659 1300 4728 magniﬁcatus.
1341 4661 1398 4715 111
1443 4661 1654 4728 notitia,
1689 4663 1782 4731 qui
1822 4676 2034 4733 semper
2058 4659 2111 4719 D
2139 4682 2298 4737 usque
2334 4665 2404 4719 ad
2443 4665 2638 4737 quibus
2672 4663 2904 4735 praebuit
2937 4665 3240 4738 exemplum
3280 4667 3591 4722 necessaria
3631 4684 3731 4723 su-

460 4763 688 4817 magnus
721 4756 914 4802 natura
935 4789 950 4816 ,
994 4751 1087 4820 qui
1115 4766 1222 4805 non
1247 4761 1400 4821 potes
1433 4767 1680 4808 crescere
1716 4752 1800 4807 vel
1842 4754 2032 4820 minui,

461 4838 587 4908 quia
615 4837 884 4908 perfectus
903 4853 992 4904 es;
1025 4836 1515 4908 Confessionem,id
1555 4854 1638 4898 est
1661 4845 1897 4914 undique
1933 4844 2033 4900 ha-

459 4927 557 4983 bes
584 4936 892 4998 ereaturas,
933 4944 1054 4999 quae
1091 4939 1143 4985 te
1188 4931 1529 4996 conﬁtentur,
1561 4942 1614 4987 et
1639 4948 1758 5002 quae
1796 4943 1921 4989 sunt
1945 4935 2038 4989 de-

463 5035 603 5076 cora:
645 5030 701 5076 et
744 5020 1042 5076 luminosae.
1086 5022 1202 5088 Vel,
1245 5024 1406 5080 decor
1440 5027 1494 5080 in
1523 5027 1760 5082 essentia
1798 5026 1934 5092 Dei,
1981 5037 2037 5083 et

461 5112 553 5168 lux
600 5114 866 5195 undique.
911 5113 1113 5186 (Cass)
1145 5113 1241 5170 Vel
1271 5116 1699 5174 incarnationem
1744 5119 2032 5189 signiﬁcat,

461 5220 560 5275 per
584 5220 743 5275 quam
772 5206 1037 5263 confessio
1066 5217 1119 5262 et
1143 5208 1304 5264 decus
1328 5225 1573 5280 supernae
1609 5209 1910 5280 majestatis
1949 5212 2032 5266 in-

464 5295 656 5362 notuit,
687 5304 743 5351 et
785 5297 1029 5354 homines
1068 5313 1191 5352 eum
1233 5299 1466 5354 confessi
1491 5308 1637 5366 sunt,
1667 5300 1760 5369 qui
1789 5309 1914 5355 sunt
1954 5301 2036 5355 lu-

463 5402 587 5443 men
615 5389 936 5460 cognitione.
967 5389 1150 5461 (Avc.)
1178 5390 1582 5446 Confessionem
1609 5391 1848 5458 induisti,
1877 5393 1928 5446 id
1953 5403 2036 5448 est

463 5479 758 5538 Ecclesiam
784 5522 800 5548 ,
839 5491 943 5538 etc.
969 5522 986 5549 ,
1035 5501 1196 5554 usque
1231 5485 1298 5538 ad
1326 5491 1381 5538 et
1406 5483 1573 5538 vestis
1601 5483 1717 5539 sine
1747 5485 1957 5542 macula
1983 5495 2038 5540 et

464 5589 614 5646 ruga.

532 5663 695 5720 Vnus.
718 5664 772 5718 2.
796 5694 865 5704 -
887 5663 1184 5718 Extendens
1211 5662 1394 5718 coelum
1414 5665 1511 5719 sic.
1537 5663 1739 5737 (ωδε.)
1763 5665 1892 5730 Quae
1905 5680 2036 5720 con-

465 5754 720 5819 ﬁtentur?
747 5754 961 5817 caelum,
996 5763 1160 5818 terra,
1188 5769 1357 5819 mare,
1393 5770 1517 5810 cum
1544 5755 1690 5810 omni
1714 5763 1908 5810 ornatu
1936 5771 2034 5810 suo

463 5813 534 5898 de
565 5844 758 5912 quibus
814 5813 1038 5912 singulis
1070 5813 1478 5913 subsequenter.
1517 5845 1698 5916 (Auc.)
1734 5839 2034 5901 Extendens

2141 4757 2322 4812 mendi
2360 4773 2392 4811 a
2422 4757 2666 4812 subditis.
2710 4757 2778 4811 In
2815 4756 2948 4812 oleo.
2987 4754 3277 4830 Unicuique
3305 4758 3466 4812 datur
3491 4756 3730 4828 Spiritus

2142 4845 2213 4900 ad
2254 4846 2726 4916 manifestationem
2769 4864 2786 4902 :
2829 4849 3003 4917 gratia
3039 4862 3168 4919 ergo
3209 4857 3265 4903 et
3299 4849 3444 4904 nitor
3479 4851 3724 4919 quidam,

2141 4945 2278 5004 etc.,
2305 4953 2468 5008 usque
2492 4938 2560 4991 ad
2583 4945 2642 4991 ut
2667 4937 2998 4993 exhilaretur
3019 4937 3187 4994 facies
3207 4939 3261 4993 in
3285 4939 3424 4994 oleo.
3449 4937 3518 4993 Et
3542 4941 3723 5008 panis.

2141 5029 2285 5085 Idem
2318 5038 2403 5084 est
2436 5045 2566 5099 ergo
2606 5029 2760 5099 panis
2798 5038 2854 5085 et
2894 5030 3100 5084 vinum.
3148 5029 3312 5086 Panis
3350 5029 3493 5086 enim
3523 5030 3627 5085 iste
3665 5040 3728 5086 et

2140 5120 2344 5185 vinum,
2363 5119 2571 5190 justitia
2591 5128 2694 5187 est,
2724 5121 2924 5176 veritas
2957 5129 3040 5176 est
3063 5119 3310 5177 Christus
3341 5131 3432 5176 :et
3458 5121 3548 5176 hic
3573 5131 3626 5176 et
3648 5120 3723 5176 i1-

2140 5213 2229 5268 lud
2255 5212 2509 5277 lmtiflcat,
2537 5221 2594 5267 et
2611 5213 2895 5268 conﬁrmat
2915 5228 3030 5268 cor.

2211 5303 2375 5358 Vnus.
2407 5303 2492 5358 16.
2519 5334 2590 5344 —
2615 5303 2760 5370 Quas
2805 5305 3076 5375 plantavit.
3105 5305 3230 5377 (10.)
3269 5305 3380 5362 Cur
3403 5321 3431 5360 a
3473 5321 3531 5363 se
3565 5306 3722 5377 plan-

2138 5396 2263 5450 tatis
2285 5395 2540 5465 relinquit
2566 5394 2854 5451 candorem
2879 5397 3092 5451 saeculi?
3111 5398 3238 5467 quia
3260 5395 3368 5452 illic
3397 5396 3557 5454 fulica
3577 5397 3721 5464 avis,

2137 5501 2256 5556 qum
2286 5485 2340 5538 in
2367 5485 2520 5554 aquis
2548 5485 2795 5551 habitat;
2829 5486 2881 5540 hi
2909 5495 3034 5541 sunt
3061 5487 3152 5556 qui
3177 5487 3232 5540 in
3260 5487 3515 5556 baptismi
3541 5487 3718 5556 gratia

2135 5585 2471 5646 permanent.
2503 5572 2623 5640 Vel,
2665 5573 2930 5630 Herodius
2964 5577 3078 5630 avis
3105 5575 3474 5645 rapacissima,
3507 5590 3608 5631 nec
3636 5584 3720 5630 ta-

2140 5665 2218 5720 les
2239 5664 2489 5720 Christus
2516 5664 2734 5734 respuit.

2216 5754 2376 5810 Vnns.
2415 5756 2499 5810 17.
2529 5785 2596 5795 —
2631 5753 2752 5808 Illic
2783 5770 3035 5824 passeres.
3071 5755 3194 5827 (10.)
3223 5755 3425 5811 Minuta
3451 5754 3716 5820 volatilia,

2139 5856 2271 5911 etc.,
2301 5863 2463 5917 usque
2484 5847 2553 5899 ad
2574 5844 2707 5900 utin
2747 5843 2922 5900 cedris
2945 5844 3136 5902 Libani
3155 5846 3451 5902 nidiﬁcent.
3493 5843 3720 5900 Ilemdii
