4008 6348
295 504 440 560 ’1017

1315 503 1578 563 ςιοεεΑ
1617 487 2012 564 οιωιΝΑιιιΑ.
2050 538 2120 549 -
2164 508 2292 564 LIB.
2335 507 2582 564 essm.

3403 513 3540 572 1018

295 621 500 677 domus.
518 617 698 691 (Auc.)
714 619 833 674 Dux
856 629 1122 675 esteorum
1138 634 1440 692 passerum,
1457 619 1859 686 velcedrorum,
1889 624 1944 683 Α
1967 620 2094 690 quia
2119 619 2322 674 dictum
2352 628 2438 675 est
2463 620 2513 675 ei
2540 638 2553 675 :
2590 617 2804 673 Terram
2835 622 3069 675 comedes
3091 623 3329 678 omnibus
3358 625 3539 679 diebus

297 711 442 784 quod
473 720 650 766 tamen
675 709 867 766 Latine
891 712 994 768 dici
1027 728 1133 767 non
1153 721 1351 782 potest,
1386 712 1509 781 quia
1543 711 1689 766 cedri
1714 709 1867 766 femi-

294 803 409 859 nini
434 802 647 874 generis
665 811 813 869 sunt,
835 803 939 858 hoc
961 811 1142 858 autem
1163 803 1309 858 nullo
1331 805 1492 860 modo
1518 803 1585 856 ad
1607 803 1862 870 litteram,

293 897 485 952 domus
505 896 673 961 enim,
695 895 748 950 id
767 904 869 960 est,
891 896 1048 952 nidus
1067 895 1263 964 fulicae,
1283 912 1403 968 quae
1421 905 1507 952 est
1526 895 1640 951 avis
1658 896 1865 950 marina

293 987 376 1042 vel
405 988 729 1058 stagnensis,
766 987 1035 1058 quomodo
1060 989 1168 1044 dux
1195 997 1279 1044 est
1305 987 1624 1059 passerum?
1653 987 1747 1042 sed
1769 1002 1867 1058 per

291 1080 394 1134 hoc
423 1078 600 1132 innuit
627 1077 929 1147 spiritualia
965 1093 1084 1134 esse
1122 1079 1428 1148 quaerenda.
1466 1078 1532 1132 Et
1560 1079 1606 1132 si
1640 1078 1693 1131 in
1723 1077 1862 1132 divi-

291 1173 436 1228 tibus
472 1172 652 1228 smculi
683 1187 932 1244 passeres
974 1173 1266 1239 nidiﬁcent,
1307 1181 1438 1238 etc.,
1463 1188 1623 1242 usque
1659 1171 1727 1225 ad
1771 1171 1865 1226 sed

287 1282 393 1323 non
441 1266 712 1336 peribunt,
735 1265 860 1335 quia
881 1274 1036 1335 petra
1056 1275 1135 1322 est
1167 1267 1274 1321 dux
1303 1280 1510 1321 eorum.
1536 1263 1739 1335 (CASS.)
1767 1264 1863 1319 Vel

284 1359 446 1414 fulica
475 1358 612 1424 avis,
639 1374 758 1428 quae
785 1359 838 1412 in
863 1358 1016 1428 aquis
1038 1357 1265 1424 habitat,
1297 1357 1351 1412 hi
1382 1366 1508 1411 sunt
1531 1356 1622 1426 qui
1663 1355 1716 1410 in
1744 1343 1864 1426 gra-

285 1452 360 1506 tia
389 1451 642 1522 baptismi
669 1457 1010 1522 permanent,
1039 1465 1267 1520 quorum
1307 1448 1499 1502 domus
1538 1455 1623 1502 est
1659 1445 1863 1516 baptis-

284 1558 424 1606 mus,
459 1541 527 1596 Et
553 1549 635 1596 est
672 1541 828 1611 quasi
858 1542 1063 1596 diceret
1108 1559 1121 1594 :
1164 1539 1264 1607 Qui
1309 1547 1437 1595 sunt
1477 1537 1757 1609 passeres?
1783 1533 1863 1589 llli

283 1632 374 1703 qui
402 1630 762 1702 baptizantur.
805 1630 872 1685 Et
915 1631 1020 1686 hoc
1060 1639 1144 1684 est
1169 1669 1184 1694 ,
1230 1628 1407 1698 fulica:
1435 1627 1639 1690 domus,
1675 1626 1727 1681 id
1753 1633 1858 1692 est,

281 1723 601 1792 baptismus,
629 1723 720 1792 qui
752 1728 835 1776 est
855 1721 1047 1775 domus
1077 1727 1516 1790 regeneratorum
1537 1717 1650 1771 dua:
1675 1726 1749 1771 est
1775 1732 1862 1770 eoo

283 1829 398 1866 rum
427 1828 727 1883 passerum,
753 1813 805 1866 id
827 1819 929 1876 est,
959 1809 1413 1866 Christianorum.

354 1901 569 1972 (litem,
611 1900 792 1972 Cass.)
835 1899 1129 1966 Herodius;
1179 1899 1295 1955 avis
1329 1897 1695 1968 rapacissima,
1727 1904 1857 1960 etc.,

1966 709 2083 764 vitae
2107 725 2234 763 mea:
2257 705 2410 779 (Gen.
2449 709 2556 782 ιιι).
2583 708 2720 777 Quia
2764 709 2854 780 qui
2885 718 3101 766 terrena
3149 723 3356 780 amant,
3387 714 3540 771 cibus

1966 800 2166 857 diaboli
2195 809 2338 856 sunt.
2386 800 2550 857 Cibus
2578 811 2760 856 autem
2799 799 2934 871 justi
2962 804 3186 859 verbum
3229 804 3344 871 Dei,
3373 807 3538 874 unde,

1967 893 2091 948 Non
2112 895 2166 947 in
2187 892 2296 947 solo
2324 910 2456 964 pane
2475 894 2592 948 vivit
2631 894 2809 959 homo,
2848 894 2939 950 sed
2972 895 3030 949 in
3057 895 3198 950 omni
3219 894 3370 950 verbo
3401 896 3540 966 quod

1962 985 2197 1056 procedit
2223 985 2287 1039 de
2308 1002 2394 1039 ore
2423 985 2517 1039 Dei
2545 984 2722 1056 (Deut.
2750 985 2889 1057 νιιι).

2035 1079 2199 1133 Vens.
2225 1077 2314 1132 28.
2338 1107 2409 1118 —-
2435 1075 2652 1130 Manum
2683 1087 2848 1144 tuam,
2880 1080 3053 1133 omnia
3079 1078 3432 1150 implebuntur
3451 1081 3540 1135 bo-

1966 1167 2143 1220 nitate.
2177 1165 2382 1238 (Csss.)
2413 1166 2510 1222 Vel
2548 1182 2740 1222 manus
2767 1176 2851 1223 est
2887 1178 3130 1240 potestas
3171 1186 3292 1241 qua:
3329 1172 3542 1227 abunde

1965 1258 2134 1329 replet
2160 1259 2365 1313 omnia.

2035 1352 2196 1406 Vens.
2249 1351 2338 1408 29.
2369 1382 2440 1392 —
2465 1354 2737 1408 Avertente
2777 1364 2970 1408 autem.
3013 1353 3196 1426 (Ane.)
3235 1353 3384 1409 Multi
3441 1355 3542 1408 im-

1963 1441 2092 1512 pleti
2122 1442 2378 1510 bonitate,
2422 1444 2525 1499 sibi
2561 1445 2898 1511 tribuerunt;
2951 1444 3137 1501 volens
3180 1443 3541 1502 autem'Deus

1961 1533 2042 1588 eis
2069 1533 2303 1603 probare
2344 1536 2487 1605 quod
2519 1552 2626 1591 non
2669 1551 2699 1590 a
2739 1551 2798 1591 se
2843 1536 3067 1603 habent,
3101 1537 3197 1592 sed
3236 1553 3269 1590 a
3312 1536 3442 1602 Deo,
3481 1544 3542 1590 ut

1961 1641 2084 1680 cum
2117 1625 2360 1680 bonitate
2407 1628 2645 1682 habeant
2686 1628 3068 1695 humilitatem,
3111 1629 3400 1699 aliquando
3447 1643 3542 1684 eos

1962 1715 2268 1785 perturbat,
2302 1718 2497 1771 avertit
2523 1718 2737 1784 faciem,
2770 1728 2825 1774 et
2860 1719 3058 1774 cadunt
3084 1719 3535 1774 intentationem.

2035 1804 2198 1862 Vens.
2228 1807 2317 1861 50.
2348 1839 2412 1847 —-
2439 1807 2632 1862 Emitte
2657 1809 2897 1878 spiritum
2934 1820 3102 1862 tuum.
3137 1810 3334 1881 (Cass)
3358 1809 3542 1865 Pulvis

1965 1913 2095 1952 suus
2131 1897 2344 1953 illorum
2381 1899 2598 1964 dicitur,
2629 1901 2755 1969 quia
2801 1916 2869 1954 ex
2908 1916 2966 1955 se
2996 1901 3197 1956 habent
3223 1903 3367 1972 quod
3417 1909 3542 1957 sunt

279 2010 442 2064 usque
474 1992 542 2048 ad
571 1992 697 2062 quia
733 1992 846 2061 ipse
870 2005 1165 2046 conversus
1191 1989 1326 2044 alios
1364 1988 1548 2058 plures
1591 1987 1658 2041 ad
1697 1985 1857 2041 ﬁdem
1887 1985 1936 2045 B
1964 1989 2156 2060 pulvis.
2189 1988 2422 2060 Spiritus
2463 2005 2591 2047 vero
2618 1992 2832 2048 Domini
2856 2010 2869 2046 :
2891 1993 3031 2049 Ecce
3061 1993 3326 2050 medicina
3356 2010 3542 2050 rever-

280 2084 565 2142 convertit.
611 2082 788 2138 Cernis
833 2099 852 2137 :
892 2092 1062 2153 petra.
1112 2081 1295 2153 (Auo.)
1325 2079 1482 2136 Cervi
1521 2087 1647 2135 sunt
1677 2080 1857 2150 magni

277 2181 602 2254 spirituales,
632 2189 738 2236 etc.
765 2221 780 2246 ,
822 2197 982 2250 usque
1026 2179 1096 2234 ad
1133 2178 1250 2234 haec
1300 2187 1384 2233 est
1426 2177 1490 2231 de
1527 2192 1631 2247 qua
1662 2174 1743 2248 (ut
1768 2190 1861 2229 su-

275 2290 375 2346 pra
406 2275 608 2329 dictum
629 2272 733 2344 est)
763 2272 995 2328 volucres
1019 2270 1132 2326 caeli
1161 2271 1290 2324 dant
1318 2288 1487 2326 voces.

346 2363 510 2420 Vens.
543 2364 628 2420 l9.
682 2393 748 2404 —
776 2361 923 2416 Fecit
966 2362 1166 2416 lunam.
1207 2360 1408 2432 (Cass)
1463 2360 1592 2416 Post
1643 2370 1856 2416 terrena

277 2458 473 2513 transit
498 2457 564 2511 ad
592 2457 858 2522 caelestia,
881 2471 1000 2525 qua:
1020 2462 1204 2509 tamen
1235 2463 1392 2508 terra:
1420 2452 1642 2518 faciunt,
1677 2453 1730 2508 id
1750 2463 1854 2518 est,

274 2553 536 2610 serviunt.
569 2550 698 2606 Post
750 2558 827 2604 tot
866 2563 1062 2619 genera
1088 2547 1547 2610 Christianorum,
1594 2560 1714 2614 qum
1759 2559 1856 2614 per

273 2639 527 2696 animalia
574 2638 915 2711 signiﬁcavit,
970 2645 1027 2692 et
1076 2635 1388 2706 prmdictam
1436 2634 1853 2698 ordinationem,

272 2731 570 2786 ascendens
610 2727 885 2800 subjungit
930 2727 998 2782 de
1043 2726 1264 2782 Christo
1311 2734 1368 2781 et
1414 2724 1677 2790 Ecclesia,
1729 2739 1858 2792 quo-

272 2825 434 2880 modo
452 2824 660 2880 scilicet
681 2823 772 2878 hic
787 2820 1100 2892 temporalis
1120 2819 1365 2875 Ecclesia
1387 2819 1585 2874 crescit
1600 2827 1653 2872 et
1670 2818 1856 2872 decre-

271 2916 394 2980 scit,
423 2915 575 2984 quasi
600 2912 765 2982 faciat
784 2926 1010 2966 occasus
1038 2919 1093 2964 et
1119 2918 1274 2965 ortus
1311 2909 1426 2964 veri
1453 2908 1602 2964 solis.

339 3006 504 3062 Vens.
534 3005 624 3059 20.
652 3033 726 3045 -—
746 3001 1000 3066 Posuisti,
1030 3010 1133 3056 etc.
1168 3000 1237 3054 Et
1259 3001 1404 3070 facta
1433 3010 1508 3054 est
1536 3016 1639 3054 nox
1666 3001 1721 3054 in
1751 3000 1852 3066 eis,

267 3099 322 3154 id
348 3105 433 3154 est
471 3096 702 3151 obscura
744 3072 946 3150 mentis
982 3092 1296 3148 obstinatio.
1327 3091 1398 3144 Et
1427 3092 1542 3161 ipsa
1581 3102 1854 3162 pertrem-

266 3187 436 3241 ibunt.
469 3185 651 3258 (Aue.)
679 3182 795 3238 Non
823 3190 883 3237 ut
925 3197 1109 3253 supra,
1157 3183 1424 3246 conversi,
1463 3181 1709 3252 gentiles,
1760 3183 1855 3238 sed

267 3279 561 3341 dmmones,
601 3275 694 3346 qui
724 3283 965 3344 tempore
1002 3272 1270 3345 passionis
1315 3271 1639 3327 invenerunt
1685 3273 1850 3328 corda

1962 2081 2037 2135 sis
2062 2081 2114 2134 in
2140 2081 2437 2151 pulverem.

2031 2171 2194 2225 Vens.
2231 2171 2413 2226 52.—
2439 2173 2694 2229 Tremere.
2747 2174 2929 2247 (Auc.)
2975 2175 3165 2232 Melior
3212 2187 3297 2233 est
3339 2187 3542 2236 tremor

1959 2262 2296 2329 humilitatis,
2330 2280 2493 2334 quam
2531 2264 2854 2321 confidentia
2895 2268 3180 2338 superbiae.
3209 2269 3361 2326 Unde
3395 2271 3540 2341 Apo-

1956 2353 2127 2408 stolus
2175 2372 2187 2406 :
2235 2352 2366 2408 Cum
2413 2365 2635 2410 tremore
2688 2358 2977 2428 operamini
3029 2370 3252 2414 uestram
3311 2361 3538 2416 salutem

1959 2433 2128 2510 (Phil.
2158 2443 2242 2514 ιι).
2273 2441 2498 2497 Montes.
2527 2443 2652 2516 (11).)
2683 2444 2786 2512 Qui
2815 2447 3032 2516 superbi
3063 2459 3238 2514 erant,
3269 2451 3536 2518 jactantes

1958 2549 1989 2588 a
2017 2550 2076 2589 se
2101 2535 2303 2589 omnia.
2337 2535 2800 2603 Quemadmodum
2837 2540 3035 2595 accidit
3079 2541 3134 2595 in
3169 2552 3351 2598 monte
3386 2541 3536 2598 Sina.

2028 2622 2192 2679 Vens.
2250 2624 2340 2677 3'5.
2372 2623 2723 2680 —Cantabo.
2773 2627 2977 2700 (Cass.)
3023 2630 3206 2685 Tertia
3261 2647 3409 2703 pars,
3447 2634 3539 2690 ubi

1958 2718 2224 2788 promittit
2275 2735 2334 2774 se
2395 2734 2610 2790 semper
2655 2731 3020 2777 cantaturum.
3068 2723 3232 2791 Quasi
3289 2727 3536 2782 diceret:

1957 2809 2083 2866 Haec
2119 2812 2378 2881 praedicta
2423 2811 2550 2868 fecit
2595 2813 2875 2879 Dominus,
2931 2825 2988 2870 et
3035 2817 3122 2872 his
3163 2819 3440 2888 inspectis.
3471 2819 3540 2874 In

1957 2903 2060 2957 vita
2087 2920 2225 2958 mea.
2251 2903 2434 2976 (Auc.)
2464 2904 2727 2961 Praesenti
2753 2917 2808 2962 et
2832 2907 3052 2976 futura;
3087 2911 3202 2979 spei
3224 2918 3280 2965 et
3314 2911 3536 2981 speciei.

1957 2993 2115 3048 Modo
2142 3010 2263 3065 spes
2283 3004 2368 3050 est
2397 2996 2508 3049 vita
2534 3006 2741 3062 nostra,
2773 3009 2896 3068 post
2919 3009 3126 3055 aeterna
3155 3001 3279 3054 erit.
3317 2999 3434 3055 Vita
3461 3001 3541 3054 vi-

1958 3094 2026 3140 tae
2050 3086 2314 3151 mortalis,
2340 3103 2464 3156 spes
2490 3098 2574 3154 est
2600 3090 2722 3144 vita:
2751 3092 3090 3148 immortalis.
3121 3093 3368 3158 Quandiu
3403 3111 3538 3150 sum.

1959 3175 2083 3249 (11).)
2124 3176 2261 3245 Quia
2296 3178 2349 3231 in
2394 3179 2484 3233 illo
2527 3181 2644 3234 sine
2685 3179 2790 3234 fine
2846 3197 2986 3248 sum,
3030 3184 3258 3254 psallam
3305 3187 3539 3254 quandiu

1957 3285 2098 3334 sum,
2130 3286 2199 3326 ne
2231 3280 2451 3342 putetur
2478 3272 2616 3327 alius
2661 3282 2812 3328 actus
2856 3274 2996 3330 illius
3019 3277 3160 3338 vitae,
3205 3293 3368 3347 quam
3397 3279 3542 3347 psal-

268 3337 1032 3435 titubantiumapostolorum';
1059 3363 1153 3418 sed
1173 3362 1391 3418 Christo
1421 3371 1692 3435 surgente,
1722 3365 1850 3434 quia
1877 3337 1924 3400 (ἶ
1955 3363 2068 3418 lere
2098 3383 2110 3417 :
2140 3337 2267 3435 quia
2302 3380 2406 3420 non
2452 3376 2631 3436 potest
2658 3367 2843 3423 venire
2873 3367 2928 3422 in
2967 3337 3264 3434 fastidium,
3310 3337 3542 3440 qui-Iau-

269 3458 328 3515 in
355 3459 609 3514 omnibus
637 3473 748 3514 non
781 3466 1030 3528 possunt,
1060 3458 1117 3512 in
1139 3457 1419 3523 cubilibus,
1463 3458 1515 3512 id
1535 3466 1642 3523 est,
1675 3458 1853 3513 cordi—

265 3550 367 3606 bus
403 3549 764 3620 pertinacium
799 3555 1122 3619 permanent
1148 3566 1161 3602 :
1185 3548 1264 3602 sic
1302 3546 1518 3603 Christo
1563 3549 1618 3602 in
1669 3548 1852 3618 aliquo

267 3642 568 3707 occidente,
617 3640 798 3710 vigent
847 3639 1010 3704 mala,
1051 3647 1370 3709 resurgente
1411 3639 1642 3707 fugiunt.
1685 3638 1852 3694 Occa-

269 3748 406 3786 sum.
447 3729 540 3786 Sol
568 3729 650 3786 sic
685 3727 905 3794 occidit,
941 3738 1001 3784 ut
1050 3728 1295 3784 oriatur:
1325 3729 1398 3783 ita
1423 3729 1514 3797 qui
1547 3729 1763 3790 dormit,
1798 3728 1852 3784 id

266 3837 371 3892 est,
401 3823 671 3890 Christus,
696 3839 804 3880 non
831 3821 1049 3892 adjiciet
1072 3831 1132 3877 ut
1152 3822 1434 3892 resurgat?
1465 3820 1697 3886 Occidit,
1720 3821 1850 3891 quia

266 3915 454 3981 voluit,
490 3929 648 3970 nemo
673 3913 813 3970 tollit
833 3914 1070 3968 animam
1105 3913 1261 3984 ejus;
1293 3928 1416 3968 cum
1443 3912 1661 3976 occidit,
1695 3921 1848 3968 tene-

208 4046 214 4052 -
265 4010 378 4066 bra:
403 4008 558 4080 factae
581 4015 709 4064 sunt
736 4007 792 4062 in
815 4006 1095 4078 apostolis,
1127 4004 1324 4062 defecit
1353 4021 1478 4076 spes
1507 4022 1717 4060 eorum.

341 4100 504 4156 Vens.
535 4100 626 4155 '21.
662 4129 733 4140 ——
761 4097 938 4154 Catuli
969 4097 1201 4164 leonum,
1244 4105 1348 4152 etc.
1385 4097 1565 4169 (Auo.)
1615 4097 1754 4152 Sunt
1795 4106 1850 4153 et

266 4191 537 4264 principes
566 4191 973 4256 dazmoniorum,
1005 4189 1147 4244 sicut
1171 4199 1228 4244 et
1264 4189 1428 4245 catuli
1473 4190 1850 4260 contemptibi-

266 4281 338 4338 lia
376 4282 660 4347 daemonia,
690 4296 810 4352 qua:
836 4280 890 4334 in
914 4277 1148 4335 tenebris
1173 4287 1421 4349 quaerunt
1443 4279 1701 4335 seducere
1727 4278 1846 4334 ani-

267 4391 418 4441 mas;
452 4375 625 4445 major
668 4373 754 4429 leo
777 4387 990 4442 semper
1027 4373 1266 4425 circumit
1301 4387 1539 4444 quarens
1575 4387 1726 4442 quem
1757 4371 1848 4426 de-

263 4477 405 4525 uoret
464 4467 516 4541 (ι
551 4466 668 4522 Pet.
697 4466 786 4538 v),
837 4473 1136 4536 pascuntur
1183 4473 1364 4520 autem
1409 4463 1688 4520 erroribus
1750 4462 1849 4518 ho-

266 4560 490 4614 minum.

337 4652 497 4710 Vens.
529 4649 619 4705 22.
645 4678 716 4688 —
747 4646 907 4702 Ortus
934 4655 1010 4701 est
1038 4645 1136 4711 sol,
1165 4657 1270 4701 etc.
1306 4644 1509 4717 (Cass.)
1549 4643 1840 4713 Postquam

266 4743 402 4799 dixit
429 4743 559 4812 quid
589 4739 719 4796 fecit
749 4753 978 4795 occasus
1004 4736 1120 4792 veri
1149 4737 1299 4801 solis,
1327 4735 1507 4791 subdit
1532 4736 1596 4790 de
1624 4742 1768 4790 ortu.

334 4832 497 4889 Vens.
543 4830 1106 4888 24.-—Possessione.
1154 4827 1337 4900 (Auc.)
1378 4827 1524 4882 Alias
1577 4836 1838 4880 creatura.

265 4927 390 4999 (11).)
418 4926 524 4983 Per
550 4925 825 4982 Christum
858 4923 1040 4988 Pater,
1082 4931 1212 4984 etc.,
1245 4937 1405 4991 usque
1449 4919 1516 4973 ad
1547 4919 1734 4974 datum
1757 4927 1842 4974 est

267 5029 446 5074 tamen
475 5019 677 5090 lignum
708 5017 763 5072 in
793 5032 901 5088 quo
929 5013 1417 5085 transnavigemus.

337 5110 500 5165 Vens.
526 5108 618 5163 25.
647 5138 718 5150 -—
745 5107 862 5162 Hoc
886 5124 1032 5161 mare
1070 5123 1337 5177 magnum,
1373 5115 1477 5160 etc.
1509 5103 1706 5177 (Cass)
1737 5103 1838 5158 Se-

263 5203 439 5256 cunda
467 5216 592 5272 pars
619 5199 711 5256 ubi
742 5199 872 5254 dicit
895 5217 908 5255 :
933 5198 1210 5265 Quomodo
1236 5197 1529 5253 Ecclesiam
1557 5212 1655 5266 per
1693 5210 1842 5251 mare

263 5292 448 5349 smculi
475 5293 708 5348 traducit
732 5294 799 5348 ad
824 5291 974 5345 littus
1002 5289 1214 5361 patriae.
1247 5288 1494 5360 Reptilia,
1517 5297 1619 5344 etc.
1656 5288 1838 5360 (Αῡο.)

262 5385 387 5440 Mali
413 5384 652 5455 spiritus,
677 5398 908 5454 quorum
941 5381 1150 5437 insidia:
1171 5391 1412 5452 serpunt.

335 5474 498 5528 Vens.
522 5475 611 5531 26.
639 5505 710 5514 -—
731 5473 906 5528 Draco
943 5473 1042 5528 iste
1065 5488 1216 5544 quem
1249 5471 1508 5542 fonnasti.
1541 5469 1664 5542 (11).)
1692 5469 1838 5526 Prm-

263 5576 346 5621 ter
374 5567 490 5621 haec
515 5565 785 5630 animalia,
814 5573 948 5630 etc.,
977 5581 1139 5636 usque
1173 5564 1241 5618 ad
1280 5564 1454 5617 factus
1481 5571 1564 5617 est
1593 5564 1644 5617 in
1686 5563 1838 5618 mali-

264 5659 338 5712 tia
370 5657 558 5729 major.
592 5655 674 5710 Λα
720 5655 1066 5709 illudendum.
1108 5654 1234 5727 (11).)
1263 5654 1470 5708 Dicitur
1499 5654 1550 5708 in
1580 5651 1681 5709 Job
1711 5653 1832 5725 (Job

260 5748 372 5814 χι),
403 5744 551 5801 illudi
579 5745 794 5800 Satanae
822 5743 891 5797 ab
912 5744 1115 5815 angelis
1143 5744 1258 5809 Dei,
1294 5743 1385 5812 qui
1412 5752 1537 5818 sunt
1562 5743 1834 5813 praepositi

257 5856 420 5912 super
453 5855 640 5896 aereas
668 5846 980 5910 potestates,
1013 5852 1080 5892 ne
1117 5843 1344 5893 noceant
1373 5837 1548 5891 nobis.

331 5932 492 5987 Vens.
524 5931 614 5988 27.
630 5961 702 5974 -
716 5930 928 5987 Etcum.
954 5929 1077 6004 (11).)
1098 5929 1533 6002 Cibusdraconis
1556 5937 1698 5983 terra
1718 5936 1824 5996 est,

1874 4705 1923 4764 1)

1956 3459 2135 3524 datur,
2173 3474 2282 3514 non
2311 3461 2460 3514 venit
2495 3461 2547 3514 in
2584 3459 2860 3516 fastidium
2906 3462 3161 3536 laudare;
3191 3463 3284 3518 sed
3328 3478 3541 3533 semper

1955 3556 2190 3613 amatur,
2218 3563 2432 3618 semper
2463 3550 2734 3605 laudatur.

2026 3641 2192 3695 Vens.
2227 3641 2407 3694 34.—
2431 3641 2740 3696 Iucundum
2785 3646 2873 3699 sit.
2923 3643 3041 3700 Alia
3093 3645 3271 3702 littera
3311 3646 3538 3703 :Suavis

1951 3735 2020 3788 sit
2060 3735 2107 3787 ei
2132 3733 2418 3802 disputatio
2445 3751 2580 3788 mea.
2617 3734 2798 3807 (Anc)
2829 3735 3130 3808 Disputatio
3173 3740 3320 3794 enim
3361 3739 3538 3796 homi-

1952 3828 2038 3882 nis
2095 3827 2162 3882 ad
2231 3827 2422 3892 Deum,
2488 3837 2573 3883 est
2621 3830 2890 3886 confessio
2970 3842 3334 3902 peccatorum.
3387 3832 3542 3890 Unde

1952 3917 2089 3972 Isaia
2127 3917 2264 3990 (Isa.
2294 3918 2355 3991 ι).
2387 3919 2604 3990 Auferte
2647 3921 2903 3992 nequitias
2933 3925 2997 3978 ab
3029 3925 3306 3979 animabus
3333 3927 3535 3990 vestris,

1951 4010 2108 4064 dicite
2133 4010 2450 4081 benefacere,
2483 4013 2723 4083 judicate
2761 4015 2984 4086 pupillo,
3023 4027 3070 4071 et
3097 4018 3260 4072 uenite
3287 4027 3334 4071 et
3355 4018 3540 4087 dispu-

1951 4111 2140 4166 temus,
2182 4102 2310 4156 dicit
2350 4103 2626 4159 Dominus.
2677 4105 2980 4176 DiSputatio
3018 4123 3148 4178 ergo
3188 4115 3297 4172 tua,
3331 4108 3538 4162 sacrifi-

1949 4193 2093 4248 cium
2117 4193 2438 4250 humilitatis
2477 4203 2601 4261 tuzn,
2625 4198 2769 4267 quod
2799 4206 2883 4252 est
2908 4199 3020 4254 Deo
3047 4213 3229 4252 suave.

2019 4284 2182 4343 Vens.
2212 4286 2302 4342 55.
2328 4317 2399 4326 -
2419 4286 2671 4352 Benedic,
2703 4289 2882 4341 anima
2929 4305 3069 4350 mea,
3117 4287 3360 4341 Domino.
3399 4287 3524 4358 (ln.)

1946 4375 2114 4431 Iterat
2167 4379 2310 4449 quod
2362 4379 2416 4434 in
2466 4379 2733 4448 principio
2774 4378 3294 4448 psalmi:Benedic,
3352 4380 3530 4433 anima

1945 4485 2085 4534 mea,
2120 4468 2365 4532 Domino,
2393 4483 2490 4538 per
2517 4469 2620 4525 hoc
2647 4470 2898 4536 innuens,
2929 4470 3071 4540 quod
3101 4469 3222 4524 finis
3269 4470 3528 4524 bonorum

1945 4557 2140 4614 similis
2164 4559 2235 4614 sit
2260 4560 2545 4630 principio.

2476 4691 2799 4751 PSALMUS
2855 4694 2987 4753 CIV.

2018 4828 2185 4883 Vens.
2233 4829 2284 4883 1.
2310 4858 2378 4868 —
2403 4827 2650 4883 Alleluia.
2701 4829 2896 4900 (CAss.)
2939 4831 3037 4888 Hic
3081 4834 3257 4903 primo
3291 4835 3522 4900 alleluia,

1947 4935 2048 4975 nec
2080 4928 2206 4975 ante
2235 4935 2268 4974 a
2310 4934 2581 4990 quoquam
2631 4921 2794 4975 situm
2840 4932 2941 4990 est,
2974 4925 3116 4994 quod
3145 4925 3292 4980 nulla
3344 4925 3525 4996 lingua

1946 5012 2290 5081 praesumpsit
2318 5019 2548 5066 mutare.
2579 5011 2829 5080 Alleluia,
2859 5014 3094 5072 laudate.
3119 5015 3186 5070 la
3207 5031 3402 5072 nomen
3429 5017 3525 5079 Dei

1941 5103 2249 5168 invisibilis,
2318 5104 2462 5173 quod
2510 5103 2558 5158 ei
2607 5113 2820 5160 tantum
2867 5107 3140 5162 convenit.
3191 5105 3294 5159 Der
3332 5107 3522 5178 viginti

1941 5191 2197 5262 psalmos,
2232 5193 2429 5263 quibus
2455 5193 2545 5249 hic
2572 5194 2756 5250 titulus
2785 5206 2890 5262 est,
2919 5195 3189 5264 magnalia
3216 5195 3311 5251 Dei
3334 5197 3522 5254 dicun-

1942 5293 2047 5349 tur,
2066 5291 2122 5339 et
2144 5299 2340 5355 magna
2368 5285 2422 5338 in
2459 5286 2539 5340 eis
2567 5296 2652 5342 est
2684 5287 2997 5342 exsultatio.
3022 5285 3219 5358 (Csss.)
3250 5285 3348 5342 Hic
3368 5304 3520 5346 com-

1943 5374 2160 5442 mendat
2190 5377 2452 5447 propheta
2505 5379 2676 5435 bonos
2725 5380 2779 5434 in
2829 5379 2918 5434 illo
2961 5379 3159 5451 populo
3201 5381 3386 5448 Israel,
3427 5361 3518 5452 qui

1939 5483 2061 5524 cum
2090 5469 2213 5524 aliis
2256 5469 2502 5528 ﬁdelibus
2545 5481 2673 5528 sunt
2702 5488 2889 5528 verum
2920 5488 3107 5530 semen
3134 5476 3390 5542 Abrahae,
3421 5477 3516 5533 lilii

1937 5561 2330 5630 promissionis.
2609 5569 2616 5576 '

2011 5649 2346 5722 Conﬂtemtni
2388 5655 2634 5713 Domino.
2681 5657 2864 5729 (Auc.)
2886 5657 3102 5716 Primus
3145 5661 3383 5731 psalmus
3427 5664 3512 5718 cui

1937 5753 2269 5814 praenotatur
2306 5745 2538 5812 alleluia,
2585 5757 2714 5814 etc.,
2752 5766 2914 5821 usque
2939 5753 3008 5805 ad
3050 5768 3169 5823 quae
3198 5753 3511 5823 temporalia

1937 5836 2308 5892 misericordia
2349 5838 2555 5894 Dei-eis
2585 5841 2752 5907 dedit,
2781 5845 3033 5914 supponit
3098 5823 3113 5839 ’
3495 5834 3540 5873 ⁵

2011 5931 2176 5988 Vens.
2207 5931 2260 5986 2.
2289 5963 2357 5972 —
2388 5930 2578 5988 Omnia
2607 5950 2627 5990 :
2653 5933 2856 6009 (Cass)
2879 5938 3090 6005 omnia;
3121 5937 3256 5994 nihil
3293 5947 3378 5996 est
3404 5955 3508 6010 pu-
