  <div class='ocr_page' id='page_1' title='image "/cluster/home/n/w/nwhite01/storage/ocr_20150623/113/hvd.32044018909572/517.png"; bbox 0 0 4008 6348; ppageno 0'>
   <div class='ocr_carea' id='block_1_1' title="bbox 472 481 612 538">
    <p class='ocr_par' dir='ltr' id='par_1_1' title="bbox 472 481 612 538">
     <span class='ocr_line' id='line_1_1' title="bbox 472 481 612 538; baseline -0.014 0"><span class='ocrx_word' id='word_1_1' title='bbox 472 481 612 538; x_wconf 76' lang='grc'><strong>1025</strong></span> 
     </span>
    </p>
   </div>
   <div class='ocr_carea' id='block_1_2' title="bbox 963 457 3168 533">
    <p class='ocr_par' dir='ltr' id='par_1_2' title="bbox 963 457 3168 533">
     <span class='ocr_line' id='line_1_2' title="bbox 963 457 3168 533; baseline -0.005 0"><span class='ocrx_word' id='word_1_2' title='bbox 963 477 1352 533; x_wconf 77' lang='lat' dir='ltr'><strong>WALAFRIDI</strong></span> <span class='ocrx_word' id='word_1_3' title='bbox 1391 475 1632 531; x_wconf 73' lang='lat' dir='ltr'><strong>S-TRABI</strong></span> <span class='ocrx_word' id='word_1_4' title='bbox 1673 471 1875 528; x_wconf 83' lang='lat' dir='ltr'><strong>FULD.</strong></span> <span class='ocrx_word' id='word_1_5' title='bbox 1918 470 2082 527; x_wconf 78' lang='lat' dir='ltr'><strong>MON.</strong></span> <span class='ocrx_word' id='word_1_6' title='bbox 2111 457 2275 527; x_wconf 78' lang='grc' dir='ltr'><strong>ὈΡΡ.</strong></span> <span class='ocrx_word' id='word_1_7' title='bbox 2317 472 2571 532; x_wconf 66' lang='lat' dir='ltr'><strong>PARS].</strong></span> <span class='ocrx_word' id='word_1_8' title='bbox 2608 500 2676 511; x_wconf 89' lang='lat'><strong>—-</strong></span> <span class='ocrx_word' id='word_1_9' title='bbox 2714 468 3168 526; x_wconf 81' lang='lat' dir='ltr'><strong>THEOLOGICA.</strong></span> 
     </span>
    </p>
   </div>
   <div class='ocr_carea' id='block_1_3' title="bbox 3525 472 3748 525">
    <p class='ocr_par' dir='ltr' id='par_1_3' title="bbox 3525 472 3748 525">
     <span class='ocr_line' id='line_1_3' title="bbox 3525 472 3748 525; baseline 0 -1"><span class='ocrx_word' id='word_1_10' title='bbox 3525 472 3748 525; x_wconf 61' lang='grc'><strong>..1024</strong></span> 
     </span>
    </p>
   </div>
   <div class='ocr_carea' id='block_1_4' title="bbox 468 592 3752 668">
    <p class='ocr_par' dir='ltr' id='par_1_4' title="bbox 468 592 3752 668">
     <span class='ocr_line' id='line_1_4' title="bbox 468 592 3752 668; baseline -0.001 -17"><span class='ocrx_word' id='word_1_11' title='bbox 468 595 654 668; x_wconf 82' lang='lat' dir='ltr'><strong>ptismi</strong></span> <span class='ocrx_word' id='word_1_12' title='bbox 699 593 900 650; x_wconf 82' lang='lat' dir='ltr'><strong>factum</strong></span> <span class='ocrx_word' id='word_1_13' title='bbox 956 603 1082 658; x_wconf 87' lang='lat' dir='ltr'><strong>est,</strong></span> <span class='ocrx_word' id='word_1_14' title='bbox 1140 596 1194 648; x_wconf 87' lang='lat' dir='ltr'><strong>in</strong></span> <span class='ocrx_word' id='word_1_15' title='bbox 1237 610 1344 664; x_wconf 93' lang='lat' dir='ltr'><strong>quo</strong></span> <span class='ocrx_word' id='word_1_16' title='bbox 1393 594 1707 648; x_wconf 84' lang='lat' dir='ltr'><strong>redimimur</strong></span> <span class='ocrx_word' id='word_1_17' title='bbox 1755 592 1822 646; x_wconf 90' lang='lat' dir='ltr'><strong>de</strong></span> <span class='ocrx_word' id='word_1_18' title='bbox 1875 606 2040 646; x_wconf 90' lang='lat' dir='ltr'><strong>manu</strong></span> <span class='ocrx_word' id='word_1_19' title='bbox 2066 595 2115 654; x_wconf 80' lang='grc' dir='ltr'><strong>Α</strong></span> <span class='ocrx_word' id='word_1_20' title='bbox 2142 607 2286 660; x_wconf 89' lang='lat' dir='ltr'><strong>pars,</strong></span> <span class='ocrx_word' id='word_1_21' title='bbox 2340 593 2432 647; x_wconf 90' lang='lat' dir='ltr'><strong>ubi</strong></span> <span class='ocrx_word' id='word_1_22' title='bbox 2475 592 2604 647; x_wconf 99' lang='lat' dir='ltr'><strong>item</strong></span> <span class='ocrx_word' id='word_1_23' title='bbox 2651 603 2708 648; x_wconf 93' lang='lat' dir='ltr'><strong>et</strong></span> <span class='ocrx_word' id='word_1_24' title='bbox 2753 593 2858 647; x_wconf 79' lang='lat' dir='ltr'><strong>alia</strong></span> <span class='ocrx_word' id='word_1_25' title='bbox 2901 599 3124 662; x_wconf 86' lang='lat' dir='ltr'><strong>peccata</strong></span> <span class='ocrx_word' id='word_1_26' title='bbox 3165 600 3470 659; x_wconf 76' lang='lat' dir='ltr'><strong>enumerat,</strong></span> <span class='ocrx_word' id='word_1_27' title='bbox 3527 601 3583 647; x_wconf 87' lang='lat' dir='ltr'><strong>et</strong></span> <span class='ocrx_word' id='word_1_28' title='bbox 3640 604 3752 662; x_wconf 69' lang='lat' dir='ltr'><strong>per</strong></span> 
     </span>
    </p>
   </div>
   <div class='ocr_carea' id='block_1_5' title="bbox 471 682 2041 758">
    <p class='ocr_par' dir='ltr' id='par_1_5' title="bbox 471 682 2041 758">
     <span class='ocr_line' id='line_1_5' title="bbox 471 682 2041 758; baseline -0.004 -15"><span class='ocrx_word' id='word_1_29' title='bbox 471 686 669 744; x_wconf 86' lang='lat' dir='ltr'><strong>diaboli</strong></span> <span class='ocrx_word' id='word_1_30' title='bbox 719 687 979 758; x_wconf 72' lang='lat' dir='ltr'><strong>sanguine</strong></span> <span class='ocrx_word' id='word_1_31' title='bbox 1028 686 1268 752; x_wconf 76' lang='lat' dir='ltr'><strong>Christi;</strong></span> <span class='ocrx_word' id='word_1_32' title='bbox 1325 686 1467 741; x_wconf 91' lang='lat' dir='ltr'><strong>unde</strong></span> <span class='ocrx_word' id='word_1_33' title='bbox 1517 696 1572 742; x_wconf 91' lang='lat' dir='ltr'><strong>et</strong></span> <span class='ocrx_word' id='word_1_34' title='bbox 1615 701 1760 740; x_wconf 84' lang='lat' dir='ltr'><strong>mare</strong></span> <span class='ocrx_word' id='word_1_35' title='bbox 1805 682 2041 738; x_wconf 81' lang='lat' dir='ltr'><strong><em>Rubrum</em></strong></span> 
     </span>
    </p>
   </div>
   <div class='ocr_carea' id='block_1_6' title="bbox 471 776 1752 848">
    <p class='ocr_par' dir='ltr' id='par_1_6' title="bbox 471 776 1752 848">
     <span class='ocr_line' id='line_1_6' title="bbox 471 776 1752 848; baseline -0.003 -16"><span class='ocrx_word' id='word_1_36' title='bbox 471 777 657 844; x_wconf 82' lang='lat' dir='ltr'><strong>dixit,</strong></span> <span class='ocrx_word' id='word_1_37' title='bbox 709 777 854 847; x_wconf 91' lang='lat' dir='ltr'><strong>quod</strong></span> <span class='ocrx_word' id='word_1_38' title='bbox 908 776 1091 832; x_wconf 88' lang='lat' dir='ltr'><strong>colore</strong></span> <span class='ocrx_word' id='word_1_39' title='bbox 1141 777 1358 846; x_wconf 80' lang='lat' dir='ltr'><strong>sanguis</strong></span> <span class='ocrx_word' id='word_1_40' title='bbox 1403 776 1752 848; x_wconf 90' lang='lat' dir='ltr'><strong>ﬁgurabatur.</strong></span> 
     </span>
    </p>
   </div>
   <div class='ocr_carea' id='block_1_7' title="bbox 547 863 2044 936">
    <p class='ocr_par' dir='ltr' id='par_1_7' title="bbox 547 863 2044 936">
     <span class='ocr_line' id='line_1_7' title="bbox 547 863 2044 936; baseline -0.003 -13"><span class='ocrx_word' id='word_1_41' title='bbox 547 865 708 922; x_wconf 71' lang='lat' dir='ltr'><strong>Vsus.</strong></span> <span class='ocrx_word' id='word_1_42' title='bbox 753 866 839 921; x_wconf 80' lang='grc'><strong>12.</strong></span> <span class='ocrx_word' id='word_1_43' title='bbox 876 895 947 906; x_wconf 94' lang='grc'><strong><em>-</em></strong></span> <span class='ocrx_word' id='word_1_44' title='bbox 973 865 1044 919; x_wconf 88' lang='lat' dir='ltr'><strong>Et</strong></span> <span class='ocrx_word' id='word_1_45' title='bbox 1071 865 1402 920; x_wconf 80' lang='lat' dir='ltr'><strong>crediderunt</strong></span> <span class='ocrx_word' id='word_1_46' title='bbox 1431 866 1506 918; x_wconf 88' lang='lat' dir='ltr'><strong>in.</strong></span> <span class='ocrx_word' id='word_1_47' title='bbox 1537 865 1720 936; x_wconf 80' lang='lat' dir='ltr'><strong>(Auc.)</strong></span> <span class='ocrx_word' id='word_1_48' title='bbox 1743 864 1884 919; x_wconf 83' lang='lat' dir='ltr'><strong>Ecce</strong></span> <span class='ocrx_word' id='word_1_49' title='bbox 1912 863 2044 918; x_wconf 91' lang='lat' dir='ltr'><strong>dura</strong></span> 
     </span>
    </p>
   </div>
   <div class='ocr_carea' id='block_1_8' title="bbox 471 955 2043 1030">
    <p class='ocr_par' dir='ltr' id='par_1_8' title="bbox 471 955 2043 1030">
     <span class='ocr_line' id='line_1_8' title="bbox 471 955 2043 1030; baseline -0.006 -13"><span class='ocrx_word' id='word_1_50' title='bbox 471 962 631 1018; x_wconf 89' lang='lat' dir='ltr'><strong>corda</strong></span> <span class='ocrx_word' id='word_1_51' title='bbox 674 959 1002 1023; x_wconf 66' lang='lat' dir='ltr'><strong>Iudaeorum,</strong></span> <span class='ocrx_word' id='word_1_52' title='bbox 1032 974 1152 1030; x_wconf 75' lang='lat' dir='ltr'><strong>qua:</strong></span> <span class='ocrx_word' id='word_1_53' title='bbox 1189 975 1294 1013; x_wconf 89' lang='lat' dir='ltr'><strong>non</strong></span> <span class='ocrx_word' id='word_1_54' title='bbox 1322 967 1464 1023; x_wconf 87' lang='lat' dir='ltr'><strong>ante,</strong></span> <span class='ocrx_word' id='word_1_55' title='bbox 1507 958 1598 1012; x_wconf 89' lang='lat' dir='ltr'><strong>sed</strong></span> <span class='ocrx_word' id='word_1_56' title='bbox 1637 965 1759 1028; x_wconf 89' lang='lat' dir='ltr'><strong>post</strong></span> <span class='ocrx_word' id='word_1_57' title='bbox 1789 955 2043 1012; x_wconf 86' lang='lat' dir='ltr'><strong>miracula</strong></span> 
     </span>
    </p>
   </div>
   <div class='ocr_carea' id='block_1_9' title="bbox 474 1051 1692 1121">
    <p class='ocr_par' dir='ltr' id='par_1_9' title="bbox 474 1051 1692 1121">
     <span class='ocr_line' id='line_1_9' title="bbox 474 1051 1692 1121; baseline -0.006 -10"><span class='ocrx_word' id='word_1_58' title='bbox 474 1054 699 1111; x_wconf 87' lang='lat' dir='ltr'><strong>credunt</strong></span> <span class='ocrx_word' id='word_1_59' title='bbox 722 1074 734 1107; x_wconf 91' lang='lat'>:</span> <span class='ocrx_word' id='word_1_60' title='bbox 759 1052 948 1108; x_wconf 85' lang='lat' dir='ltr'><strong>melius</strong></span> <span class='ocrx_word' id='word_1_61' title='bbox 977 1051 1076 1106; x_wconf 83' lang='lat' dir='ltr'><strong>fuit</strong></span> <span class='ocrx_word' id='word_1_62' title='bbox 1095 1052 1424 1121; x_wconf 89' lang='lat' dir='ltr'><strong>promittenti</strong></span> <span class='ocrx_word' id='word_1_63' title='bbox 1453 1051 1692 1105; x_wconf 89' lang='lat' dir='ltr'><strong>credere.</strong></span> 
     </span>
    </p>
   </div>
   <div class='ocr_carea' id='block_1_10' title="bbox 544 1138 2046 1211">
    <p class='ocr_par' dir='ltr' id='par_1_10' title="bbox 544 1138 2046 1211">
     <span class='ocr_line' id='line_1_10' title="bbox 544 1138 2046 1211; baseline -0.003 -13"><span class='ocrx_word' id='word_1_64' title='bbox 544 1143 706 1200; x_wconf 69' lang='lat' dir='ltr'><strong>Vens.</strong></span> <span class='ocrx_word' id='word_1_65' title='bbox 738 1144 824 1198; x_wconf 86' lang='grc'><strong>15.</strong></span> <span class='ocrx_word' id='word_1_66' title='bbox 847 1172 918 1184; x_wconf 89' lang='lat'><strong>——</strong></span> <span class='ocrx_word' id='word_1_67' title='bbox 939 1141 1056 1197; x_wconf 84' lang='lat' dir='ltr'><strong>Cito</strong></span> <span class='ocrx_word' id='word_1_68' title='bbox 1083 1143 1336 1211; x_wconf 79' lang='lat' dir='ltr'><strong>fecerunt,</strong></span> <span class='ocrx_word' id='word_1_69' title='bbox 1361 1140 1524 1195; x_wconf 79' lang='lat' dir='ltr'><strong>obliti.</strong></span> <span class='ocrx_word' id='word_1_70' title='bbox 1563 1140 1743 1194; x_wconf 87' lang='lat' dir='ltr'><strong>Tertia</strong></span> <span class='ocrx_word' id='word_1_71' title='bbox 1777 1155 1922 1210; x_wconf 90' lang='lat' dir='ltr'><strong>pars,</strong></span> <span class='ocrx_word' id='word_1_72' title='bbox 1955 1138 2046 1194; x_wconf 92' lang='lat' dir='ltr'><strong>ubi</strong></span> 
     </span>
    </p>
   </div>
   <div class='ocr_carea' id='block_1_11' title="bbox 471 1234 2047 1309">
    <p class='ocr_par' dir='ltr' id='par_1_11' title="bbox 471 1234 2047 1309">
     <span class='ocr_line' id='line_1_11' title="bbox 471 1234 2047 1309; baseline -0.006 -15"><span class='ocrx_word' id='word_1_73' title='bbox 471 1238 941 1309; x_wconf 79' lang='lat' dir='ltr'><strong>exponitpeccata,</strong></span> <span class='ocrx_word' id='word_1_74' title='bbox 961 1252 1079 1306; x_wconf 81' lang='lat' dir='ltr'><strong>quae</strong></span> <span class='ocrx_word' id='word_1_75' title='bbox 1090 1244 1212 1306; x_wconf 90' lang='lat' dir='ltr'><strong>post</strong></span> <span class='ocrx_word' id='word_1_76' title='bbox 1231 1236 1436 1290; x_wconf 87' lang='lat' dir='ltr'><strong>exitum</strong></span> <span class='ocrx_word' id='word_1_77' title='bbox 1459 1234 1727 1288; x_wconf 79' lang='lat' dir='ltr'><strong>fecerunt:</strong></span> <span class='ocrx_word' id='word_1_78' title='bbox 1743 1246 1844 1286; x_wconf 91' lang='lat' dir='ltr'><strong>nec</strong></span> <span class='ocrx_word' id='word_1_79' title='bbox 1867 1240 2047 1286; x_wconf 88' lang='lat' dir='ltr'><strong>tamen</strong></span> 
     </span>
    </p>
   </div>
   <div class='ocr_carea' id='block_1_12' title="bbox 474 1321 2047 1396">
    <p class='ocr_par' dir='ltr' id='par_1_12' title="bbox 474 1321 2047 1396">
     <span class='ocr_line' id='line_1_12' title="bbox 474 1321 2047 1396; baseline -0.006 -10"><span class='ocrx_word' id='word_1_80' title='bbox 474 1331 642 1386; x_wconf 84' lang='lat' dir='ltr'><strong>defuit</strong></span> <span class='ocrx_word' id='word_1_81' title='bbox 687 1331 766 1385; x_wconf 87' lang='lat' dir='ltr'><strong>eis</strong></span> <span class='ocrx_word' id='word_1_82' title='bbox 793 1329 1156 1384; x_wconf 81' lang='lat' dir='ltr'><strong>misericordia</strong></span> <span class='ocrx_word' id='word_1_83' title='bbox 1198 1327 1293 1382; x_wconf 90' lang='lat' dir='ltr'><strong>Dei</strong></span> <span class='ocrx_word' id='word_1_84' title='bbox 1333 1342 1429 1396; x_wconf 90' lang='lat' dir='ltr'><strong>per</strong></span> <span class='ocrx_word' id='word_1_85' title='bbox 1458 1324 1675 1395; x_wconf 77' lang='lat' dir='ltr'><strong>Moysen</strong></span> <span class='ocrx_word' id='word_1_86' title='bbox 1706 1323 1922 1393; x_wconf 86' lang='lat' dir='ltr'><strong>placati.</strong></span> <span class='ocrx_word' id='word_1_87' title='bbox 1947 1321 2047 1378; x_wconf 89' lang='lat' dir='ltr'><strong>Vel</strong></span> 
     </span>
    </p>
   </div>
   <div class='ocr_carea' id='block_1_13' title="bbox 473 1413 2046 1490">
    <p class='ocr_par' dir='ltr' id='par_1_13' title="bbox 473 1413 2046 1490">
     <span class='ocr_line' id='line_1_13' title="bbox 473 1413 2046 1490; baseline -0.003 -15"><span class='ocrx_word' id='word_1_88' title='bbox 473 1421 757 1490; x_wconf 89' lang='lat' dir='ltr'><strong>correptio,</strong></span> <span class='ocrx_word' id='word_1_89' title='bbox 785 1435 881 1490; x_wconf 89' lang='lat' dir='ltr'><strong>per</strong></span> <span class='ocrx_word' id='word_1_90' title='bbox 898 1418 1164 1487; x_wconf 82' lang='lat' dir='ltr'><strong>justitiam</strong></span> <span class='ocrx_word' id='word_1_91' title='bbox 1193 1417 1307 1481; x_wconf 88' lang='lat' dir='ltr'><strong>Dei,</strong></span> <span class='ocrx_word' id='word_1_92' title='bbox 1341 1416 1395 1470; x_wconf 90' lang='lat' dir='ltr'><strong>in</strong></span> <span class='ocrx_word' id='word_1_93' title='bbox 1421 1415 1681 1485; x_wconf 88' lang='lat' dir='ltr'><strong>quosdam</strong></span> <span class='ocrx_word' id='word_1_94' title='bbox 1708 1429 1806 1482; x_wconf 91' lang='lat' dir='ltr'><strong>per</strong></span> <span class='ocrx_word' id='word_1_95' title='bbox 1828 1413 2046 1486; x_wconf 84' lang='lat' dir='ltr'><strong>Moysen</strong></span> 
     </span>
    </p>
   </div>
   <div class='ocr_carea' id='block_1_14' title="bbox 472 1506 2048 1582">
    <p class='ocr_par' dir='ltr' id='par_1_14' title="bbox 472 1506 2048 1582">
     <span class='ocr_line' id='line_1_14' title="bbox 472 1506 2048 1582; baseline -0.002 -17"><span class='ocrx_word' id='word_1_96' title='bbox 472 1513 815 1567; x_wconf 89' lang='lat' dir='ltr'><strong>vindicantis.</strong></span> <span class='ocrx_word' id='word_1_97' title='bbox 846 1510 1048 1582; x_wconf 69' lang='lat' dir='ltr'><strong>(Cass)</strong></span> <span class='ocrx_word' id='word_1_98' title='bbox 1078 1508 1191 1564; x_wconf 89' lang='lat' dir='ltr'><strong>Cito</strong></span> <span class='ocrx_word' id='word_1_99' title='bbox 1235 1508 1484 1578; x_wconf 77' lang='lat' dir='ltr'><strong>fecerunt.</strong></span> <span class='ocrx_word' id='word_1_100' title='bbox 1529 1506 1749 1561; x_wconf 90' lang='lat' dir='ltr'><strong>Summa</strong></span> <span class='ocrx_word' id='word_1_101' title='bbox 1773 1506 2048 1562; x_wconf 84' lang='lat' dir='ltr'><strong>celeritate</strong></span> 
     </span>
    </p>
   </div>
   <div class='ocr_carea' id='block_1_15' title="bbox 471 1596 2044 1671">
    <p class='ocr_par' dir='ltr' id='par_1_15' title="bbox 471 1596 2044 1671">
     <span class='ocr_line' id='line_1_15' title="bbox 471 1596 2044 1671; baseline -0.002 -15"><span class='ocrx_word' id='word_1_102' title='bbox 471 1603 661 1656; x_wconf 86' lang='lat' dir='ltr'><strong>mutati</strong></span> <span class='ocrx_word' id='word_1_103' title='bbox 696 1611 840 1666; x_wconf 89' lang='lat' dir='ltr'><strong>sunt,</strong></span> <span class='ocrx_word' id='word_1_104' title='bbox 864 1611 996 1664; x_wconf 91' lang='lat' dir='ltr'><strong>etc.,</strong></span> <span class='ocrx_word' id='word_1_105' title='bbox 1023 1617 1185 1671; x_wconf 86' lang='lat' dir='ltr'><strong>usque</strong></span> <span class='ocrx_word' id='word_1_106' title='bbox 1213 1599 1282 1653; x_wconf 90' lang='lat' dir='ltr'><strong>ad</strong></span> <span class='ocrx_word' id='word_1_107' title='bbox 1307 1596 1513 1654; x_wconf 86' lang='lat' dir='ltr'><strong>distulit</strong></span> <span class='ocrx_word' id='word_1_108' title='bbox 1536 1596 1680 1650; x_wconf 92' lang='lat' dir='ltr'><strong>enim</strong></span> <span class='ocrx_word' id='word_1_109' title='bbox 1726 1596 1868 1651; x_wconf 88' lang='lat' dir='ltr'><strong>Deus</strong></span> <span class='ocrx_word' id='word_1_110' title='bbox 1894 1597 2044 1664; x_wconf 83' lang='lat' dir='ltr'><strong>dare,</strong></span> 
     </span>
    </p>
   </div>
   <div class='ocr_carea' id='block_1_16' title="bbox 471 1692 952 1762">
    <p class='ocr_par' dir='ltr' id='par_1_16' title="bbox 471 1692 952 1762">
     <span class='ocr_line' id='line_1_16' title="bbox 471 1692 952 1762; baseline 0 -16"><span class='ocrx_word' id='word_1_111' title='bbox 471 1705 529 1746; x_wconf 92' lang='lat' dir='ltr'><strong>ut</strong></span> <span class='ocrx_word' id='word_1_112' title='bbox 557 1692 810 1762; x_wconf 83' lang='lat' dir='ltr'><strong>probaret</strong></span> <span class='ocrx_word' id='word_1_113' title='bbox 837 1707 952 1748; x_wconf 91' lang='lat' dir='ltr'><strong>eos.</strong></span> 
     </span>
    </p>
   </div>
   <div class='ocr_carea' id='block_1_17' title="bbox 544 1783 2048 1854">
    <p class='ocr_par' dir='ltr' id='par_1_17' title="bbox 544 1783 2048 1854">
     <span class='ocr_line' id='line_1_17' title="bbox 544 1783 2048 1854; baseline -0.001 -15"><span class='ocrx_word' id='word_1_114' title='bbox 544 1785 702 1841; x_wconf 76' lang='lat' dir='ltr'><strong>Vens.</strong></span> <span class='ocrx_word' id='word_1_115' title='bbox 753 1786 841 1840; x_wconf 72' lang='grc'><strong>14.</strong></span> <span class='ocrx_word' id='word_1_116' title='bbox 872 1817 942 1826; x_wconf 92' lang='grc'><strong><em>-</em></strong></span> <span class='ocrx_word' id='word_1_117' title='bbox 961 1784 1343 1853; x_wconf 83' lang='lat' dir='ltr'><strong>Concupierunt</strong></span> <span class='ocrx_word' id='word_1_118' title='bbox 1371 1784 1837 1854; x_wconf 76' lang='lat' dir='ltr'><strong>concupiscentiam</strong></span> <span class='ocrx_word' id='word_1_119' title='bbox 1875 1783 1932 1837; x_wconf 88' lang='lat' dir='ltr'><strong>in</strong></span> <span class='ocrx_word' id='word_1_120' title='bbox 1958 1783 2048 1838; x_wconf 86' lang='lat' dir='ltr'><strong>de-</strong></span> 
     </span>
    </p>
   </div>
   <div class='ocr_carea' id='block_1_18' title="bbox 2144 684 3040 755">
    <p class='ocr_par' dir='ltr' id='par_1_18' title="bbox 2144 684 3040 755">
     <span class='ocr_line' id='line_1_18' title="bbox 2144 684 3040 755; baseline 0 -17"><span class='ocrx_word' id='word_1_121' title='bbox 2144 684 2378 740; x_wconf 88' lang='lat' dir='ltr'><strong>Phinees</strong></span> <span class='ocrx_word' id='word_1_122' title='bbox 2395 684 2664 755; x_wconf 88' lang='lat' dir='ltr'><strong>placatum</strong></span> <span class='ocrx_word' id='word_1_123' title='bbox 2688 685 2854 738; x_wconf 91' lang='lat' dir='ltr'><strong>Deum</strong></span> <span class='ocrx_word' id='word_1_124' title='bbox 2892 684 3040 739; x_wconf 91' lang='lat' dir='ltr'><strong>dicit.</strong></span> 
     </span>
    </p>
   </div>
   <div class='ocr_carea' id='block_1_19' title="bbox 2219 776 3754 850">
    <p class='ocr_par' dir='ltr' id='par_1_19' title="bbox 2219 776 3754 850">
     <span class='ocr_line' id='line_1_19' title="bbox 2219 776 3754 850; baseline 0.003 -18"><span class='ocrx_word' id='word_1_125' title='bbox 2219 777 2343 833; x_wconf 88' lang='lat' dir='ltr'><strong>Non</strong></span> <span class='ocrx_word' id='word_1_126' title='bbox 2370 780 2702 834; x_wconf 85' lang='lat' dir='ltr'><strong>crediderunt</strong></span> <span class='ocrx_word' id='word_1_127' title='bbox 2732 780 2881 833; x_wconf 90' lang='lat' dir='ltr'><strong>verbo</strong></span> <span class='ocrx_word' id='word_1_128' title='bbox 2907 781 3039 849; x_wconf 84' lang='lat' dir='ltr'><strong>ejus.</strong></span> <span class='ocrx_word' id='word_1_129' title='bbox 3066 777 3251 850; x_wconf 82' lang='lat' dir='ltr'><strong>(Auc.)</strong></span> <span class='ocrx_word' id='word_1_130' title='bbox 3274 776 3754 850; x_wconf 74' lang='lat' dir='ltr'><strong>Contempserunt</strong></span> 
     </span>
    </p>
   </div>
   <div class='ocr_carea' id='block_1_20' title="bbox 2146 869 3751 942">
    <p class='ocr_par' dir='ltr' id='par_1_20' title="bbox 2146 869 3751 942">
     <span class='ocr_line' id='line_1_20' title="bbox 2146 869 3751 942; baseline 0 -16"><span class='ocrx_word' id='word_1_131' title='bbox 2146 871 2286 942; x_wconf 90' lang='lat' dir='ltr'><strong>quod</strong></span> <span class='ocrx_word' id='word_1_132' title='bbox 2300 886 2397 940; x_wconf 89' lang='lat' dir='ltr'><strong>per</strong></span> <span class='ocrx_word' id='word_1_133' title='bbox 2416 871 2560 926; x_wconf 86' lang='lat' dir='ltr'><strong>illam</strong></span> <span class='ocrx_word' id='word_1_134' title='bbox 2582 871 3006 940; x_wconf 91' lang='lat' dir='ltr'><strong>signiﬁcabatur,</strong></span> <span class='ocrx_word' id='word_1_135' title='bbox 3021 878 3126 925; x_wconf 86' lang='lat' dir='ltr'><strong>etc.</strong></span> <span class='ocrx_word' id='word_1_136' title='bbox 3137 910 3153 936; x_wconf 89' lang='lat'><strong>,</strong></span> <span class='ocrx_word' id='word_1_137' title='bbox 3172 885 3333 940; x_wconf 86' lang='lat' dir='ltr'><strong>usque</strong></span> <span class='ocrx_word' id='word_1_138' title='bbox 3355 872 3424 924; x_wconf 88' lang='lat' dir='ltr'><strong>ad</strong></span> <span class='ocrx_word' id='word_1_139' title='bbox 3437 886 3544 925; x_wconf 91' lang='lat' dir='ltr'><strong>non</strong></span> <span class='ocrx_word' id='word_1_140' title='bbox 3561 869 3751 926; x_wconf 85' lang='lat' dir='ltr'><strong>susti-</strong></span> 
     </span>
    </p>
   </div>
   <div class='ocr_carea' id='block_1_21' title="bbox 2148 960 2844 1031">
    <p class='ocr_par' dir='ltr' id='par_1_21' title="bbox 2148 960 2844 1031">
     <span class='ocr_line' id='line_1_21' title="bbox 2148 960 2844 1031; baseline 0 -17"><span class='ocrx_word' id='word_1_141' title='bbox 2148 969 2378 1016; x_wconf 90' lang='lat' dir='ltr'><strong>nuerunt</strong></span> <span class='ocrx_word' id='word_1_142' title='bbox 2398 960 2680 1016; x_wconf 91' lang='lat' dir='ltr'><strong>consilium</strong></span> <span class='ocrx_word' id='word_1_143' title='bbox 2706 961 2844 1031; x_wconf 89' lang='lat' dir='ltr'><strong>ejus.</strong></span> 
     </span>
    </p>
   </div>
   <div class='ocr_carea' id='block_1_22' title="bbox 2216 1049 3750 1123">
    <p class='ocr_par' dir='ltr' id='par_1_22' title="bbox 2216 1049 3750 1123">
     <span class='ocr_line' id='line_1_22' title="bbox 2216 1049 3750 1123; baseline 0.001 -19"><span class='ocrx_word' id='word_1_144' title='bbox 2216 1050 2283 1105; x_wconf 87' lang='lat' dir='ltr'><strong>In</strong></span> <span class='ocrx_word' id='word_1_145' title='bbox 2304 1052 2652 1106; x_wconf 83' lang='lat' dir='ltr'><strong>tabernaculis</strong></span> <span class='ocrx_word' id='word_1_146' title='bbox 2675 1053 2808 1121; x_wconf 89' lang='lat' dir='ltr'><strong>ejus.</strong></span> <span class='ocrx_word' id='word_1_147' title='bbox 2841 1050 3040 1123; x_wconf 89' lang='lat' dir='ltr'><strong>(Cass.)</strong></span> <span class='ocrx_word' id='word_1_148' title='bbox 3081 1049 3579 1117; x_wconf 86' lang='lat' dir='ltr'><strong>Murmuraverunt,</strong></span> <span class='ocrx_word' id='word_1_149' title='bbox 3605 1052 3750 1121; x_wconf 84' lang='lat' dir='ltr'><strong>quia</strong></span> 
     </span>
    </p>
   </div>
   <div class='ocr_carea' id='block_1_23' title="bbox 2147 1142 3754 1214">
    <p class='ocr_par' dir='ltr' id='par_1_23' title="bbox 2147 1142 3754 1214">
     <span class='ocr_line' id='line_1_23' title="bbox 2147 1142 3754 1214; baseline 0.002 -18"><span class='ocrx_word' id='word_1_150' title='bbox 2147 1142 2249 1196; x_wconf 90' lang='lat' dir='ltr'><strong>hoc</strong></span> <span class='ocrx_word' id='word_1_151' title='bbox 2295 1157 2401 1196; x_wconf 93' lang='lat' dir='ltr'><strong>non</strong></span> <span class='ocrx_word' id='word_1_152' title='bbox 2442 1142 2829 1207; x_wconf 88' lang='lat' dir='ltr'><strong>laborantibus,</strong></span> <span class='ocrx_word' id='word_1_153' title='bbox 2873 1143 2968 1198; x_wconf 91' lang='lat' dir='ltr'><strong>sed</strong></span> <span class='ocrx_word' id='word_1_154' title='bbox 3014 1142 3207 1198; x_wconf 90' lang='lat' dir='ltr'><strong>otiosis</strong></span> <span class='ocrx_word' id='word_1_155' title='bbox 3254 1142 3540 1214; x_wconf 86' lang='lat' dir='ltr'><strong>contingit,</strong></span> <span class='ocrx_word' id='word_1_156' title='bbox 3593 1143 3754 1199; x_wconf 86' lang='lat' dir='ltr'><strong>unde</strong></span> 
     </span>
    </p>
   </div>
   <div class='ocr_carea' id='block_1_24' title="bbox 2147 1232 3052 1303">
    <p class='ocr_par' dir='ltr' id='par_1_24' title="bbox 2147 1232 3052 1303">
     <span class='ocr_line' id='line_1_24' title="bbox 2147 1232 3052 1303; baseline 0 -16"><span class='ocrx_word' id='word_1_157' title='bbox 2147 1232 2319 1303; x_wconf 88' lang='lat' dir='ltr'><strong>major</strong></span> <span class='ocrx_word' id='word_1_158' title='bbox 2342 1233 2540 1288; x_wconf 87' lang='lat' dir='ltr'><strong>invidia</strong></span> <span class='ocrx_word' id='word_1_159' title='bbox 2568 1234 2815 1289; x_wconf 90' lang='lat' dir='ltr'><strong>criminis</strong></span> <span class='ocrx_word' id='word_1_160' title='bbox 2835 1234 3052 1289; x_wconf 83' lang='lat' dir='ltr'><strong>crescit.</strong></span> 
     </span>
    </p>
   </div>
   <div class='ocr_carea' id='block_1_25' title="bbox 2219 1322 3749 1397">
    <p class='ocr_par' dir='ltr' id='par_1_25' title="bbox 2219 1322 3749 1397">
     <span class='ocr_line' id='line_1_25' title="bbox 2219 1322 3749 1397; baseline 0.008 -25"><span class='ocrx_word' id='word_1_161' title='bbox 2219 1323 2376 1378; x_wconf 73' lang='lat' dir='ltr'><strong>Vens.</strong></span> <span class='ocrx_word' id='word_1_162' title='bbox 2405 1323 2494 1377; x_wconf 88' lang='grc'><strong>26.</strong></span> <span class='ocrx_word' id='word_1_163' title='bbox 2507 1353 2579 1364; x_wconf 92' lang='lat'><strong><em>—</em></strong></span> <span class='ocrx_word' id='word_1_164' title='bbox 2597 1322 2664 1378; x_wconf 89' lang='lat' dir='ltr'><strong>Et</strong></span> <span class='ocrx_word' id='word_1_165' title='bbox 2686 1324 2902 1379; x_wconf 85' lang='lat' dir='ltr'><strong>elevavit</strong></span> <span class='ocrx_word' id='word_1_166' title='bbox 2915 1341 3125 1378; x_wconf 84' lang='lat' dir='ltr'><strong>manum</strong></span> <span class='ocrx_word' id='word_1_167' title='bbox 3149 1342 3303 1380; x_wconf 84' lang='lat' dir='ltr'><strong>suam</strong></span> <span class='ocrx_word' id='word_1_168' title='bbox 3320 1341 3480 1397; x_wconf 82' lang='lat' dir='ltr'><strong>super</strong></span> <span class='ocrx_word' id='word_1_169' title='bbox 3497 1342 3614 1392; x_wconf 90' lang='lat' dir='ltr'><strong>eos,</strong></span> <span class='ocrx_word' id='word_1_170' title='bbox 3631 1337 3749 1384; x_wconf 89' lang='lat' dir='ltr'><strong>etc.</strong></span> 
     </span>
    </p>
   </div>
   <div class='ocr_carea' id='block_1_26' title="bbox 2149 1412 3752 1484">
    <p class='ocr_par' dir='ltr' id='par_1_26' title="bbox 2149 1412 3752 1484">
     <span class='ocr_line' id='line_1_26' title="bbox 2149 1412 3752 1484; baseline 0.002 -16"><span class='ocrx_word' id='word_1_171' title='bbox 2149 1412 2354 1484; x_wconf 88' lang='lat' dir='ltr'><strong>(Cass.)</strong></span> <span class='ocrx_word' id='word_1_172' title='bbox 2428 1412 2554 1469; x_wconf 69' lang='lat' dir='ltr'><strong>Haec</strong></span> <span class='ocrx_word' id='word_1_173' title='bbox 2587 1413 2805 1482; x_wconf 90' lang='lat' dir='ltr'><strong>justitia</strong></span> <span class='ocrx_word' id='word_1_174' title='bbox 2868 1413 2964 1468; x_wconf 89' lang='lat' dir='ltr'><strong>Dei</strong></span> <span class='ocrx_word' id='word_1_175' title='bbox 3007 1416 3375 1484; x_wconf 65' lang='lat' dir='ltr'><strong>praemittitur,</strong></span> <span class='ocrx_word' id='word_1_176' title='bbox 3414 1432 3474 1470; x_wconf 85' lang='lat' dir='ltr'><strong>ut</strong></span> <span class='ocrx_word' id='word_1_177' title='bbox 3546 1424 3752 1472; x_wconf 83' lang='lat' dir='ltr'><strong>secuta</strong></span> 
     </span>
    </p>
   </div>
   <div class='ocr_carea' id='block_1_27' title="bbox 2144 1502 3751 1576">
    <p class='ocr_par' dir='ltr' id='par_1_27' title="bbox 2144 1502 3751 1576">
     <span class='ocr_line' id='line_1_27' title="bbox 2144 1502 3751 1576; baseline 0.003 -20"><span class='ocrx_word' id='word_1_178' title='bbox 2144 1503 2318 1572; x_wconf 89' lang='lat' dir='ltr'><strong>pietas</strong></span> <span class='ocrx_word' id='word_1_179' title='bbox 2364 1503 2535 1574; x_wconf 88' lang='lat' dir='ltr'><strong>magis</strong></span> <span class='ocrx_word' id='word_1_180' title='bbox 2575 1502 2938 1574; x_wconf 88' lang='lat' dir='ltr'><strong>glorilicctur,</strong></span> <span class='ocrx_word' id='word_1_181' title='bbox 2989 1520 3108 1575; x_wconf 77' lang='lat' dir='ltr'><strong>quae</strong></span> <span class='ocrx_word' id='word_1_182' title='bbox 3148 1505 3324 1575; x_wconf 88' lang='lat' dir='ltr'><strong>pietas</strong></span> <span class='ocrx_word' id='word_1_183' title='bbox 3370 1506 3426 1559; x_wconf 91' lang='lat' dir='ltr'><strong>in</strong></span> <span class='ocrx_word' id='word_1_184' title='bbox 3489 1507 3751 1576; x_wconf 83' lang='lat' dir='ltr'><strong>sequenti</strong></span> 
     </span>
    </p>
   </div>
   <div class='ocr_carea' id='block_1_28' title="bbox 2145 1594 3751 1668">
    <p class='ocr_par' dir='ltr' id='par_1_28' title="bbox 2145 1594 3751 1668">
     <span class='ocr_line' id='line_1_28' title="bbox 2145 1594 3751 1668; baseline 0.004 -20"><span class='ocrx_word' id='word_1_185' title='bbox 2145 1594 2476 1661; x_wconf 85' lang='lat' dir='ltr'><strong>ostenditur,</strong></span> <span class='ocrx_word' id='word_1_186' title='bbox 2523 1595 2614 1650; x_wconf 90' lang='lat' dir='ltr'><strong>ubi</strong></span> <span class='ocrx_word' id='word_1_187' title='bbox 2665 1595 2973 1650; x_wconf 89' lang='lat' dir='ltr'><strong>interventu</strong></span> <span class='ocrx_word' id='word_1_188' title='bbox 3015 1596 3248 1653; x_wconf 86' lang='lat' dir='ltr'><strong>Phinees</strong></span> <span class='ocrx_word' id='word_1_189' title='bbox 3293 1598 3436 1653; x_wconf 88' lang='lat' dir='ltr'><strong>Deus</strong></span> <span class='ocrx_word' id='word_1_190' title='bbox 3492 1599 3751 1668; x_wconf 85' lang='lat' dir='ltr'><strong>placatus</strong></span> 
     </span>
    </p>
   </div>
   <div class='ocr_carea' id='block_1_29' title="bbox 2148 1685 2363 1740">
    <p class='ocr_par' dir='ltr' id='par_1_29' title="bbox 2148 1685 2363 1740">
     <span class='ocr_line' id='line_1_29' title="bbox 2148 1685 2363 1740; baseline 0.009 -2"><span class='ocrx_word' id='word_1_191' title='bbox 2148 1685 2363 1740; x_wconf 90' lang='lat' dir='ltr'><strong>dicitur.</strong></span> 
     </span>
    </p>
   </div>
   <div class='ocr_carea' id='block_1_30' title="bbox 2217 1773 3748 1851">
    <p class='ocr_par' dir='ltr' id='par_1_30' title="bbox 2217 1773 3748 1851">
     <span class='ocr_line' id='line_1_30' title="bbox 2217 1773 3748 1851; baseline 0.003 -22"><span class='ocrx_word' id='word_1_192' title='bbox 2217 1773 2380 1830; x_wconf 77' lang='lat' dir='ltr'><strong>Vsus.</strong></span> <span class='ocrx_word' id='word_1_193' title='bbox 2422 1775 2512 1831; x_wconf 90' lang='grc'><strong>28.</strong></span> <span class='ocrx_word' id='word_1_194' title='bbox 2545 1777 2706 1832; x_wconf 75' lang='grc' dir='ltr'><strong>-Εε</strong></span> <span class='ocrx_word' id='word_1_195' title='bbox 2769 1779 2962 1834; x_wconf 78' lang='lat' dir='ltr'><strong>initiati</strong></span> <span class='ocrx_word' id='word_1_196' title='bbox 3022 1789 3145 1834; x_wconf 86' lang='lat' dir='ltr'><strong>sunt</strong></span> <span class='ocrx_word' id='word_1_197' title='bbox 3217 1779 3559 1851; x_wconf 81' lang='lat' dir='ltr'><strong>Beelpltegor.</strong></span> <span class='ocrx_word' id='word_1_198' title='bbox 3619 1781 3748 1851; x_wconf 76' lang='grc' dir='ltr'><strong>(ιιι.)</strong></span> 
     </span>
    </p>
   </div>
   <div class='ocr_carea' id='block_1_31' title="bbox 469 1867 3746 1948">
    <p class='ocr_par' dir='ltr' id='par_1_31' title="bbox 469 1867 3746 1948">
     <span class='ocr_line' id='line_1_31' title="bbox 469 1867 3746 1948; baseline 0.001 -22"><span class='ocrx_word' id='word_1_199' title='bbox 469 1889 623 1930; x_wconf 83' lang='lat' dir='ltr'><strong>serto.</strong></span> <span class='ocrx_word' id='word_1_200' title='bbox 654 1877 835 1948; x_wconf 56' lang='lat' dir='ltr'><strong>(Anc)</strong></span> <span class='ocrx_word' id='word_1_201' title='bbox 851 1877 995 1932; x_wconf 87' lang='lat' dir='ltr'><strong>Talis</strong></span> <span class='ocrx_word' id='word_1_202' title='bbox 1019 1877 1237 1941; x_wconf 85' lang='lat' dir='ltr'><strong>locutio,</strong></span> <span class='ocrx_word' id='word_1_203' title='bbox 1261 1886 1319 1932; x_wconf 81' lang='lat' dir='ltr'><strong>ut</strong></span> <span class='ocrx_word' id='word_1_204' title='bbox 1338 1876 1702 1939; x_wconf 79' lang='lat' dir='ltr'><strong>laudauerunt,</strong></span> <span class='ocrx_word' id='word_1_205' title='bbox 1723 1884 1827 1930; x_wconf 90' lang='lat' dir='ltr'><strong>etc.</strong></span> <span class='ocrx_word' id='word_1_206' title='bbox 1846 1874 2045 1947; x_wconf 68' lang='lat' dir='ltr'><strong>(Cass)</strong></span> <span class='ocrx_word' id='word_1_207' title='bbox 2073 1944 2112 1948; x_wconf 79' lang='lat'><strong><em>_</em></strong></span> <span class='ocrx_word' id='word_1_208' title='bbox 2148 1867 2587 1931; x_wconf 89' lang='lat' dir='ltr'><strong>Vel,-consecrati</strong></span> <span class='ocrx_word' id='word_1_209' title='bbox 2610 1881 2755 1938; x_wconf 92' lang='lat' dir='ltr'><strong>sunt,</strong></span> <span class='ocrx_word' id='word_1_210' title='bbox 2776 1873 3112 1942; x_wconf 89' lang='lat' dir='ltr'><strong>quasi-modo</strong></span> <span class='ocrx_word' id='word_1_211' title='bbox 3133 1874 3201 1928; x_wconf 92' lang='lat' dir='ltr'><strong>ad</strong></span> <span class='ocrx_word' id='word_1_212' title='bbox 3226 1884 3440 1943; x_wconf 90' lang='lat' dir='ltr'><strong>tempus</strong></span> <span class='ocrx_word' id='word_1_213' title='bbox 3464 1875 3746 1930; x_wconf 81' lang='lat' dir='ltr'><strong>colentes:</strong></span> 
     </span>
    </p>
   </div>
   <div class='ocr_carea' id='block_1_32' title="bbox 471 1967 1945 2038">
    <p class='ocr_par' dir='ltr' id='par_1_32' title="bbox 471 1967 1945 2038">
     <span class='ocr_line' id='line_1_32' title="bbox 471 1967 1945 2038; baseline 0 -18"><span class='ocrx_word' id='word_1_214' title='bbox 471 1967 730 2023; x_wconf 87' lang='lat' dir='ltr'><strong>Nimietas</strong></span> <span class='ocrx_word' id='word_1_215' title='bbox 757 1968 1035 2033; x_wconf 89' lang='lat' dir='ltr'><strong>desiderii,</strong></span> <span class='ocrx_word' id='word_1_216' title='bbox 1069 1968 1433 2038; x_wconf 78' lang='lat' dir='ltr'><strong>geminatione</strong></span> <span class='ocrx_word' id='word_1_217' title='bbox 1451 1967 1601 2021; x_wconf 83' lang='lat' dir='ltr'><strong>verbi</strong></span> <span class='ocrx_word' id='word_1_218' title='bbox 1628 1967 1945 2022; x_wconf 87' lang='lat' dir='ltr'><strong>ostenditur.</strong></span> 
     </span>
    </p>
   </div>
   <div class='ocr_carea' id='block_1_33' title="bbox 543 2052 2044 2114">
    <p class='ocr_par' dir='ltr' id='par_1_33' title="bbox 543 2052 2044 2114">
     <span class='ocr_line' id='line_1_33' title="bbox 543 2052 2044 2114; baseline 0.001 -4"><span class='ocrx_word' id='word_1_219' title='bbox 543 2056 704 2113; x_wconf 76' lang='lat' dir='ltr'><strong>Vsus.</strong></span> <span class='ocrx_word' id='word_1_220' title='bbox 738 2059 823 2113; x_wconf 88' lang='lat'><strong>15.</strong></span> <span class='ocrx_word' id='word_1_221' title='bbox 845 2089 917 2098; x_wconf 99' lang='lat'>—</span> <span class='ocrx_word' id='word_1_222' title='bbox 937 2057 1296 2114; x_wconf 85' lang='lat' dir='ltr'><strong>Saturitatem.</strong></span> <span class='ocrx_word' id='word_1_223' title='bbox 1323 2056 1438 2114; x_wconf 89' lang='lat' dir='ltr'><strong>Non</strong></span> <span class='ocrx_word' id='word_1_224' title='bbox 1463 2065 1548 2112; x_wconf 92' lang='lat' dir='ltr'><strong>est</strong></span> <span class='ocrx_word' id='word_1_225' title='bbox 1567 2057 1682 2112; x_wconf 75' lang='lat' dir='ltr'><strong>haec</strong></span> <span class='ocrx_word' id='word_1_226' title='bbox 1702 2052 1960 2112; x_wconf 76' lang='lat' dir='ltr'><strong>salui-itas</strong></span> <span class='ocrx_word' id='word_1_227' title='bbox 1978 2058 2044 2112; x_wconf 90' lang='lat' dir='ltr'><strong>de</strong></span> 
     </span>
    </p>
   </div>
   <div class='ocr_carea' id='block_1_34' title="bbox 469 2146 2039 2220">
    <p class='ocr_par' dir='ltr' id='par_1_34' title="bbox 469 2146 2039 2220">
     <span class='ocr_line' id='line_1_34' title="bbox 469 2146 2039 2220; baseline -0.001 -16"><span class='ocrx_word' id='word_1_228' title='bbox 469 2165 574 2220; x_wconf 89' lang='lat' dir='ltr'><strong>qua</strong></span> <span class='ocrx_word' id='word_1_229' title='bbox 599 2150 812 2205; x_wconf 89' lang='lat' dir='ltr'><strong>dicitur.</strong></span> <span class='ocrx_word' id='word_1_230' title='bbox 839 2149 988 2204; x_wconf 85' lang='lat' dir='ltr'><strong>Beati</strong></span> <span class='ocrx_word' id='word_1_231' title='bbox 1027 2151 1116 2220; x_wconf 87' lang='lat' dir='ltr'><strong>qui</strong></span> <span class='ocrx_word' id='word_1_232' title='bbox 1161 2149 1394 2203; x_wconf 85' lang='lat' dir='ltr'><strong>esuriunt</strong></span> <span class='ocrx_word' id='word_1_233' title='bbox 1444 2157 1491 2202; x_wconf 92' lang='lat' dir='ltr'><strong>et</strong></span> <span class='ocrx_word' id='word_1_234' title='bbox 1539 2147 1721 2201; x_wconf 85' lang='lat' dir='ltr'><strong>sitiunt</strong></span> <span class='ocrx_word' id='word_1_235' title='bbox 1762 2146 2039 2216; x_wconf 86' lang='lat' dir='ltr'><strong>justitiam,</strong></span> 
     </span>
    </p>
   </div>
   <div class='ocr_carea' id='block_1_35' title="bbox 469 2235 1592 2311">
    <p class='ocr_par' dir='ltr' id='par_1_35' title="bbox 469 2235 1592 2311">
     <span class='ocr_line' id='line_1_35' title="bbox 469 2235 1592 2311; baseline -0.003 -18"><span class='ocrx_word' id='word_1_236' title='bbox 469 2241 717 2311; x_wconf 84' lang='lat' dir='ltr'><strong>quoniam</strong></span> <span class='ocrx_word' id='word_1_237' title='bbox 746 2240 847 2309; x_wconf 85' lang='lat' dir='ltr'><strong>ipsi</strong></span> <span class='ocrx_word' id='word_1_238' title='bbox 873 2239 1253 2294; x_wconf 86' lang='lat' dir='ltr'><strong>saturabuntur</strong></span> <span class='ocrx_word' id='word_1_239' title='bbox 1275 2235 1493 2309; x_wconf 75' lang='lat' dir='ltr'><strong>(Matth.</strong></span> <span class='ocrx_word' id='word_1_240' title='bbox 1519 2236 1592 2307; x_wconf 93' lang='lat' dir='ltr'><strong>v).</strong></span> 
     </span>
    </p>
   </div>
   <div class='ocr_carea' id='block_1_36' title="bbox 539 2327 2045 2400">
    <p class='ocr_par' dir='ltr' id='par_1_36' title="bbox 539 2327 2045 2400">
     <span class='ocr_line' id='line_1_36' title="bbox 539 2327 2045 2400; baseline -0.001 -16"><span class='ocrx_word' id='word_1_241' title='bbox 539 2330 608 2384; x_wconf 86' lang='lat' dir='ltr'><strong>ln</strong></span> <span class='ocrx_word' id='word_1_242' title='bbox 652 2331 856 2384; x_wconf 82' lang='lat' dir='ltr'><strong>animas</strong></span> <span class='ocrx_word' id='word_1_243' title='bbox 895 2346 1096 2384; x_wconf 88' lang='lat' dir='ltr'><strong>eorum.</strong></span> <span class='ocrx_word' id='word_1_244' title='bbox 1120 2327 1303 2400; x_wconf 81' lang='lat' dir='ltr'><strong>(Auc.)</strong></span> <span class='ocrx_word' id='word_1_245' title='bbox 1329 2327 1750 2394; x_wconf 86' lang='lat' dir='ltr'><strong>Animalitatem,</strong></span> <span class='ocrx_word' id='word_1_246' title='bbox 1777 2342 1898 2397; x_wconf 68' lang='lat' dir='ltr'><strong>quae</strong></span> <span class='ocrx_word' id='word_1_247' title='bbox 1925 2343 2045 2384; x_wconf 85' lang='lat' dir='ltr'><strong>sus-</strong></span> 
     </span>
    </p>
   </div>
   <div class='ocr_carea' id='block_1_37' title="bbox 470 2418 2045 2490">
    <p class='ocr_par' dir='ltr' id='par_1_37' title="bbox 470 2418 2045 2490">
     <span class='ocr_line' id='line_1_37' title="bbox 470 2418 2045 2490; baseline -0.002 -12"><span class='ocrx_word' id='word_1_248' title='bbox 470 2430 710 2478; x_wconf 91' lang='lat' dir='ltr'><strong>tentatur</strong></span> <span class='ocrx_word' id='word_1_249' title='bbox 733 2437 859 2478; x_wconf 89' lang='lat' dir='ltr'><strong>esca</strong></span> <span class='ocrx_word' id='word_1_250' title='bbox 888 2440 902 2475; x_wconf 89' lang='lat'><strong>:</strong></span> <span class='ocrx_word' id='word_1_251' title='bbox 953 2420 1106 2476; x_wconf 90' lang='lat' dir='ltr'><strong>Unde</strong></span> <span class='ocrx_word' id='word_1_252' title='bbox 1132 2432 1190 2476; x_wconf 91' lang='lat' dir='ltr'><strong>et</strong></span> <span class='ocrx_word' id='word_1_253' title='bbox 1217 2420 1271 2476; x_wconf 93' lang='lat' dir='ltr'><strong>in</strong></span> <span class='ocrx_word' id='word_1_254' title='bbox 1303 2418 1623 2490; x_wconf 88' lang='lat' dir='ltr'><strong>Evangelio:</strong></span> <span class='ocrx_word' id='word_1_255' title='bbox 1657 2419 1848 2474; x_wconf 88' lang='lat' dir='ltr'><strong>Nonne</strong></span> <span class='ocrx_word' id='word_1_256' title='bbox 1867 2421 2045 2476; x_wconf 88' lang='lat' dir='ltr'><strong>anima</strong></span> 
     </span>
    </p>
   </div>
   <div class='ocr_carea' id='block_1_38' title="bbox 469 2511 2046 2586">
    <p class='ocr_par' dir='ltr' id='par_1_38' title="bbox 469 2511 2046 2586">
     <span class='ocr_line' id='line_1_38' title="bbox 469 2511 2046 2586; baseline -0.001 -16"><span class='ocrx_word' id='word_1_257' title='bbox 469 2525 543 2570; x_wconf 87' lang='lat' dir='ltr'><strong>est</strong></span> <span class='ocrx_word' id='word_1_258' title='bbox 571 2515 688 2586; x_wconf 85' lang='lat' dir='ltr'><strong>plus</strong></span> <span class='ocrx_word' id='word_1_259' title='bbox 729 2531 886 2586; x_wconf 87' lang='lat' dir='ltr'><strong>quam</strong></span> <span class='ocrx_word' id='word_1_260' title='bbox 924 2515 1082 2569; x_wconf 80' lang='lat' dir='ltr'><strong>esca?</strong></span> <span class='ocrx_word' id='word_1_261' title='bbox 1109 2513 1228 2580; x_wconf 91' lang='lat' dir='ltr'><strong>Vel,</strong></span> <span class='ocrx_word' id='word_1_262' title='bbox 1263 2513 1489 2576; x_wconf 90' lang='lat' dir='ltr'><strong>animas,</strong></span> <span class='ocrx_word' id='word_1_263' title='bbox 1524 2519 1583 2566; x_wconf 91' lang='lat' dir='ltr'><strong>ut</strong></span> <span class='ocrx_word' id='word_1_264' title='bbox 1610 2511 1877 2577; x_wconf 88' lang='lat' dir='ltr'><strong>voluntas,</strong></span> <span class='ocrx_word' id='word_1_265' title='bbox 1925 2527 2046 2582; x_wconf 67' lang='lat' dir='ltr'><strong>quas</strong></span> 
     </span>
    </p>
   </div>
   <div class='ocr_carea' id='block_1_39' title="bbox 471 2603 2042 2676">
    <p class='ocr_par' dir='ltr' id='par_1_39' title="bbox 471 2603 2042 2676">
     <span class='ocr_line' id='line_1_39' title="bbox 471 2603 2042 2676; baseline -0.001 -15"><span class='ocrx_word' id='word_1_266' title='bbox 471 2606 803 2676; x_wconf 88' lang='lat' dir='ltr'><strong>desperando</strong></span> <span class='ocrx_word' id='word_1_267' title='bbox 845 2606 1094 2676; x_wconf 91' lang='lat' dir='ltr'><strong>petierat,</strong></span> <span class='ocrx_word' id='word_1_268' title='bbox 1125 2605 1277 2674; x_wconf 92' lang='lat' dir='ltr'><strong>copia</strong></span> <span class='ocrx_word' id='word_1_269' title='bbox 1319 2604 1653 2670; x_wconf 89' lang='lat' dir='ltr'><strong>vinceretur;</strong></span> <span class='ocrx_word' id='word_1_270' title='bbox 1686 2603 2042 2670; x_wconf 86' lang='lat' dir='ltr'><strong>saturitatem,</strong></span> 
     </span>
    </p>
   </div>
   <div class='ocr_carea' id='block_1_40' title="bbox 470 2696 1350 2766">
    <p class='ocr_par' dir='ltr' id='par_1_40' title="bbox 470 2696 1350 2766">
     <span class='ocr_line' id='line_1_40' title="bbox 470 2696 1350 2766; baseline -0.001 -15"><span class='ocrx_word' id='word_1_271' title='bbox 470 2697 716 2766; x_wconf 88' lang='lat' dir='ltr'><strong>sequitur</strong></span> <span class='ocrx_word' id='word_1_272' title='bbox 742 2696 956 2758; x_wconf 89' lang='lat' dir='ltr'><strong>seditio,</strong></span> <span class='ocrx_word' id='word_1_273' title='bbox 982 2696 1124 2750; x_wconf 92' lang='lat' dir='ltr'><strong>unde</strong></span> <span class='ocrx_word' id='word_1_274' title='bbox 1150 2696 1350 2750; x_wconf 90' lang='lat' dir='ltr'><strong>subdit.</strong></span> 
     </span>
    </p>
   </div>
   <div class='ocr_carea' id='block_1_41' title="bbox 546 2786 2047 2859">
    <p class='ocr_par' dir='ltr' id='par_1_41' title="bbox 546 2786 2047 2859">
     <span class='ocr_line' id='line_1_41' title="bbox 546 2786 2047 2859; baseline 0.002 -19"><span class='ocrx_word' id='word_1_275' title='bbox 546 2787 704 2842; x_wconf 77' lang='lat' dir='ltr'><strong>Vens.</strong></span> <span class='ocrx_word' id='word_1_276' title='bbox 736 2787 820 2840; x_wconf 88' lang='lat'><strong>16.</strong></span> <span class='ocrx_word' id='word_1_277' title='bbox 841 2817 912 2826; x_wconf 95' lang='lat'><strong><em>—</em></strong></span> <span class='ocrx_word' id='word_1_278' title='bbox 933 2787 999 2840; x_wconf 87' lang='lat' dir='ltr'><strong>Et</strong></span> <span class='ocrx_word' id='word_1_279' title='bbox 1025 2788 1381 2844; x_wconf 85' lang='lat' dir='ltr'><strong>irritaverunt.</strong></span> <span class='ocrx_word' id='word_1_280' title='bbox 1408 2788 1610 2859; x_wconf 66' lang='lat' dir='ltr'><strong>(Cass)</strong></span> <span class='ocrx_word' id='word_1_281' title='bbox 1633 2786 1901 2842; x_wconf 83' lang='lat' dir='ltr'><strong>Honorem</strong></span> <span class='ocrx_word' id='word_1_282' title='bbox 1930 2803 2047 2843; x_wconf 90' lang='lat' dir='ltr'><strong>am-</strong></span> 
     </span>
    </p>
   </div>
   <div class='ocr_carea' id='block_1_42' title="bbox 473 2874 2048 2945">
    <p class='ocr_par' dir='ltr' id='par_1_42' title="bbox 473 2874 2048 2945">
     <span class='ocr_line' id='line_1_42' title="bbox 473 2874 2048 2945; baseline -0.001 -14"><span class='ocrx_word' id='word_1_283' title='bbox 473 2877 681 2931; x_wconf 84' lang='lat' dir='ltr'><strong>bientes</strong></span> <span class='ocrx_word' id='word_1_284' title='bbox 703 2874 1022 2940; x_wconf 89' lang='lat' dir='ltr'><strong>invidendo,</strong></span> <span class='ocrx_word' id='word_1_285' title='bbox 1049 2875 1267 2945; x_wconf 81' lang='lat' dir='ltr'><strong>Moysen</strong></span> <span class='ocrx_word' id='word_1_286' title='bbox 1296 2876 1348 2929; x_wconf 91' lang='lat' dir='ltr'><strong>in</strong></span> <span class='ocrx_word' id='word_1_287' title='bbox 1377 2877 1591 2941; x_wconf 89' lang='lat' dir='ltr'><strong>castris,</strong></span> <span class='ocrx_word' id='word_1_288' title='bbox 1622 2885 1678 2930; x_wconf 92' lang='lat' dir='ltr'><strong>et</strong></span> <span class='ocrx_word' id='word_1_289' title='bbox 1703 2876 1884 2931; x_wconf 82' lang='lat' dir='ltr'><strong>Aaron</strong></span> <span class='ocrx_word' id='word_1_290' title='bbox 1922 2891 2048 2931; x_wconf 88' lang='lat' dir='ltr'><strong>san-</strong></span> 
     </span>
    </p>
   </div>
   <div class='ocr_carea' id='block_1_43' title="bbox 471 2963 2048 3038">
    <p class='ocr_par' dir='ltr' id='par_1_43' title="bbox 471 2963 2048 3038">
     <span class='ocr_line' id='line_1_43' title="bbox 471 2963 2048 3038; baseline 0.001 -15"><span class='ocrx_word' id='word_1_291' title='bbox 471 2975 615 3025; x_wconf 87' lang='lat' dir='ltr'><strong>ctum</strong></span> <span class='ocrx_word' id='word_1_292' title='bbox 641 2964 882 3020; x_wconf 88' lang='lat' dir='ltr'><strong>Domini:</strong></span> <span class='ocrx_word' id='word_1_293' title='bbox 906 2963 1021 3021; x_wconf 64' lang='lat' dir='ltr'><strong>haec</strong></span> <span class='ocrx_word' id='word_1_294' title='bbox 1040 2965 1272 3022; x_wconf 76' lang='lat' dir='ltr'><strong>irritatio</strong></span> <span class='ocrx_word' id='word_1_295' title='bbox 1299 2965 1400 3022; x_wconf 83' lang='lat' dir='ltr'><strong>luit</strong></span> <span class='ocrx_word' id='word_1_296' title='bbox 1427 2981 1525 3038; x_wconf 90' lang='lat' dir='ltr'><strong>pro</strong></span> <span class='ocrx_word' id='word_1_297' title='bbox 1549 2965 1872 3034; x_wconf 85' lang='lat' dir='ltr'><strong>sacerdotio,</strong></span> <span class='ocrx_word' id='word_1_298' title='bbox 1903 2967 2048 3038; x_wconf 89' lang='lat' dir='ltr'><strong>quod</strong></span> 
     </span>
    </p>
   </div>
   <div class='ocr_carea' id='block_1_44' title="bbox 473 3056 1285 3126">
    <p class='ocr_par' dir='ltr' id='par_1_44' title="bbox 473 3056 1285 3126">
     <span class='ocr_line' id='line_1_44' title="bbox 473 3056 1285 3126; baseline -0.002 -14"><span class='ocrx_word' id='word_1_299' title='bbox 473 3056 704 3112; x_wconf 84' lang='lat' dir='ltr'><strong>habebat</strong></span> <span class='ocrx_word' id='word_1_300' title='bbox 720 3056 919 3123; x_wconf 84' lang='lat' dir='ltr'><strong>Aaron,</strong></span> <span class='ocrx_word' id='word_1_301' title='bbox 947 3066 1002 3112; x_wconf 91' lang='lat' dir='ltr'><strong>et</strong></span> <span class='ocrx_word' id='word_1_302' title='bbox 1032 3056 1125 3111; x_wconf 85' lang='lat' dir='ltr'><strong>ﬁlii</strong></span> <span class='ocrx_word' id='word_1_303' title='bbox 1149 3056 1285 3126; x_wconf 91' lang='lat' dir='ltr'><strong>ejus.</strong></span> 
     </span>
    </p>
   </div>
   <div class='ocr_carea' id='block_1_45' title="bbox 545 3148 2046 3222">
    <p class='ocr_par' dir='ltr' id='par_1_45' title="bbox 545 3148 2046 3222">
     <span class='ocr_line' id='line_1_45' title="bbox 545 3148 2046 3222; baseline 0 -18"><span class='ocrx_word' id='word_1_304' title='bbox 545 3148 707 3204; x_wconf 75' lang='lat' dir='ltr'><strong>Vsus.</strong></span> <span class='ocrx_word' id='word_1_305' title='bbox 747 3148 834 3204; x_wconf 91' lang='lat'><strong>17.</strong></span> <span class='ocrx_word' id='word_1_306' title='bbox 856 3149 1136 3220; x_wconf 81' lang='lat' dir='ltr'><strong>--Aperta</strong></span> <span class='ocrx_word' id='word_1_307' title='bbox 1178 3158 1252 3204; x_wconf 83' lang='lat' dir='ltr'><strong>est</strong></span> <span class='ocrx_word' id='word_1_308' title='bbox 1278 3159 1436 3205; x_wconf 87' lang='lat' dir='ltr'><strong>terra.</strong></span> <span class='ocrx_word' id='word_1_309' title='bbox 1475 3150 1597 3222; x_wconf 78' lang='lat'><strong>(10.)</strong></span> <span class='ocrx_word' id='word_1_310' title='bbox 1632 3150 1775 3204; x_wconf 88' lang='lat' dir='ltr'><strong>Laus</strong></span> <span class='ocrx_word' id='word_1_311' title='bbox 1801 3149 1920 3215; x_wconf 88' lang='lat' dir='ltr'><strong>Dei,</strong></span> <span class='ocrx_word' id='word_1_312' title='bbox 1953 3149 2046 3220; x_wconf 88' lang='lat' dir='ltr'><strong>qui</strong></span> 
     </span>
    </p>
   </div>
   <div class='ocr_carea' id='block_1_46' title="bbox 2072 1944 3750 2030">
    <p class='ocr_par' dir='ltr' id='par_1_46' title="bbox 2072 1944 3750 2030">
     <span class='ocr_line' id='line_1_46' title="bbox 2072 1944 3750 2030; baseline 0.004 -17"><span class='ocrx_word' id='word_1_313' title='bbox 2072 1944 2122 2004; x_wconf 81' lang='grc' dir='ltr'><strong>Β</strong></span> <span class='ocrx_word' id='word_1_314' title='bbox 2147 1961 2364 2030; x_wconf 77' lang='lat' dir='ltr'><strong>gravior</strong></span> <span class='ocrx_word' id='word_1_315' title='bbox 2390 1976 2646 2018; x_wconf 79' lang='lat' dir='ltr'><strong>excessus</strong></span> <span class='ocrx_word' id='word_1_316' title='bbox 2672 1973 2728 2019; x_wconf 91' lang='lat' dir='ltr'><strong>et</strong></span> <span class='ocrx_word' id='word_1_317' title='bbox 2760 1965 3130 2020; x_wconf 90' lang='lat' dir='ltr'><strong>vehementior</strong></span> <span class='ocrx_word' id='word_1_318' title='bbox 3156 1965 3236 2018; x_wconf 90' lang='lat' dir='ltr'><strong>ira</strong></span> <span class='ocrx_word' id='word_1_319' title='bbox 3271 1966 3614 2020; x_wconf 77' lang='lat' dir='ltr'><strong>dzemonibus</strong></span> <span class='ocrx_word' id='word_1_320' title='bbox 3657 1967 3750 2019; x_wconf 85' lang='lat' dir='ltr'><strong>de-</strong></span> 
     </span>
    </p>
   </div>
   <div class='ocr_carea' id='block_1_47' title="bbox 2145 2051 3748 2125">
    <p class='ocr_par' dir='ltr' id='par_1_47' title="bbox 2145 2051 3748 2125">
     <span class='ocr_line' id='line_1_47' title="bbox 2145 2051 3748 2125; baseline 0.002 -21"><span class='ocrx_word' id='word_1_321' title='bbox 2145 2052 2412 2107; x_wconf 87' lang='lat' dir='ltr'><strong>vovebant</strong></span> <span class='ocrx_word' id='word_1_322' title='bbox 2458 2051 2617 2108; x_wconf 86' lang='lat' dir='ltr'><strong>ﬁlios.</strong></span> <span class='ocrx_word' id='word_1_323' title='bbox 2666 2053 2848 2125; x_wconf 79' lang='lat' dir='ltr'><strong>(Aus.)</strong></span> <span class='ocrx_word' id='word_1_324' title='bbox 2892 2053 2962 2108; x_wconf 85' lang='lat' dir='ltr'><strong>Et</strong></span> <span class='ocrx_word' id='word_1_325' title='bbox 3009 2055 3204 2110; x_wconf 86' lang='lat' dir='ltr'><strong>initiati</strong></span> <span class='ocrx_word' id='word_1_326' title='bbox 3246 2066 3400 2120; x_wconf 86' lang='lat' dir='ltr'><strong>sunt,</strong></span> <span class='ocrx_word' id='word_1_327' title='bbox 3445 2065 3748 2125; x_wconf 86' lang='lat' dir='ltr'><strong>antequam</strong></span> 
     </span>
    </p>
   </div>
   <div class='ocr_carea' id='block_1_48' title="bbox 2144 2143 3750 2217">
    <p class='ocr_par' dir='ltr' id='par_1_48' title="bbox 2144 2143 3750 2217">
     <span class='ocr_line' id='line_1_48' title="bbox 2144 2143 3750 2217; baseline 0.002 -19"><span class='ocrx_word' id='word_1_328' title='bbox 2144 2143 2382 2208; x_wconf 88' lang='lat' dir='ltr'><strong>diceret,</strong></span> <span class='ocrx_word' id='word_1_329' title='bbox 2421 2153 2556 2210; x_wconf 90' lang='lat' dir='ltr'><strong>etc.,</strong></span> <span class='ocrx_word' id='word_1_330' title='bbox 2581 2162 2744 2217; x_wconf 82' lang='lat' dir='ltr'><strong>usque</strong></span> <span class='ocrx_word' id='word_1_331' title='bbox 2764 2147 2832 2200; x_wconf 89' lang='lat' dir='ltr'><strong>ad</strong></span> <span class='ocrx_word' id='word_1_332' title='bbox 2865 2144 3014 2214; x_wconf 91' lang='lat' dir='ltr'><strong>cujus</strong></span> <span class='ocrx_word' id='word_1_333' title='bbox 3042 2145 3216 2215; x_wconf 89' lang='lat' dir='ltr'><strong>major</strong></span> <span class='ocrx_word' id='word_1_334' title='bbox 3243 2146 3495 2202; x_wconf 88' lang='lat' dir='ltr'><strong>interitus</strong></span> <span class='ocrx_word' id='word_1_335' title='bbox 3524 2146 3750 2201; x_wconf 80' lang='lat' dir='ltr'><strong>futurus</strong></span> 
     </span>
    </p>
   </div>
   <div class='ocr_carea' id='block_1_49' title="bbox 2142 2237 2598 2302">
    <p class='ocr_par' dir='ltr' id='par_1_49' title="bbox 2142 2237 2598 2302">
     <span class='ocr_line' id='line_1_49' title="bbox 2142 2237 2598 2302; baseline 0.004 -12"><span class='ocrx_word' id='word_1_336' title='bbox 2142 2246 2262 2291; x_wconf 87' lang='lat' dir='ltr'><strong>erat</strong></span> <span class='ocrx_word' id='word_1_337' title='bbox 2283 2277 2296 2302; x_wconf 95' lang='lat'><strong>,</strong></span> <span class='ocrx_word' id='word_1_338' title='bbox 2329 2237 2598 2293; x_wconf 86' lang='lat' dir='ltr'><strong>liberavit.</strong></span> 
     </span>
    </p>
   </div>
   <div class='ocr_carea' id='block_1_50' title="bbox 2216 2325 3747 2400">
    <p class='ocr_par' dir='ltr' id='par_1_50' title="bbox 2216 2325 3747 2400">
     <span class='ocr_line' id='line_1_50' title="bbox 2216 2325 3747 2400; baseline -0.001 -18"><span class='ocrx_word' id='word_1_339' title='bbox 2216 2327 2380 2382; x_wconf 79' lang='lat' dir='ltr'><strong>Vsus.</strong></span> <span class='ocrx_word' id='word_1_340' title='bbox 2412 2327 2501 2382; x_wconf 87' lang='grc'><strong>50.</strong></span> <span class='ocrx_word' id='word_1_341' title='bbox 2523 2357 2596 2368; x_wconf 92' lang='grc'><strong><em>--</em></strong></span> <span class='ocrx_word' id='word_1_342' title='bbox 2617 2326 2688 2382; x_wconf 85' lang='lat' dir='ltr'><strong>Et</strong></span> <span class='ocrx_word' id='word_1_343' title='bbox 2710 2329 2850 2381; x_wconf 87' lang='lat' dir='ltr'><strong>stetit</strong></span> <span class='ocrx_word' id='word_1_344' title='bbox 2873 2325 3116 2383; x_wconf 70' lang='lat' dir='ltr'><strong>Phineas.</strong></span> <span class='ocrx_word' id='word_1_345' title='bbox 3141 2327 3344 2400; x_wconf 88' lang='lat' dir='ltr'><strong>(Cass.)</strong></span> <span class='ocrx_word' id='word_1_346' title='bbox 3373 2327 3557 2382; x_wconf 85' lang='lat' dir='ltr'><strong>Solida</strong></span> <span class='ocrx_word' id='word_1_347' title='bbox 3583 2342 3747 2382; x_wconf 87' lang='lat' dir='ltr'><strong>men-</strong></span> 
     </span>
    </p>
   </div>
   <div class='ocr_carea' id='block_1_51' title="bbox 2146 2419 3454 2490">
    <p class='ocr_par' dir='ltr' id='par_1_51' title="bbox 2146 2419 3454 2490">
     <span class='ocr_line' id='line_1_51' title="bbox 2146 2419 3454 2490; baseline -0.002 -16"><span class='ocrx_word' id='word_1_348' title='bbox 2146 2429 2216 2484; x_wconf 91' lang='lat' dir='ltr'><strong>tc,</strong></span> <span class='ocrx_word' id='word_1_349' title='bbox 2246 2429 2373 2484; x_wconf 90' lang='lat' dir='ltr'><strong>etc.,</strong></span> <span class='ocrx_word' id='word_1_350' title='bbox 2405 2435 2566 2490; x_wconf 85' lang='lat' dir='ltr'><strong>usque</strong></span> <span class='ocrx_word' id='word_1_351' title='bbox 2594 2420 2663 2473; x_wconf 89' lang='lat' dir='ltr'><strong>ad</strong></span> <span class='ocrx_word' id='word_1_352' title='bbox 2701 2421 2826 2489; x_wconf 91' lang='lat' dir='ltr'><strong>quia</strong></span> <span class='ocrx_word' id='word_1_353' title='bbox 2849 2420 2940 2488; x_wconf 88' lang='lat' dir='ltr'><strong>qui</strong></span> <span class='ocrx_word' id='word_1_354' title='bbox 2976 2419 3112 2474; x_wconf 89' lang='lat' dir='ltr'><strong>bene</strong></span> <span class='ocrx_word' id='word_1_355' title='bbox 3143 2419 3273 2489; x_wconf 89' lang='lat' dir='ltr'><strong>agit,</strong></span> <span class='ocrx_word' id='word_1_356' title='bbox 3309 2427 3454 2473; x_wconf 91' lang='lat' dir='ltr'><strong>orat.</strong></span> 
     </span>
    </p>
   </div>
   <div class='ocr_carea' id='block_1_52' title="bbox 2215 2505 3746 2579">
    <p class='ocr_par' dir='ltr' id='par_1_52' title="bbox 2215 2505 3746 2579">
     <span class='ocr_line' id='line_1_52' title="bbox 2215 2505 3746 2579; baseline -0.003 -17"><span class='ocrx_word' id='word_1_357' title='bbox 2215 2508 2377 2565; x_wconf 77' lang='lat' dir='ltr'><strong>Vsus.</strong></span> <span class='ocrx_word' id='word_1_358' title='bbox 2423 2511 2512 2565; x_wconf 88' lang='grc'><strong>51.</strong></span> <span class='ocrx_word' id='word_1_359' title='bbox 2538 2539 2609 2551; x_wconf 89' lang='grc'><strong>-</strong></span> <span class='ocrx_word' id='word_1_360' title='bbox 2635 2509 2705 2562; x_wconf 87' lang='lat' dir='ltr'><strong>Et</strong></span> <span class='ocrx_word' id='word_1_361' title='bbox 2730 2519 3041 2579; x_wconf 87' lang='lat' dir='ltr'><strong>reputatum,</strong></span> <span class='ocrx_word' id='word_1_362' title='bbox 3089 2518 3192 2564; x_wconf 92' lang='lat' dir='ltr'><strong>etc.</strong></span> <span class='ocrx_word' id='word_1_363' title='bbox 3221 2507 3404 2579; x_wconf 86' lang='lat' dir='ltr'><strong>(Auc.)</strong></span> <span class='ocrx_word' id='word_1_364' title='bbox 3446 2507 3612 2568; x_wconf 84' lang='lat' dir='ltr'><strong>Deus,</strong></span> <span class='ocrx_word' id='word_1_365' title='bbox 3651 2505 3746 2575; x_wconf 77' lang='lat' dir='ltr'><strong>qui</strong></span> 
     </span>
    </p>
   </div>
   <div class='ocr_carea' id='block_1_53' title="bbox 2143 2597 3748 2671">
    <p class='ocr_par' dir='ltr' id='par_1_53' title="bbox 2143 2597 3748 2671">
     <span class='ocr_line' id='line_1_53' title="bbox 2143 2597 3748 2671; baseline -0.007 -11"><span class='ocrx_word' id='word_1_366' title='bbox 2143 2604 2294 2660; x_wconf 92' lang='lat' dir='ltr'><strong>novit</strong></span> <span class='ocrx_word' id='word_1_367' title='bbox 2318 2609 2519 2671; x_wconf 90' lang='lat' dir='ltr'><strong>quanta</strong></span> <span class='ocrx_word' id='word_1_368' title='bbox 2545 2599 2808 2656; x_wconf 82' lang='lat' dir='ltr'><strong>charitate</strong></span> <span class='ocrx_word' id='word_1_369' title='bbox 2827 2599 3006 2670; x_wconf 87' lang='lat' dir='ltr'><strong>populi</strong></span> <span class='ocrx_word' id='word_1_370' title='bbox 3035 2599 3088 2654; x_wconf 90' lang='lat' dir='ltr'><strong>id</strong></span> <span class='ocrx_word' id='word_1_371' title='bbox 3111 2598 3313 2654; x_wconf 79' lang='lat' dir='ltr'><strong>factum</strong></span> <span class='ocrx_word' id='word_1_372' title='bbox 3339 2599 3428 2661; x_wconf 89' lang='lat' dir='ltr'><strong>sit,</strong></span> <span class='ocrx_word' id='word_1_373' title='bbox 3463 2597 3748 2666; x_wconf 78' lang='lat' dir='ltr'><strong>reputavit</strong></span> 
     </span>
    </p>
   </div>
   <div class='ocr_carea' id='block_1_54' title="bbox 2144 2689 3746 2762">
    <p class='ocr_par' dir='ltr' id='par_1_54' title="bbox 2144 2689 3746 2762">
     <span class='ocr_line' id='line_1_54' title="bbox 2144 2689 3746 2762; baseline -0.006 -11"><span class='ocrx_word' id='word_1_374' title='bbox 2144 2696 2247 2752; x_wconf 90' lang='lat' dir='ltr'><strong>hoc</strong></span> <span class='ocrx_word' id='word_1_375' title='bbox 2275 2692 2542 2748; x_wconf 90' lang='lat' dir='ltr'><strong>sacerdoti</strong></span> <span class='ocrx_word' id='word_1_376' title='bbox 2583 2707 2682 2746; x_wconf 91' lang='lat' dir='ltr'><strong>suo</strong></span> <span class='ocrx_word' id='word_1_377' title='bbox 2718 2693 2770 2746; x_wconf 89' lang='lat' dir='ltr'><strong>in</strong></span> <span class='ocrx_word' id='word_1_378' title='bbox 2803 2691 3068 2762; x_wconf 90' lang='lat' dir='ltr'><strong>justitiam</strong></span> <span class='ocrx_word' id='word_1_379' title='bbox 3088 2729 3104 2756; x_wconf 91' lang='lat'><strong>,</strong></span> <span class='ocrx_word' id='word_1_380' title='bbox 3152 2706 3262 2745; x_wconf 86' lang='lat' dir='ltr'><strong>non</strong></span> <span class='ocrx_word' id='word_1_381' title='bbox 3287 2689 3465 2744; x_wconf 91' lang='lat' dir='ltr'><strong>solum</strong></span> <span class='ocrx_word' id='word_1_382' title='bbox 3495 2689 3746 2758; x_wconf 85' lang='lat' dir='ltr'><strong>quandiu</strong></span> 
     </span>
    </p>
   </div>
   <div class='ocr_carea' id='block_1_55' title="bbox 2143 2783 3274 2859">
    <p class='ocr_par' dir='ltr' id='par_1_55' title="bbox 2143 2783 3274 2859">
     <span class='ocr_line' id='line_1_55' title="bbox 2143 2783 3274 2859; baseline -0.004 -19"><span class='ocrx_word' id='word_1_383' title='bbox 2143 2785 2420 2859; x_wconf 79' lang='lat' dir='ltr'><strong>generatio</strong></span> <span class='ocrx_word' id='word_1_384' title='bbox 2440 2792 2544 2849; x_wconf 89' lang='lat' dir='ltr'><strong>est,</strong></span> <span class='ocrx_word' id='word_1_385' title='bbox 2582 2785 2677 2839; x_wconf 92' lang='lat' dir='ltr'><strong>sed</strong></span> <span class='ocrx_word' id='word_1_386' title='bbox 2713 2799 2884 2854; x_wconf 88' lang='lat' dir='ltr'><strong>usque</strong></span> <span class='ocrx_word' id='word_1_387' title='bbox 2912 2783 2966 2837; x_wconf 91' lang='lat' dir='ltr'><strong>in</strong></span> <span class='ocrx_word' id='word_1_388' title='bbox 2991 2791 3274 2838; x_wconf 67' lang='lat' dir='ltr'><strong>aeternum.</strong></span> 
     </span>
    </p>
   </div>
   <div class='ocr_carea' id='block_1_56' title="bbox 2214 2871 3746 2946">
    <p class='ocr_par' dir='ltr' id='par_1_56' title="bbox 2214 2871 3746 2946">
     <span class='ocr_line' id='line_1_56' title="bbox 2214 2871 3746 2946; baseline -0.005 -12"><span class='ocrx_word' id='word_1_389' title='bbox 2214 2878 2378 2934; x_wconf 78' lang='lat' dir='ltr'><strong>Vens.</strong></span> <span class='ocrx_word' id='word_1_390' title='bbox 2409 2876 2499 2932; x_wconf 87' lang='grc'><strong>52.</strong></span> <span class='ocrx_word' id='word_1_391' title='bbox 2524 2906 2596 2916; x_wconf 93' lang='grc'><strong>-</strong></span> <span class='ocrx_word' id='word_1_392' title='bbox 2620 2874 2687 2929; x_wconf 85' lang='lat' dir='ltr'><strong>Et</strong></span> <span class='ocrx_word' id='word_1_393' title='bbox 2714 2876 3083 2939; x_wconf 82' lang='lat' dir='ltr'><strong>irritaverant,</strong></span> <span class='ocrx_word' id='word_1_394' title='bbox 3127 2883 3234 2930; x_wconf 87' lang='lat' dir='ltr'><strong>etc.</strong></span> <span class='ocrx_word' id='word_1_395' title='bbox 3285 2872 3488 2946; x_wconf 63' lang='lat' dir='ltr'><strong>(Cass)</strong></span> <span class='ocrx_word' id='word_1_396' title='bbox 3535 2871 3746 2939; x_wconf 85' lang='lat' dir='ltr'><strong>Quinta</strong></span> 
     </span>
    </p>
   </div>
   <div class='ocr_carea' id='block_1_57' title="bbox 2144 2965 3746 3043">
    <p class='ocr_par' dir='ltr' id='par_1_57' title="bbox 2144 2965 3746 3043">
     <span class='ocr_line' id='line_1_57' title="bbox 2144 2965 3746 3043; baseline -0.005 -17"><span class='ocrx_word' id='word_1_397' title='bbox 2144 2987 2292 3043; x_wconf 89' lang='lat' dir='ltr'><strong>pars,</strong></span> <span class='ocrx_word' id='word_1_398' title='bbox 2319 2971 2410 3026; x_wconf 88' lang='lat' dir='ltr'><strong>ubi</strong></span> <span class='ocrx_word' id='word_1_399' title='bbox 2437 2971 2548 3040; x_wconf 84' lang='lat' dir='ltr'><strong>agit</strong></span> <span class='ocrx_word' id='word_1_400' title='bbox 2577 2970 2641 3025; x_wconf 94' lang='lat' dir='ltr'><strong>de</strong></span> <span class='ocrx_word' id='word_1_401' title='bbox 2670 2984 2807 3039; x_wconf 89' lang='lat' dir='ltr'><strong>aqua</strong></span> <span class='ocrx_word' id='word_1_402' title='bbox 2837 2967 3281 3023; x_wconf 90' lang='lat' dir='ltr'><strong>contradictionis</strong></span> <span class='ocrx_word' id='word_1_403' title='bbox 3299 3007 3314 3032; x_wconf 93' lang='lat'><strong>,</strong></span> <span class='ocrx_word' id='word_1_404' title='bbox 3363 2975 3420 3020; x_wconf 90' lang='lat' dir='ltr'><strong>et</strong></span> <span class='ocrx_word' id='word_1_405' title='bbox 3447 2966 3515 3020; x_wconf 92' lang='lat' dir='ltr'><strong>de</strong></span> <span class='ocrx_word' id='word_1_406' title='bbox 3541 2965 3746 3019; x_wconf 87' lang='lat' dir='ltr'><strong>immo-</strong></span> 
     </span>
    </p>
   </div>
   <div class='ocr_carea' id='block_1_58' title="bbox 2147 3055 3741 3124">
    <p class='ocr_par' dir='ltr' id='par_1_58' title="bbox 2147 3055 3741 3124">
     <span class='ocr_line' id='line_1_58' title="bbox 2147 3055 3741 3124; baseline -0.003 -9"><span class='ocrx_word' id='word_1_407' title='bbox 2147 3061 2346 3116; x_wconf 88' lang='lat' dir='ltr'><strong>latione</strong></span> <span class='ocrx_word' id='word_1_408' title='bbox 2377 3059 2631 3124; x_wconf 86' lang='lat' dir='ltr'><strong>ﬁliorum,</strong></span> <span class='ocrx_word' id='word_1_409' title='bbox 2679 3060 2819 3114; x_wconf 91' lang='lat' dir='ltr'><strong>unde</strong></span> <span class='ocrx_word' id='word_1_410' title='bbox 2843 3058 3218 3112; x_wconf 87' lang='lat' dir='ltr'><strong>vehementius</strong></span> <span class='ocrx_word' id='word_1_411' title='bbox 3243 3058 3412 3112; x_wconf 90' lang='lat' dir='ltr'><strong>iratus</strong></span> <span class='ocrx_word' id='word_1_412' title='bbox 3438 3065 3524 3111; x_wconf 88' lang='lat' dir='ltr'><strong>est</strong></span> <span class='ocrx_word' id='word_1_413' title='bbox 3566 3055 3741 3120; x_wconf 86' lang='lat' dir='ltr'><strong>Deus,</strong></span> 
     </span>
    </p>
   </div>
   <div class='ocr_carea' id='block_1_59' title="bbox 2144 3149 3741 3223">
    <p class='ocr_par' dir='ltr' id='par_1_59' title="bbox 2144 3149 3741 3223">
     <span class='ocr_line' id='line_1_59' title="bbox 2144 3149 3741 3223; baseline -0.004 -16"><span class='ocrx_word' id='word_1_414' title='bbox 2144 3161 2198 3208; x_wconf 93' lang='lat' dir='ltr'><strong>et</strong></span> <span class='ocrx_word' id='word_1_415' title='bbox 2251 3162 2428 3208; x_wconf 90' lang='lat' dir='ltr'><strong>tamen</strong></span> <span class='ocrx_word' id='word_1_416' title='bbox 2456 3161 2642 3223; x_wconf 88' lang='lat' dir='ltr'><strong>postea</strong></span> <span class='ocrx_word' id='word_1_417' title='bbox 2680 3151 2952 3206; x_wconf 89' lang='lat' dir='ltr'><strong>misertus.</strong></span> <span class='ocrx_word' id='word_1_418' title='bbox 2983 3149 3146 3217; x_wconf 81' lang='lat' dir='ltr'><strong>Quasi</strong></span> <span class='ocrx_word' id='word_1_419' title='bbox 3176 3150 3250 3204; x_wconf 91' lang='lat' dir='ltr'><strong>ita</strong></span> <span class='ocrx_word' id='word_1_420' title='bbox 3293 3149 3654 3204; x_wconf 86' lang='lat' dir='ltr'><strong>irritaverunt</strong></span> <span class='ocrx_word' id='word_1_421' title='bbox 3687 3149 3741 3202; x_wconf 88' lang='lat' dir='ltr'><strong>in</strong></span> 
     </span>
    </p>
   </div>
   <div class='ocr_carea' id='block_1_60' title="bbox 471 3241 3734 3312">
    <p class='ocr_par' dir='ltr' id='par_1_60' title="bbox 471 3241 3734 3312">
     <span class='ocr_line' id='line_1_60' title="bbox 471 3241 3734 3312; baseline -0.001 -16"><span class='ocrx_word' id='word_1_422' title='bbox 471 3255 596 3296; x_wconf 90' lang='lat' dir='ltr'><strong>suos</strong></span> <span class='ocrx_word' id='word_1_423' title='bbox 618 3241 911 3296; x_wconf 87' lang='lat' dir='ltr'><strong>vindicavit</strong></span> <span class='ocrx_word' id='word_1_424' title='bbox 935 3241 1165 3310; x_wconf 90' lang='lat' dir='ltr'><strong>qualitas</strong></span> <span class='ocrx_word' id='word_1_425' title='bbox 1187 3255 1362 3310; x_wconf 62' lang='lat' dir='ltr'><strong>patum</strong></span> <span class='ocrx_word' id='word_1_426' title='bbox 1395 3241 1535 3296; x_wconf 85' lang='lat' dir='ltr'><strong>facta</strong></span> <span class='ocrx_word' id='word_1_427' title='bbox 1564 3241 1795 3307; x_wconf 90' lang='lat' dir='ltr'><strong>indicat;</strong></span> <span class='ocrx_word' id='word_1_428' title='bbox 1823 3257 1854 3295; x_wconf 87' lang='lat' dir='ltr'><strong>a</strong></span> <span class='ocrx_word' id='word_1_429' title='bbox 1901 3251 2044 3296; x_wconf 91' lang='lat' dir='ltr'><strong>terra</strong></span> <span class='ocrx_word' id='word_1_430' title='bbox 2080 3305 2113 3312; x_wconf 77' lang='lat'>_</span> <span class='ocrx_word' id='word_1_431' title='bbox 2147 3245 2214 3299; x_wconf 90' lang='lat' dir='ltr'><strong>ad</strong></span> <span class='ocrx_word' id='word_1_432' title='bbox 2247 3243 2646 3298; x_wconf 85' lang='lat' dir='ltr'><strong>inventionibus</strong></span> <span class='ocrx_word' id='word_1_433' title='bbox 2679 3241 2822 3308; x_wconf 88' lang='lat' dir='ltr'><strong>suis,</strong></span> <span class='ocrx_word' id='word_1_434' title='bbox 2855 3241 2993 3296; x_wconf 87' lang='lat' dir='ltr'><strong>sicut</strong></span> <span class='ocrx_word' id='word_1_435' title='bbox 3013 3255 3176 3312; x_wconf 88' lang='lat' dir='ltr'><strong>supra</strong></span> <span class='ocrx_word' id='word_1_436' title='bbox 3210 3241 3412 3295; x_wconf 89' lang='lat' dir='ltr'><strong>dictum</strong></span> <span class='ocrx_word' id='word_1_437' title='bbox 3433 3250 3550 3304; x_wconf 89' lang='lat' dir='ltr'><strong>est;</strong></span> <span class='ocrx_word' id='word_1_438' title='bbox 3580 3254 3734 3292; x_wconf 91' lang='lat' dir='ltr'><strong>nunc</strong></span> 
     </span>
    </p>
   </div>
   <div class='ocr_carea' id='block_1_61' title="bbox 470 3332 1443 3403">
    <p class='ocr_par' dir='ltr' id='par_1_61' title="bbox 470 3332 1443 3403">
     <span class='ocr_line' id='line_1_61' title="bbox 470 3332 1443 3403; baseline -0.003 -16"><span class='ocrx_word' id='word_1_439' title='bbox 470 3341 744 3398; x_wconf 85' lang='lat' dir='ltr'><strong>vorantur,</strong></span> <span class='ocrx_word' id='word_1_440' title='bbox 771 3332 862 3403; x_wconf 91' lang='lat' dir='ltr'><strong>qui</strong></span> <span class='ocrx_word' id='word_1_441' title='bbox 886 3342 1098 3388; x_wconf 89' lang='lat' dir='ltr'><strong>terrena</strong></span> <span class='ocrx_word' id='word_1_442' title='bbox 1134 3343 1443 3402; x_wconf 90' lang='lat' dir='ltr'><strong>sapuerunt.</strong></span> 
     </span>
    </p>
   </div>
   <div class='ocr_carea' id='block_1_62' title="bbox 549 3421 2049 3494">
    <p class='ocr_par' dir='ltr' id='par_1_62' title="bbox 549 3421 2049 3494">
     <span class='ocr_line' id='line_1_62' title="bbox 549 3421 2049 3494; baseline -0.002 -16"><span class='ocrx_word' id='word_1_443' title='bbox 549 3423 704 3480; x_wconf 74' lang='lat' dir='ltr'><strong>Vens.</strong></span> <span class='ocrx_word' id='word_1_444' title='bbox 759 3425 846 3480; x_wconf 87' lang='lat'><strong>18.</strong></span> <span class='ocrx_word' id='word_1_445' title='bbox 876 3453 950 3464; x_wconf 89' lang='lat'><strong>-——</strong></span> <span class='ocrx_word' id='word_1_446' title='bbox 969 3423 1039 3478; x_wconf 86' lang='lat' dir='ltr'><strong>In</strong></span> <span class='ocrx_word' id='word_1_447' title='bbox 1081 3439 1366 3494; x_wconf 79' lang='lat' dir='ltr'><strong>synagoga.</strong></span> <span class='ocrx_word' id='word_1_448' title='bbox 1397 3421 1520 3494; x_wconf 71' lang='grc' dir='ltr'><strong>(ιν.)</strong></span> <span class='ocrx_word' id='word_1_449' title='bbox 1547 3421 1686 3478; x_wconf 92' lang='lat' dir='ltr'><strong>Core</strong></span> <span class='ocrx_word' id='word_1_450' title='bbox 1731 3435 1962 3490; x_wconf 89' lang='lat' dir='ltr'><strong>namque</strong></span> <span class='ocrx_word' id='word_1_451' title='bbox 1991 3427 2049 3475; x_wconf 93' lang='lat' dir='ltr'><strong>et</strong></span> 
     </span>
    </p>
   </div>
   <div class='ocr_carea' id='block_1_63' title="bbox 473 3514 2050 3588">
    <p class='ocr_par' dir='ltr' id='par_1_63' title="bbox 473 3514 2050 3588">
     <span class='ocr_line' id='line_1_63' title="bbox 473 3514 2050 3588; baseline -0.004 -16"><span class='ocrx_word' id='word_1_452' title='bbox 473 3517 689 3574; x_wconf 88' lang='lat' dir='ltr'><strong>ducenti</strong></span> <span class='ocrx_word' id='word_1_453' title='bbox 713 3517 1102 3588; x_wconf 85' lang='lat' dir='ltr'><strong>quinquaginta</strong></span> <span class='ocrx_word' id='word_1_454' title='bbox 1125 3531 1246 3570; x_wconf 91' lang='lat' dir='ltr'><strong>cum</strong></span> <span class='ocrx_word' id='word_1_455' title='bbox 1269 3530 1354 3581; x_wconf 85' lang='lat' dir='ltr'><strong>eo,</strong></span> <span class='ocrx_word' id='word_1_456' title='bbox 1379 3515 1619 3570; x_wconf 91' lang='lat' dir='ltr'><strong>volentes</strong></span> <span class='ocrx_word' id='word_1_457' title='bbox 1643 3514 1844 3569; x_wconf 90' lang='lat' dir='ltr'><strong>habere</strong></span> <span class='ocrx_word' id='word_1_458' title='bbox 1870 3526 2050 3568; x_wconf 89' lang='lat' dir='ltr'><strong>sacer-</strong></span> 
     </span>
    </p>
   </div>
   <div class='ocr_carea' id='block_1_64' title="bbox 472 3605 2048 3678">
    <p class='ocr_par' dir='ltr' id='par_1_64' title="bbox 472 3605 2048 3678">
     <span class='ocr_line' id='line_1_64' title="bbox 472 3605 2048 3678; baseline -0.004 -12"><span class='ocrx_word' id='word_1_459' title='bbox 472 3611 675 3666; x_wconf 91' lang='lat' dir='ltr'><strong>dotium</strong></span> <span class='ocrx_word' id='word_1_460' title='bbox 701 3610 914 3674; x_wconf 80' lang='lat' dir='ltr'><strong>Aaron,</strong></span> <span class='ocrx_word' id='word_1_461' title='bbox 969 3617 1291 3678; x_wconf 88' lang='lat' dir='ltr'><strong>acceperunt</strong></span> <span class='ocrx_word' id='word_1_462' title='bbox 1341 3606 1636 3672; x_wconf 84' lang='lat' dir='ltr'><strong>thurihula,</strong></span> <span class='ocrx_word' id='word_1_463' title='bbox 1670 3615 1728 3661; x_wconf 95' lang='lat' dir='ltr'><strong>ut</strong></span> <span class='ocrx_word' id='word_1_464' title='bbox 1770 3605 2048 3660; x_wconf 88' lang='lat' dir='ltr'><strong>adolerent</strong></span> 
     </span>
    </p>
   </div>
   <div class='ocr_carea' id='block_1_65' title="bbox 473 3695 2047 3772">
    <p class='ocr_par' dir='ltr' id='par_1_65' title="bbox 473 3695 2047 3772">
     <span class='ocr_line' id='line_1_65' title="bbox 473 3695 2047 3772; baseline -0.006 -14"><span class='ocrx_word' id='word_1_465' title='bbox 473 3705 770 3767; x_wconf 90' lang='lat' dir='ltr'><strong>incensum,</strong></span> <span class='ocrx_word' id='word_1_466' title='bbox 804 3703 1030 3772; x_wconf 89' lang='lat' dir='ltr'><strong>ideoque</strong></span> <span class='ocrx_word' id='word_1_467' title='bbox 1059 3700 1238 3756; x_wconf 86' lang='lat' dir='ltr'><strong>divino</strong></span> <span class='ocrx_word' id='word_1_468' title='bbox 1263 3700 1383 3770; x_wconf 89' lang='lat' dir='ltr'><strong>igne</strong></span> <span class='ocrx_word' id='word_1_469' title='bbox 1411 3698 1711 3768; x_wconf 89' lang='lat' dir='ltr'><strong>consumpti</strong></span> <span class='ocrx_word' id='word_1_470' title='bbox 1740 3704 1883 3752; x_wconf 89' lang='lat' dir='ltr'><strong>sunt.</strong></span> <span class='ocrx_word' id='word_1_471' title='bbox 1916 3695 2047 3749; x_wconf 85' lang='lat' dir='ltr'><strong>Pec-</strong></span> 
     </span>
    </p>
   </div>
   <div class='ocr_carea' id='block_1_66' title="bbox 471 3786 2048 3865">
    <p class='ocr_par' dir='ltr' id='par_1_66' title="bbox 471 3786 2048 3865">
     <span class='ocr_line' id='line_1_66' title="bbox 471 3786 2048 3865; baseline -0.004 -17"><span class='ocrx_word' id='word_1_472' title='bbox 471 3804 690 3848; x_wconf 85' lang='lat' dir='ltr'><strong>catores.</strong></span> <span class='ocrx_word' id='word_1_473' title='bbox 716 3792 897 3865; x_wconf 82' lang='lat' dir='ltr'><strong>(Auc.)</strong></span> <span class='ocrx_word' id='word_1_474' title='bbox 929 3791 1043 3847; x_wconf 83' lang='lat' dir='ltr'><strong>Non</strong></span> <span class='ocrx_word' id='word_1_475' title='bbox 1068 3793 1144 3844; x_wconf 89' lang='lat' dir='ltr'><strong>ait</strong></span> <span class='ocrx_word' id='word_1_476' title='bbox 1172 3798 1488 3861; x_wconf 89' lang='lat' dir='ltr'><strong>peccantes,</strong></span> <span class='ocrx_word' id='word_1_477' title='bbox 1516 3789 1658 3859; x_wconf 88' lang='lat' dir='ltr'><strong>quod</strong></span> <span class='ocrx_word' id='word_1_478' title='bbox 1687 3797 1743 3844; x_wconf 87' lang='lat' dir='ltr'><strong>et</strong></span> <span class='ocrx_word' id='word_1_479' title='bbox 1766 3788 1922 3842; x_wconf 90' lang='lat' dir='ltr'><strong>boni:</strong></span> <span class='ocrx_word' id='word_1_480' title='bbox 1953 3786 2048 3842; x_wconf 90' lang='lat' dir='ltr'><strong>sed</strong></span> 
     </span>
    </p>
   </div>
   <div class='ocr_carea' id='block_1_67' title="bbox 471 3878 2045 3953">
    <p class='ocr_par' dir='ltr' id='par_1_67' title="bbox 471 3878 2045 3953">
     <span class='ocr_line' id='line_1_67' title="bbox 471 3878 2045 3953; baseline -0.004 -16"><span class='ocrx_word' id='word_1_481' title='bbox 471 3891 764 3953; x_wconf 84' lang='lat' dir='ltr'><strong>peccatores</strong></span> <span class='ocrx_word' id='word_1_482' title='bbox 788 3881 944 3937; x_wconf 89' lang='lat' dir='ltr'><strong>valde</strong></span> <span class='ocrx_word' id='word_1_483' title='bbox 975 3881 1189 3950; x_wconf 90' lang='lat' dir='ltr'><strong>iniquos</strong></span> <span class='ocrx_word' id='word_1_484' title='bbox 1216 3889 1274 3935; x_wconf 92' lang='lat' dir='ltr'><strong>et</strong></span> <span class='ocrx_word' id='word_1_485' title='bbox 1299 3879 1554 3951; x_wconf 84' lang='lat' dir='ltr'><strong>gravibus</strong></span> <span class='ocrx_word' id='word_1_486' title='bbox 1587 3878 1816 3934; x_wconf 90' lang='lat' dir='ltr'><strong>sarcinis</strong></span> <span class='ocrx_word' id='word_1_487' title='bbox 1850 3892 2045 3947; x_wconf 89' lang='lat' dir='ltr'><strong>pecca-</strong></span> 
     </span>
    </p>
   </div>
   <div class='ocr_carea' id='block_1_68' title="bbox 473 3983 956 4031">
    <p class='ocr_par' dir='ltr' id='par_1_68' title="bbox 473 3983 956 4031">
     <span class='ocr_line' id='line_1_68' title="bbox 473 3983 956 4031; baseline -0.006 0"><span class='ocrx_word' id='word_1_488' title='bbox 473 3983 652 4031; x_wconf 89' lang='lat' dir='ltr'><strong>torum</strong></span> <span class='ocrx_word' id='word_1_489' title='bbox 683 3983 956 4030; x_wconf 89' lang='lat' dir='ltr'><strong>oneratos.</strong></span> 
     </span>
    </p>
   </div>
   <div class='ocr_carea' id='block_1_69' title="bbox 545 4060 2048 4133">
    <p class='ocr_par' dir='ltr' id='par_1_69' title="bbox 545 4060 2048 4133">
     <span class='ocr_line' id='line_1_69' title="bbox 545 4060 2048 4133; baseline -0.004 -13"><span class='ocrx_word' id='word_1_490' title='bbox 545 4065 705 4120; x_wconf 70' lang='lat' dir='ltr'><strong>Vens.</strong></span> <span class='ocrx_word' id='word_1_491' title='bbox 740 4063 824 4120; x_wconf 89' lang='grc'><strong>19.</strong></span> <span class='ocrx_word' id='word_1_492' title='bbox 849 4093 920 4103; x_wconf 94' lang='grc'><strong><em>-</em></strong></span> <span class='ocrx_word' id='word_1_493' title='bbox 942 4062 1012 4117; x_wconf 89' lang='lat' dir='ltr'><strong>Et</strong></span> <span class='ocrx_word' id='word_1_494' title='bbox 1032 4063 1286 4132; x_wconf 77' lang='lat' dir='ltr'><strong>fecerunt.</strong></span> <span class='ocrx_word' id='word_1_495' title='bbox 1309 4061 1512 4133; x_wconf 83' lang='lat' dir='ltr'><strong>(Cass.)</strong></span> <span class='ocrx_word' id='word_1_496' title='bbox 1541 4061 1852 4116; x_wconf 85' lang='lat' dir='ltr'><strong>Absentiam</strong></span> <span class='ocrx_word' id='word_1_497' title='bbox 1880 4060 2048 4130; x_wconf 84' lang='lat' dir='ltr'><strong>Moysi</strong></span> 
     </span>
    </p>
   </div>
   <div class='ocr_carea' id='block_1_70' title="bbox 475 4152 2050 4223">
    <p class='ocr_par' dir='ltr' id='par_1_70' title="bbox 475 4152 2050 4223">
     <span class='ocr_line' id='line_1_70' title="bbox 475 4152 2050 4223; baseline -0.002 -13"><span class='ocrx_word' id='word_1_498' title='bbox 475 4169 580 4210; x_wconf 92' lang='lat' dir='ltr'><strong>non</strong></span> <span class='ocrx_word' id='word_1_499' title='bbox 621 4154 942 4220; x_wconf 87' lang='lat' dir='ltr'><strong>tolerantes,</strong></span> <span class='ocrx_word' id='word_1_500' title='bbox 979 4155 1107 4208; x_wconf 90' lang='lat' dir='ltr'><strong>dum</strong></span> <span class='ocrx_word' id='word_1_501' title='bbox 1153 4153 1267 4223; x_wconf 88' lang='lat' dir='ltr'><strong>ipse</strong></span> <span class='ocrx_word' id='word_1_502' title='bbox 1301 4153 1355 4207; x_wconf 94' lang='lat' dir='ltr'><strong>in</strong></span> <span class='ocrx_word' id='word_1_503' title='bbox 1402 4152 1604 4207; x_wconf 84' lang='lat' dir='ltr'><strong>vertice</strong></span> <span class='ocrx_word' id='word_1_504' title='bbox 1651 4152 1850 4208; x_wconf 86' lang='lat' dir='ltr'><strong>montis</strong></span> <span class='ocrx_word' id='word_1_505' title='bbox 1897 4152 2050 4207; x_wconf 89' lang='lat' dir='ltr'><strong>Sinai</strong></span> 
     </span>
    </p>
   </div>
   <div class='ocr_carea' id='block_1_71' title="bbox 473 4241 2051 4314">
    <p class='ocr_par' dir='ltr' id='par_1_71' title="bbox 473 4241 2051 4314">
     <span class='ocr_line' id='line_1_71' title="bbox 473 4241 2051 4314; baseline -0.002 -15"><span class='ocrx_word' id='word_1_506' title='bbox 473 4252 797 4309; x_wconf 90' lang='lat' dir='ltr'><strong>moraretur,</strong></span> <span class='ocrx_word' id='word_1_507' title='bbox 817 4252 878 4298; x_wconf 91' lang='lat' dir='ltr'><strong>ut</strong></span> <span class='ocrx_word' id='word_1_508' title='bbox 897 4244 1165 4313; x_wconf 86' lang='lat' dir='ltr'><strong>acciperet</strong></span> <span class='ocrx_word' id='word_1_509' title='bbox 1185 4242 1378 4314; x_wconf 89' lang='lat' dir='ltr'><strong>legem,</strong></span> <span class='ocrx_word' id='word_1_510' title='bbox 1400 4243 1646 4298; x_wconf 78' lang='lat' dir='ltr'><strong>iecerunt</strong></span> <span class='ocrx_word' id='word_1_511' title='bbox 1665 4241 1911 4296; x_wconf 86' lang='lat' dir='ltr'><strong>vitulum.</strong></span> <span class='ocrx_word' id='word_1_512' title='bbox 1937 4241 2051 4296; x_wconf 87' lang='lat' dir='ltr'><strong>Ho-</strong></span> 
     </span>
    </p>
   </div>
   <div class='ocr_carea' id='block_1_72' title="bbox 475 4330 2046 4405">
    <p class='ocr_par' dir='ltr' id='par_1_72' title="bbox 475 4330 2046 4405">
     <span class='ocr_line' id='line_1_72' title="bbox 475 4330 2046 4405; baseline -0.001 -18"><span class='ocrx_word' id='word_1_513' title='bbox 475 4334 581 4388; x_wconf 89' lang='lat' dir='ltr'><strong>reb.</strong></span> <span class='ocrx_word' id='word_1_514' title='bbox 605 4333 991 4405; x_wconf 86' lang='lat' dir='ltr'><strong>interpretatur</strong></span> <span class='ocrx_word' id='word_1_515' title='bbox 1014 4331 1280 4398; x_wconf 86' lang='lat' dir='ltr'><strong>Calvaria,</strong></span> <span class='ocrx_word' id='word_1_516' title='bbox 1305 4333 1396 4387; x_wconf 91' lang='lat' dir='ltr'><strong>ubi</strong></span> <span class='ocrx_word' id='word_1_517' title='bbox 1427 4330 1709 4388; x_wconf 82' lang='lat' dir='ltr'><strong>cruciﬁxio</strong></span> <span class='ocrx_word' id='word_1_518' title='bbox 1732 4331 1892 4397; x_wconf 84' lang='lat' dir='ltr'><strong>facta,</strong></span> <span class='ocrx_word' id='word_1_519' title='bbox 1916 4343 2046 4398; x_wconf 90' lang='lat' dir='ltr'><strong>etc.,</strong></span> 
     </span>
    </p>
   </div>
   <div class='ocr_carea' id='block_1_73' title="bbox 473 4419 2049 4495">
    <p class='ocr_par' dir='ltr' id='par_1_73' title="bbox 473 4419 2049 4495">
     <span class='ocr_line' id='line_1_73' title="bbox 473 4419 2049 4495; baseline -0.002 -17"><span class='ocrx_word' id='word_1_520' title='bbox 473 4440 636 4495; x_wconf 77' lang='lat' dir='ltr'><strong>usque</strong></span> <span class='ocrx_word' id='word_1_521' title='bbox 666 4424 737 4478; x_wconf 89' lang='lat' dir='ltr'><strong>ad</strong></span> <span class='ocrx_word' id='word_1_522' title='bbox 779 4425 882 4479; x_wconf 91' lang='lat' dir='ltr'><strong>hoc</strong></span> <span class='ocrx_word' id='word_1_523' title='bbox 925 4423 1254 4494; x_wconf 89' lang='lat' dir='ltr'><strong>impatientia</strong></span> <span class='ocrx_word' id='word_1_524' title='bbox 1296 4421 1495 4478; x_wconf 89' lang='lat' dir='ltr'><strong>levium</strong></span> <span class='ocrx_word' id='word_1_525' title='bbox 1527 4420 1685 4489; x_wconf 80' lang='lat' dir='ltr'><strong>fecit,</strong></span> <span class='ocrx_word' id='word_1_526' title='bbox 1707 4420 1848 4477; x_wconf 90' lang='lat' dir='ltr'><strong>sicut</strong></span> <span class='ocrx_word' id='word_1_527' title='bbox 1868 4419 2049 4476; x_wconf 89' lang='lat' dir='ltr'><strong>omnia</strong></span> 
     </span>
    </p>
   </div>
   <div class='ocr_carea' id='block_1_74' title="bbox 477 4517 1136 4569">
    <p class='ocr_par' dir='ltr' id='par_1_74' title="bbox 477 4517 1136 4569">
     <span class='ocr_line' id='line_1_74' title="bbox 477 4517 1136 4569; baseline -0.002 0"><span class='ocrx_word' id='word_1_528' title='bbox 477 4517 616 4569; x_wconf 87' lang='lat' dir='ltr'><strong>mala</strong></span> <span class='ocrx_word' id='word_1_529' title='bbox 645 4529 711 4569; x_wconf 77' lang='lat' dir='ltr'><strong>ex</strong></span> <span class='ocrx_word' id='word_1_530' title='bbox 736 4529 798 4568; x_wconf 88' lang='lat' dir='ltr'><strong>ea</strong></span> <span class='ocrx_word' id='word_1_531' title='bbox 826 4521 1136 4569; x_wconf 88' lang='lat' dir='ltr'><strong>nascuntur.</strong></span> 
     </span>
    </p>
   </div>
   <div class='ocr_carea' id='block_1_75' title="bbox 550 4600 2049 4676">
    <p class='ocr_par' dir='ltr' id='par_1_75' title="bbox 550 4600 2049 4676">
     <span class='ocr_line' id='line_1_75' title="bbox 550 4600 2049 4676; baseline -0.002 -18"><span class='ocrx_word' id='word_1_532' title='bbox 550 4604 709 4660; x_wconf 73' lang='lat' dir='ltr'><strong>Vens.</strong></span> <span class='ocrx_word' id='word_1_533' title='bbox 751 4605 1025 4660; x_wconf 82' lang='grc' dir='ltr'><strong>20.-Ιη</strong></span> <span class='ocrx_word' id='word_1_534' title='bbox 1059 4604 1419 4660; x_wconf 82' lang='lat' dir='ltr'><strong>similitudine.</strong></span> <span class='ocrx_word' id='word_1_535' title='bbox 1482 4603 1663 4676; x_wconf 80' lang='lat' dir='ltr'><strong>(Aue.)</strong></span> <span class='ocrx_word' id='word_1_536' title='bbox 1708 4600 1825 4656; x_wconf 80' lang='lat' dir='ltr'><strong>Non</strong></span> <span class='ocrx_word' id='word_1_537' title='bbox 1871 4601 1950 4656; x_wconf 90' lang='lat' dir='ltr'><strong>ait</strong></span> <span class='ocrx_word' id='word_1_538' title='bbox 1991 4601 2049 4655; x_wconf 89' lang='lat' dir='ltr'><strong>iu</strong></span> 
     </span>
    </p>
   </div>
   <div class='ocr_carea' id='block_1_76' title="bbox 477 4693 2050 4764">
    <p class='ocr_par' dir='ltr' id='par_1_76' title="bbox 477 4693 2050 4764">
     <span class='ocr_line' id='line_1_76' title="bbox 477 4693 2050 4764; baseline -0.003 -10"><span class='ocrx_word' id='word_1_539' title='bbox 477 4693 906 4764; x_wconf 83' lang='lat' dir='ltr'><strong>similitudinem,</strong></span> <span class='ocrx_word' id='word_1_540' title='bbox 934 4699 1030 4753; x_wconf 91' lang='lat' dir='ltr'><strong>sed</strong></span> <span class='ocrx_word' id='word_1_541' title='bbox 1074 4699 1128 4752; x_wconf 92' lang='lat' dir='ltr'><strong>in</strong></span> <span class='ocrx_word' id='word_1_542' title='bbox 1156 4698 1524 4754; x_wconf 88' lang='lat' dir='ltr'><strong>similitudine.</strong></span> <span class='ocrx_word' id='word_1_543' title='bbox 1556 4697 1624 4750; x_wconf 89' lang='lat' dir='ltr'><strong>Et</strong></span> <span class='ocrx_word' id='word_1_544' title='bbox 1649 4703 1731 4750; x_wconf 89' lang='lat' dir='ltr'><strong>est</strong></span> <span class='ocrx_word' id='word_1_545' title='bbox 1755 4695 1876 4750; x_wconf 91' lang='lat' dir='ltr'><strong>talis</strong></span> <span class='ocrx_word' id='word_1_546' title='bbox 1903 4694 2050 4750; x_wconf 88' lang='lat' dir='ltr'><strong>locu-</strong></span> 
     </span>
    </p>
   </div>
   <div class='ocr_carea' id='block_1_77' title="bbox 477 4787 1730 4860">
    <p class='ocr_par' dir='ltr' id='par_1_77' title="bbox 477 4787 1730 4860">
     <span class='ocr_line' id='line_1_77' title="bbox 477 4787 1730 4860; baseline -0.005 -14"><span class='ocrx_word' id='word_1_547' title='bbox 477 4794 572 4856; x_wconf 90' lang='lat' dir='ltr'><strong>tio,</strong></span> <span class='ocrx_word' id='word_1_548' title='bbox 601 4800 660 4846; x_wconf 90' lang='lat' dir='ltr'><strong>ut</strong></span> <span class='ocrx_word' id='word_1_549' title='bbox 685 4805 864 4860; x_wconf 87' lang='lat' dir='ltr'><strong>supra,</strong></span> <span class='ocrx_word' id='word_1_550' title='bbox 891 4798 941 4844; x_wconf 84' lang='lat' dir='ltr'><strong>et</strong></span> <span class='ocrx_word' id='word_1_551' title='bbox 965 4789 1294 4844; x_wconf 87' lang='lat' dir='ltr'><strong>crediderunt</strong></span> <span class='ocrx_word' id='word_1_552' title='bbox 1321 4789 1376 4842; x_wconf 87' lang='lat' dir='ltr'><strong>in</strong></span> <span class='ocrx_word' id='word_1_553' title='bbox 1407 4787 1568 4842; x_wconf 83' lang='lat' dir='ltr'><strong>verbis</strong></span> <span class='ocrx_word' id='word_1_554' title='bbox 1596 4787 1730 4856; x_wconf 87' lang='lat' dir='ltr'><strong>ejus.</strong></span> 
     </span>
    </p>
   </div>
   <div class='ocr_carea' id='block_1_78' title="bbox 551 4875 2050 4951">
    <p class='ocr_par' dir='ltr' id='par_1_78' title="bbox 551 4875 2050 4951">
     <span class='ocr_line' id='line_1_78' title="bbox 551 4875 2050 4951; baseline -0.004 -13"><span class='ocrx_word' id='word_1_555' title='bbox 551 4884 711 4938; x_wconf 79' lang='lat' dir='ltr'><strong>Vsus.</strong></span> <span class='ocrx_word' id='word_1_556' title='bbox 731 4881 822 4936; x_wconf 87' lang='grc'><strong>21.</strong></span> <span class='ocrx_word' id='word_1_557' title='bbox 844 4909 916 4921; x_wconf 92' lang='lat'>—</span> <span class='ocrx_word' id='word_1_558' title='bbox 929 4879 1090 4936; x_wconf 84' lang='lat' dir='ltr'><strong>Obliti</strong></span> <span class='ocrx_word' id='word_1_559' title='bbox 1117 4889 1258 4935; x_wconf 88' lang='lat' dir='ltr'><strong>sunt.</strong></span> <span class='ocrx_word' id='word_1_560' title='bbox 1278 4877 1478 4951; x_wconf 79' lang='lat' dir='ltr'><strong>(Cass.)</strong></span> <span class='ocrx_word' id='word_1_561' title='bbox 1500 4877 1690 4948; x_wconf 75' lang='lat' dir='ltr'><strong>Magna</strong></span> <span class='ocrx_word' id='word_1_562' title='bbox 1707 4875 1906 4933; x_wconf 87' lang='lat' dir='ltr'><strong>oblivio</strong></span> <span class='ocrx_word' id='word_1_563' title='bbox 1930 4877 2050 4946; x_wconf 89' lang='lat' dir='ltr'><strong>qui-</strong></span> 
     </span>
    </p>
   </div>
   <div class='ocr_carea' id='block_1_79' title="bbox 477 4973 1482 5042">
    <p class='ocr_par' dir='ltr' id='par_1_79' title="bbox 477 4973 1482 5042">
     <span class='ocr_line' id='line_1_79' title="bbox 477 4973 1482 5042; baseline -0.006 -9"><span class='ocrx_word' id='word_1_564' title='bbox 477 4979 599 5033; x_wconf 92' lang='lat' dir='ltr'><strong>dem</strong></span> <span class='ocrx_word' id='word_1_565' title='bbox 632 4978 684 5032; x_wconf 91' lang='lat' dir='ltr'><strong>in</strong></span> <span class='ocrx_word' id='word_1_566' title='bbox 706 4975 988 5042; x_wconf 89' lang='lat' dir='ltr'><strong>memoria,</strong></span> <span class='ocrx_word' id='word_1_567' title='bbox 1010 4975 1056 5030; x_wconf 92' lang='lat' dir='ltr'><strong>si</strong></span> <span class='ocrx_word' id='word_1_568' title='bbox 1082 4989 1190 5030; x_wconf 90' lang='lat' dir='ltr'><strong>non</strong></span> <span class='ocrx_word' id='word_1_569' title='bbox 1214 4973 1482 5030; x_wconf 89' lang='lat' dir='ltr'><strong>liberatio.</strong></span> 
     </span>
    </p>
   </div>
   <div class='ocr_carea' id='block_1_80' title="bbox 553 5065 2044 5137">
    <p class='ocr_par' dir='ltr' id='par_1_80' title="bbox 553 5065 2044 5137">
     <span class='ocr_line' id='line_1_80' title="bbox 553 5065 2044 5137; baseline -0.002 -13"><span class='ocrx_word' id='word_1_570' title='bbox 553 5070 846 5126; x_wconf 81' lang='lat' dir='ltr'><strong>Terribilia.</strong></span> <span class='ocrx_word' id='word_1_571' title='bbox 877 5070 1014 5137; x_wconf 79' lang='lat' dir='ltr'><strong>Quia</strong></span> <span class='ocrx_word' id='word_1_572' title='bbox 1059 5068 1397 5124; x_wconf 87' lang='lat' dir='ltr'><strong>adversarios</strong></span> <span class='ocrx_word' id='word_1_573' title='bbox 1439 5065 1746 5122; x_wconf 72' lang='lat' dir='ltr'><strong>afﬂixerunt</strong></span> <span class='ocrx_word' id='word_1_574' title='bbox 1767 5105 1783 5132; x_wconf 93' lang='lat'><strong>,</strong></span> <span class='ocrx_word' id='word_1_575' title='bbox 1812 5075 1864 5122; x_wconf 89' lang='lat' dir='ltr'><strong>et</strong></span> <span class='ocrx_word' id='word_1_576' title='bbox 1897 5066 2044 5134; x_wconf 87' lang='lat' dir='ltr'><strong>istis,</strong></span> 
     </span>
    </p>
   </div>
   <div class='ocr_carea' id='block_1_81' title="bbox 479 5160 1642 5233">
    <p class='ocr_par' dir='ltr' id='par_1_81' title="bbox 479 5160 1642 5233">
     <span class='ocr_line' id='line_1_81' title="bbox 479 5160 1642 5233; baseline -0.003 -17"><span class='ocrx_word' id='word_1_577' title='bbox 479 5177 636 5233; x_wconf 90' lang='lat' dir='ltr'><strong>quem</strong></span> <span class='ocrx_word' id='word_1_578' title='bbox 663 5161 853 5216; x_wconf 89' lang='lat' dir='ltr'><strong>timere</strong></span> <span class='ocrx_word' id='word_1_579' title='bbox 873 5160 1160 5225; x_wconf 88' lang='lat' dir='ltr'><strong>deberent,</strong></span> <span class='ocrx_word' id='word_1_580' title='bbox 1191 5166 1642 5214; x_wconf 88' lang='lat' dir='ltr'><strong>moustraverunt.</strong></span> 
     </span>
    </p>
   </div>
   <div class='ocr_carea' id='block_1_82' title="bbox 551 5250 2049 5323">
    <p class='ocr_par' dir='ltr' id='par_1_82' title="bbox 551 5250 2049 5323">
     <span class='ocr_line' id='line_1_82' title="bbox 551 5250 2049 5323; baseline -0.002 -16"><span class='ocrx_word' id='word_1_581' title='bbox 551 5252 711 5308; x_wconf 72' lang='lat' dir='ltr'><strong>Vens.</strong></span> <span class='ocrx_word' id='word_1_582' title='bbox 750 5251 840 5307; x_wconf 86' lang='grc'><strong>25.</strong></span> <span class='ocrx_word' id='word_1_583' title='bbox 864 5282 935 5292; x_wconf 89' lang='grc'><strong><em>-</em></strong></span> <span class='ocrx_word' id='word_1_584' title='bbox 958 5250 1190 5308; x_wconf 83' lang='lat' dir='ltr'><strong>Stetisset</strong></span> <span class='ocrx_word' id='word_1_585' title='bbox 1237 5251 1292 5305; x_wconf 89' lang='lat' dir='ltr'><strong>in</strong></span> <span class='ocrx_word' id='word_1_586' title='bbox 1320 5250 1695 5320; x_wconf 78' lang='lat' dir='ltr'><strong>confractione.</strong></span> <span class='ocrx_word' id='word_1_587' title='bbox 1751 5250 1934 5323; x_wconf 65' lang='lat' dir='ltr'><strong>(Acs)</strong></span> <span class='ocrx_word' id='word_1_588' title='bbox 1961 5250 2049 5304; x_wconf 90' lang='lat' dir='ltr'><strong>Di-</strong></span> 
     </span>
    </p>
   </div>
   <div class='ocr_carea' id='block_1_83' title="bbox 482 5342 2050 5410">
    <p class='ocr_par' dir='ltr' id='par_1_83' title="bbox 482 5342 2050 5410">
     <span class='ocr_line' id='line_1_83' title="bbox 482 5342 2050 5410; baseline -0.004 -8"><span class='ocrx_word' id='word_1_589' title='bbox 482 5361 608 5402; x_wconf 82' lang='lat' dir='ltr'><strong>ceus</strong></span> <span class='ocrx_word' id='word_1_590' title='bbox 626 5361 640 5399; x_wconf 87' lang='lat'><strong>:</strong></span> <span class='ocrx_word' id='word_1_591' title='bbox 659 5344 720 5400; x_wconf 90' lang='lat' dir='ltr'><strong>Si</strong></span> <span class='ocrx_word' id='word_1_592' title='bbox 750 5361 852 5399; x_wconf 87' lang='lat' dir='ltr'><strong>non</strong></span> <span class='ocrx_word' id='word_1_593' title='bbox 874 5344 1093 5398; x_wconf 84' lang='lat' dir='ltr'><strong>dimittis</strong></span> <span class='ocrx_word' id='word_1_594' title='bbox 1119 5343 1244 5407; x_wconf 88' lang='lat' dir='ltr'><strong>illis,</strong></span> <span class='ocrx_word' id='word_1_595' title='bbox 1266 5342 1380 5397; x_wconf 89' lang='lat' dir='ltr'><strong>dele</strong></span> <span class='ocrx_word' id='word_1_596' title='bbox 1398 5360 1479 5398; x_wconf 87' lang='lat' dir='ltr'><strong>me</strong></span> <span class='ocrx_word' id='word_1_597' title='bbox 1501 5345 1564 5398; x_wconf 86' lang='lat' dir='ltr'><strong>de</strong></span> <span class='ocrx_word' id='word_1_598' title='bbox 1591 5343 1723 5398; x_wconf 90' lang='lat' dir='ltr'><strong>libro</strong></span> <span class='ocrx_word' id='word_1_599' title='bbox 1743 5353 1853 5397; x_wconf 87' lang='lat' dir='ltr'><strong>tuo.</strong></span> <span class='ocrx_word' id='word_1_600' title='bbox 1870 5342 2050 5410; x_wconf 84' lang='lat' dir='ltr'><strong>Quan-</strong></span> 
     </span>
    </p>
   </div>
   <div class='ocr_carea' id='block_1_84' title="bbox 483 5434 2049 5505">
    <p class='ocr_par' dir='ltr' id='par_1_84' title="bbox 483 5434 2049 5505">
     <span class='ocr_line' id='line_1_84' title="bbox 483 5434 2049 5505; baseline 0 -15"><span class='ocrx_word' id='word_1_601' title='bbox 483 5445 595 5490; x_wconf 90' lang='lat' dir='ltr'><strong>tum</strong></span> <span class='ocrx_word' id='word_1_602' title='bbox 619 5435 754 5491; x_wconf 87' lang='lat' dir='ltr'><strong>valet</strong></span> <span class='ocrx_word' id='word_1_603' title='bbox 777 5436 1091 5492; x_wconf 86' lang='lat' dir='ltr'><strong>intercessio</strong></span> <span class='ocrx_word' id='word_1_604' title='bbox 1113 5437 1458 5492; x_wconf 83' lang='lat' dir='ltr'><strong>sanctorum?</strong></span> <span class='ocrx_word' id='word_1_605' title='bbox 1489 5435 1724 5491; x_wconf 90' lang='lat' dir='ltr'><strong>Securus</strong></span> <span class='ocrx_word' id='word_1_606' title='bbox 1753 5434 1960 5505; x_wconf 80' lang='lat' dir='ltr'><strong>Moyses</strong></span> <span class='ocrx_word' id='word_1_607' title='bbox 1981 5435 2049 5490; x_wconf 90' lang='lat' dir='ltr'><strong>de</strong></span> 
     </span>
    </p>
   </div>
   <div class='ocr_carea' id='block_1_85' title="bbox 473 5525 2050 5598">
    <p class='ocr_par' dir='ltr' id='par_1_85' title="bbox 473 5525 2050 5598">
     <span class='ocr_line' id='line_1_85' title="bbox 473 5525 2050 5598; baseline -0.001 -16"><span class='ocrx_word' id='word_1_608' title='bbox 473 5525 680 5596; x_wconf 90' lang='lat' dir='ltr'><strong>justitia</strong></span> <span class='ocrx_word' id='word_1_609' title='bbox 710 5528 842 5594; x_wconf 91' lang='lat' dir='ltr'><strong>Dei,</strong></span> <span class='ocrx_word' id='word_1_610' title='bbox 869 5543 974 5598; x_wconf 88' lang='lat' dir='ltr'><strong>qua</strong></span> <span class='ocrx_word' id='word_1_611' title='bbox 1001 5544 1125 5584; x_wconf 89' lang='lat' dir='ltr'><strong>eum</strong></span> <span class='ocrx_word' id='word_1_612' title='bbox 1147 5528 1324 5584; x_wconf 90' lang='lat' dir='ltr'><strong>delere</strong></span> <span class='ocrx_word' id='word_1_613' title='bbox 1350 5543 1456 5582; x_wconf 90' lang='lat' dir='ltr'><strong>non</strong></span> <span class='ocrx_word' id='word_1_614' title='bbox 1495 5535 1696 5596; x_wconf 90' lang='lat' dir='ltr'><strong>posset,</strong></span> <span class='ocrx_word' id='word_1_615' title='bbox 1742 5525 2050 5595; x_wconf 90' lang='lat' dir='ltr'><strong>impetravit</strong></span> 
     </span>
    </p>
   </div>
   <div class='ocr_carea' id='block_1_86' title="bbox 481 5617 1574 5689">
    <p class='ocr_par' dir='ltr' id='par_1_86' title="bbox 481 5617 1574 5689">
     <span class='ocr_line' id='line_1_86' title="bbox 481 5617 1574 5689; baseline -0.005 -15"><span class='ocrx_word' id='word_1_616' title='bbox 481 5618 906 5675; x_wconf 87' lang='lat' dir='ltr'><strong>misericordiam</strong></span> <span class='ocrx_word' id='word_1_617' title='bbox 945 5620 1012 5675; x_wconf 79' lang='lat' dir='ltr'><strong>iis</strong></span> <span class='ocrx_word' id='word_1_618' title='bbox 1037 5620 1127 5689; x_wconf 91' lang='lat' dir='ltr'><strong>qui</strong></span> <span class='ocrx_word' id='word_1_619' title='bbox 1147 5619 1293 5689; x_wconf 89' lang='lat' dir='ltr'><strong>juste</strong></span> <span class='ocrx_word' id='word_1_620' title='bbox 1315 5617 1574 5689; x_wconf 89' lang='lat' dir='ltr'><strong>perirent.</strong></span> 
     </span>
    </p>
   </div>
   <div class='ocr_carea' id='block_1_87' title="bbox 553 5704 2048 5778">
    <p class='ocr_par' dir='ltr' id='par_1_87' title="bbox 553 5704 2048 5778">
     <span class='ocr_line' id='line_1_87' title="bbox 553 5704 2048 5778; baseline -0.001 -16"><span class='ocrx_word' id='word_1_621' title='bbox 553 5705 623 5762; x_wconf 80' lang='lat' dir='ltr'><strong>Ut</strong></span> <span class='ocrx_word' id='word_1_622' title='bbox 647 5718 891 5764; x_wconf 87' lang='lat' dir='ltr'><strong>averteret</strong></span> <span class='ocrx_word' id='word_1_623' title='bbox 913 5710 1068 5763; x_wconf 87' lang='lat' dir='ltr'><strong>iram.</strong></span> <span class='ocrx_word' id='word_1_624' title='bbox 1100 5709 1175 5763; x_wconf 91' lang='lat' dir='ltr'><strong>De</strong></span> <span class='ocrx_word' id='word_1_625' title='bbox 1196 5723 1334 5778; x_wconf 87' lang='lat' dir='ltr'><strong>aqua</strong></span> <span class='ocrx_word' id='word_1_626' title='bbox 1373 5704 1814 5763; x_wconf 86' lang='lat' dir='ltr'><strong>contradictionis</strong></span> <span class='ocrx_word' id='word_1_627' title='bbox 1851 5713 1908 5761; x_wconf 82' lang='lat' dir='ltr'><strong>et</strong></span> <span class='ocrx_word' id='word_1_628' title='bbox 1945 5706 2048 5760; x_wconf 92' lang='lat' dir='ltr'><strong>im-</strong></span> 
     </span>
    </p>
   </div>
   <div class='ocr_carea' id='block_1_88' title="bbox 481 5798 2046 5866">
    <p class='ocr_par' dir='ltr' id='par_1_88' title="bbox 481 5798 2046 5866">
     <span class='ocr_line' id='line_1_88' title="bbox 481 5798 2046 5866; baseline -0.002 -11"><span class='ocrx_word' id='word_1_629' title='bbox 481 5799 770 5855; x_wconf 88' lang='lat' dir='ltr'><strong>molatione</strong></span> <span class='ocrx_word' id='word_1_630' title='bbox 814 5800 1077 5866; x_wconf 85' lang='lat' dir='ltr'><strong>ﬁliorum,</strong></span> <span class='ocrx_word' id='word_1_631' title='bbox 1120 5800 1260 5854; x_wconf 90' lang='lat' dir='ltr'><strong>unde</strong></span> <span class='ocrx_word' id='word_1_632' title='bbox 1302 5799 1672 5856; x_wconf 87' lang='lat' dir='ltr'><strong>vehementius</strong></span> <span class='ocrx_word' id='word_1_633' title='bbox 1695 5798 1862 5853; x_wconf 90' lang='lat' dir='ltr'><strong>iratus</strong></span> <span class='ocrx_word' id='word_1_634' title='bbox 1884 5799 2046 5864; x_wconf 89' lang='lat' dir='ltr'><strong>Deus,</strong></span> 
     </span>
    </p>
   </div>
   <div class='ocr_carea' id='block_1_89' title="bbox 482 5889 2050 5960">
    <p class='ocr_par' dir='ltr' id='par_1_89' title="bbox 482 5889 2050 5960">
     <span class='ocr_line' id='line_1_89' title="bbox 482 5889 2050 5960; baseline 0 -17"><span class='ocrx_word' id='word_1_635' title='bbox 482 5898 538 5943; x_wconf 85' lang='lat' dir='ltr'><strong>et</strong></span> <span class='ocrx_word' id='word_1_636' title='bbox 585 5899 761 5944; x_wconf 89' lang='lat' dir='ltr'><strong>tamen</strong></span> <span class='ocrx_word' id='word_1_637' title='bbox 813 5899 996 5959; x_wconf 88' lang='lat' dir='ltr'><strong>postea</strong></span> <span class='ocrx_word' id='word_1_638' title='bbox 1042 5889 1310 5944; x_wconf 87' lang='lat' dir='ltr'><strong>misertus.</strong></span> <span class='ocrx_word' id='word_1_639' title='bbox 1365 5889 1434 5943; x_wconf 86' lang='lat' dir='ltr'><strong>Et</strong></span> <span class='ocrx_word' id='word_1_640' title='bbox 1478 5907 1572 5960; x_wconf 85' lang='lat' dir='ltr'><strong>pro</strong></span> <span class='ocrx_word' id='word_1_641' title='bbox 1621 5889 1797 5945; x_wconf 75' lang='lat' dir='ltr'><strong>nihilo.</strong></span> <span class='ocrx_word' id='word_1_642' title='bbox 1849 5889 2050 5956; x_wconf 84' lang='lat' dir='ltr'><strong>Quarta</strong></span> 
     </span>
    </p>
   </div>
   <div class='ocr_carea' id='block_1_90' title="bbox 2073 4658 2126 4719">
    <p class='ocr_par' dir='ltr' id='par_1_90' title="bbox 2073 4658 2126 4719">
     <span class='ocr_line' id='line_1_90' title="bbox 2073 4658 2126 4719; baseline 0 0"><span class='ocrx_word' id='word_1_643' title='bbox 2073 4658 2126 4719; x_wconf 88' lang='lat' dir='ltr'><strong>D</strong></span> 
     </span>
    </p>
   </div>
   <div class='ocr_carea' id='block_1_91' title="bbox 2070 3305 2736 3392">
    <p class='ocr_par' dir='ltr' id='par_1_91' title="bbox 2070 3305 2736 3392">
     <span class='ocr_line' id='line_1_91' title="bbox 2070 3305 2736 3392; baseline -0.006 0"><span class='ocrx_word' id='word_1_644' title='bbox 2070 3305 2116 3370; x_wconf 65' lang='grc' dir='ltr'>Ο</span> <span class='ocrx_word' id='word_1_645' title='bbox 2145 3337 2342 3392; x_wconf 90' lang='lat' dir='ltr'><strong>iterum</strong></span> <span class='ocrx_word' id='word_1_646' title='bbox 2371 3336 2736 3390; x_wconf 84' lang='lat' dir='ltr'><strong>irritaverunt.</strong></span> 
     </span>
    </p>
   </div>
   <div class='ocr_carea' id='block_1_92' title="bbox 2216 3422 3810 3494">
    <p class='ocr_par' dir='ltr' id='par_1_92' title="bbox 2216 3422 3810 3494">
     <span class='ocr_line' id='line_1_92' title="bbox 2216 3422 3810 3494; baseline -0.006 -9"><span class='ocrx_word' id='word_1_647' title='bbox 2216 3429 2380 3485; x_wconf 72' lang='lat' dir='ltr'><strong>Vens.</strong></span> <span class='ocrx_word' id='word_1_648' title='bbox 2412 3426 2502 3483; x_wconf 89' lang='grc'><strong>55.</strong></span> <span class='ocrx_word' id='word_1_649' title='bbox 2525 3458 2595 3468; x_wconf 95' lang='grc'><strong>-</strong></span> <span class='ocrx_word' id='word_1_650' title='bbox 2624 3425 2692 3480; x_wconf 87' lang='lat' dir='ltr'><strong>Et</strong></span> <span class='ocrx_word' id='word_1_651' title='bbox 2713 3427 2952 3482; x_wconf 71' lang='lat' dir='ltr'><strong>distinxit</strong></span> <span class='ocrx_word' id='word_1_652' title='bbox 2977 3427 3034 3480; x_wconf 91' lang='lat' dir='ltr'><strong>in</strong></span> <span class='ocrx_word' id='word_1_653' title='bbox 3065 3425 3218 3481; x_wconf 89' lang='lat' dir='ltr'><strong>labiis</strong></span> <span class='ocrx_word' id='word_1_654' title='bbox 3243 3428 3373 3490; x_wconf 88' lang='lat' dir='ltr'><strong>suis,</strong></span> <span class='ocrx_word' id='word_1_655' title='bbox 3397 3433 3500 3480; x_wconf 87' lang='lat' dir='ltr'><strong>etc.</strong></span> <span class='ocrx_word' id='word_1_656' title='bbox 3527 3422 3742 3494; x_wconf 59' lang='lat' dir='ltr'><strong>(Cass)</strong></span> <span class='ocrx_word' id='word_1_657' title='bbox 3807 3431 3810 3433; x_wconf 74' lang='grc'><em>’</em></span> 
     </span>
    </p>
   </div>
   <div class='ocr_carea' id='block_1_93' title="bbox 2145 3515 3740 3590">
    <p class='ocr_par' dir='ltr' id='par_1_93' title="bbox 2145 3515 3740 3590">
     <span class='ocr_line' id='line_1_93' title="bbox 2145 3515 3740 3590; baseline -0.004 -16"><span class='ocrx_word' id='word_1_658' title='bbox 2145 3518 2260 3574; x_wconf 83' lang='lat' dir='ltr'><strong>Hoc</strong></span> <span class='ocrx_word' id='word_1_659' title='bbox 2293 3518 2636 3585; x_wconf 90' lang='lat' dir='ltr'><strong>miraculum,</strong></span> <span class='ocrx_word' id='word_1_660' title='bbox 2671 3528 2777 3574; x_wconf 90' lang='lat' dir='ltr'><strong>etc.</strong></span> <span class='ocrx_word' id='word_1_661' title='bbox 2796 3558 2812 3584; x_wconf 88' lang='lat'><strong>,</strong></span> <span class='ocrx_word' id='word_1_662' title='bbox 2839 3535 3002 3590; x_wconf 84' lang='lat' dir='ltr'><strong>usque</strong></span> <span class='ocrx_word' id='word_1_663' title='bbox 3045 3517 3114 3571; x_wconf 90' lang='lat' dir='ltr'><strong>ad</strong></span> <span class='ocrx_word' id='word_1_664' title='bbox 3143 3533 3249 3572; x_wconf 92' lang='lat' dir='ltr'><strong>non</strong></span> <span class='ocrx_word' id='word_1_665' title='bbox 3278 3516 3450 3571; x_wconf 89' lang='lat' dir='ltr'><strong>tenuit</strong></span> <span class='ocrx_word' id='word_1_666' title='bbox 3475 3515 3740 3570; x_wconf 83' lang='lat' dir='ltr'><strong>ﬁduciam</strong></span> 
     </span>
    </p>
   </div>
   <div class='ocr_carea' id='block_1_94' title="bbox 2146 3605 3741 3682">
    <p class='ocr_par' dir='ltr' id='par_1_94' title="bbox 2146 3605 3741 3682">
     <span class='ocr_line' id='line_1_94' title="bbox 2146 3605 3741 3682; baseline -0.006 -16"><span class='ocrx_word' id='word_1_667' title='bbox 2146 3611 2359 3682; x_wconf 90' lang='lat' dir='ltr'><strong>qualem</strong></span> <span class='ocrx_word' id='word_1_668' title='bbox 2390 3611 2591 3667; x_wconf 89' lang='lat' dir='ltr'><strong>debuit.</strong></span> <span class='ocrx_word' id='word_1_669' title='bbox 2625 3608 2806 3681; x_wconf 78' lang='lat' dir='ltr'><strong>(Aur..)</strong></span> <span class='ocrx_word' id='word_1_670' title='bbox 2837 3609 2906 3662; x_wconf 88' lang='lat' dir='ltr'><strong>Et</strong></span> <span class='ocrx_word' id='word_1_671' title='bbox 2944 3608 3202 3662; x_wconf 71' lang='lat' dir='ltr'><strong>distinxit.</strong></span> <span class='ocrx_word' id='word_1_672' title='bbox 3234 3605 3434 3674; x_wconf 86' lang='lat' dir='ltr'><strong>Quasi,</strong></span> <span class='ocrx_word' id='word_1_673' title='bbox 3476 3605 3578 3658; x_wconf 93' lang='lat' dir='ltr'><strong>hoc</strong></span> <span class='ocrx_word' id='word_1_674' title='bbox 3626 3619 3741 3658; x_wconf 87' lang='lat' dir='ltr'><strong>non</strong></span> 
     </span>
    </p>
   </div>
   <div class='ocr_carea' id='block_1_95' title="bbox 2145 3695 3742 3774">
    <p class='ocr_par' dir='ltr' id='par_1_95' title="bbox 2145 3695 3742 3774">
     <span class='ocr_line' id='line_1_95' title="bbox 2145 3695 3742 3774; baseline -0.008 -15"><span class='ocrx_word' id='word_1_675' title='bbox 2145 3711 2328 3774; x_wconf 87' lang='lat' dir='ltr'><strong>posset</strong></span> <span class='ocrx_word' id='word_1_676' title='bbox 2355 3703 2498 3758; x_wconf 87' lang='lat' dir='ltr'><strong>Deus</strong></span> <span class='ocrx_word' id='word_1_677' title='bbox 2534 3701 2732 3766; x_wconf 85' lang='lat' dir='ltr'><strong>facere,</strong></span> <span class='ocrx_word' id='word_1_678' title='bbox 2779 3709 2912 3766; x_wconf 90' lang='lat' dir='ltr'><strong>etc.,</strong></span> <span class='ocrx_word' id='word_1_679' title='bbox 2943 3715 3104 3770; x_wconf 87' lang='lat' dir='ltr'><strong>usque</strong></span> <span class='ocrx_word' id='word_1_680' title='bbox 3132 3700 3200 3753; x_wconf 87' lang='lat' dir='ltr'><strong>ad</strong></span> <span class='ocrx_word' id='word_1_681' title='bbox 3229 3714 3338 3754; x_wconf 88' lang='lat' dir='ltr'><strong>non</strong></span> <span class='ocrx_word' id='word_1_682' title='bbox 3364 3707 3543 3752; x_wconf 90' lang='lat' dir='ltr'><strong>tamen</strong></span> <span class='ocrx_word' id='word_1_683' title='bbox 3597 3695 3742 3748; x_wconf 80' lang='lat' dir='ltr'><strong>alic-</strong></span> 
     </span>
    </p>
   </div>
   <div class='ocr_carea' id='block_1_96' title="bbox 2147 3791 3022 3862">
    <p class='ocr_par' dir='ltr' id='par_1_96' title="bbox 2147 3791 3022 3862">
     <span class='ocr_line' id='line_1_96' title="bbox 2147 3791 3022 3862; baseline -0.005 -16"><span class='ocrx_word' id='word_1_684' title='bbox 2147 3801 2304 3847; x_wconf 88' lang='lat' dir='ltr'><strong>natus</strong></span> <span class='ocrx_word' id='word_1_685' title='bbox 2330 3802 2413 3847; x_wconf 90' lang='lat' dir='ltr'><strong>est</strong></span> <span class='ocrx_word' id='word_1_686' title='bbox 2441 3809 2472 3846; x_wconf 91' lang='lat' dir='ltr'><strong>a</strong></span> <span class='ocrx_word' id='word_1_687' title='bbox 2505 3806 2671 3861; x_wconf 88' lang='lat' dir='ltr'><strong>regno</strong></span> <span class='ocrx_word' id='word_1_688' title='bbox 2695 3791 2881 3862; x_wconf 69' lang='lat' dir='ltr'><strong>gratia:</strong></span> <span class='ocrx_word' id='word_1_689' title='bbox 2909 3791 3022 3844; x_wconf 92' lang='lat' dir='ltr'><strong>Dei.</strong></span> 
     </span>
    </p>
   </div>
   <div class='ocr_carea' id='block_1_97' title="bbox 2221 3878 3742 3950">
    <p class='ocr_par' dir='ltr' id='par_1_97' title="bbox 2221 3878 3742 3950">
     <span class='ocr_line' id='line_1_97' title="bbox 2221 3878 3742 3950; baseline -0.003 -14"><span class='ocrx_word' id='word_1_690' title='bbox 2221 3883 2381 3936; x_wconf 76' lang='lat' dir='ltr'><strong>Vsus.</strong></span> <span class='ocrx_word' id='word_1_691' title='bbox 2427 3881 2515 3936; x_wconf 84' lang='grc'><strong>55.</strong></span> <span class='ocrx_word' id='word_1_692' title='bbox 2555 3911 2626 3921; x_wconf 93' lang='lat'><strong>—-</strong></span> <span class='ocrx_word' id='word_1_693' title='bbox 2663 3881 2868 3935; x_wconf 81' lang='lat' dir='ltr'><strong>Gentes.</strong></span> <span class='ocrx_word' id='word_1_694' title='bbox 2901 3880 3119 3950; x_wconf 86' lang='lat' dir='ltr'><strong>Septem</strong></span> <span class='ocrx_word' id='word_1_695' title='bbox 3163 3881 3282 3936; x_wconf 83' lang='lat' dir='ltr'><strong>illos</strong></span> <span class='ocrx_word' id='word_1_696' title='bbox 3303 3878 3530 3950; x_wconf 88' lang='lat' dir='ltr'><strong>populos</strong></span> <span class='ocrx_word' id='word_1_697' title='bbox 3569 3919 3586 3944; x_wconf 96' lang='lat'><strong>,</strong></span> <span class='ocrx_word' id='word_1_698' title='bbox 3642 3879 3742 3948; x_wconf 90' lang='lat' dir='ltr'><strong>qui</strong></span> 
     </span>
    </p>
   </div>
   <div class='ocr_carea' id='block_1_98' title="bbox 2146 3972 3136 4042">
    <p class='ocr_par' dir='ltr' id='par_1_98' title="bbox 2146 3972 3136 4042">
     <span class='ocr_line' id='line_1_98' title="bbox 2146 3972 3136 4042; baseline -0.001 -15"><span class='ocrx_word' id='word_1_699' title='bbox 2146 3982 2349 4028; x_wconf 89' lang='lat' dir='ltr'><strong>terram</strong></span> <span class='ocrx_word' id='word_1_700' title='bbox 2379 3972 2751 4042; x_wconf 90' lang='lat' dir='ltr'><strong>promissionis</strong></span> <span class='ocrx_word' id='word_1_701' title='bbox 2773 3972 3136 4042; x_wconf 85' lang='lat' dir='ltr'><strong>possidebant.</strong></span> 
     </span>
    </p>
   </div>
   <div class='ocr_carea' id='block_1_99' title="bbox 2218 4060 3739 4131">
    <p class='ocr_par' dir='ltr' id='par_1_99' title="bbox 2218 4060 3739 4131">
     <span class='ocr_line' id='line_1_99' title="bbox 2218 4060 3739 4131; baseline -0.005 -12"><span class='ocrx_word' id='word_1_702' title='bbox 2218 4063 2383 4119; x_wconf 72' lang='lat' dir='ltr'><strong>Vens.</strong></span> <span class='ocrx_word' id='word_1_703' title='bbox 2429 4062 2519 4118; x_wconf 88' lang='grc'><strong>56.</strong></span> <span class='ocrx_word' id='word_1_704' title='bbox 2553 4093 2622 4103; x_wconf 92' lang='lat'><strong>-—</strong></span> <span class='ocrx_word' id='word_1_705' title='bbox 2659 4062 2727 4116; x_wconf 86' lang='lat' dir='ltr'><strong>Et</strong></span> <span class='ocrx_word' id='word_1_706' title='bbox 2774 4062 2974 4131; x_wconf 83' lang='lat' dir='ltr'><strong>factum</strong></span> <span class='ocrx_word' id='word_1_707' title='bbox 3025 4072 3099 4116; x_wconf 87' lang='lat' dir='ltr'><strong>est</strong></span> <span class='ocrx_word' id='word_1_708' title='bbox 3146 4061 3252 4116; x_wconf 87' lang='lat' dir='ltr'><strong>illis</strong></span> <span class='ocrx_word' id='word_1_709' title='bbox 3297 4062 3351 4115; x_wconf 88' lang='lat' dir='ltr'><strong>in</strong></span> <span class='ocrx_word' id='word_1_710' title='bbox 3395 4060 3739 4116; x_wconf 75' lang='lat' dir='ltr'><strong>scandalum.</strong></span> 
     </span>
    </p>
   </div>
   <div class='ocr_carea' id='block_1_100' title="bbox 2148 4153 3741 4228">
    <p class='ocr_par' dir='ltr' id='par_1_100' title="bbox 2148 4153 3741 4228">
     <span class='ocr_line' id='line_1_100' title="bbox 2148 4153 3741 4228; baseline -0.005 -17"><span class='ocrx_word' id='word_1_711' title='bbox 2148 4155 2350 4228; x_wconf 87' lang='lat' dir='ltr'><strong>(Cass.)</strong></span> <span class='ocrx_word' id='word_1_712' title='bbox 2397 4153 2563 4209; x_wconf 90' lang='lat' dir='ltr'><strong>Terra</strong></span> <span class='ocrx_word' id='word_1_713' title='bbox 2593 4153 2966 4226; x_wconf 87' lang='lat' dir='ltr'><strong>promissionis</strong></span> <span class='ocrx_word' id='word_1_714' title='bbox 2993 4154 3116 4209; x_wconf 87' lang='lat' dir='ltr'><strong>data</strong></span> <span class='ocrx_word' id='word_1_715' title='bbox 3141 4153 3196 4208; x_wconf 93' lang='lat' dir='ltr'><strong>in</strong></span> <span class='ocrx_word' id='word_1_716' title='bbox 3239 4153 3542 4223; x_wconf 71' lang='lat' dir='ltr'><strong>praemium,</strong></span> <span class='ocrx_word' id='word_1_717' title='bbox 3573 4165 3741 4204; x_wconf 87' lang='lat' dir='ltr'><strong>versa</strong></span> 
     </span>
    </p>
   </div>
   <div class='ocr_carea' id='block_1_101' title="bbox 2148 4231 3742 4316">
    <p class='ocr_par' dir='ltr' id='par_1_101' title="bbox 2148 4231 3742 4316">
     <span class='ocr_line' id='line_1_101' title="bbox 2148 4231 3742 4316; baseline -0.003 -14"><span class='ocrx_word' id='word_1_718' title='bbox 2148 4256 2232 4302; x_wconf 90' lang='lat' dir='ltr'><strong>est</strong></span> <span class='ocrx_word' id='word_1_719' title='bbox 2269 4246 2649 4302; x_wconf 83' lang='lat' dir='ltr'><strong>excedentibus</strong></span> <span class='ocrx_word' id='word_1_720' title='bbox 2680 4247 2733 4300; x_wconf 90' lang='lat' dir='ltr'><strong>in</strong></span> <span class='ocrx_word' id='word_1_721' title='bbox 2763 4247 2993 4311; x_wconf 89' lang='lat' dir='ltr'><strong>ruinam,</strong></span> <span class='ocrx_word' id='word_1_722' title='bbox 3024 4245 3150 4314; x_wconf 89' lang='lat' dir='ltr'><strong>quia</strong></span> <span class='ocrx_word' id='word_1_723' title='bbox 3175 4231 3415 4316; x_wconf 80' lang='lat' dir='ltr'><strong>gentium</strong></span> <span class='ocrx_word' id='word_1_724' title='bbox 3439 4241 3742 4298; x_wconf 81' lang='lat' dir='ltr'><strong>conformi-</strong></span> 
     </span>
    </p>
   </div>
   <div class='ocr_carea' id='block_1_102' title="bbox 2149 4335 3017 4392">
    <p class='ocr_par' dir='ltr' id='par_1_102' title="bbox 2149 4335 3017 4392">
     <span class='ocr_line' id='line_1_102' title="bbox 2149 4335 3017 4392; baseline -0.006 0"><span class='ocrx_word' id='word_1_725' title='bbox 2149 4345 2261 4392; x_wconf 87' lang='lat' dir='ltr'><strong>tate</strong></span> <span class='ocrx_word' id='word_1_726' title='bbox 2279 4335 2435 4392; x_wconf 74' lang='lat' dir='ltr'><strong>facta:</strong></span> <span class='ocrx_word' id='word_1_727' title='bbox 2461 4345 2587 4390; x_wconf 89' lang='lat' dir='ltr'><strong>sunt</strong></span> <span class='ocrx_word' id='word_1_728' title='bbox 2613 4335 2924 4390; x_wconf 64' lang='lat' dir='ltr'><strong>idololatria.</strong></span> <span class='ocrx_word' id='word_1_729' title='bbox 3011 4345 3017 4352; x_wconf 89' lang='lat'><em>&#39;</em></span> 
     </span>
    </p>
   </div>
   <div class='ocr_carea' id='block_1_103' title="bbox 2221 4424 3737 4498">
    <p class='ocr_par' dir='ltr' id='par_1_103' title="bbox 2221 4424 3737 4498">
     <span class='ocr_line' id='line_1_103' title="bbox 2221 4424 3737 4498; baseline -0.005 -11"><span class='ocrx_word' id='word_1_730' title='bbox 2221 4431 2384 4487; x_wconf 72' lang='lat' dir='ltr'><strong>Vens.</strong></span> <span class='ocrx_word' id='word_1_731' title='bbox 2428 4428 2516 4483; x_wconf 89' lang='grc'><strong>57.</strong></span> <span class='ocrx_word' id='word_1_732' title='bbox 2544 4458 2616 4469; x_wconf 90' lang='grc'><strong><em>-</em></strong></span> <span class='ocrx_word' id='word_1_733' title='bbox 2643 4428 2712 4483; x_wconf 84' lang='lat' dir='ltr'><strong>Et</strong></span> <span class='ocrx_word' id='word_1_734' title='bbox 2754 4426 3170 4482; x_wconf 75' lang='lat' dir='ltr'><strong>immolaverunt.</strong></span> <span class='ocrx_word' id='word_1_735' title='bbox 3230 4425 3409 4498; x_wconf 78' lang='lat' dir='ltr'><strong>(Auc.)</strong></span> <span class='ocrx_word' id='word_1_736' title='bbox 3459 4424 3584 4479; x_wconf 73' lang='lat' dir='ltr'><strong>Haec</strong></span> <span class='ocrx_word' id='word_1_737' title='bbox 3631 4427 3737 4481; x_wconf 81' lang='lat' dir='ltr'><strong>etsi</strong></span> 
     </span>
    </p>
   </div>
   <div class='ocr_carea' id='block_1_104' title="bbox 2147 4518 3736 4589">
    <p class='ocr_par' dir='ltr' id='par_1_104' title="bbox 2147 4518 3736 4589">
     <span class='ocr_line' id='line_1_104' title="bbox 2147 4518 3736 4589; baseline -0.005 -11"><span class='ocrx_word' id='word_1_738' title='bbox 2147 4520 2238 4578; x_wconf 90' lang='lat' dir='ltr'><strong>illa</strong></span> <span class='ocrx_word' id='word_1_739' title='bbox 2261 4536 2370 4577; x_wconf 91' lang='lat' dir='ltr'><strong>non</strong></span> <span class='ocrx_word' id='word_1_740' title='bbox 2394 4529 2584 4576; x_wconf 79' lang='lat' dir='ltr'><strong>narret</strong></span> <span class='ocrx_word' id='word_1_741' title='bbox 2609 4521 2854 4584; x_wconf 86' lang='lat' dir='ltr'><strong>historia,</strong></span> <span class='ocrx_word' id='word_1_742' title='bbox 2881 4526 3061 4575; x_wconf 88' lang='lat' dir='ltr'><strong>tamen</strong></span> <span class='ocrx_word' id='word_1_743' title='bbox 3107 4519 3197 4574; x_wconf 90' lang='lat' dir='ltr'><strong>hic</strong></span> <span class='ocrx_word' id='word_1_744' title='bbox 3219 4518 3478 4589; x_wconf 90' lang='lat' dir='ltr'><strong>propheta</strong></span> <span class='ocrx_word' id='word_1_745' title='bbox 3507 4519 3736 4571; x_wconf 88' lang='lat' dir='ltr'><strong>mentiri</strong></span> 
     </span>
    </p>
   </div>
   <div class='ocr_carea' id='block_1_105' title="bbox 2153 4610 3732 4685">
    <p class='ocr_par' dir='ltr' id='par_1_105' title="bbox 2153 4610 3732 4685">
     <span class='ocr_line' id='line_1_105' title="bbox 2153 4610 3732 4685; baseline -0.004 -16"><span class='ocrx_word' id='word_1_746' title='bbox 2153 4630 2259 4670; x_wconf 92' lang='lat' dir='ltr'><strong>non</strong></span> <span class='ocrx_word' id='word_1_747' title='bbox 2289 4621 2486 4685; x_wconf 89' lang='lat' dir='ltr'><strong>potest.</strong></span> <span class='ocrx_word' id='word_1_748' title='bbox 2519 4611 2720 4684; x_wconf 88' lang='lat' dir='ltr'><strong>(Cass.)</strong></span> <span class='ocrx_word' id='word_1_749' title='bbox 2762 4610 2822 4666; x_wconf 90' lang='lat' dir='ltr'><strong>Si</strong></span> <span class='ocrx_word' id='word_1_750' title='bbox 2867 4626 2976 4666; x_wconf 88' lang='lat' dir='ltr'><strong>non</strong></span> <span class='ocrx_word' id='word_1_751' title='bbox 3023 4612 3076 4665; x_wconf 92' lang='lat' dir='ltr'><strong>in</strong></span> <span class='ocrx_word' id='word_1_752' title='bbox 3127 4610 3323 4680; x_wconf 90' lang='lat' dir='ltr'><strong>prima,</strong></span> <span class='ocrx_word' id='word_1_753' title='bbox 3374 4611 3427 4665; x_wconf 90' lang='lat' dir='ltr'><strong>in</strong></span> <span class='ocrx_word' id='word_1_754' title='bbox 3482 4612 3732 4679; x_wconf 85' lang='lat' dir='ltr'><strong>sequenti</strong></span> 
     </span>
    </p>
   </div>
   <div class='ocr_carea' id='block_1_106' title="bbox 2149 4701 3237 4773">
    <p class='ocr_par' dir='ltr' id='par_1_106' title="bbox 2149 4701 3237 4773">
     <span class='ocr_line' id='line_1_106' title="bbox 2149 4701 3237 4773; baseline -0.006 -11"><span class='ocrx_word' id='word_1_755' title='bbox 2149 4714 2309 4762; x_wconf 66' lang='lat' dir='ltr'><strong>aetate</strong></span> <span class='ocrx_word' id='word_1_756' title='bbox 2335 4704 2532 4759; x_wconf 78' lang='lat' dir='ltr'><strong>factum</strong></span> <span class='ocrx_word' id='word_1_757' title='bbox 2555 4713 2638 4759; x_wconf 88' lang='lat' dir='ltr'><strong>est</strong></span> <span class='ocrx_word' id='word_1_758' title='bbox 2663 4703 2806 4773; x_wconf 91' lang='lat' dir='ltr'><strong>quod</strong></span> <span class='ocrx_word' id='word_1_759' title='bbox 2836 4712 3024 4758; x_wconf 89' lang='lat' dir='ltr'><strong>narrat</strong></span> <span class='ocrx_word' id='word_1_760' title='bbox 3048 4701 3237 4756; x_wconf 88' lang='lat' dir='ltr'><strong>David.</strong></span> 
     </span>
    </p>
   </div>
   <div class='ocr_carea' id='block_1_107' title="bbox 2222 4793 3730 4866">
    <p class='ocr_par' dir='ltr' id='par_1_107' title="bbox 2222 4793 3730 4866">
     <span class='ocr_line' id='line_1_107' title="bbox 2222 4793 3730 4866; baseline -0.001 -16"><span class='ocrx_word' id='word_1_761' title='bbox 2222 4796 2384 4852; x_wconf 75' lang='lat' dir='ltr'><strong>Vsus.</strong></span> <span class='ocrx_word' id='word_1_762' title='bbox 2411 4796 2498 4851; x_wconf 86' lang='grc'><strong>58.</strong></span> <span class='ocrx_word' id='word_1_763' title='bbox 2529 4826 2599 4836; x_wconf 95' lang='lat'><strong><em>—</em></strong></span> <span class='ocrx_word' id='word_1_764' title='bbox 2624 4794 2693 4848; x_wconf 89' lang='lat' dir='ltr'><strong>Et</strong></span> <span class='ocrx_word' id='word_1_765' title='bbox 2718 4795 3006 4865; x_wconf 83' lang='lat' dir='ltr'><strong>interfecta.</strong></span> <span class='ocrx_word' id='word_1_766' title='bbox 3041 4794 3222 4866; x_wconf 80' lang='lat' dir='ltr'><strong>(Auc.)</strong></span> <span class='ocrx_word' id='word_1_767' title='bbox 3251 4793 3481 4864; x_wconf 87' lang='lat' dir='ltr'><strong>Tropica</strong></span> <span class='ocrx_word' id='word_1_768' title='bbox 3506 4793 3730 4858; x_wconf 90' lang='lat' dir='ltr'><strong>locutio,</strong></span> 
     </span>
    </p>
   </div>
   <div class='ocr_carea' id='block_1_108' title="bbox 2148 4884 3730 4958">
    <p class='ocr_par' dir='ltr' id='par_1_108' title="bbox 2148 4884 3730 4958">
     <span class='ocr_line' id='line_1_108' title="bbox 2148 4884 3730 4958; baseline -0.005 -14"><span class='ocrx_word' id='word_1_769' title='bbox 2148 4887 2430 4944; x_wconf 68' lang='lat' dir='ltr'><strong>continens</strong></span> <span class='ocrx_word' id='word_1_770' title='bbox 2474 4902 2573 4958; x_wconf 91' lang='lat' dir='ltr'><strong>pro</strong></span> <span class='ocrx_word' id='word_1_771' title='bbox 2599 4885 2882 4952; x_wconf 73' lang='lat' dir='ltr'><strong>Contento,</strong></span> <span class='ocrx_word' id='word_1_772' title='bbox 2930 4887 2986 4941; x_wconf 92' lang='lat' dir='ltr'><strong>id</strong></span> <span class='ocrx_word' id='word_1_773' title='bbox 3026 4895 3107 4941; x_wconf 90' lang='lat' dir='ltr'><strong>est</strong></span> <span class='ocrx_word' id='word_1_774' title='bbox 3142 4885 3416 4948; x_wconf 89' lang='lat' dir='ltr'><strong>homines;</strong></span> <span class='ocrx_word' id='word_1_775' title='bbox 3456 4884 3558 4954; x_wconf 88' lang='lat' dir='ltr'><strong>ipsi</strong></span> <span class='ocrx_word' id='word_1_776' title='bbox 3584 4885 3730 4939; x_wconf 91' lang='lat' dir='ltr'><strong>enim</strong></span> 
     </span>
    </p>
   </div>
   <div class='ocr_carea' id='block_1_109' title="bbox 2148 4973 3730 5040">
    <p class='ocr_par' dir='ltr' id='par_1_109' title="bbox 2148 4973 3730 5040">
     <span class='ocr_line' id='line_1_109' title="bbox 2148 4973 3730 5040; baseline -0.006 -6"><span class='ocrx_word' id='word_1_777' title='bbox 2148 4977 2544 5034; x_wconf 89' lang='lat' dir='ltr'><strong>interﬁciebant</strong></span> <span class='ocrx_word' id='word_1_778' title='bbox 2570 4976 2776 5030; x_wconf 88' lang='lat' dir='ltr'><strong>animas</strong></span> <span class='ocrx_word' id='word_1_779' title='bbox 2807 4990 2934 5030; x_wconf 89' lang='lat' dir='ltr'><strong>suas</strong></span> <span class='ocrx_word' id='word_1_780' title='bbox 2961 4974 3289 5030; x_wconf 88' lang='lat' dir='ltr'><strong>immolando</strong></span> <span class='ocrx_word' id='word_1_781' title='bbox 3315 4973 3453 5030; x_wconf 86' lang='lat' dir='ltr'><strong>ﬁlios</strong></span> <span class='ocrx_word' id='word_1_782' title='bbox 3472 5014 3486 5040; x_wconf 97' lang='lat'><strong>,</strong></span> <span class='ocrx_word' id='word_1_783' title='bbox 3517 4981 3575 5027; x_wconf 87' lang='lat' dir='ltr'><strong>et</strong></span> <span class='ocrx_word' id='word_1_784' title='bbox 3601 4988 3730 5026; x_wconf 84' lang='lat' dir='ltr'><strong>con-</strong></span> 
     </span>
    </p>
   </div>
   <div class='ocr_carea' id='block_1_110' title="bbox 2147 5068 2923 5138">
    <p class='ocr_par' dir='ltr' id='par_1_110' title="bbox 2147 5068 2923 5138">
     <span class='ocr_line' id='line_1_110' title="bbox 2147 5068 2923 5138; baseline -0.004 -13"><span class='ocrx_word' id='word_1_785' title='bbox 2147 5070 2393 5126; x_wconf 89' lang='lat' dir='ltr'><strong>taminati</strong></span> <span class='ocrx_word' id='word_1_786' title='bbox 2418 5077 2544 5124; x_wconf 90' lang='lat' dir='ltr'><strong>sunt</strong></span> <span class='ocrx_word' id='word_1_787' title='bbox 2569 5068 2624 5122; x_wconf 92' lang='lat' dir='ltr'><strong>in</strong></span> <span class='ocrx_word' id='word_1_788' title='bbox 2651 5068 2923 5138; x_wconf 84' lang='lat' dir='ltr'><strong>cperibus.</strong></span> 
     </span>
    </p>
   </div>
   <div class='ocr_carea' id='block_1_111' title="bbox 2222 5151 3728 5227">
    <p class='ocr_par' dir='ltr' id='par_1_111' title="bbox 2222 5151 3728 5227">
     <span class='ocr_line' id='line_1_111' title="bbox 2222 5151 3728 5227; baseline -0.007 -12"><span class='ocrx_word' id='word_1_789' title='bbox 2222 5159 2387 5214; x_wconf 73' lang='lat' dir='ltr'><strong>Vsus.</strong></span> <span class='ocrx_word' id='word_1_790' title='bbox 2415 5159 2504 5215; x_wconf 82' lang='grc'><strong>59.</strong></span> <span class='ocrx_word' id='word_1_791' title='bbox 2535 5187 2604 5198; x_wconf 94' lang='lat'><strong>—</strong></span> <span class='ocrx_word' id='word_1_792' title='bbox 2623 5157 3082 5212; x_wconf 80' lang='lat' dir='ltr'><strong>Adinventionibus</strong></span> <span class='ocrx_word' id='word_1_793' title='bbox 3118 5156 3247 5210; x_wconf 87' lang='lat' dir='ltr'><strong>suis.</strong></span> <span class='ocrx_word' id='word_1_794' title='bbox 3278 5154 3400 5227; x_wconf 70' lang='grc' dir='ltr'><strong>(ιθ.)</strong></span> <span class='ocrx_word' id='word_1_795' title='bbox 3440 5151 3554 5207; x_wconf 77' lang='lat' dir='ltr'><strong>Non</strong></span> <span class='ocrx_word' id='word_1_796' title='bbox 3585 5151 3728 5222; x_wconf 88' lang='lat' dir='ltr'><strong>quod</strong></span> 
     </span>
    </p>
   </div>
   <div class='ocr_carea' id='block_1_112' title="bbox 2150 5243 3726 5323">
    <p class='ocr_par' dir='ltr' id='par_1_112' title="bbox 2150 5243 3726 5323">
     <span class='ocr_line' id='line_1_112' title="bbox 2150 5243 3726 5323; baseline -0.008 -16"><span class='ocrx_word' id='word_1_797' title='bbox 2150 5252 2312 5323; x_wconf 89' lang='lat' dir='ltr'><strong>primi</strong></span> <span class='ocrx_word' id='word_1_798' title='bbox 2338 5250 2689 5315; x_wconf 90' lang='lat' dir='ltr'><strong>invenissent,</strong></span> <span class='ocrx_word' id='word_1_799' title='bbox 2718 5249 2812 5304; x_wconf 90' lang='lat' dir='ltr'><strong>sed</strong></span> <span class='ocrx_word' id='word_1_800' title='bbox 2841 5249 2966 5320; x_wconf 90' lang='lat' dir='ltr'><strong>quia</strong></span> <span class='ocrx_word' id='word_1_801' title='bbox 2995 5248 3129 5304; x_wconf 90' lang='lat' dir='ltr'><strong>alios</strong></span> <span class='ocrx_word' id='word_1_802' title='bbox 3155 5248 3347 5302; x_wconf 82' lang='lat' dir='ltr'><strong>imitati</strong></span> <span class='ocrx_word' id='word_1_803' title='bbox 3373 5255 3516 5301; x_wconf 90' lang='lat' dir='ltr'><strong>sunt.</strong></span> <span class='ocrx_word' id='word_1_804' title='bbox 3573 5243 3726 5310; x_wconf 88' lang='lat' dir='ltr'><strong>Quod</strong></span> 
     </span>
    </p>
   </div>
   <div class='ocr_carea' id='block_1_113' title="bbox 2153 5332 3726 5410">
    <p class='ocr_par' dir='ltr' id='par_1_113' title="bbox 2153 5332 3726 5410">
     <span class='ocr_line' id='line_1_113' title="bbox 2153 5332 3726 5410; baseline -0.008 -12"><span class='ocrx_word' id='word_1_805' title='bbox 2153 5344 2207 5398; x_wconf 95' lang='lat' dir='ltr'><strong>in</strong></span> <span class='ocrx_word' id='word_1_806' title='bbox 2237 5342 2426 5398; x_wconf 62' lang='lat' dir='ltr'><strong>Graeco</strong></span> <span class='ocrx_word' id='word_1_807' title='bbox 2477 5341 2735 5410; x_wconf 88' lang='lat' dir='ltr'><strong>apertius,</strong></span> <span class='ocrx_word' id='word_1_808' title='bbox 2780 5347 2836 5396; x_wconf 92' lang='lat' dir='ltr'><strong>et</strong></span> <span class='ocrx_word' id='word_1_809' title='bbox 2879 5340 2968 5395; x_wconf 91' lang='lat' dir='ltr'><strong>hic</strong></span> <span class='ocrx_word' id='word_1_810' title='bbox 3012 5349 3066 5395; x_wconf 91' lang='lat' dir='ltr'><strong>et</strong></span> <span class='ocrx_word' id='word_1_811' title='bbox 3109 5353 3302 5410; x_wconf 90' lang='lat' dir='ltr'><strong>supra;</strong></span> <span class='ocrx_word' id='word_1_812' title='bbox 3352 5336 3491 5392; x_wconf 90' lang='lat' dir='ltr'><strong>unde</strong></span> <span class='ocrx_word' id='word_1_813' title='bbox 3534 5343 3590 5389; x_wconf 91' lang='lat' dir='ltr'><strong>et</strong></span> <span class='ocrx_word' id='word_1_814' title='bbox 3635 5332 3726 5387; x_wconf 90' lang='lat' dir='ltr'><strong>alii</strong></span> 
     </span>
    </p>
   </div>
   <div class='ocr_carea' id='block_1_114' title="bbox 2154 5427 3635 5498">
    <p class='ocr_par' dir='ltr' id='par_1_114' title="bbox 2154 5427 3635 5498">
     <span class='ocr_line' id='line_1_114' title="bbox 2154 5427 3635 5498; baseline -0.007 -10"><span class='ocrx_word' id='word_1_815' title='bbox 2154 5431 2502 5496; x_wconf 76' lang='lat' dir='ltr'><strong>transferunt,</strong></span> <span class='ocrx_word' id='word_1_816' title='bbox 2527 5430 2722 5497; x_wconf 89' lang='lat' dir='ltr'><strong>studia,</strong></span> <span class='ocrx_word' id='word_1_817' title='bbox 2750 5430 2832 5485; x_wconf 89' lang='lat' dir='ltr'><strong>vel</strong></span> <span class='ocrx_word' id='word_1_818' title='bbox 2854 5429 3186 5495; x_wconf 81' lang='lat' dir='ltr'><strong>aﬁ&#39;ectiones,</strong></span> <span class='ocrx_word' id='word_1_819' title='bbox 3209 5429 3292 5484; x_wconf 85' lang='lat' dir='ltr'><strong>vel</strong></span> <span class='ocrx_word' id='word_1_820' title='bbox 3318 5427 3635 5498; x_wconf 86' lang='lat' dir='ltr'><strong>voluptates.</strong></span> 
     </span>
    </p>
   </div>
   <div class='ocr_carea' id='block_1_115' title="bbox 2224 5519 3724 5590">
    <p class='ocr_par' dir='ltr' id='par_1_115' title="bbox 2224 5519 3724 5590">
     <span class='ocr_line' id='line_1_115' title="bbox 2224 5519 3724 5590; baseline -0.006 -14"><span class='ocrx_word' id='word_1_821' title='bbox 2224 5523 2385 5577; x_wconf 74' lang='lat' dir='ltr'><strong>Vsus.</strong></span> <span class='ocrx_word' id='word_1_822' title='bbox 2420 5521 2582 5576; x_wconf 65' lang='lat'><strong>40.—</strong></span> <span class='ocrx_word' id='word_1_823' title='bbox 2595 5520 2938 5575; x_wconf 80' lang='lat' dir='ltr'><strong>Abominatus</strong></span> <span class='ocrx_word' id='word_1_824' title='bbox 2962 5530 3054 5574; x_wconf 89' lang='lat' dir='ltr'><strong>est.</strong></span> <span class='ocrx_word' id='word_1_825' title='bbox 3085 5519 3286 5590; x_wconf 88' lang='lat' dir='ltr'><strong>(Cass.)</strong></span> <span class='ocrx_word' id='word_1_826' title='bbox 3311 5519 3368 5574; x_wconf 85' lang='lat' dir='ltr'><strong>id</strong></span> <span class='ocrx_word' id='word_1_827' title='bbox 3392 5525 3476 5573; x_wconf 86' lang='lat' dir='ltr'><strong>est</strong></span> <span class='ocrx_word' id='word_1_828' title='bbox 3501 5530 3724 5570; x_wconf 85' lang='lat' dir='ltr'><strong>aversus</strong></span> 
     </span>
    </p>
   </div>
   <div class='ocr_carea' id='block_1_116' title="bbox 2151 5607 3726 5684">
    <p class='ocr_par' dir='ltr' id='par_1_116' title="bbox 2151 5607 3726 5684">
     <span class='ocr_line' id='line_1_116' title="bbox 2151 5607 3726 5684; baseline -0.008 -13"><span class='ocrx_word' id='word_1_829' title='bbox 2151 5624 2235 5671; x_wconf 88' lang='lat' dir='ltr'><strong>est</strong></span> <span class='ocrx_word' id='word_1_830' title='bbox 2255 5616 2322 5670; x_wconf 88' lang='lat' dir='ltr'><strong>ab</strong></span> <span class='ocrx_word' id='word_1_831' title='bbox 2350 5615 2430 5668; x_wconf 92' lang='lat' dir='ltr'><strong>eis</strong></span> <span class='ocrx_word' id='word_1_832' title='bbox 2458 5631 2470 5667; x_wconf 93' lang='lat'>:</span> <span class='ocrx_word' id='word_1_833' title='bbox 2497 5614 2640 5684; x_wconf 92' lang='lat' dir='ltr'><strong>quod</strong></span> <span class='ocrx_word' id='word_1_834' title='bbox 2665 5615 2834 5668; x_wconf 91' lang='lat' dir='ltr'><strong>averti</strong></span> <span class='ocrx_word' id='word_1_835' title='bbox 2861 5621 2946 5668; x_wconf 90' lang='lat' dir='ltr'><strong>est</strong></span> <span class='ocrx_word' id='word_1_836' title='bbox 2964 5625 3268 5668; x_wconf 84' lang='lat' dir='ltr'><strong>extremum</strong></span> <span class='ocrx_word' id='word_1_837' title='bbox 3289 5611 3530 5667; x_wconf 90' lang='lat' dir='ltr'><strong>omnium</strong></span> <span class='ocrx_word' id='word_1_838' title='bbox 3559 5607 3726 5663; x_wconf 87' lang='lat' dir='ltr'><strong>malo-</strong></span> 
     </span>
    </p>
   </div>
   <div class='ocr_carea' id='block_1_117' title="bbox 2153 5703 3283 5773">
    <p class='ocr_par' dir='ltr' id='par_1_117' title="bbox 2153 5703 3283 5773">
     <span class='ocr_line' id='line_1_117' title="bbox 2153 5703 3283 5773; baseline -0.003 -13"><span class='ocrx_word' id='word_1_839' title='bbox 2153 5721 2296 5772; x_wconf 90' lang='lat' dir='ltr'><strong>rum,</strong></span> <span class='ocrx_word' id='word_1_840' title='bbox 2333 5705 2472 5759; x_wconf 90' lang='lat' dir='ltr'><strong>unde</strong></span> <span class='ocrx_word' id='word_1_841' title='bbox 2496 5705 2647 5758; x_wconf 90' lang='lat' dir='ltr'><strong>ruina</strong></span> <span class='ocrx_word' id='word_1_842' title='bbox 2669 5705 2932 5773; x_wconf 90' lang='lat' dir='ltr'><strong>sequitur,</strong></span> <span class='ocrx_word' id='word_1_843' title='bbox 2959 5713 3008 5758; x_wconf 90' lang='lat' dir='ltr'><strong>et</strong></span> <span class='ocrx_word' id='word_1_844' title='bbox 3045 5703 3283 5758; x_wconf 86' lang='lat' dir='ltr'><strong>tradidit.</strong></span> 
     </span>
    </p>
   </div>
   <div class='ocr_carea' id='block_1_118' title="bbox 2224 5788 3723 5864">
    <p class='ocr_par' dir='ltr' id='par_1_118' title="bbox 2224 5788 3723 5864">
     <span class='ocr_line' id='line_1_118' title="bbox 2224 5788 3723 5864; baseline -0.005 -15"><span class='ocrx_word' id='word_1_845' title='bbox 2224 5795 2385 5851; x_wconf 75' lang='lat' dir='ltr'><strong>Vens.</strong></span> <span class='ocrx_word' id='word_1_846' title='bbox 2418 5795 2506 5850; x_wconf 68' lang='lat'><strong>41.</strong></span> <span class='ocrx_word' id='word_1_847' title='bbox 2537 5825 2603 5836; x_wconf 89' lang='lat'><strong>—</strong></span> <span class='ocrx_word' id='word_1_848' title='bbox 2631 5794 2699 5848; x_wconf 88' lang='lat' dir='ltr'><strong>Et</strong></span> <span class='ocrx_word' id='word_1_849' title='bbox 2722 5795 2938 5850; x_wconf 89' lang='lat' dir='ltr'><strong>tradidit</strong></span> <span class='ocrx_word' id='word_1_850' title='bbox 2967 5812 3074 5860; x_wconf 85' lang='lat' dir='ltr'><strong>eos,</strong></span> <span class='ocrx_word' id='word_1_851' title='bbox 3119 5802 3226 5850; x_wconf 90' lang='lat' dir='ltr'><strong>etc.</strong></span> <span class='ocrx_word' id='word_1_852' title='bbox 3273 5793 3395 5864; x_wconf 85' lang='lat' dir='ltr'><strong>(ln.)</strong></span> <span class='ocrx_word' id='word_1_853' title='bbox 3436 5792 3596 5856; x_wconf 84' lang='lat' dir='ltr'><strong>Ecce,</strong></span> <span class='ocrx_word' id='word_1_854' title='bbox 3633 5788 3723 5859; x_wconf 91' lang='lat' dir='ltr'><strong>qui</strong></span> 
     </span>
    </p>
   </div>
   <div class='ocr_carea' id='block_1_119' title="bbox 2151 5884 3718 5960">
    <p class='ocr_par' dir='ltr' id='par_1_119' title="bbox 2151 5884 3718 5960">
     <span class='ocr_line' id='line_1_119' title="bbox 2151 5884 3718 5960; baseline -0.005 -18"><span class='ocrx_word' id='word_1_855' title='bbox 2151 5887 2518 5960; x_wconf 87' lang='lat' dir='ltr'><strong>gloriabantur</strong></span> <span class='ocrx_word' id='word_1_856' title='bbox 2541 5888 2595 5943; x_wconf 93' lang='lat' dir='ltr'><strong>in</strong></span> <span class='ocrx_word' id='word_1_857' title='bbox 2640 5887 2818 5943; x_wconf 90' lang='lat' dir='ltr'><strong>idolis.</strong></span> <span class='ocrx_word' id='word_1_858' title='bbox 2844 5886 3130 5957; x_wconf 90' lang='lat' dir='ltr'><strong>opprobrio</strong></span> <span class='ocrx_word' id='word_1_859' title='bbox 3157 5886 3434 5942; x_wconf 88' lang='lat' dir='ltr'><strong>servitutis</strong></span> <span class='ocrx_word' id='word_1_860' title='bbox 3476 5884 3718 5944; x_wconf 88' lang='lat' dir='ltr'><strong>subsunt,</strong></span> 
     </span>
    </p>
   </div>
  </div>
