4008 6348
356 365 498 420 1026

1371 360 1636 419 GLOSSA
1675 356 2070 417 ORDINARIA.
2107 387 2178 400 -—
2213 358 2342 416 LIB.
2382 357 2632 415 PSALM.

3477 364 3616 421 £026

355 477 481 548 quia
507 474 751 530 serviunt
770 474 1024 541 inimicis,
1047 475 1190 547 quod
1213 474 1427 532 dilﬁcile
1442 485 1544 531 est.
1572 475 1677 542 Qui
1697 475 1933 530 oderunt.
1964 474 2019 535 Α
2113 475 2276 531 Vens.
2308 477 2448 531 5.-
2477 475 2800 531 Esurientes.
2845 475 2866 548 (
2903 475 3039 532 Ade.
3067 476 3087 548 )
3123 475 3378 534 Curiosos
3430 480 3612 535 seaculi

353 567 532 624 Grave
553 573 638 622 est
660 567 866 622 servire
879 567 1103 630 oﬂ'enso,
1122 568 1213 637 qui
1236 567 1384 624 nullo
1402 569 1648 638 placatur
1659 569 1940 638 obsequio.

431 658 596 713 Vsus.
623 656 951 728 iii—Same
979 657 1236 724 liberauit,
1252 666 1355 714 etc.
1382 657 1582 730 (Cass)
1607 659 1810 730 Duplex
1837 659 1942 714 mi-

355 748 674 814 sericordia,
694 749 956 819 praemisit
972 751 1116 805 enim
1147 749 1396 821 superius
1417 751 1680 807 beneﬁcia
1701 753 1820 818 Dei,
1845 767 1945 808 nec

357 850 536 897 tamen
565 849 742 898 cessat
790 841 1046 913 iniquitas
1075 858 1296 910 eorum;
1325 843 1508 898 intulit
1527 844 1842 911 vindictam,
1887 852 1946 899 et

356 931 568 989 afﬂictis
595 932 792 988 iterum
816 934 1124 989 miseretur.

425 1024 494 1080 In
519 1025 737 1080 consilio
779 1041 895 1081 suo.
929 1025 1111 1098 (Aris)
1138 1025 1435 1084 Consilium
1463 1026 1700 1083 hominis
1739 1027 1942 1083 malum

355 1123 441 1172 est
465 1115 567 1186 ipsi
600 1115 823 1183 homini,
859 1118 952 1187 qui
978 1119 1173 1189 quarit
1213 1134 1334 1190 quae
1360 1135 1457 1174 sua
1501 1128 1652 1184 sunt,
1682 1135 1792 1174 non
1823 1135 1944 1192 quae

356 1207 474 1264 Dei.

425 1299 590 1356 Vens.
613 1301 705 1357 45.
719 1331 792 1343 -
805 1301 1139 1359 Testamenti.
1160 1303 1362 1376 (Cass)
1376 1304 1552 1360 Causa
1565 1313 1670 1371 est,
1691 1320 1759 1360 ne
1780 1305 1944 1362 lsrael

351 1407 454 1464 pro
480 1391 661 1447 debito
686 1393 890 1461 periret
915 1395 1323 1451 Testamentum
1353 1395 1584 1463 Novum,
1614 1397 1708 1452 ubi
1744 1406 1827 1452 est
1847 1398 1944 1454 ad-

352 1489 546 1538 ventus
569 1481 803 1549 Domini,
827 1484 918 1553 qui
942 1493 1026 1540 est
1049 1483 1285 1542 Abrahae
1319 1479 1638 1558 promissus.
1665 1484 1938 1541 Paenituit.

353 1571 537 1645 (AUG.)
565 1573 698 1641 Quia
717 1575 963 1642 mutavit,
993 1577 1138 1646 quod
1161 1578 1472 1647 perdituros
1503 1593 1596 1633 eos
1629 1577 1940 1632 videbatur.

353 1663 555 1736 (Cass)
581 1664 730 1721 Tunc
752 1667 1002 1736 poenitet,
1030 1668 1246 1738 quando
1271 1685 1370 1726 nos
1389 1671 1656 1741 poenitere
1678 1669 1860 1735 videt,
1890 1679 1946 1725 et

353 1757 479 1812 talis
503 1766 584 1812 est
609 1758 766 1813 nobis
798 1759 986 1830 quales
1015 1775 1116 1815 nos
1143 1761 1242 1815 illi.
1283 1760 1466 1834 (AUG.)
1494 1761 1638 1815 Nihil
1671 1761 1826 1830 quasi
1858 1774 1944 1816 re-

2042 567 2333 638 signiﬁcat,
2359 569 2452 640 qui
2481 568 2764 624 veritatem
2793 567 3024 624 diversis
3047 570 3392 639 opinionibus
3419 573 3613 642 exqui-

2041 660 2253 726 rebant,
2296 677 2397 718 nec
2439 661 2802 718 inveniebant.
2831 662 3024 717 Anima
3065 679 3268 729 eorum,
3301 673 3407 720 etc.
3457 666 3616 722 Com-

2041 750 2263 804 mendat
2317 766 2376 806 se
2418 749 2580 817 Deus,
2632 750 2777 821 quod
2833 749 2990 806 nobis
3039 751 3283 822 expedit;
3335 753 3615 813 deﬁcimus

2042 848 2105 894 ut
2123 855 2399 911 rogemus,
2426 851 2483 898 et
2507 842 2921 898 subvenientem
2947 857 3210 899 amemus.

2113 931 2276 987 Vsus.
2304 931 2358 987 6.
2393 962 2466 974 —
2491 931 2562 986 Et
2599 933 2838 988 deduxit.
2877 933 3059 1006 (Alis)
3082 933 3267 1002 Quasi,
3321 935 3520 1006 eripuit
3550 937 3618 992 de

2042 1021 2382 1095 ignorantia;
2435 1026 2728 1081 ostendens
2781 1025 2948 1090 viam,
2976 1024 3272 1082 Christum.
3305 1027 3444 1083 Ecce
3487 1027 3619 1083 libe-

2041 1117 2184 1173 ravit
2211 1133 2309 1174 eos
2338 1118 2406 1174 ab
2441 1132 2629 1174 errore
2658 1135 2673 1183 ;
2721 1119 2789 1174 de
2813 1117 2958 1173 fame
2987 1128 3170 1173 autem
3197 1128 3252 1174 et
3290 1121 3378 1174 siti
3425 1121 3620 1189 quibus

2043 1210 2367 1274 mstuabant,
2395 1209 2629 1279 qualiter
2654 1209 2994 1277 liberaverit,
3015 1220 3138 1282 post
3155 1211 3301 1267 dicet
3327 1229 3342 1278 ;
3367 1212 3460 1268 sed
3479 1227 3617 1283 pra:—

2043 1301 2214 1356 mittit
2244 1301 2312 1357 de
2339 1301 2700 1359 confessione.

2115 1389 2280 1447 Vsus.
2313 1393 2366 1448 8.
2406 1421 2479 1434 -
2519 1391 2812 1448 Mirabilia.
2871 1393 3115 1466 (Ηιιειι.)
3167 1395 3334 1464 Quasi
3385 1395 3619 1452 mirabili

2044 1481 2206 1538 modo
2241 1483 2632 1554 redemptionis
2657 1484 2798 1540 data:
2818 1494 2946 1539 sunt
2974 1486 3379 1542 misericordim.

2116 1571 2281 1628 Vens.
2309 1575 2363 1629 9.
2394 1604 2464 1614 —
2482 1573 2832 1630 Esurientem.
2851 1574 3052 1648 (Cass)
3079 1575 3234 1632 Scire
3257 1588 3619 1648 appetentem,

2044 1665 2129 1720 vel
2171 1681 2280 1720 non
2323 1666 2465 1721 scire
2513 1676 2880 1736 appetentem,
2923 1668 3018 1724 sed
3055 1669 3233 1723 inedia
3283 1669 3449 1723 nimia
3489 1669 3622 1723 deﬁ-

2045 1757 2301 1822 cientem,
2329 1757 2471 1812 sicut
2493 1759 2811 1828 contingere
2832 1757 2970 1812 solet
2998 1759 3163 1812 nimia
3195 1757 3338 1814 fame
3360 1759 3445 1813 vel
3471 1757 3621 1813 inﬁr-

351 1847 574 1916 pentino
617 1848 842 1904 oonsilio
887 1849 1021 1906 facit
1065 1851 1242 1916 Deus,
1289 1853 1384 1907 sed
1434 1853 1578 1921 quod
1625 1851 1694 1906 ab
1739 1861 1944 1908 aeterno
1970 1843 2019 1902 Β
2045 1847 2236 1902 mitate
2277 1845 2547 1914 confecto,
2597 1856 2656 1902 ut
2701 1848 3030 1903 manducare
3078 1864 3186 1903 non
3239 1858 3476 1920 appetat,
3528 1849 3623 1904 sed

352 1939 648 2009 praescivit.
676 1939 784 1995 Sed
809 1949 1023 1996 mutare
1045 1942 1262 2006 dicitur,
1287 1942 1429 2012 quod
1449 1942 1744 1998 secundum
1760 1958 1942 1998 rerum

353 2046 549 2085 causas
574 2033 729 2102 sequi
755 2031 1062 2101 videretur,
1086 2033 1208 2088 aliis
1233 2033 1412 2088 causis
1437 2048 1468 2088 e
1489 2041 1674 2088 contra
1705 2033 1940 2088 interve-

354 2122 645 2179 nientibus.
671 2122 779 2179 Sed
798 2132 854 2179 et
873 2139 1088 2191 causas,
1115 2133 1172 2180 et
1189 2124 1322 2194 quid
1339 2124 1512 2191 ﬁeret,
1536 2123 1946 2179 immutabiliter

351 2217 623 2285 praevidit.

425 2309 590 2363 Vsus.
616 2307 708 2363 46.
735 2339 808 2350 —
825 2309 893 2364 In
929 2309 1336 2364 misericordias.
1371 2307 1575 2380 (Cass)
1601 2307 1830 2377 Propter
1857 2307 1941 2362 di-

353 2418 510 2458 versa
539 2402 718 2458 dona:
768 2402 1067 2474 prophetae,
1098 2401 1349 2471 apostoli,
1396 2409 1772 2472 martyres-et
1815 2414 1945 2454 con-

355 2496 590 2552 fessores
617 2497 683 2552 de
711 2495 912 2551 Judazis
933 2494 1173 2562 fuerunt,
1202 2511 1338 2565 quos
1381 2494 1531 2549 dedit
1550 2494 1604 2548 in
1633 2493 1944 2547 misericor-

355 2587 587 2642 diaszet
629 2587 731 2644 hoc
774 2588 829 2640 in
869 2595 1142 2656 conspectu
1170 2585 1426 2649 omnium,
1466 2591 1724 2654 cwperant
1754 2599 1863 2646 eos,
1889 2580 1944 2636 id

355 2691 438 2736 est
478 2682 740 2753 gentium,
775 2690 838 2736 ut
860 2695 954 2734 eos
994 2688 1186 2748 gentes
1236 2677 1585 2741 mirarentur,
1630 2689 1752 2746 qua
1794 2673 1945 2746 prius

354 2787 448 2829 eos
467 2775 845 2844 despexerunt.
883 2772 1005 2836 Vel,
1033 2787 1218 2827 coram
1249 2768 1587 2824 daemonibus
1607 2767 1762 2821 liberi
1787 2763 1942 2831 facti,

354 2865 457 2920 sub
482 2865 676 2934 quibus
707 2863 859 2918 fuere
900 2862 1121 2932 captivi.

426 2954 593 3008 Vsus.
622 2953 712 3007 47.
743 2982 814 2992 -
835 2950 1018 3006 Salvos
1059 2951 1146 3018 fac
1194 2966 1307 3004 nos.
1351 2948 1556 3019 (Cass)
1591 2947 1756 3002 Sexta
1793 2961 1941 3016 pars.

357 3050 474 3107 lam
502 3049 656 3120 copia
690 3048 864 3102 laudis
887 3046 980 3102 Dei
1001 3045 1246 3116 expletus
1265 3051 1520 3114 precatur
1538 3041 1682 3111 quod
1704 3039 1945 3094 futurum

357 3143 513 3206 vidit,
537 3151 598 3197 ut
623 3139 862 3196 Ecclesia
891 3139 959 3194 de
999 3137 1249 3192 omnibus
1274 3135 1521 3206 gentibus
1563 3137 1941 3202 congregetur,

2041 1936 2210 1992 nimia
2238 1936 2417 1992 inedia
2446 1936 2682 1993 deﬁciat.

2114 2030 2383 2086 Sedentes.
2409 2030 2592 2104 (Acs)
2623 2032 2803 2088 Tertia
2842 2048 2991 2105 pars,
3022 2033 3111 2089 ubi
3134 2034 3360 2104 ponitur
3384 2034 3622 2089 secunda

2042 2125 2292 2190 tentatio,
2321 2133 2455 2190 etc.,
2491 2141 2654 2195 usque
2683 2124 2754 2178 ad
2777 2132 2832 2179 et
2859 2139 2961 2180 nos
2987 2124 3153 2180 etiam
3181 2123 3285 2178 hoc
3312 2139 3471 2194 posse
3495 2139 3626 2179 con-

2043 2217 2368 2274 sideremus.

2114 2309 2274 2364 Vsus.
2307 2310 2395 2363 11.
2423 2339 2494 2350 —
2517 2308 2658 2376 Quia
2687 2311 3144 2364 exacerbaverant.
3179 2309 3304 2380 (10.)
3334 2309 3448 2365 Hoc
3478 2309 3624 2365 aliud

2043 2401 2240 2456 iterum
2257 2410 2568 2466 conantem,
2588 2409 2719 2466 etc.,
2749 2417 2910 2471 usque
2936 2401 3003 2454 ad
3027 2401 3169 2455 unde
3189 2401 3270 2454 eis
3291 2409 3410 2454 erat
3434 2401 3620 2455 iratus.

2113 2491 2402 2547 Comitium
2441 2491 2712 2547 Altissimi.
2760 2491 2832 2549 Ut
2866 2493 2959 2562 qui
2991 2492 3391 2562 superbierunt,
3425 2493 3476 2547 in
3525 2509 3620 2546 an-

2044 2588 2237 2660 gustiis
2265 2585 2703 2650 humiliarentur,
2735 2587 2878 2656 quod
2923 2595 3040 2641 erat
3071 2586 3288 2642 salubre
3315 2587 3621 2653 consilium,

2045 2691 2105 2736 ut
2134 2681 2356 2736 morbus
2381 2679 2560 2736 saeculi
2585 2682 2860 2736 contrario
2893 2681 3135 2736 remedio
3175 2689 3480 2736 curaretur.

2122 2772 2483 2830 Vsas.12.——
2523 2772 2636 2827 Nec
2662 2773 2762 2842 [uit
2803 2774 2911 2844 qui.
2958 2772 3082 2845 (10.)
3134 2772 3244 2827 Deo
3291 2775 3435 2827 enim
3488 2774 3630 2828 desi-

2045 2874 2222 2920 stente
2268 2864 2337 2919 ab
2371 2863 2590 2929 auxilio,
2637 2863 2887 2919 laborare
2915 2873 3068 2933 potes
3102 2871 3292 2918 contra
3331 2864 3482 2928 vitia,
3535 2865 3628 2919 sed

2045 2971 2157 3012 non
2185 2955 2406 3010 vincere
2431 2971 2446 3019 ;
2477 2963 2533 3009 et
2557 2963 2611 3009 te
2655 2969 2844 3024 presso
2875 2964 2963 3008 tua
2993 2970 3158 3025 prava
3217 2954 3625 3020 consuetudine,

2048 3043 2422 3098 humiliabitnr
2441 3059 2556 3108 cor,
2586 3051 2644 3097 ut
2668 3044 2845 3098 discas
2865 3043 3122 3110 clamare,
3147 3043 3290 3099 unde
3318 3043 3498 3099 subdit
3526 3043 3628 3098 :Et

2049 3130 2494 3186 exclamaverunt.

357 3244 415 3292 et
454 3235 638 3291 laudes
681 3242 914 3288 asternas
951 3237 1151 3286 cantet.
1198 3227 1383 3301 (Aus)
1435 3225 1618 3282 Salvos
1666 3225 1752 3294 {ac
1809 3239 1902 3277 nos
1926 3261 1942 3288 ,
1972 3209 2018 3275 C
2119 3223 2281 3280 Vsus.
2317 3224 2405 3279 15.
2444 3255 2517 3265 -
2563 3224 2632 3279 Et
2662 3225 3104 3280 exclamaverunt.
3160 3225 3407 3296 (Cass)
3455 3227 3630 3282 Simili

355 3327 554 3398 quasi:
582 3324 786 3382 Dedisti
815 3322 1218 3378 misericordias
1257 3323 1310 3376 in
1352 3327 1642 3392 conspectu
1673 3317 1944 3381 omnium,

359 3431 489 3486 etc.,
513 3436 674 3490 usque
690 3417 760 3472 ad
781 3417 1046 3488 sequitur.
1076 3414 1144 3469 Et
1159 3429 1414 3484 congrega
1429 3429 1522 3467 nos
1544 3411 1609 3466 de
1623 3409 1943 3465 nationibus.

431 3511 595 3566 Vsus.
626 3509 716 3565 48.
741 3539 814 3548 -
835 3506 1150 3562 Benedictus
1170 3504 1445 3558 Dominus.
1472 3501 1679 3574 (Cass)
1712 3500 1840 3556 Haec
1861 3509 1947 3554 est

361 3603 501 3668 laus,
555 3617 718 3673 quam
747 3607 1103 3671 congregatos
1155 3603 1308 3666 optat
1356 3602 1604 3657 cantare,
1654 3591 1757 3646 hoc
1800 3605 1947 3646 nunc

361 3703 545 3754 cantat
577 3694 818 3751 Ecclesia
857 3693 925 3748 de
955 3699 1106 3746 tanto
1133 3691 1276 3746 bono
1295 3688 1438 3742 lata.
1466 3687 1508 3740 Α
1538 3684 1730 3740 strculo
1752 3699 1942 3754 usque,

363 3800 491 3856 etc.,
523 3790 577 3845 id
624 3796 731 3854 est,
771 3788 838 3842 ab
861 3795 1064 3842 mterno
1094 3783 1149 3839 in
1195 3790 1479 3845 aeternum,
1530 3778 1655 3848 quia
1691 3777 1808 3833 sine
1837 3776 1945 3830 ﬁne

364 3879 706 3935 laudabitur:
757 3879 872 3933 haec
915 3883 1000 3932 est
1044 3874 1204 3929 tertia
1256 3869 1652 3928 consummatio
1697 3867 1944 3936 corporis

363 3971 565 4030 Christi
597 3972 652 4027 in
690 3969 1122 4031 immortalitate,
1157 3965 1302 4036 quod
1338 3965 1391 4018 in
1433 3960 1702 4033 principio
1748 3958 1947 4028 psalmi

364 4072 573 4120 oratum
603 4071 724 4118 est:
752 4061 1012 4116 Memento
1038 4057 1227 4123 nostri,
1260 4054 1511 4119 Domine,
1536 4054 1590 4108 in
1621 4050 1946 4121 beneplacita

365 4153 542 4226 pepuli
565 4155 643 4208 tui
693 4154 761 4209 ad
798 4152 1110 4219 videndum,
1152 4150 1220 4206 ad
1249 4148 1562 4214 laetandum,
1613 4155 1674 4201 ut
1707 4144 1947 4200 lauderis

367 4257 490 4299 cum
511 4242 827 4299 haereditate
857 4253 970 4298 tua.

899 4375 1222 4434 PSALMUS
1259 4373 1393 4433 CVI.

439 4512 688 4578 Alleluia,
711 4511 948 4567 alleluia.
979 4511 1165 4583 (Aris)
1197 4510 1298 4566 Hic
1323 4508 1564 4579 psalmus
1601 4505 1940 4563 commendat

2048 3332 2211 3373 causa
2240 3317 2429 3372 eadem
2462 3317 2738 3372 sententia
2765 3334 2886 3388 qua:
2911 3327 2965 3373 et
2991 3334 3173 3388 supra.

2120 3409 2284 3465 Vens.
2318 3409 2405 3464 16.
2452 3441 2508 3450 -
2537 3407 2728 3464 Portas
2762 3427 2948 3465 (creas.
2979 3409 3104 3480 (10.)
3127 3410 3305 3466 Portae
3331 3427 3511 3478 aereae,
3533 3411 3631 3466 ho-

2048 3501 2254 3556 minum
2305 3500 2726 3556 consuetudines
2768 3500 2994 3566 vitiosae,
3021 3517 3142 3571 quae
3164 3501 3378 3557 clausos
3429 3517 3536 3557 non
3561 3501 3632 3557 si-

2047 3601 2181 3646 nunt
2207 3591 2404 3647 exire.-

2127 3680 2329 3736 Vectes.
2366 3681 2603 3753 Spiritus
2646 3683 2933 3747 immundi,
2982 3683 3072 3754 qui
3104 3691 3292 3754 portas
3350 3685 3624 3738 obserent.

2047 3773 2266 3839 Ereos,
2290 3774 2516 3840 ferreos,
2546 3790 2646 3844 pro
2671 3774 2989 3831 fortitudine
3020 3774 3194 3844 ponit,
3219 3775 3314 3829 sed
3342 3775 3513 3830 virtus
3534 3774 3630 3830 Dei

2051 3863 2270 3936 frangit.

2111 3955 2282 4010 Vens.
2316 3956 2402 4012 18.
2429 3987 2501 3996 —-
2529 3955 2750 4012 Omnem
2773 3973 2966 4011 escam.
2998 3955 3183 4027 (Αυῦ.)
3234 3955 3436 4024 Quarta
3479 3971 3626 4026 pars,

2049 4047 2142 4102 ubi
2189 4048 2410 4118 ponitur
2451 4049 2609 4102 tertia
2664 4049 2914 4114 tentatio,
2943 4065 3064 4118 quae
3110 4056 3194 4104 est
3243 4048 3480 4102 tazdium.
3529 4047 3628 4115 Qui

2049 4155 2212 4210 supra
2246 4139 2388 4194 fame
2412 4139 2761 4210 languebant,
2793 4141 2922 4196 item
2961 4139 3178 4196 fastidio
3216 4139 3589 4209 periclitantur
3613 4157 3626 4168 ·

2048 4248 2117 4287 ne
2150 4246 2280 4302 ergo
2307 4239 2466 4302 putes
2503 4231 2570 4286 de
2601 4231 2851 4286 satietate
2891 4246 3132 4295 securos,
3171 4230 3296 4298 quia
3329 4236 3385 4283 et
3415 4229 3630 4283 fastidio

2049 4323 2378 4380 moriuntur.
2409 4321 2476 4375 Et
2504 4322 2608 4375 hoc
2627 4330 2710 4374 est
2741 4336 2944 4373 omnem
2971 4335 3163 4383 escam,
3197 4327 3304 4372 etc.

2120 4411 2304 4484 (Aus)
2325 4411 2618 4480 Postquam
2645 4410 2793 4463 venit
2823 4409 2890 4464 de
2906 4410 3206 4480 ignorantia
3231 4410 3296 4463 ad
3323 4409 3626 4473 veritatem,

2049 4505 2116 4560 de
2140 4519 2327 4560 errore
2362 4505 2428 4559 ad
2472 4505 2638 4569 viam,
2671 4504 2738 4558 de
2781 4505 2922 4559 fame
2969 4505 3246 4570 sapientiae
3301 4505 3368 4559 ad
3410 4508 3629 4562 verbum

371 4568 794 4660 misericordiam
851 4568 1160 4666 Dei,‘ctc.,’
1193 4568 1355 4669 usque
1396 4597 1466 4650 ad
1497 4612 1616 4666 quae
1658 4595 1946 4666 Apostolus
1971 4568 2024 4629 Β
2056 4595 2205 4660 ﬁdei,
2262 4605 2318 4649 et
2353 4603 2638 4666 postquam
2675 4568 3044 4649 diﬂicnltates
3071 4595 3338 4650 malorum
3391 4596 3540 4662 vicit,
3573 4604 3634 4651 ut

370 4696 569 4766 posuit,
600 4694 848 4766 quamvis
889 4693 1030 4748 idem
1061 4689 1445 4762 signiﬁcantia.
1943 4759 1946 4762 .

441 4787 604 4843 Vens.
639 4789 781 4842 1.-
810 4783 1144 4855 Conﬁtemini
1184 4782 1430 4836 Domino.
1472 4781 1596 4852 (10.)
1639 4781 1806 4836 Docet
1858 4778 1950 4833 hic

372 4881 608 4955 psalmus
647 4880 776 4950 quid
829 4879 1000 4934 simus
1049 4893 1147 4948 per
1181 4891 1299 4940 nos,
1332 4884 1462 4939 etc.,
1504 4890 1668 4944 usque
1691 4873 1759 4927 ad
1801 4872 1954 4943 prius

371 4983 558 5031 monet
586 4972 890 5043 redemptos
917 4968 1188 5026 conﬁteri.
1222 4965 1574 5036 Conﬁtemini.

444 5064 647 5129 (Cass,
676 5063 839 5134 Atto.)
865 5061 1032 5130 Cujus
1063 5068 1189 5116 sunt
1215 5067 1418 5130 septem
1449 5056 1792 5128 partitiones,
1817 5064 1949 5120 etc.,

374 5172 536 5228 usque
567 5155 636 5211 ad
663 5155 914 5227 septimo,
941 5154 1055 5223 agit
1094 5152 1162 5208 de
1205 5150 1498 5212 haereticis,
1547 5148 1645 5213 ibi,
1681 5146 1751 5201 Et
1795 5147 1950 5218 pauci

378 5245 526 5302 ’ucti.

445 5338 611 5394 Vens.
637 5336 692 5392 5.
722 5367 796 5380 -—
817 5334 889 5392 Et
941 5335 1096 5391 mari.
1128 5333 1327 5406 (Cass.
1355 5332 1500 5405 )Pro
1544 5339 1749 5397 austro,
1798 5328 1954 5400 ponit

379 5445 552 5496 mare,
605 5444 867 5486 oceanum
913 5427 1056 5482 illius
1106 5427 1275 5496 partis
1315 5425 1662 5495 intelligens,
1710 5425 1811 5478 hoc
1852 5437 1952 5492 pro

383 5524 624 5596 qualibet
644 5533 796 5594 parte
836 5523 1018 5577 mundi
1057 5529 1232 5592 potest
1261 5519 1451 5590 accipi.
1579 5524 1582 5526 ‘

449 5615 614 5672 Vsus.
643 5615 698 5668 4.
737 5645 806 5657 -
835 5613 1178 5667 Erraverunt.
1220 5610 1342 5681 (10.)
1384 5610 1631 5665 Secunda
1677 5623 1828 5680 pars,
1860 5609 1952 5666 ubi

384 5704 555 5774 prima
586 5703 832 5768 tentatio,
871 5713 1002 5765 etc.,
1052 5719 1212 5773 usque
1257 5701 1326 5754 ad
1355 5709 1550 5771 quarto
1590 5716 1689 5772 pro
1725 5700 1950 5757 exaudi-

386 5798 530 5852 tione
552 5794 840 5863 confessio,
867 5795 922 5853 id
947 5806 1031 5852 est
1050 5834 1066 5861 ,
1101 5793 1357 5849 laudatio.

2054 4689 2170 4744 sine
2193 4687 2410 4757 querela
2442 4687 2608 4752 vivat,
2647 4695 2817 4741 restat
2846 4686 3080 4752 taedium,
3118 4695 3179 4742 nt
3213 4687 3502 4758 aliquando
3531 4702 3631 4742 nec

2052 4776 2250 4848 legere,
2312 4792 2413 4832 nec
2455 4791 2612 4831 orare
2666 4775 2935 4840 delectet;
2975 4778 3149 4832 evasit
3210 4777 3532 4847 imperitiam
3577 4783 3634 4831 et

2055 4871 2573 4942 concupiscentiam,
2593 4870 2696 4929 sed
2722 4869 2952 4924 moritur
2972 4871 3149 4926 taedio.

2129 4955 2300 5019 Vsus.
2323 4964 2413 5018 23.
2441 4993 2512 5002 —
2543 4962 2647 5028 Qui
2687 4961 3008 5017 descendunt
3055 4977 3219 5016 mare.
3253 4960 3450 5029 Quinta
3481 4977 3630 5032 pars,

2057 5064 2163 5114 etc.
2182 5097 2197 5120 ,
2223 5073 2384 5126 usque
2413 5056 2481 5108 ad
2515 5055 2559 5109 si
2591 5061 2703 5109 tota
2741 5053 2894 5109 navis
2917 5053 3274 5125 periclitatur.

2130 5149 2292 5203 Vens.
2309 5147 2508 5212 24,25.
2531 5145 2716 5218 —Ipsi
2740 5145 2979 5200 uiderunt
3005 5160 3162 5213 opera
3189 5141 3420 5197 Domini.
3448 5137 3630 5215 (Alis)

2057 5242 2154 5299 Vel
2183 5242 2446 5304 viderunt,
2465 5248 2595 5304 etc.,
2626 5255 2787 5310 usque
2807 5237 2876 5291 ad
2901 5233 3402 5305 exponitprocellas
3421 5249 3629 5301 eorum,

2059 5336 2318 5399 subdens,
2345 5333 2476 5387 dixit
2505 5341 2554 5386 et
2597 5331 2756 5384 stetit.
2791 5326 2860 5382 In
2900 5325 3182 5394 profundo.
3227 5325 3368 5378 Dixit
3397 5335 3444 5379 et
3493 5325 3632 5380 stetit

2061 5428 2274 5499 spiritus
2313 5423 2576 5497 procellae,
2623 5430 2730 5477 etc.
2758 5415 2880 5490 (10.)
2920 5415 3252 5471 Profundum
3309 5431 3406 5471 cor
3458 5415 3644 5496 110ιηί-⁴

2058 5538 2186 5579 num
2219 5520 2360 5574 unde
2389 5516 2534 5573 venti
2565 5518 2877 5582 erumpunt,
2917 5517 2974 5564 et
3008 5508 3144 5562 ﬁunt
3173 5515 3523 5576 tempestates
3549 5522 3631 5560 sc—

2058 5617 2323 5672 ditionum
2345 5620 2400 5668 et
2431 5605 2845 5666 dissensionum.

2130 5705 2294 5760 Vens.
2347 5703 2438 5757 27.
2469 5729 2538 5740 -ο-
2567 5695 2712 5752 Sicut
2763 5693 2956 5748 ebrius.
2995 5691 3135 5762 (10.)
3187 5691 3461 5755 Tituhant,
3505 5687 3632 5760 quia

2059 5795 2394 5868 prosperitas
2413 5802 2600 5844 eorum
2632 5785 2719 5840 vel
2745 5781 3068 5847 adversitas,
3093 5781 3266 5852 major
3293 5787 3377 5837 cst
3403 5779 3629 5835 viribus.
