4008 6348
439 387 576 442 1051

940 384 1333 442 WALAFRIDI
1372 383 1618 441 STRABI
1656 382 1859 440 FULD.
1901 379 2065 439 MON.
2105 379 2256 438 OPP.
2297 380 2476 440 PARS
2513 384 2554 438 l.
2595 414 2660 425 —
2701 383 3152 442 THEOLOGICA.

3547 401 3574 446 1
3585 391 3696 446 039-

431 497 547 552 Jam
577 497 904 561 dominatur,
929 497 1042 568 jam
1069 499 1273 564 virtus;
1302 499 1396 553 sed
1427 499 1483 551 in
1509 497 1592 551 die
1617 495 1863 566 specialis
1895 494 2008 549 vir—
2035 495 2090 556 Α
2113 493 2186 548 ita
2215 495 2281 550 de
2307 485 2523 553 homine
2548 513 2760 568 semper
2777 501 2918 554 Deus
2947 502 3133 571 implet
3161 516 3312 557 suam
3329 503 3696 574 voluntatem,

435 590 586 655 tutis,
616 596 750 654 etc.,
801 605 962 660 usque
1005 589 1074 643 ad
1104 589 1336 659 qualiter
1360 588 1522 643 Pater
1555 602 1679 643 cum
1719 602 1785 642 eo
1815 586 2011 657 princi-

432 682 600 754 pium.
633 680 747 736 Hoc
773 689 934 746 tunc,
964 680 1059 736 sed
1089 696 1252 736 nunc.
1286 680 1372 734 Ea:
1396 687 1566 745 utero,
1605 679 1660 734 id
1697 688 1800 744 est,
1853 688 1908 732 ut
1943 693 2010 734 ex

435 781 644 828 secreta
674 779 728 826 et
765 770 974 827 occulta
1020 771 1320 826 substantia
1369 785 1488 824 mea
1513 810 1529 836 ,
1575 778 1679 825 etc.
1703 809 1718 834 ,
1759 785 1918 840 usque
1942 768 2012 822 ad

435 863 608 934 quise
645 861 856 928 oll'erat,
900 861 1043 917 unde
1069 863 1336 932 sequitur,
1388 861 1616 926 Juravit,
1667 869 1768 917 etc.
1811 859 2012 931 (Last)

439 951 540 1007 Vel
576 950 767 1006 Tecum
791 951 1145 1022 principium:
1185 952 1287 1007 hoc
1331 951 1522 1017 Pater;
1556 951 1734 1021 quasi,
1765 952 1871 1006 hoc
1919 949 2014 1004 tibi

438 1046 618 1101 tribuo
664 1045 784 1116 plus
830 1060 995 1116 quam
1039 1044 1156 1108 alii,
1209 1044 1337 1115 quia
1368 1043 1538 1098 Filius
1593 1058 1693 1114 per
1741 1052 2009 1096 naturam.

439 1139 619 1212 (Auc.)
637 1139 731 1196 Vel
750 1156 815 1196 ex
836 1154 1064 1210 persona
1101 1138 1374 1208 propheta:
1398 1145 1576 1208 potest
1596 1135 1765 1206 accipi
1795 1135 2017 1205 loquen—

440 1235 510 1289 tis
532 1275 547 1299 ,
586 1243 688 1290 etc.
709 1273 726 1296 ,
764 1248 924 1302 usque
949 1231 1018 1285 ad
1041 1245 1165 1286 cum
1209 1228 1413 1299 Spiritu
1436 1236 1644 1294 sancto,
1673 1227 1764 1298 qui
1802 1234 2017 1282 sanctos

443 1325 798 1397 splendilicat.

509 1418 651 1472 Vens
678 1416 732 1470 4.
767 1415 1067 1470 —.luravit
1097 1414 1372 1470 Dominus.
1428 1412 1631 1484 (Cass.)
1677 1411 1862 1467 Tertio
1907 1409 2018 1481 agit

437 1510 693 1580 propheta
717 1510 784 1563 de
822 1507 1159 1562 humanitate
1183 1505 1566 1571 Christi,'etc.,
1599 1520 1760 1574 usque
1793 1502 1861 1556 ad
1893 1503 2018 1557 hinc

438 1608 646 1656 constat
675 1600 908 1655 transire
945 1599 1195 1654 victimas
1219 1597 1510 1655 secundum
1543 1596 1786 1651 ordinem
1813 1594 2012 1648 Aaron.

441 1690 563 1745 Non
599 1690 858 1760 paenitebit
898 1703 1059 1744 eum:
1112 1698 1168 1744 tu
1222 1707 1275 1744 es
1327 1689 1601 1753 sacerdos,
1646 1688 1702 1741 in
1747 1698 2014 1742 aeternum.

439 1780 621 1851 (Auc.)
653 1780 711 1834 ln
743 1781 910 1835 Deum
960 1780 1102 1834 nulla
1149 1780 1294 1835 cadit
1343 1779 1658 1849 ptenitentia
1693 1797 1706 1832 :
1738 1779 1842 1832 scit
1873 1778 2016 1831 enim

2113 586 2238 656 quia
2276 587 2410 641 nihil
2438 586 2570 644 facit
2611 589 2789 653 homo,
2837 590 2905 645 de
2945 605 3052 660 quo
3083 607 3189 646 non
3235 603 3494 664 operetur
3521 596 3698 663 Deus,

2115 679 2258 748 quod
2296 678 2428 734 vult.

2203 768 2368 826 Vens.
2409 768 2467 824 3.
2487 800 2558 812 ——
2584 770 2853 837 Confessio
2881 781 2929 826 et
2979 775 3368 845 magniﬁcentia
3399 795 3526 846 opus
3551 780 3696 849 ejus.

2116 859 2316 932 (Cass.)
2359 862 2521 930 Quasi
2555 863 2870 930 confitebor,
2921 869 3047 936 quia
3099 883 3290 939 magna
3340 880 3470 926 sunt
3521 889 3700 942 opera

2115 951 2346 1006 Domini.
2376 952 2636 1017 Quaelibet
2661 955 2824 1008 etiam
2851 971 3014 1024 opera
3039 966 3167 1011 sunt
3190 975 3386 1030 magna
3407 1001 3421 1024 ,
3453 962 3498 1014 si
3521 962 3579 1015 in
3613 965 3703 1018 eis

2114 1041 2361 1096 videatur
2381 1043 2610 1098 intentio
2636 1051 2690 1097 et
2719 1045 2986 1110 voluntas,
3015 1061 3134 1116 quac
3159 1059 3243 1104 est
3267 1051 3522 1120 confessio
3559 1069 3699 1124 peo-

2116 1140 2382 1198 catorum,
2418 1141 2472 1186 et
2511 1135 2898 1205 magniﬁcentia
2931 1138 3195 1194 bonorum
3227 1154 3452 1210 Operum
3484 1152 3586 1196 :et
3601 1143 3704 1211 ju-

2115 1226 2280 1290 stitia,
2307 1225 2359 1280 id
2389 1235 2490 1290 est,
2525 1242 2753 1290 merces,
2776 1244 2896 1298 quae
2927 1228 3072 1298 jusle
3108 1232 3285 1286 datur.

2188 1313 2352 1369 Vens.
2380 1315 2434 1370 4.
2460 1347 2529 1358 -
2559 1317 2868 1372 Memoriam
2912 1321 3049 1388 fecit.
3081 1321 3206 1392 (ln.)
3259 1322 3510 1379 Secundo
3563 1327 3704 1380 dicit

2118 1405 2304 1462 fideles
2331 1409 2548 1478 copioso
2579 1425 2801 1464 munere
2849 1411 3091 1476 satiatos,
3119 1414 3442 1482 promittens
3493 1417 3703 1470 adven-

2119 1506 2230 1554 tum
2247 1500 2478 1563 Domini,
2495 1510 2551 1555 ut
2577 1501 2859 1558 haereditas
2883 1505 3036 1559 avide
3064 1517 3357 1575 quaeratur.
3382 1507 3568 1578 (Λυε.)
3587 1508 3704 1562 Με-

2118 1593 2340 1646 moriam
2392 1591 2512 1661 fecit
2547 1594 2865 1648 mirabilium
2908 1612 3140 1650 suorum.
3197 1596 3352 1653 Hunc
3401 1599 3702 1654 humilians

2120 1694 2176 1739 et
2205 1686 2347 1740 hunc
2373 1686 2651 1752 exaltans,
2679 1695 2818 1753 etc.,
2847 1705 3008 1759 usque
3039 1689 3109 1744 ad
3133 1691 3263 1761 quid
3294 1691 3348 1746 in
3373 1690 3555 1746 futura
3586 1691 3703 1761 glo-

2123 1777 2365 1832 rilicatus
2393 1777 2654 1847 accipiet?

437 1873 565 1943 quid
590 1883 734 1942 agat,
763 1886 864 1926 nec
894 1879 1067 1925 mutat
1093 1871 1373 1926 consilium
1393 1912 1408 1936 ,
1439 1870 1531 1925 sed
1557 1870 1722 1925 verbo
1747 1869 2016 1938 pteniten-
2046 1853 2091 1912 Β
2190 1870 2350 1923 Vens.
2371 1867 2424 1923 5.
2448 1899 2516 1909 —
2550 1869 2738 1924 Escam
2764 1871 2923 1925 dedit.
2957 1872 3158 1943 (Cass.)
3189 1872 3341 1928 Facit
3391 1874 3700 1930 confessio—

438 1965 527 2018 tiaa
569 1965 798 2018 mutatio
850 1977 1032 2018 rerum
1063 1964 1222 2018 aliter
1263 1979 1425 2033 quam
1473 1962 1725 2032 sperabat
1761 1959 2017 2016 evenien-

441 2055 572 2107 tium
603 2052 956 2124 significatur.
1009 2052 1288 2120 Quomodo
1317 2053 1462 2107 enim
1491 2067 1614 2106 cum
1666 2049 1868 2120 aliquid
1905 2063 2020 2119 pm-

438 2145 575 2199 nitet
599 2155 650 2198 te
677 2142 890 2210 fecisse,
925 2143 1074 2198 doles
1103 2143 1306 2199 factum
1333 2143 1475 2212 quod
1516 2141 1712 2198 fecisti.

511 2233 670 2287 Vens.
702 2232 758 2286 5.
784 2263 857 2274 —
878 2231 1040 2303 Reges
1080 2233 1263 2305 (Auc.)
1298 2232 1400 2300 Qui
1422 2231 1630 2299 volunt,
1662 2230 1747 2286 vel
1771 2229 2020 2285 volebant

440 2325 618 2382 delere
655 2341 851 2382 nomen
882 2326 1105 2383 Christi.

509 2418 674 2473 Vens.
709 2419 760 2471 6.
793 2447 864 2458 —-
891 2417 1303 2490 Conquassabit,
1355 2418 1407 2473 id
1438 2428 1523 2475 est
1557 2418 1800 2473 infirmos
1827 2417 2015 2472 reddi-

438 2508 536 2572 dit,
570 2517 701 2576 etc.,
738 2526 898 2579 usque
948 2510 1018 2563 ad
1063 2519 1118 2565 et
1169 2525 1311 2564 nunc
1358 2509 1620 2579 judicabit
1656 2510 1710 2563 in
1746 2509 2016 2576 gentibus,

439 2609 492 2653 ut
522 2600 724 2664 ruinas,
753 2614 859 2654 non
887 2609 1100 2655 erectos
1145 2598 1381 2668 impleat.
1423 2598 1690 2652 Judicabit
1741 2599 1795 2651 in
1843 2598 2017 2652 natio-

437 2691 608 2746 nibus.
635 2690 836 2762 (Cass.)
862 2689 1027 2758 Quasi
1059 2707 1213 2762 rcges
1240 2690 1439 2762 frangit
1461 2705 1560 2759 pro
1586 2690 1837 2760 superbia
1871 2707 1883 2742 :
1916 2704 2015 2759 po-

437 2781 590 2850 pulos
621 2779 829 2848 judicat
849 2789 1070 2850 propter
1103 2781 1409 2835 communia
1452 2789 1674 2850 peccata
1708 2797 1721 2832 :
1758 2787 2018 2849 utrosque

437 2882 498 2928 ut
517 2873 870 2928 humilientur
897 2874 965 2928 ad
987 2873 1415 2928 conversionem.
1444 2871 1565 2936 Vel,

509 2962 669 3017 Vens.
705 2963 759 3016 7.
785 2962 958 3017 —De
1009 2973 1252 3018 torrente.
1305 2962 1530 3034 (Cass.)
1575 2962 1650 3016 De
1703 2962 2016 3018 transitoria

436 3053 686 3124 passione
713 3060 769 3107 et
797 3051 1121 3109 turbulenta.
1156 3051 1218 3106 In
1269 3053 1390 3118 via,
1435 3068 1541 3122 qua
1589 3051 1699 3106 itur
1737 3053 1806 3108 ad
1853 3052 2014 3106 aliam

440 3146 775 3201 mansionem
786 3185 800 3200 .

513 3235 779 3290 Exaltabit
827 3248 1000 3307 caput.
1035 3236 1184 3293 Unde
1213 3253 1226 3290 :
1262 3237 1486 3308 Propter
1520 3238 1616 3291 hoc
1662 3236 1910 3291 exultavit
1946 3236 2014 3290 il-
2042 3204 2088 3268 ϐ

437 3328 568 3392 lum,
597 3336 645 3382 et
673 3329 815 3382 dedit
865 3329 1004 3383 Deus
1049 3329 1129 3382 illi
1171 3347 1379 3395 nomen,
1407 3330 1545 3401 quod
1570 3339 1644 3384 est
1686 3347 1840 3399 super
1863 3346 2013 3384 omne

453 3433 659 3482 nomen,
684 3428 742 3470 ut
770 3419 826 3472 in
876 3419 1081 3473 nomine
1117 3419 1246 3474 .lesu
1275 3436 1426 3473 omne
1465 3436 1599 3489 genu
1624 3420 1881 3488 ﬂectatur,
1909 3435 2011 3474 εω-

436 3507 666 3574 lesttum,
696 3513 1019 3565 terrestrium
1060 3521 1108 3566 et
1153 3512 1502 3581 infernarum,
1545 3521 1593 3566 et
1633 3513 1800 3566 omnis
1833 3511 2012 3583 lingua

436 3601 746 3670 conﬁteatur
770 3605 894 3673 quia
921 3603 1172 3658 Dominus
1205 3604 1358 3658 Jesus
1385 3601 1625 3657 Christus
1655 3611 1727 3657 est
1762 3605 1816 3657 in
1846 3601 2014 3674 gloria

438 3691 535 3745 Dei
571 3691 770 3747 Patris.

977 3763 1295 3822 PSALMUS
1343 3763 1456 3820 CX.

507 3876 754 3931 Alleluia.
785 3877 985 3950 (Cass.)
1031 3877 1245 3932 Primus
1281 3878 1519 3947 psalmus
1548 3894 1644 3948 per
1683 3893 1874 3933 omnes
1919 3878 2013 3932 lit-

439 3975 584 4019 teras
612 3965 899 4034 alpbabeti,
929 3976 1064 4030 etc.,
1095 3983 1254 4036 usque
1285 3968 1352 4019 ad
1379 3968 1536 4022 tertio
1561 3969 1776 4024 eosdem
1803 3969 2014 4022 redem-

437 4063 561 4126 ptos
589 4055 802 4118 asserit,
819 4063 874 4110 et
905 4055 1112 4111 Novum
1148 4057 1547 4112 Testamentum
1579 4074 1912 4125 mansurum,
1939 4057 2012 4112 ibi

441 4144 882 4220 Redemptionem.

512 4234 675 4291 Vens.
701 4237 752 4291 1.
775 4267 844 4278 -
867 4235 1180 4306 Conﬁtebor.
1209 4237 1393 4310 (Auc.)
1428 4235 1545 4293 Non
1574 4246 1659 4293 est
1686 4237 1775 4293 hic
1804 4237 2014 4294 confes-

442 4328 522 4382 sio
548 4335 915 4398 peccatorum,
945 4329 1039 4384 sed
1071 4329 1243 4384 laudis
1269 4344 1282 4382 :
1316 4328 1403 4383 illa
1438 4329 1602 4402 luget,
1627 4329 1744 4385 haec
1774 4329 1971 4402 gaudet
1997 4348 2009 4385 :

443 4417 529 4472 illa
556 4419 751 4473 vulnus
776 4419 984 4476 medico
1012 4421 1265 4485 ostendit,
1307 4421 1422 4477 haec
1462 4421 1527 4476 de
1556 4422 1786 4476 sanitate
1813 4421 2014 4492 gratias

2119 1973 2242 2012 nem
2270 1967 2322 2013 et
2351 1959 2828 2030 magniﬁcentiam,
2853 1971 2983 2028 etc.,
3009 1978 3174 2032 usque
3205 1966 3272 2016 ad
3303 1971 3364 2018 ut
3389 1965 3576 2019 omnia
3600 1967 3705 2020 im-

2117 2047 2386 2116 pleantur.
2415 2046 2618 2102 Memor
2653 2050 2770 2114 erit,
2816 2059 2920 2105 etc.
2969 2050 3155 2123 (Auc.)
3184 2052 3296 2107 Nec
3323 2061 3500 2107 totum
3524 2053 3702 2118 dedit,

2117 2137 2208 2206 qui
2257 2137 2450 2208 pignus
2494 2137 2661 2204 dedit,
2686 2149 2816 2205 etc.,
2856 2157 3014 2211 usque
3043 2142 3113 2196 ad
3140 2157 3237 2211 per
3266 2153 3706 2214 compungentes

2119 2231 2389 2299 passionis
2412 2233 2690 2300 angustias
2715 2232 2937 2287 intrant.

2192 2319 2354 2376 Vens.
2387 2321 2441 2375 6.
2468 2351 2534 2365 —
2572 2319 2824 2376 Virtutem
2849 2339 3082 2392 operum.
3129 2321 3332 2396 (Cass.)
3358 2321 3548 2378 Virtus
3573 2337 3704 2392 ope—

2119 2426 2236 2465 rum
2258 2421 2358 2474 est,
2376 2411 2518 2482 quod
2540 2412 2668 2466 eieci
2697 2411 2900 2476 vident,
2931 2421 3036 2468 etc.
3068 2412 3198 2480 Quae
3221 2412 3352 2468 fecit
3378 2423 3509 2468 nota
3540 2413 3704 2468 Chri—

2121 2503 2296 2556 stiano
2322 2502 2536 2572 populo.
2572 2499 2640 2555 Ut
2670 2504 2754 2556 det
2780 2503 2886 2557 illis
2914 2504 3288 2568 hereditatem,
3329 2507 3446 2561 haec
3475 2503 3578 2559 fuit
3617 2506 3702 2560 in—

2121 2592 2290 2647 tentio
2322 2592 2725 2658 miraculorum,
2757 2604 2814 2647 ut
2841 2596 3143 2650 crederent.

2190 2680 2351 2736 Vens.
2381 2683 2432 2734 7.
2464 2712 2534 2722 —
2571 2680 2640 2736 Ut
2662 2683 2744 2737 det
2774 2683 2878 2736 illis
2903 2684 3255 2738 hareditatem
3284 2685 3537 2755 gentium.
3570 2683 3700 2756 (In.)

2124 2771 2320 2838 Quasi,
2349 2772 2474 2826 licet
2500 2772 2608 2826 illis
2646 2773 2733 2828 det
2755 2775 3124 2829 haereditatem
3145 2816 3159 2839 ,
3189 2785 3369 2830 tamen
3394 2776 3565 2830 multa
3607 2791 3700 2846 pa-

2117 2866 2338 2920 tientur.
2391 2864 2562 2936 Opera
2612 2883 2860 2920 manuum
2904 2867 3039 2938 ejus.
3098 2867 3220 2938 (ln.)
3262 2868 3319 2922 ld
3355 2879 3482 2930 est,
3526 2869 3699 2922 virtu—

2119 2958 2206 3012 tis.
2269 2955 2470 3011 Veritas
2498 2998 2514 3024 ,
2565 2959 2690 3012 dum
2741 2960 3018 3013 conversis
3069 2961 3335 3028 promissa
3396 2959 3634 3014 restituit
3679 2978 3694 3011 :

2115 3049 2418 3116 Iudicium,
2458 3052 2601 3121 quod
2643 3051 2822 3120 impiis
2866 3051 3119 3106 minatur.
3169 3052 3387 3123 (Auc.)
3446 3049 3695 3114 Veritas,

2116 3155 2278 3211 quam
2317 3141 2490 3197 sancti
2517 3153 2782 3213 martyres
2808 3151 3020 3207 tenent,
3050 3158 3147 3212 pro
3172 3159 3276 3214 qua
3296 3154 3350 3198 et
3374 3142 3696 3212 iudicantur

2122 3232 2238 3297 hic;
2293 3242 2342 3286 et
2379 3233 2665 3302 judicium,
2697 3249 2804 3302 quo
2852 3233 2908 3288 in
2952 3233 3137 3289 futuro
3177 3235 3501 3306 judicabunt
3537 3249 3636 3289 eos
3665 3251 3696 3289 ι

2117 3326 2312 3395 quibus
2336 3327 2424 3380 hic
2443 3326 2774 3396 iudicantur.
2809 3327 2932 3398 (ln.)
2971 3327 3141 3398 Opera
3166 3344 3416 3384 manuum
3460 3329 3575 3397 ejus
3605 3345 3696 3382 re-

2116 3419 2244 3471 ritas
2273 3428 2321 3472 et
2355 3418 2638 3488 judicium.
2674 3419 2947 3475 Teueatur
2987 3422 3174 3474 veritas
3214 3421 3282 3475 ab
3321 3422 3406 3476 his
3435 3421 3528 3491 qui
3551 3420 3696 3487 judi—

2115 3519 2338 3575 cantur,
2364 3519 2493 3576 etc.,
2520 3528 2680 3582 usque
2712 3512 2780 3565 ad
2804 3513 2892 3567 hic
2912 3522 2993 3567 est
3018 3513 3306 3568 hazreditas
3334 3512 3468 3568 Novi
3499 3512 3694 3566 Testa-

2116 3601 2304 3656 menti.

2187 3692 2348 3749 Vens.
2372 3693 2428 3749 8.
2466 3725 2540 3736 —
2564 3693 2772 3750 Fidelia
2812 3699 2986 3752 omnia
3018 3699 3288 3753 mandata.
3322 3696 3526 3768 (Cass.)
3556 3696 3696 3762 Ouia

2116 3793 2334 3838 servant
2371 3793 2648 3840 servantes
2695 3800 2777 3848 se,
2826 3802 2931 3841 non
2962 3797 3088 3842 sunt
3137 3786 3435 3842 mendacia.
3484 3783 3700 3853 Conﬁr—

2114 3883 2274 3928 mata.
2327 3873 2443 3928 Non
2497 3875 2550 3928 in
2605 3890 2818 3930 cassum
2859 3878 3058 3942 missa,
3094 3886 3154 3930 ut
3200 3876 3364 3930 verba
3403 3875 3696 3929 humana:

2115 3961 2287 4018 Facta
2332 3981 2435 4020 non
2490 3969 2697 4020 tantum
2747 3965 2912 4032 dicta,
2951 3968 3005 4020 in
3058 3966 3293 4032 veritate,
3341 3965 3467 4035 quia
3507 3961 3696 4020 omnia

2115 4055 2474 4124 complentur.

2186 4148 2252 4203 In
2277 4151 2539 4221 wquitate.
2570 4148 2750 4221 (Auc.)
2778 4149 2912 4216 Quia
2939 4149 3119 4204 omnia
3145 4163 3265 4204 cum
3288 4147 3423 4202 libra
3441 4145 3697 4214 justitiaz.

2187 4240 2350 4296 Vens.
2383 4242 2416 4296 9
2444 4282 2459 4307 ,
2484 4242 2573 4296 10.
2601 4272 2672 4282 -
2692 4239 3114 4310 Redemptionem
3135 4242 3296 4295 misit.
3329 4239 3530 4311 (Cass.)
3556 4237 3698 4292 Ter-

2115 4331 2214 4394 tio,
2282 4331 2584 4399 redemptos
2625 4330 2842 4395 asserit,
2887 4338 2942 4386 et
3001 4330 3408 4385 Testamentum
3482 4325 3699 4380 Novum

2115 4431 2317 4478 interna
2338 4423 2510 4494 gratia
2532 4431 2926 4486 consecratum,
2960 4422 3062 4477 vel.
3093 4421 3298 4476 Nomen
3318 4420 3465 4489 ejus:
3483 4420 3700 4472 initium

442 4509 569 4580 agit.
601 4507 666 4562 In
701 4511 939 4565 concilio.
967 4510 1082 4566 Non
1109 4523 1334 4577 temere,
1357 4513 1452 4567 sed
1478 4529 1544 4568 ex
1562 4517 1789 4577 ratione,
1805 4513 2015 4568 scilicet
2045 4555 2092 4583 η
2120 4513 2409 4582 sapientiae.
2443 4511 2565 4583 (ln.)
2594 4512 2649 4566 Id
2678 4521 2762 4566 est
2791 4511 2979 4577 Filius,
3006 4512 3096 4582 qui
3129 4512 3181 4566 in
3209 4510 3548 4565 humanitate
3570 4525 3701 4561 sau-

2041 4555 2092 4615 D

441 4615 542 4670 pro
565 4600 802 4666 aeternis,
850 4602 988 4656 sicut
1015 4617 1204 4658 omnes
1245 4602 1400 4671 justi.
1433 4603 1629 4674 (Cass.)
1678 4603 1746 4657 In
1793 4603 2014 4658 concilio
2041 4599 2089 4615 ¹’
2119 4615 2252 4668 ctus,
2289 4605 2529 4672 potentia
2555 4602 2768 4657 deitatis
2804 4603 3068 4656 terribilis.
3114 4601 3340 4656 Ametur
3373 4614 3504 4668 ergo
3530 4599 3702 4653 advo-

435 4691 722 4762 justorum.
761 4691 859 4745 Hic
877 4707 1150 4761 nunquam
1180 4693 1322 4749 inter
1346 4709 1537 4748 omnes
1568 4695 1744 4764 justos
1768 4694 1858 4748 ubi
1889 4701 2017 4748 sunt

441 4782 590 4838 misti
637 4781 784 4846 mali,
824 4783 919 4836 sed
963 4783 1075 4853 jam
1117 4785 1368 4838 videntur
1419 4783 1471 4838 in
1530 4784 1708 4838 futura
1757 4785 2016 4840 societate

441 4873 674 4944 psallere
707 4887 802 4942 spe
826 4872 964 4942 rapti
989 4873 1054 4926 ad
1086 4887 1332 4942 superna.
1361 4873 1430 4927 In
1455 4873 1694 4937 concilio,
1737 4875 1879 4943 quod
1909 4884 2014 4941 est,

441 4965 656 5034 quando
700 4977 823 5018 cum
876 4963 1101 5019 Domino
1141 4963 1407 5033 iudicant.
1451 4963 1519 5019 In
1577 4967 2011 5036 congregatione,

443 5057 659 5128 quando
689 5057 756 5112 de
786 5065 901 5112 toto
937 5056 1170 5113 collecti.

515 5150 676 5204 Vens.
698 5149 754 5202 2.
776 5179 848 5192 —-
867 5148 1062 5220 Magna
1078 5166 1253 5220 opera.
1271 5150 1396 5207 Haec
1415 5160 1499 5207 est
1521 5151 1744 5207 materia
1773 5160 1828 5208 et
1850 5168 2014 5208 causa

443 5244 812 5301 confessionis.
844 5244 1030 5314 Magna
1064 5231 1187 5298 sunt
1211 5257 1371 5312 opera
1409 5243 1640 5308 Domini,
1664 5245 1805 5313 quod
1825 5244 1890 5298 de
1915 5245 2015 5298 im-

441 5337 534 5406 pio
579 5334 708 5391 facit
754 5335 922 5406 pium.
956 5335 1250 5407 Exquisita.
1300 5333 1480 5404 (Auc.,
1510 5333 1692 5406 Cass.)
1735 5335 1833 5390 Cui
1876 5335 2013 5390 nihil

444 5425 640 5491 simile,
669 5425 795 5480 dum
822 5425 952 5481 sinit
975 5425 1244 5480 diabolum
1289 5424 1512 5488 saevire,
1556 5432 1685 5488 etc.,
1739 5441 1900 5495 usque
1945 5425 2015 5479 ad

445 5533 551 5572 non
579 5514 834 5571 :Justitia
881 5517 1019 5570 enim
1064 5515 1177 5585 ejus
1205 5524 1375 5569 manet
1417 5514 1667 5567 saeculum
1711 5515 1913 5569 saeculi.
1947 5514 2016 5570 In

446 5623 621 5662 omnes
645 5606 952 5662 voluntates.
968 5605 1149 5677 (Auc.)
1167 5605 1306 5660 Nihil
1322 5613 1539 5676 superat
1549 5604 1878 5660 voluntatem
1893 5605 2013 5672 Dei,

447 5695 540 5765 qui
567 5703 622 5751 et
640 5695 686 5750 si
711 5696 844 5761 vult,
859 5703 918 5749 ut
937 5710 1042 5749 non
1064 5710 1274 5766 pecces,
1303 5711 1410 5750 non
1441 5705 1619 5749 tamen
1647 5694 1914 5764 prohibet.
1955 5693 2011 5751 Si

449 5784 561 5838 vult
574 5799 796 5852 parcere
815 5786 1118 5854 pmnitenti,
1134 5786 1246 5841 vult
1263 5797 1320 5841 et
1343 5786 1763 5856 impaenitentcm
1791 5787 2010 5855 punire;

2120 4706 2294 4760 catus,
2322 4696 2575 4750 timeatur
2593 4693 2778 4764 judex,
2805 4709 2871 4748 ne
2896 4693 2969 4747 sis
2999 4693 3290 4764 negligens,
3318 4709 3386 4748 ne
3415 4692 3702 4762 desperes.

2195 4789 2380 4843 Timor
2409 4787 2646 4843 Domini.
2695 4787 2818 4858 (ln.)
2850 4785 3022 4841 Metus
3043 4784 3231 4855 judicii
3259 4784 3424 4855 janua
3447 4794 3533 4840 est
3557 4799 3700 4838 con-

2119 4879 2399 4942 versionis,
2453 4879 2498 4932 si
2523 4878 2752 4933 addatur
2783 4877 3036 4932 discretio
3061 4877 3378 4932 dilectionis.
3429 4875 3702 4930 Laudatio

2120 4973 2233 5042 ejus
2271 4980 2463 5025 manet.
2513 4969 2742 5024 Intentio
2770 4968 2961 5039 psalmi
3003 4969 3144 5023 unde
3175 4967 3384 5023 alleluia
3440 4967 3700 5037 praescrio

2113 5061 2280 5127 bitur,
2309 5078 2339 5115 a
2363 5061 2518 5116 laude
2551 5061 2791 5131 incaepit,
2819 5060 2870 5114 in
2895 5060 3050 5114 laude
3083 5059 3220 5124 linit,
3261 5057 3486 5128 populus
3518 5056 3696 5111 fidelis

2115 5169 2147 5208 a
2175 5153 2390 5208 diabolo
2414 5152 2672 5207 liberatus
2697 5152 2898 5222 gratias
2919 5167 3104 5223 agens,
3137 5151 3420 5222 expressit,
3469 5149 3597 5219 quid
3635 5156 3693 5204 et

2114 5245 2203 5301 hic
2236 5243 2544 5299 faciendum
2564 5244 2635 5299 sit
2679 5245 2906 5309 devotis,
2943 5251 3000 5298 et
3031 5244 3086 5298 in
3115 5242 3254 5299 coelo
3292 5239 3692 5312 peragendum,

2116 5335 2207 5392 hic
2226 5335 2353 5406 quia
2385 5334 2604 5402 liberat,
2633 5333 2706 5390 ibi
2727 5319 2868 5406 quia
2886 5343 3132 5391 coronat.

2658 5465 2976 5524 PSALMUS
3012 5465 3146 5522 CXI.

2194 5599 2420 5656 Alleluia
2457 5599 2784 5654 reversionis.
2817 5597 3000 5672 (Auc.)
3030 5599 3260 5672 Aggaaus
3304 5608 3362 5655 et
3396 5598 3696 5656 Zacharias

2122 5695 2280 5766 longe
2307 5701 2430 5764 post
2463 5691 2629 5747 David
2656 5690 2891 5757 fuerunt,
2915 5700 3046 5756 etc.,
3077 5708 3239 5764 usque
3260 5692 3329 5745 ad
3362 5691 3694 5747 teternaliter

2123 5784 2396 5840 solidetur.
2423 5779 2623 5854 (Cass.)
2647 5783 2910 5839 Perfectio
2934 5782 3092 5852 hujus
3117 5781 3352 5848 aedilicii,
3374 5793 3502 5849 etc.,
3529 5791 3695 5850 usque
