4008 6348
189 406 419 482 ξοδεὲ

1185 400 1452 460 GLOSSA
1489 398 2106 459 0RDINARIA.—LIB.
2146 398 2394 458 PSALM.

3282 407 3419 464 1054

187 520 260 577 ad
283 528 538 591 tanquam
559 532 592 576 s
617 517 925 592 captivitate
943 515 1157 575 liberati
1197 524 1251 572 et
1275 515 1475 573 hilares
1500 515 1566 572 de
1599 515 1754 571 bonis
1780 519 1828 578 Α
1853 513 2023 585 ponit.
2055 513 2281 570 Alleluia
2316 514 2483 582 enim,
2513 521 2574 570 ut
2600 513 2853 584 diximus,
2892 516 3278 588 interpretatur
3305 521 3421 578 lau-

186 625 310 684 qum
329 610 550 668 habent.

259 701 426 758 Vnus.
454 701 798 758 l.—Beatus
831 702 931 758 uir.
957 699 1160 773 (Cass.)
1200 697 1448 772 Ostendit
1480 699 1568 754 hic
1603 697 1772 755 Psal-'

185 794 349 852 mista
371 801 493 866 post
515 792 911 860 liberationem,
935 801 1062 859 etc.,
1089 809 1249 864 usque
1274 793 1344 847 ad
1378 792 1540 848 tertio
1575 792 1754 861 impiis

186 884 415 942 adversa
432 885 719 956 provenire
751 884 961 942 asserit.
1013 881 1116 950 Qui
1137 885 1281 938 timet
1304 874 1619 937 Dominum.'
1660 882 1756 936 Ti-

185 991 310 1032 mor
330 975 514 1031 mundi
530 975 754 1032 miseros
765 974 912 1041 facit,
927 972 1020 1030 sed
1037 974 1196 1030 timor
1213 973 1310 1028 Dei
1328 988 1393 1030 ea
1411 981 1660 1044 appetere
1675 977 1754 1026 ta-

187 1067 283 1134 cit,
305 1082 404 1138 per
417 1081 540 1138 qua:
565 1067 729 1122 homo
745 1068 936 1123 beatus
950 1073 1054 1122 est.
1077 1064 1146 1120 In
1159 1065 1443 1120 mandatis.
1467 1063 1580 1119 Hoc
1595 1063 1758 1119 timor

185 1156 307 1223 Dei,
339 1167 400 1212 ut
424 1154 574 1212 velit.
602 1155 672 1211 Et
688 1171 798 1212 non
820 1156 897 1212 ait
923 1156 1106 1222 faciet,
1135 1164 1265 1221 etc.,
1289 1171 1451 1226 usque
1475 1154 1546 1207 ad
1575 1163 1632 1210 et
1649 1163 1755 1209 ter-

187 1265 314 1304 rena
337 1247 646 1302 inhabitatio
687 1247 931 1318 deprimit
961 1262 1169 1302 sensum
1211 1245 1379 1300 multa
1423 1246 1754 1317 cogitantem.

258 1338 423 1394 Vsus.
467 1336 524 1392 2.
553 1335 853 1392 —Potens.
897 1336 1082 1410 (Auc.,
1123 1336 1300 1408 Cass.)
1348 1336 1486 1392 Ecce
1537 1335 1759 1406 praemia

186 1420 332 1484 illius
345 1428 510 1484 beati.
537 1425 730 1483 Semen
766 1428 902 1500 ejus.
934 1428 990 1484 Id
1021 1435 1124 1495 est,
1151 1442 1363 1484 merces
1389 1427 1514 1484 boni
1539 1427 1756 1498 operis;

183 1519 309 1575 Erit
362 1529 545 1590 potens
566 1519 622 1573 in
643 1527 804 1585 terra,
853 1533 960 1574 non
982 1520 1105 1586 hac,
1143 1519 1236 1575 ubi
1269 1519 1488 1586 derisui,
1517 1519 1612 1575 sed
1651 1533 1762 1574 cte-

184 1610 327 1668 lesti.
354 1609 452 1666 Vel
478 1610 640 1666 etiam
670 1611 759 1667 hic
786 1612 840 1666 in
861 1611 966 1668 isto
995 1619 1260 1682 tempore,
1285 1625 1394 1682 quo
1415 1610 1594 1666 minus
1611 1610 1762 1666 vide-

185 1709 297 1756 tur.
319 1699 529 1769 Semen,
557 1715 721 1773 opera
741 1702 1128 1758 misericordiae
1151 1702 1292 1757 unde
1317 1700 1514 1757 messis
1535 1708 1757 1756 aeterna.

188 1791 404 1859 Potens,
428 1791 556 1862 quia
576 1806 638 1848 re
657 1791 901 1859 minima,
917 1792 1085 1849 etiam
1098 1799 1158 1847 ut
1181 1806 1395 1864 magna,
1416 1805 1638 1862 regnum
1655 1802 1765 1845 cte-

1855 604 1976 660 date
2005 605 2309 672 Dominum,
2335 605 2566 676 qualiter
2589 615 2644 662 et
2671 607 2909 677 psalmus
2942 608 3148 678 incipit.

1925 693 2089 749 Vens.
2123 695 2176 748 1.
2207 725 2276 734 -
2298 693 2551 750 Laudate.
2589 696 2712 768 (ln.)
2745 696 2925 753 Primo
2952 679 3418 774 monetPrOpheta
3461 761 3463 764 .

1857 787 2096 853 devotos,
2141 795 2201 842 ut
2246 787 2464 842 laudent
2493 786 2714 859 iugiter,
2763 799 2819 844 et
2868 790 3064 862 ubique
3105 792 3418 861 praedicent.

1857 875 2104 933 Secundo
2129 878 2244 948 ipse
2269 877 2418 944 facit,
2457 882 2600 949 quod
2633 889 2814 936 monet
2845 880 2998 950 alios,
3031 882 3085 937 id
3109 891 3212 949 est,
3243 882 3426 940 laudat

1856 968 2026 1023 Deum
2058 969 2130 1025 ibi
2155 985 2171 1025 :
2201 968 2334 1034 Quis
2353 971 2486 1024 sicut
2506 969 2762 1025 Dominus
2803 971 2853 1043 (Ι
2871 971 2991 1026 Cor.
3022 973 3173 1045 xw)?
3196 973 3278 1029 Ad
3307 975 3424 1029 lau-

1857 1059 1979 1114 dem
1999 1074 2128 1130 ergo
2149 1074 2374 1115 monens
2396 1060 2650 1126 ostendit,
2678 1061 2768 1132 qui
2799 1070 2855 1116 et
2877 1077 3057 1131 quem,
3082 1071 3137 1118 et
3164 1063 3422 1134 quandiu,

1857 1157 1913 1204 et
1939 1149 2054 1216 ubi,
2098 1159 2155 1205 et
2189 1165 2356 1221 quare
2391 1150 2635 1219 laudent,
2671 1152 2819 1208 dicit.
2860 1150 3042 1208 Pueri.
3096 1154 3213 1211 Non
3239 1172 3424 1224 sensu,

1859 1238 1953 1294 sed
1977 1239 2200 1306 malitia,
2226 1240 2459 1296 maxime
2481 1243 2751 1312 superbia,
2782 1242 2954 1310 idest,
2979 1246 3230 1315 humiles,
3261 1249 3423 1317 unde,

1861 1329 2040 1385 Nolite
2074 1333 2222 1402 pueri
2243 1333 2371 1405 eﬁici
2398 1333 2655 1399 sensibus,
2677 1333 2768 1388 sed
2789 1335 2990 1389 malitia
3016 1338 3218 1406 parvuli
3246 1349 3426 1406 estote,

1859 1430 1916 1474 ut
1939 1422 2192 1477 mentibus
2202 1423 2414 1494 perfecti
2431 1423 2562 1477 sitis.
2588 1421 2746 1498 (Anc.
2757 1464 2772 1490 ,
2795 1422 2974 1497 Cass.)
2997 1425 3234 1482 Laudate
3249 1430 3432 1484 Domi-

1860 1525 2012 1576 num,
2041 1513 2216 1580 pueri,
2263 1513 2534 1585 simplices
2573 1525 2629 1570 et
2650 1515 2792 1585 puri,
2831 1517 2923 1587 qui
2965 1517 3160 1574 debent
3185 1518 3424 1577 laudare.

1932 1599 2096 1657 Vens.
2122 1602 2177 1658 2.
2211 1633 2284 1644 -
2333 1603 2418 1660 Sit
2441 1621 2647 1661 nomen.
2686 1606 2888 1680 (Casa)
2927 1608 3068 1666 Ecce
3111 1612 3267 1679 dixit,
3315 1615 3430 1685 qui,

1861 1700 1918 1751 et
1947 1708 2108 1763 quem
2126 1693 2350 1750 laudare
2393 1695 2646 1763 debeant,
2679 1697 2873 1754 deinde
2909 1700 3130 1756 subdit:
3183 1701 3432 1771 Quandiu

1863 1782 2163 1842 laudandus
2187 1785 2277 1854 sit,
2317 1785 2525 1842 scilicet
2552 1801 2784 1857 semper.
2842 1789 2922 1844 Sit
2945 1809 3129 1846 nomen
3175 1793 3429 1849 Domini:

185 1883 368 1940 lorum
401 1883 618 1939 emitur.
645 1881 942 1940 Generatio.
990 1882 1108 1940 Non
1137 1883 1318 1970 carnis
1361 1885 1456 1940 sed
1502 1882 1760 1938 imitatio-
1787 1866 1837 1928 Β
1865 1891 1934 1931 ne
1955 1876 2023 1931 ad
2075 1878 2266 1933 horam
2327 1879 2527 1949 putetis
2568 1895 2656 1934 me
2702 1880 2972 1951 imperare
3011 1883 3246 1952 laudem,
3299 1894 3445 1953 etc.,

183 1975 296 2033 nis.
347 1973 445 2030 Vel
475 1988 639 2047 opera
672 1981 960 2031 rectorum.
1001 1973 1146 2030 Recti
1176 1982 1325 2040 sunt,
1370 1972 1464 2044 qui
1491 1987 1599 2028 non
1626 1972 1762 2028 resi-

185 2075 342 2125 stunt
377 2066 527 2122 Patri
555 2067 884 2133 emendanti,
923 2075 980 2123 et
1009 2065 1240 2122 credunt
1276 2063 1633 2136 promittenti,
1656 2077 1763 2118 non

186 2157 420 2212 credunt
444 2154 654 2226 perisse
671 2168 836 2226 opera
859 2171 974 2222 sua,
1007 2170 1131 2212 cum
1155 2171 1262 2210 non
1293 2153 1376 2210 eis
1399 2151 1767 2224 temporaliter

183 2248 523 2306 retribuitur.
583 2246 724 2304 Sunt
744 2248 887 2304 enim
917 2249 1010 2319 qui
1032 2248 1175 2304 bona
1197 2247 1288 2304 illa
1316 2253 1505 2318 agunt,
1555 2257 1763 2300 merce-

183 2342 312 2398 dem
337 2340 426 2396 hic
451 2354 484 2396 a
520 2340 630 2396 Deo
655 2348 958 2412 sperantes,
988 2339 1075 2395 vel
1103 2339 1414 2396 hominibus
1438 2336 1654 2410 placere
1676 2349 1769 2392 vo-

182 2433 387 2499 lentes,
412 2431 555 2503 quod
583 2447 692 2489 non
719 2431 910 2488 beatus
943 2432 1027 2488 vir
1054 2450 1068 2486 :
1111 2439 1168 2489 et
1195 2439 1375 2488 tamen
1392 2471 1409 2499 ,

261 2523 423 2582 Vsus.
450 2525 504 2581 5.
535 2555 608 2565 -
641 2522 826 2580 Gloria
851 2533 900 2580 et
925 2524 1120 2579 divitia:
1143 2525 1200 2579 in
1225 2524 1379 2579 domo
1411 2522 1546 2594 ejus.
1574 2521 1633 2578 Id
1662 2529 1765 2588 est,

180 2618 248 2675 in
277 2617 456 2674 cordis
483 2625 714 2684 secreto,
762 2617 854 2674 ubi
881 2616 1092 2673 habitat
1111 2632 1232 2673 eum
1255 2631 1351 2688 spe
1376 2617 1503 2682 vitae
1527 2623 1767 2682 attente,

181 2709 284 2765 ubi
332 2707 534 2766 divitiae
571 2716 793 2776 sanctas,
850 2715 908 2766 et
946 2707 1119 2779 gloria
1156 2717 1365 2764 aeterna
1410 2714 1766 2780 reponuntur.

179 2798 429 2855 Iustitia.
454 2798 581 2856 Haec
607 2803 700 2857 est
717 2800 885 2872 gloria
909 2798 1047 2871 ejus,
1076 2798 1162 2854 ha:
1191 2799 1392 2856 divitia:
1419 2796 1559 2868 ejus,
1606 2811 1770 2868 quam

181 2899 375 2947 tamen
402 2890 567 2948 habet
603 2905 635 2945 a
673 2891 802 2946 Deo.
857 2889 1038 2945 Manet
1063 2889 1118 2944 in
1143 2888 1412 2945 arculum.
1471 2887 1638 2956 Quasi
1661 2901 1770 2943 non

179 2983 570 3056 temporaliter
593 2983 801 3039 beatus.

264 3077 430 3132 Vsus.
462 3075 513 3129 4.
540 3104 612 3116 -
641 3073 901 3130 Exortum
928 3081 1023 3128 est.
1053 3069 1257 3144 (Csss.)
1295 3068 1546 3126 Secundo
1573 3070 1686 3142 agit
1705 3069 1773 3126 de

175 3165 431 3224 adventu
451 3163 688 3231 Domini,
715 3170 846 3230 etc.,
876 3180 1036 3235 usque
1057 3163 1128 3218 ad
1153 3169 1213 3217 ut
1231 3176 1354 3219 eam
1379 3159 1551 3217 firmis
1571 3160 1769 3233 allega-

179 3255 434 3314 tionibus
476 3261 534 3310 et
560 3252 946 3310 assertionibus
972 3253 1028 3309 in
1044 3251 1250 3323 judicio
1276 3251 1614 3324 praemuniat.
1650 3251 1771 3320 Vel,

267 3349 432 3404 Vnus.
470 3346 522 3402 5.
561 3377 632 3388 —
669 3345 966 3402 Miseretur.
1024 3345 1148 3418 (ln.)
1193 3344 1297 3412 Qui
1350 3346 1443 3402 dat
1479 3345 1780 3418 egentibus,

185 3437 530 3510 Commodat,
578 3437 674 3513 qui
719 3447 965 3497 mutuum
1014 3444 1257 3512 prastat,
1297 3445 1420 3513 post
1451 3438 1784 3496 tantumdem

185 3541 534 3604 recepturus.

267 3626 430 3682 Vsus.
461 3625 514 3692 7,
538 3625 592 3683 8.
619 3653 692 3668 —
712 3624 972 3680 Paratum
989 3642 1081 3682 cor
1096 3627 1212 3698 ejus
1230 3641 1437 3697 sperare
1457 3625 1513 3678 in
1536 3623 1780 3690 Domine,

189 3717 570 3786 conﬁrmatum
601 3723 678 3772 est
697 3731 791 3772 cor
833 3717 970 3788 ejus,
1013 3725 1204 3784 manet,
1235 3725 1339 3772 etc.
1397 3711 1581 3787 (Auc.)
1626 3713 1783 3768 Patet

192 3810 406 3879 itaque,
430 3808 576 3880 quod
593 3805 687 3864 hic
712 3822 818 3864 non
845 3822 941 3864 sua
963 3807 1179 3879 quaerit,
1214 3806 1308 3863 sed
1329 3820 1448 3876 quae
1477 3811 1602 3860 sunt
1625 3801 1783 3858 Chri-

195 3901 292 3969 sti,
318 3901 534 3975 labores
552 3899 824 3974 patienter
845 3899 1096 3967 sustinet,
1141 3898 1408 3972 promissa
1438 3896 1664 3952 fidenter
1687 3908 1782 3950 ex-

201 3998 432 4064 spectat.
485 3989 690 4063 (Csss.)
718 3987 837 4060 Vel,
876 3990 924 4047 si
947 3989 1069 4062 quis
1091 3989 1232 4046 mala
1272 3987 1527 4052 minatur,
1564 4000 1670 4042 non
1713 3983 1781 4040 ti-

197 4091 338 4151 met,
363 4084 464 4140 sed
486 4090 755 4156 paratum.

275 4196 442 4252 Vnus.
492 4194 543 4252 9.
576 4224 648 4236 —
683 4192 960 4266 Dispersit.
1014 4190 1210 4263 Sperat
1246 4203 1353 4246 non
1389 4188 1602 4255 timere,
1650 4185 1779 4258 quia

201 4287 476 4359 dispersit.
510 4285 666 4342 Dedit
688 4283 1024 4356 pauperibus.
1051 4281 1233 4354 (Anc.)
1260 4280 1402 4338 Ecce
1434 4280 1536 4336 iste
1563 4279 1780 4335 emebat

200 4378 349 4451 quod
368 4393 476 4434 non
500 4376 741 4443 videbat,
768 4375 863 4432 sed
891 4373 982 4430 ille
1004 4374 1318 4430 thesaurum
1345 4371 1399 4427 in
1423 4370 1560 4427 caelo
1588 4385 1778 4427 serva-

201 4473 318 4537 bat,
361 4468 453 4540 qui
475 4466 682 4524 esurire
730 4473 786 4522 et
803 4465 956 4521 sitire
999 4464 1053 4520 in
1074 4462 1400 4536 pauperibus
1436 4462 1688 4533 dignatur
1720 4460 1777 4515 in

1864 1983 2026 2038 usque
2053 1968 2122 2022 ad
2150 1983 2248 2038 per
2275 1978 2463 2040 gentes
2481 1970 2748 2037 carnales,
2775 1986 2874 2042 per
2902 1973 3070 2030 caelos
3105 1976 3434 2045 spirituales.

1936 2058 2098 2113 Vnus.
2131 2058 2184 2113 5.
2209 2089 2281 2101 --
2305 2059 2487 2115 Asolis
2513 2069 2650 2116 ortu.
2681 2060 2866 2135 (AUG.)
2891 2062 2990 2120 Hic
3009 2065 3138 2120 dicit
3156 2069 3312 2136 quod
3323 2068 3439 2123 ubi-
3535 2065 3538 2070 ’

1865 2161 1972 2220 que
2007 2147 2203 2214 debeat
2225 2148 2454 2204 laudari.

1939 2237 2100 2294 Vsus.
2132 2239 2186 2294 4.
2215 2271 2286 2281 -
2307 2239 2478 2314 Super
2509 2243 2680 2300 caelos.
2706 2245 2830 2318 (ln.)
2855 2245 3158 2317 Apostolos,
3180 2261 3279 2318 per
3304 2265 3440 2319 quos

1866 2338 2060 2399 regnat
2103 2329 2158 2384 in
2187 2331 2456 2401 gentibus,
2494 2343 2550 2388 et
2584 2343 2708 2401 est;
2754 2336 2876 2393 ideo
2919 2337 2989 2393 ad
3025 2337 3211 2395 laudes
3246 2340 3438 2408 invito,

1866 2421 1992 2491 quia
2021 2436 2183 2493 super
2201 2437 2390 2481 omnes
2417 2433 2501 2480 est
2523 2436 2862 2497 regnaturus.

1939 2513 2103 2570 Vsus.
2136 2514 2191 2570 5.
2222 2545 2294 2556 —
2325 2515 2455 2582 Quis
2488 2518 2642 2572 sicut.
2696 2517 2900 2592 (Cass)
2940 2519 3190 2578 Secundo
3221 2523 3338 2594 ipse
3365 2523 3444 2578 fa-

1869 2605 1960 2671 cit,
1992 2607 2135 2676 quod
2161 2606 2296 2664 alios
2315 2616 2518 2676 monet,
2543 2617 2606 2665 ut
2627 2619 2680 2667 et
2707 2609 2853 2667 facto
2875 2611 3010 2669 alios
3036 2614 3243 2671 doceat.
3273 2615 3448 2682 Quis?

1869 2696 2056 2752 Nullus
2077 2698 2167 2768 qui
2196 2713 2293 2770 per
2311 2713 2370 2754 se
2389 2700 2578 2770 possit.
2602 2701 2672 2757 In
2697 2702 2840 2769 altis,
2866 2711 2972 2758 etc.
2995 2704 3214 2777 Angelis
3238 2713 3294 2762 et
3321 2722 3446 2762 san-

1869 2790 1972 2846 ctis
1999 2807 2012 2844 :
2036 2795 2092 2845 et
2117 2788 2248 2846 licet
2277 2789 2439 2858 altus,
2482 2806 2590 2848 non
2611 2793 2841 2864 despicit
2859 2794 3110 2851 humiles.

1943 2879 2107 2938 Vens.
2131 2881 2183 2938 6.
2227 2912 2299 2922 —
2335 2881 2592 2939 Humilia.
2631 2883 2698 2940 Hi
2739 2894 2868 2942 sunt
2902 2887 2996 2958 qui
3030 2889 3171 2946 dono
3201 2890 3320 2964 ejus
3354 2892 3449 2950 alti

1873 2972 2032 3040 fiunt,
2057 2975 2183 3029 etin
2213 2975 2294 3030 eis
2332 2976 2503 3031 sedet.
2555 2975 2804 3048 Respicit,
2845 2979 3074 3036 humiles
3093 2981 3351 3055 singulos.
3380 2983 3450 3040 In

1873 3076 2037 3134 terra,
2067 3076 2285 3124 sanctos
2314 3084 2450 3139 quos
2477 3069 2553 3124 ita
2583 3071 2826 3141 respicit,
2848 3072 2990 3129 sicut
3013 3090 3044 3131 e
3059 3091 3318 3135 converso
3336 3079 3452 3135 odit

1874 3160 2159 3231 superbos.

1956 3251 2120 3308 Vsus.
2147 3251 2199 3305 7.
2232 3281 2298 3290 —
2337 3249 2612 3308 Suscitans
2654 3269 2688 3307 a
2713 3262 2854 3308 terra
2885 3272 2897 3308 :
2926 3254 2994 3310 de
3033 3256 3219 3314 labore
3247 3273 3444 3332 corpo-

1884 3340 1981 3396 ris.
2025 3339 2105 3396 De
2131 3350 2374 3413 stercore,
2403 3341 2628 3419 erigitur
2657 3343 2744 3403 cui
2773 3344 2954 3404 carnis
2980 3345 3109 3405 vitia
3140 3364 3249 3409 non
3279 3351 3448 3412 domi-

1885 3442 2103 3493 nantur.

1956 3527 2119 3583 Vens.
2151 3527 2204 3584 9.
2232 3559 2301 3568 ——
2327 3527 2430 3594 Qui
2455 3528 2710 3584 habitare.
2761 3528 2960 3602 (Csss.,
2994 3531 3154 3606 Anc.)
3194 3533 3446 3604 Exponit,

1883 3619 1975 3676 ubi
2008 3622 2235 3677 suscitat
2267 3630 2324 3676 et
2355 3621 2533 3694 erigit,
2579 3631 2707 3687 etc.,
2737 3640 2896 3695 usque
2928 3625 2998 3678 ad
3033 3627 3099 3682 de
3144 3641 3452 3684 mammona

1840 3719 1844 3724 '
1882 3712 2185 3782 iniquitatis
2211 3728 2310 3783 per
2339 3729 2502 3784 Opera
2535 3713 2934 3771 misericordiae.
2970 3715 3233 3773 Sterilem.
3268 3719 3454 3794 (Αυσ.)

1883 3801 2119 3868 Scilicet,
2177 3803 2385 3870 Saram,
2443 3805 2496 3860 id
2521 3812 2620 3868 est,
2669 3804 2966 3862 Ecclesiam
3009 3808 3277 3879 gentilem,
3334 3828 3455 3883 qua:

1880 3897 2033 3968 prius
2055 3897 2256 3953 sterilis
2277 3896 2396 3962 fuit,
2418 3896 2560 3953 unde
2581 3911 2679 3968 per
2705 3895 2894 3952 Saram
2915 3898 3266 3970 significatur.
3295 3902 3451 3969 Eam,

1881 3987 2126 4059 inquam,
2171 3987 2302 4042 facit
2330 3987 2576 4044 habitare
2600 3987 2655 4043 in
2689 3987 2870 4054 domo,
2901 3989 2956 4044 id
2989 3998 3094 4056 est,
3125 3991 3181 4046 iu
3213 3992 3452 4050 Ecclesia

1880 4078 2207 4146 Judaeorum,
2247 4081 2391 4136 inter
2430 4081 2575 4152 ipsos
2615 4078 2845 4148 ludaeos,
2894 4090 2953 4136 ut
2990 4082 3046 4154 in
3066 4082 3244 4154 lapide
3287 4101 3457 4156 angu-

1879 4170 1982 4226 lari
2031 4172 2137 4227 duo
2164 4171 2398 4244 parietes
2431 4169 2846 4242 coniungantur,
2878 4179 2934 4226 et
2958 4169 3053 4226 flat
3089 4187 3253 4226 unum
3288 4173 3450 4230 ovile.

1881 4259 2164 4318 Filiorum.
2181 4261 2302 4336 (ln.)
2315 4263 2394 4318 Ex
2409 4277 2637 4333 persona
2649 4276 2878 4331 quorum
2899 4261 3013 4316 haec
3035 4261 3306 4330 dicuntur,
3321 4272 3451 4332 etc.,

1879 4371 2041 4426 usque
2064 4353 2133 4409 ad
2161 4371 2283 4410 cum
2316 4355 2485 4410 sciam
2520 4367 2607 4407 me
2631 4369 2752 4410 esse
2766 4354 2884 4410 sine
2912 4353 3128 4421 filiis,ct
3145 4356 3381 4412 viduam.

2389 4467 2707 4525 PSALMUS
2767 4467 2944 4524 CXIII.

200 4563 386 4619 terris.
421 4560 638 4617 Iustitia
665 4559 780 4630 ejus
801 4567 973 4612 manet
993 4557 1050 4611 in
1078 4555 1326 4610 swculum
1350 4551 1548 4608 seaculi.
1576 4549 1777 4623 (Casa)
1801 4579 1856 4640 Β
1951 4558 2198 4615 Alleluia.
2230 4557 2431 4630 (Csss.)
2459 4558 2591 4615 Item
2624 4559 2714 4614 hic
2753 4558 2961 4614 alleluia
3009 4574 3076 4615 ex
3101 4560 3208 4618 alio
3237 4565 3455 4634 negotio

203 4652 318 4709 Sua
343 4649 508 4717 dedit,
535 4657 591 4704 et
607 4648 754 4720 iuste
793 4655 848 4702 et
865 4646 952 4718 pie
979 4644 1135 4710 vixit,
1163 4643 1269 4708 vel,
1291 4642 1383 4713 qui
1410 4642 1501 4696 dat
1526 4655 1646 4706 sua,
1686 4640 1777 4712 ju-

204 4742 410 4798 stitiam
456 4747 730 4811 operatur.
783 4735 960 4792 Cornu
1003 4735 1118 4806 ejus
1143 4731 1461 4788 exaltabitur
1508 4732 1564 4785 in
1587 4730 1776 4802 gloria.

205 4829 344 4899 Quia
373 4829 464 4885 hic
482 4827 722 4893 humilis,
754 4825 827 4881 ibi
853 4831 1175 4897 potestatem
1198 4821 1434 4877 habebit.
1704 4821 1709 4826 ’

278 4922 442 4977 Vsus.
470 4916 905 4976 IO—Peccator
956 4914 1162 4971 videbit.
1235 4911 1362 4984 (ln.)
1431 4909 1614 4968 Tertio
1651 4925 1780 4968 con-

206 5013 376 5069 traria
403 5011 584 5084 impiis
599 5008 886 5083 provenire
915 5006 1126 5063 asserit.
1153 5004 1319 5060 Bonis
1347 5003 1628 5059 beatorum
1651 5005 1780 5059 hor-

207 5113 376 5171 tatur,
427 5103 586 5160 malis
610 5101 952 5159 inimicorum
985 5103 1172 5165 terret,
1208 5104 1264 5152 et
1298 5102 1384 5151 est
1406 5095 1509 5151 iste
1546 5094 1786 5166 psalmus

210 5193 574 5252 institutorius
596 5191 850 5249 fidelium.

281 5285 574 5352 Irascetur,
617 5283 857 5339 dentibus
881 5281 991 5336 suis
1017 5278 1197 5350 fremet
1229 5286 1276 5333 et
1297 5276 1538 5344 tabescet,
1579 5274 1785 5330 deside-

213 5377 351 5432 rium
375 5384 705 5448 peccatorum
733 5373 941 5446 peribit,
996 5369 1183 5426 dicens
1208 5387 1221 5423 :
1253 5367 1393 5435 Quid
1419 5368 1566 5424 nobis
1590 5365 1786 5439 profuit

211 5465 455 5539 superbia
475 5473 525 5520 et
553 5463 858 5519 divitiarum
877 5460 1139 5533 jactantia
1164 5459 1189 5514 2
1220 5457 1371 5532 (Sap.
1392 5457 1450 5528 ν)

743 5590 1065 5650 PSALMUS
1099 5587 1257 5648 CXII.

287 5727 514 5784 Alleluia
557 5726 758 5800 (Cass)
785 5725 922 5792 Quia
951 5723 1146 5778 merito
1182 5719 1502 5787 laudandus,
1546 5717 1638 5790 qui
1668 5731 1786 5776 me-

217 5821 326 5880 rito
355 5821 672 5878 humilitatis
707 5827 897 5891 gentes
937 5817 1182 5882 assumit,
1234 5814 1446 5872 titulum
1483 5813 1675 5886 psalmi
1697 5829 1791 5872 ex-

541 5918 814 5980 Pu‘aoc.
860 5913 1089 5979 CXIII.

1879 4651 2122 4724 ponitur,
2149 4659 2282 4719 etc.,
2309 4668 2471 4723 usque
2496 4652 2564 4706 ad
2594 4660 2656 4706 ut
2678 4651 2733 4707 in
2761 4650 2953 4722 psalmi
2977 4655 3313 4724 expositione
3346 4657 3458 4714 cla-

1881 4741 2066 4797 reseit.

1953 4833 2116 4889 Vens.
2143 4833 2195 4887 I.
2215 4863 2283 4876 —
2299 4833 2368 4890 In
2387 4835 2552 4890 exitu.
2569 4833 2747 4906 (Δυο.)
2763 4833 2861 4891 Hic
2884 4850 2992 4892 non
3011 4848 3302 4894 narrantur
3318 4854 3459 4911 pra:-

1879 4922 2072 4990 terita;
2097 4923 2194 4980 sed
2219 4923 2402 4980 futura
2427 4926 2810 4997 praedicuntur,
2854 4929 2980 4998 quia
3027 4929 3083 4985 in
3139 4929 3243 4986 illis
3289 4930 3456 5001 gestis

1882 5012 2064 5070 futura
2100 5015 2452 5088 signabantur
2477 5035 2490 5071 :
2513 5023 2568 5071 et
2593 5017 2712 5072 ideo
2740 5034 2848 5073 non
2869 5019 3050 5075 omnia
3073 5021 3162 5076 hic
3182 5020 3455 5087 dicuntur,

1887 5119 2006 5175 (luas
2017 5104 2092 5160 ibi
2117 5114 2294 5177 gesta,
2315 5106 2410 5162 sed
2435 5107 2680 5177 quaedam
2707 5108 2886 5176 aliter,
2911 5125 2980 5164 ne
3000 5117 3218 5180 putetur
3232 5120 3457 5182 praiter-

1889 5194 1964 5252 ita
2002 5197 2257 5253 recolere.
2283 5197 2483 5272 (Cass)
2503 5198 2685 5256 Primo
2710 5201 2840 5258 dicit
2861 5201 3147 5272 Propheta,
3175 5215 3296 5273 quae
3319 5204 3460 5262 mira

1881 5287 2087 5344 dederit
2131 5289 2272 5345 Deus
2316 5289 2555 5347 Hebraeis
2593 5291 2649 5346 in
2687 5291 2880 5364 figura,
2937 5297 2994 5346 et
3033 5289 3356 5352 Christianis
3405 5298 3460 5353 in

1884 5379 2096 5450 spiritu.
2128 5378 2376 5436 Secundo
2420 5381 2719 5454 interrogat
2757 5395 2926 5453 quare
2977 5381 3094 5438 haec
3145 5381 3289 5440 facta
3338 5396 3466 5443 sunt

1883 5469 1980 5538 ibi,
2018 5470 2158 5538 Quid
2185 5484 2261 5528 est
2289 5469 2384 5529 tibi
2403 5487 2548 5526 mare
2563 5471 2589 5525 .9
2609 5469 2792 5526 Tertio
2821 5470 3002 5527 inania
3021 5471 3311 5530 simulacra
3331 5490 3464 5548 gen-

1892 5561 2026 5616 tium
2047 5563 2399 5634 reprobat,et
2424 5559 2741 5640 religionem
2792 5558 2890 5616 Dei
2941 5561 3308 5632 commendat,
3365 5563 3462 5632 ibi,

1887 5650 2192 5711 'Simulacra
2211 5659 2459 5728 gentium.

1963 5745 2030 5800 In
2052 5748 2214 5802 exitu.
2247 5749 2411 5817 Quasi
2436 5766 2558 5805 cum
2583 5750 2766 5819 Israel,
2791 5745 2849 5809 id
2880 5754 2985 5812 εει,
3026 5745 3218 5805 domus
3271 5746 3462 5818 1300b.

1895 5841 1962 5898 de
1989 5838 2245 5913 Egypto,
2277 5843 2330 5899 id
2351 5852 2434 5899 est
2461 5844 2656 5913 popula
2685 5845 2916 5903 barbaro
