4008 6348
538 462 678 522 1055
1027 449 1421 511 WALAFRIDI
1462 439 1707 505 STRABI
1737 439 1943 500 FULD.
1983 433 2148 494 MON.
2187 431 2340 491 OPP.
2377 427 2560 488 PARS
2593 426 2635 484 1.
2674 455 2745 468 -
2780 415 3237 479 THEOLOGICA.
3652 407 3808 467 ιω

602 575 860 632 Barbara.
888 569 1069 644 (Auo.)
1098 568 1336 623 Barbara
1385 563 1567 635 lingua
1612 568 1715 626 est,
1766 571 1888 630 qua
1933 556 2101 611 Deum
2127 553 2182 616 Α
2203 562 2456 604 manuum
2484 543 2778 644 hominum,
2795 539 2900 594 hoc
2935 540 3272 644 venerantur

536 616 1068 724 nondan‘da’t'fuw'l
1098 616 1336 623 num“
1625 616 1632 617 ί
1701 616 1715 626 1
1783 616 1802 630 ⁸
2205 646 2352 704 runt,
2391 635 2670 692 materiam
2695 631 2836 688 enim
2867 626 3072 684 creavit
3105 618 3654 688 Deus;sedstultitia
3701 616 3814 672 Io-

607 721 772 813 Vnns.
808 753 862 809 2.
884 779 956 794 --
979 749 1147 805 Facta
1167 757 1262 802 est.
1290 743 1493 816 (Cass)
1541 741 1692 797 Sicut
1723 737 1818 795 ille
1855 735 2104 809 populus,
2205 729 2412 786 minum
2446 727 2677 816 formam
2709 721 2931 816 addidit.

537 803 943 905 cum—giretde
975 803 1226 911 Egypto,
1256 803 1386 901 eic.,
1417 803 1578 905 usque
1605 831 1673 886 ad
1712 803 1946 901 possunt
1976 825 2109 882 resi-
2277 814 2684 911 Vsus.5.—O_s
2703 809 3050 883 hobent.(ln.)
3066 807 3222 863 Manu
3245 803 3816 910 suntiormatamtoz,

537 892 882 997 siuei-.e'vitiis,
911 942 965 986 et
988 892 1137 986 hocce.r
1213 892 1225 904 ι
1375 892 1385 901 1
1492 892 1503 905 ⁸
1714 892 1776 950 ’κ
2206 910 2517 984 usqueadet
2528 907 2834 964 servierunt
2857 911 3122 958 creaturae
3147 898 3327 970 potius
3348 910 3514 967 quam
3537 892 3814 949 omni.

981 985 1124 1075 Vidit
1149 1033 1312 1082 mare,
1339 1015 1392 1070 id
1417 1023 1520 1080 est,
1559 1018 1872 1082 peccatores
1906 1005 2106 1062 satculi.
2281 1005 2443 1062 Vsus.
2477 1003 2529 1058 ’1.
2557 1001 2678 1056 Νοη
2717 998 3036 1053 clamabunt.
3092 992 3220 1065 (ln.)
3267 992 3396 1046 Post
3427 988 3579 1059 loqui
3637 985 3818 1056 (quod

538 1120 814 1182 Iordanis,
853 1115 944 1185 qui
979 1112 1150 1166 variis
1191 1108 1473 1165 desideriis
1519 1106 1732 1175 rapiunt
1772 1102 2016 1158 homines
2055 1100 2112 1154 in
2208 1107 2292 1155 est
2319 1091 2874 1166 hominisproprium)
2901 1091 3004 1146 hoc
3026 1101 3315 1144 commune
3346 1084 3516 1146 addit,
3547 1089 3684 1144 etc.,
3723 1095 3819 1134 ιιι-

540 1225 794 1283 magnum
817 1221 987 1271 mare,
1004 1205 1054 1260 id
1077 1212 1178 1266 est,
1204 1202 1364 1272 hujus
1383 1199 1562 1254 sreculi
1589 1197 1972 1250 amaricantem
2001 1207 2113 1246 ma—
2211 1209 2310 1266 que
2339 1193 2406 1247 ad
2428 1199 2484 1247 et
2511 1203 2704 1245 carens
2729 1187 2840 1241 vita
2879 1198 3146 1253 sensuque
3175 1178 3552 1235 simulacrum.

467 1313 476 1320 ’
540 1265 746 1366 litidm;
780 1299 873 1354 sed
902 1265 1016 1352 haec
1062 1296 1114 1349 in
1143 1265 1377 1347 adventu
1418 1289 1629 1344 Domini
1675 1294 1908 1354 cessant,
1959 1282 2115 1354 quasi
2224 1265 2228 1266 ν
2283 1284 2447 1338 Vnus.
2475 1282 2528 1336 8.
2563 1309 2635 1320 —-
2663 1277 2874 1333 Similes
2906 1274 3030 1329 illis.
3063 1273 3186 1344 (ln.)
3214 1271 3348 1326 Vide
3385 1265 3815 1366 erubescibilcm

537 1405 797 1449 conversa
833 1397 1148 1443 retrorsum.
2215 1375 2502 1437 culturam,
2533 1373 2658 1426 dum
2681 1371 2774 1434 ait,
2798 1367 3014 1432 similes,
3039 1365 3182 1436 quod
3207 1377 3335 1418 vere
3353 1368 3512 1426 sunt;
3540 1358 3632 1414 vel
3662 1356 3820 1413 simi-

616 1482 764 1536 Mare
784 1479 932 1535 vidit.
973 1474 1154 1548 (Αυε.)
1193 1473 1306 1528 Hoc
1341 1473 1428 1527 hic
1475 1470 1633 1524 aliter
1675 1468 1894 1533 dicitur,
1954 1479 2117 1535 quam
2217 1468 2295 1522 les
2323 1481 2381 1521 se
2409 1465 2490 1520 eis
2513 1461 2836 1532 intelligant.

539 1573 742 1628 factum
787 1579 891 1626 est.
943 1543 1020 1624 lbi
1079 1543 1272 1634 legitur
1309 1563 1522 1618 stetisse
1569 1560 1636 1614 ab
1668 1574 1732 1613 ea
1788 1565 1962 1628 parte,
2010 1568 2116 1624 qua
2289 1562 2454 1617 γωδ,
2487 1560 2541 1614 9,
2587 1587 2656 1598 -
2696 1557 2898 1610 Damus
2946 1550 3138 1607 Israel.
3172 1548 3374 1622 (CASS.)
3421 1545 3523 1602 Hic
3573 1543 3818 1599 ostendit

542 1681 695 1736 aqua:
721 1665 952 1733 desuper
987 1660 1240 1723 ﬂuebant,
1282 1672 1381 1712 nec
1411 1655 1483 1710 ibi
1509 1651 1800 1724 quidquam
1829 1650 2026 1705 dicitur
2053 1648 2119 1703 de
2219 1653 2541 1710 Christiana;
2576 1648 2850 1719 religionis
2877 1644 3186 1700 utilitatem.

542 1728 898 1827 gestientibus
927 1751 1220 1815 montibus,
1264 1749 1356 1804 sed
1386 1755 1495 1800 tam
1535 1745 1610 1799 ibi
1651 1743 1800 1818 facta
1832 1757 1993 1813 quam
2031 1741 2122 1796 hic
2292 1744 2454 1798 Vnus.
2489 1741 2575 1796 10.
2628 1769 2699 1781 .-
2751 1739 2952 1793 Domus
2997 1737 3195 1791 Aaron.
3253 1730 3437 1802 (Αυε.)
3493 1728 3575 1784 Ne
3638 1736 3816 1782 autem

545 1818 690 1901 dicta
720 1845 904 1914 ﬁgura:
940 1849 1085 1896 sunt.
2223 1832 2472 1888 videatur
2507 1829 2800 1899 majoribus
2823 1828 2934 1897 jam
2984 1838 3094 1888 res,
3146 1837 3268 1894 qua:
3321 1818 3684 1874 inferioribus
3738 1827 3821 1870 est

614 1937 780 1990 Vsus.
811 1933 865 1986 4.
895 1961 965 1972 -
985 1931 1203 1984 Arietes.
1230 1929 1350 2000 (ln.)
1393 1926 1496 1994 Qui
1527 1925 1782 1982 cornibus
1813 1924 2115 1996 utriusque,
2147 1929 2196 1991 Β
2222 1940 2369 1998 spes,
2398 1923 2568 1990 addit,
2589 1923 2788 1977 Domus
2821 1919 3018 1973 Aaron.

545 2035 675 2088 etc.,
699 2037 860 2093 usque
881 2021 949 2075 ad
978 2034 1191 2076 omnem
1222 2019 1501 2074 scientiam
1533 2018 1793 2072 adversus
1845 2015 2120 2071 Christum
2297 2017 2461 2073 Vsus.
2510 2015 2596 2070 12.
2623 2043 2692 2054 -
2720 2011 2939 2068 Memor.
2980 2006 3178 2082 (Cass.)
3229 2005 3301 2062 Ut
3345 2008 3722 2066 converteret,
3769 2007 3824 2055 et

545 2133 606 2173 se
631 2117 945 2186 erigentem.
981 2111 1171 2167 Colles.
1199 2111 1400 2182 (Cass)
1435 2110 1478 2164 A
1511 2109 1752 2174 colendo,
1781 2109 2076 2164 mediocres
2107 2127 2119 2162 :
2233 2123 2526 2167 conversos
2547 2121 2647 2178 per
2669 2106 2917 2160 eumdem
2944 2101 3239 2157 benedixit.

544 2222 652 2262 non
681 2205 826 2260 enim
863 2205 976 2258 haec
1002 2203 1068 2256 ad
1107 2202 1372 2265 litteram;
1421 2201 1562 2255 unde
1611 2210 1665 2255 et
1719 2213 1814 2269 per
1860 2213 2030 2265 mare,
2070 2207 2128 2254 et
2299 2201 2463 2255 Vens.
2496 2199 2582 2254 li.
2619 2227 2690 2238 ——
2715 2196 3008 2267 Supervos.
3039 2192 3220 2263 (Αυο.)
3243 2188 3379 2258 Quia
3403 2187 3584 2244 crevit
3627 2199 3822 2242 nume-

545 2298 860 2362 Jordanem,
884 2297 937 2351 id
956 2305 1059 2360 est,
1088 2309 1184 2364 per
1213 2293 1431 2363 antiqua
1462 2292 1622 2356 facta,
1649 2293 1765 2346 haac
1783 2292 1986 2362 signari
2017 2307 2124 2346 non
2229 2309 2323 2348 rus
2349 2292 2755 2362 magistrorum.

545 2389 807 2460 ambigas,
847 2403 966 2457 qua!
995 2386 1154 2442 hodie
1177 2383 1531 2456 spiritualiter
1547 2384 1700 2438 ﬁunt.
1737 2417 1740 2420 ι
2300 2379 2470 2452 Super
2505 2380 2664 2450 ﬁlios.
2701 2377 2838 2445 Quia
2887 2376 3056 2430 crevit
3091 2373 3253 2429 etiam
3308 2385 3574 2426 numerus
3626 2383 3823 2439 sequa-

2228 2474 2392 2530 cium.
2426 2473 2567 2541 Ergo
2619 2484 2716 2524 vos
2765 2469 3004 2537 utrique,
3043 2472 3227 2536 patres
3273 2471 3328 2518 et
3376 2461 3496 2525 ﬁlii,
3547 2460 3824 2515 benedicti

2230 2567 2362 2622 estis
2383 2563 2630 2628 Domino,
2661 2561 2752 2632 qui
2787 2575 2882 2615 vos
2914 2557 3044 2613 fecit
3071 2556 3254 2611 caelum
3297 2555 3351 2609 iu
3401 2553 3730 2623 majoribus,
3779 2563 3824 2606 et

2230 2661 2422 2711 terram
2451 2655 2506 2708 in
2536 2651 2863 2716 minoribus;
2888 2649 2973 2704 vel
3004 2648 3130 2704 fecit
3160 2662 3374 2702 omnem
3399 2655 3740 2701 creaturam.

2301 2751 2466 2805 Vens.
2519 2747 2606 2803 15.
2637 2769 2706 2787 -ά-
2732 2744 2998 2800 Benedicti
3028 2760 3112 2798 vos
3139 2759 3170 2796 a
3206 2741 3448 2795 Domino.
3476 2737 3682 2810 (Cass)
3723 2738 3824 2804 Qui

2230 2839 2439 2910 optavit
2459 2853 2623 2908 supra
2654 2834 2927 2900 benedici,
2944 2833 3054 2903 jam
3085 2831 3319 2887 conﬁsus
3340 2829 3492 2893 dicit,
3528 2828 3824 2890 Benedicti,

549 2961 602 3015 id
632 2970 733 3024 est,
762 2967 972 3012 montes
995 2965 1048 3010 et
1072 2955 1234 3010 colles
1257 2953 1488 3026 gaudere
1520 2969 1533 3008 :
1561 2954 1777 3009 Christo
1801 2953 1943 3008 enim
1969 2967 2125 3022 appa-

2243 2931 2377 3004 quod
2415 2929 2482 2985 ad
2509 2929 2680 2984 Deum
2715 2927 2975 2998 pertinet,
3017 2933 3076 2979 ut
3112 2925 3162 2980 ei
3212 2923 3483 2979 serviatis.
3540 2922 3681 2976 Vere
3725 2922 3830 2975 Do—

549 3062 702 3108 rcnte
722 3051 852 3106 moti
882 3059 1004 3106 sunt
1041 3050 1283 3104 homines
1309 3065 1338 3103 a
1370 3063 1465 3103 sua
1493 3047 1872 3118 superstitione
1913 3049 1979 3100 ad
2017 3043 2125 3100 cul-

2243 3026 2394 3087 mina,
2418 3023 2542 3092 quia
2574 3022 2735 3076 etiam
2761 3018 2947 3073 malum
2973 3015 3106 3082 caeli,
3138 3015 3194 3070 id
3218 3021 3323 3080 est,
3345 3011 3604 3069 Christus
3636 3023 3724 3068 est
3764 3015 3832 3068 ad

551 3152 664 3197 tum
690 3141 805 3208 Dei.
975 3145 980 3148 '
1066 3201 1075 3208 _
1557 3109 1575 3118 ’
2232 3117 2493 3172 honorem
2523 3109 2766 3177 Domini;
2791 3109 2896 3192 vel,

618 3236 660 3286 A
683 3203 818 3301 facie
846 3231 944 3285 Dei
967 3201 1152 3284 Iacob.
1179 3231 1243 3284 Et
1263 3231 1414 3300 quasi
1445 3237 1730 3299 quaereret,
1763 3229 1885 3298 quis
1912 3236 1994 3282 est
2025 3228 2125 3284 Do-

2307 3211 2473 3266 Vuns.
2509 3205 2595 3262 l6.
2619 3237 2688 3247 —
2714 3188 2914 3258 Caelum
2944 3201 3078 3269 caeli,
3105 3199 3160 3256 id
3187 3207 3290 3266 est,
3312 3211 3658 3270 cmpyreum,
3684 3197 3830 3252 dedit

549 3323 761 3378 minus?
781 3321 923 3376 Deus
941 3319 1107 3375 Jacob
1128 3334 1233 3375 non
1263 3333 1483 3384 recens;
1527 3321 1618 3388 qui
1647 3285 1888 3374 facit‘eos
1913 3318 2124 3373 luctari.
2158 3285 2214 3348 CI
2235 3303 2462 3358 Βοιηίηο
2497 3298 2732 3388 Chiis”,
2764 3295 3057 3352 secundum
3095 3294 3236 3388 (ΙΗοά
3259 3293 3441 3347 δοῐηο·
3473 3289 3698 3344 Terram
3735 3307 3831 3342 σε’

629 3411 1064 3478 νεκε,8,-.ριιξ
1091 3410 1339 3464 converri;
1367 3381 1586 3480 ρεειλαηλ,
1621 3408 1742 3482 (ιω)
1779 3410 1921 3464 Dura
1965 3412 2130 3464 corda
2234 3403 2356 3448 tem.
2384 3389 2545 3446 Istam
2579 3387 2890 3443 inferiorem
2918 3385 3082 3440 dedit.
3117 3381 3274 3438 Filiis
3298 3383 3594 3437 hominum.
3647 3381 3718 3437 lit
3773 3383 3826 3435 in

619 2506 780 2559 Vens.
813 2503 864 2557 5.
893 2532 964 2542 —
999 2500 1137 2567 Quid
1186 2508 1259 2554 est
1299 2499 1408 2552 tibi.
1447 2497 1568 2568 (ln.)
1608 2496 1854 2552 Secundo
1898 2496 2128 2551 interro-

545 2608 635 2667 gat
654 2612 823 2667 quare
845 2595 981 2660 haec,
1013 2602 1070 2648 ut
1095 2592 1293 2648 excitet
1325 2591 1754 2647 admirationem.
1814 2591 1880 2645 Et
1927 2591 2122 2646 solvit:

544 2690 587 2743 Λ
615 2689 748 2757 facie
771 2685 998 2740 Domini.

619 2780 782 2834 Vsus.
813 2777 866 2829 '1.
896 2775 1024 2829 -Α
1047 2775 1198 2845 facie.
1242 2773 1361 2844 (ln.)
1393 2773 1507 2829 Una
1562 2773 1768 2828 duobus
1827 2771 2124 2842 responsio,

548 2870 673 2938 quia
700 2882 841 2922 unus
862 2875 1067 2930 auctor,
1083 2864 1348 2936 et‘szecula
1364 2863 1490 2918 fecit
1508 2864 1901 2933 obstupescere,
1931 2871 1983 2918 et
2008 2878 2126 2928 sua,

550 3501 882 3568 Judagorum,
916 3473 999 3556 adv
1014 3517 1208 3570 aquam
1229 3473 1500 3572 baptismi,
1628 3473 1638 3482 ’
1724 3473 1734 3480 ’
2233 3496 2297 3537 ea
2328 3497 2386 3537 se
2409 3480 2696 3552 puriﬁcent
2724 3478 2810 3533 vel
2849 3475 3103 3549 populum
3134 3473 3614 3546 praedicatoribus;
3645 3473 3824 3527 unde:

622 3592 842 3662 Rupem.
870 3564 1136 3658 Gentiles,
1157 3598 1218 3645 ut
1245 3564 1317 3647 εί
1333 3589 1435 3661 ipsi
1474 3597 1728 3646 emanent
1755 3589 1985 3658 irriguos
2014 3588 2125 3646 fon-

2243 3573 2389 3629 Sicut
2411 3572 2558 3628 misit
2579 3586 2664 3626 me
2687 3570 2868 3635 Pater,
2893 3576 2946 3624 et
2971 3582 3072 3640 ego
3105 3568 3319 3621 mittam
3349 3581 3446 3621 vos
3483 3564 3678 3636 (Joan.
3717 3564 3818 3636 vr).

549 3689 634 3738 tes
652 3659 1072 3751 przedicationis.
1353 3659 1370 3661 ί
2305 3664 2504 3720 σωιωη
2526 3662 2659 3717 mli.
2690 3661 2874 3734 (Auc.)
2899 3659 3039 3714 Dicit
3061 3673 3156 3714 eos
3177 3669 3407 3728 quorum
3435 3666 3676 3723 mentes,
3696 3667 3825 3721 etc.,

625 3746 810 3844 (λῦε.)
839 3773 894 3826 ld
922 3780 1028 3837 est,
1071 3787 1129 3827 se
1158 3773 1308 3844 prius
1334 3772 1552 3838 durum,
1601 3785 1724 3826 cum
1767 3771 2129 3840 ignoraretur,
2233 3772 2396 3827 usque
2425 3756 2492 3810 ad
2520 3768 2676 3824 quem
2708 3751 2910 3808 inﬁrmi
2934 3751 3051 3807 sine
3071 3746 3397 3806 adminiculo
3429 3747 3608 3803 adhuc
3645 3746 3832 3801 videre

553 3874 684 3930 etc.,
711 3873 873 3934 usque
893 3863 960 3917 ad
975 3864 1224 3919 omnibus
1241 3864 1584 3919 credentibus
1603 3861 1909 3927 inundaret,
1926 3861 2127 3917 dicens:
2235 3859 2341 3903 που
2373 3855 2618 3916 Possum-

555 3956 614 4012 Si
637 3957 753 4026 quis
777 3930 910 4021 sirit,
933 3956 1100 4010 veniat
1119 3956 1188 4009 ad
1207 3972 1309 4020 me,
1331 3965 1378 4010 ει
1401 3955 1559 4008 bibat.
2311 3937 2474 3993 Vens.
2504 3937 2590 3991 l7.
2620 3965 2692 3978 -
2717 3935 2899 4008 Neque
2923 3951 3102 3991 omnes
3139 3933 3230 4004 qui
3255 3931 3595 3988 descendunt.
3623 3930 3830 4005 (Cass)

633 4023 796 4103 Vsus.
830 4049 880 4100 l.
905 4077 974 4087 —
998 4047 1122 4102 Non
1154 4048 1322 4101 nobis.
1375 4045 1573 4118 (sts.)
1619 4045 1751 4102 Cum
1801 4043 2125 4120 dixitDeum

2243 4028 2338 4084 Vel
2369 4043 2476 4083 non
2504 4041 2693 4084 omnes
2723 4027 2816 4097 qui
2847 4026 3213 4092 descendunt;
3243 4025 3370 4096 quia
3413 4032 3465 4078 et
3497 4023 3686 4080 sancti
3734 4023 3828 4078 de-

558 4141 702 4197 bona
731 4141 883 4203 dare,
915 4148 1045 4203 etc.,
1068 4138 1316 4208 usquead
1341 4115 1560 4201 veritas,
1610 4137 1737 4192 dum
1773 4115 1995 4206 praemia
2039 4149 2128 4190 re-
2239 4119 2592 4184 δεθηάθτιιῐιι,
2622 4119 2718 4174 sed
2739 4133 2848 4174 non
2873 4116 2926 4171 in
2957 4115 3220 4171 inferiori-

557 4233 752 4297 stitnit,
777 4229 866 4286 vel
891 4229 1084 4301 impios
1110 4227 1280 4298 punit.
1307 4225 1452 4294 Ideo,
1476 4228 1570 4282 Da.
2749 4225 3068 4284 PSALMUS
3101 4225 3281 4282 CXIV.

638 4327 790 4382 Vens.
824 4325 878 4379 2.
905 4353 976 4364 --
1001 4321 1294 4394 Nequando
1324 4340 1337 4376 :
1365 4321 1469 4377 hoc
1493 4335 1632 4392 sape
1669 4321 1819 4392 impii
1868 4320 2134 4393 irnputant
2306 4319 2556 4376 Alleluia.
2593 4318 2694 4374 Hic
2727 4319 2915 4374 titulus
2937 4333 3078 4389 saepe
3104 4318 3353 4383 iteratur,
3393 4317 3524 4388 quia
3587 4317 3832 4373 laudatio

555 4417 714 4473 bonis
742 4413 970 4470 salictis.
2152 4423 2154 4426 ·
2234 4409 2352 4475 Dei,
2379 4418 2436 4464 et
2463 4408 2697 4479 dignitas
2731 4416 2816 4463 est
2847 4422 3092 4478 operum,
3121 4417 3176 4462 et
3212 4407 3442 4478 preti-um
3471 4406 3752 4471 laborum,
3783 4408 3832 4463 id

633 4508 1019 4564 Misericordia.
1049 4505 1255 4579 (Aus.),
1279 4505 1332 4560 id
1353 4514 1457 4572 est,
1486 4505 1848 4576 reparatione.
2234 4510 2340 4566 est,
2369 4499 2626 4554 meritum
2671 4507 2755 4555 est
2789 4507 2846 4554 et
2879 4499 3179 4568 prmmium.
3223 4496 3408 4570 (Αυε.)
3445 4497 3728 4570 Propheta
3766 4502 3831 4554 de

646 4601 896 4698 feritate:
913 4599 967 4654 id
991 4607 1093 4663 est,
1118 4597 1477 4698 promissione
1502 4598 1739 4668 impleta.
2162 4639 2222 4698 θ
2242 4595 2396 4652 l'bvea
2429 4603 2773 4666 peccatorum
2805 4593 3086 4659 liberatus,
3119 4602 3175 4649 et
3203 4594 3256 4648 in
3279 4601 3432 4663 petra
3476 4596 3831 4658 constitutus,

633 4689 732 4744 Ubi
757 4699 830 4744 est
852 4688 1014 4744 Deus.
1051 4687 1176 4758 (ln.)
1212 4685 1324 4742 Hoc
1363 4687 1535 4742 solent
1583 4688 1762 4754 dicere
1787 4696 2140 4759 gentem-quat
2162 4685 2212 4698 “’
2241 4688 2419 4760 primo
2447 4687 2647 4759 gratias
2669 4686 2781 4756 agit
2805 4687 2930 4755 quia
2957 4686 3244 4740 exauditus
3269 4696 3374 4754 est,
3407 4694 3463 4742 et
3492 4697 3696 4742 contra
3721 4702 3836 4742 om-

560 4783 762 4842 habent
787 4778 1021 4834 visibiles
1034 4781 1161 4833 deos
1187 4779 1672 4847 :quiainvisibilem
1695 4779 1862 4834 Deum
1891 4779 2135 4836 colimus.
2240 4778 2596 4852 niapericula
2628 4793 2686 4832 se
2705 4778 2986 4834 invocasse
3008 4777 3155 4833 dicit.

635 4875 798 4930 Vnus.
827 4873 880 4926 ὅ.
908 4899 978 4910 —-
1001 4869 1070 4924 In
1094 4870 1242 4926 cwlo.
1271 4870 1416 4940 (ln.),
1443 4870 1494 4924 id
1516 4878 1616 4934 est,
1660 4869 1875 4925 Christo
1897 4871 2136 4936 homine,
2231 4871 2235 4879 '
2313 4869 2559 4926 Psalmus
2593 4869 2695 4924 iste
2725 4877 2810 4925 est
2835 4869 3135 4926 consolatio
3160 4869 3395 4928 ﬁdelium
3445 4877 3642 4925 contra
3687 4871 3836 4926 dolo-

561 4965 860 5025 secundum
887 4962 1017 5018 illud
1047 4975 1062 5015 :
1091 4960 1232 5016 Deus
1253 4972 1363 5016 erat
1388 4963 1444 5016 in
1488 4958 1698 5016 Christo
1741 4961 1995 5016 mundum
2040 4962 2141 5016 sibi
2242 4977 2331 5018 res
2359 4963 2556 5019 saeculi.

568 5053 930 5113 νεοοηείιεαηε.
959 5051 1072 5118 Vel,
1095 5053 1152 5105 in
1165 5050 1313 5115 caelo,
1343 5052 1544 5124 (Cass)
1562 5053 1738 5120 idest,
1760 5062 1954 5124 potens
1977 5067 2140 5124 super
2314 5057 2480 5112 Vsus.
2530 5057 2580 5111 1.
2606 5088 2678 5098 -
2704 5054 2896 5110 Dilexi.
2959 5051 3080 5125 (ln.)
3113 5054 3255 5109 Dicit
3293 5055 3394 5110 hoc
3421 5055 3538 5112 ovis
3574 5071 3702 5126 quae
3744 5071 3834 5113 er-

572 5160 754 5248 umnas
773 5153 1074 5248 creaturas.
1255 5234 1266 5248 Ι
2247 5157 2483 5214 raverat,
2510 5147 2650 5203 ﬁlius
2680 5161 2949 5212 reversus,
2981 5145 3140 5218 hujus
3168 5145 3346 5203 saeculi
3375 5148 3724 5220 peregrinus.

637 5236 829 5292 Omnia
846 5251 1164 5307 quacunque
1185 5234 1343 5292 voluit
1367 5236 1628 5306 fecit.Per
1640 5240 1783 5308 quod
1796 5240 2136 5309 omnipotens
2321 5240 2523 5314 (ΟΑεε.)
2555 5239 2748 5292 Dilexi.
2791 5237 2906 5293 Non
2928 5249 3148 5309 propter
3185 5239 3502 5312 temporalia
3530 5241 3673 5296 bona
3700 5244 3834 5300 mibi

566 5338 808 5402 apparet.
2249 5335 2396 5396 data,
2427 5339 2486 5384 ut
2513 5329 2776 5395 inﬁdeles,
2808 5327 2900 5385 sed
2930 5332 3200 5401 quoniam,
3233 5339 3339 5387 etc.
3393 5325 3646 5410 Diligitur
3688 5334 3832 5389 Deus

639 5423 804 5480 Vsus.
831 5420 884 5476 4.
914 5419 1301 5476 —Simulusra
1332 5421 1578 5490 gentium.
1614 5421 1737 5493 (ln.)
1764 5421 1966 5488 Tertio,
2017 5423 2137 5478 ina-
2247 5431 2303 5480 et
2327 5422 2395 5476 ab
2421 5419 2724 5475 inﬁdelibus
2768 5422 2895 5500 quia
2942 5421 3081 5477 bona
3125 5423 3245 5488 dat;
3297 5421 3439 5477 unde
3471 5441 3485 5476 :
3526 5417 3832 5490 Conﬁtebor

567 5511 970 5573 niasimulacra
999 5511 1210 5581 probat,
1233 5517 1288 5566 et
1313 5509 1502 5581 religio
1529 5511 1621 5565 Dei
1661 5527 1824 5582 quam
1875 5513 1946 5568 sit
1995 5513 2144 5568 utilis
2247 5514 2340 5569 tibi
2377 5528 2494 5567 cum
2527 5511 2836 5582 benefeceris
2863 5514 2909 5567 ei
2945 5510 3116 5582 (Psal.
3145 5512 3354 5585 nvut).
3406 5513 3662 5582 Diligitur
3709 5532 3832 5588 per-

567 5606 822 5666 ostendit.
843 5605 914 5661 Et
937 5617 1022 5660 est
1040 5606 1128 5659 hic
1151 5603 1388 5674 perfecta
1416 5604 1864 5662 demonstratioin
1877 5607 2149 5676 vitupera-
2248 5605 2409 5669 fccte,
2433 5621 2556 5661 eum
2587 5606 2806 5661 animus
2831 5604 3079 5661 adversis
3123 5619 3232 5661 non
3275 5616 3546 5671 movetur,
3591 5609 3694 5663 sed
3737 5623 3832 5677 spe

571 5699 721 5754 tione
746 5706 802 5751 et
833 5696 1008 5750 laude.
1043 5696 1224 5766 (Auc.)
1257 5695 1483 5750 Ostensa
1510 5695 1752 5764 potentia
1777 5697 1892 5751 veri
1947 5697 2042 5752 Dei
2079 5711 2146 5751 ex
2247 5699 2562 5754 accenditur
2591 5713 2604 5751 :
2637 5714 2797 5768 quem
2824 5700 3065 5754 modum-
3076 5706 3194 5769 post
3242 5701 3481 5770 exponit,
3505 5697 3697 5756 dilexi.
3715 5698 3832 5756 Non

572 5790 849 5860 operibus,
880 5789 1072 5841 transit
1095 5789 1159 5840 ad
1193 5790 1322 5841 deos
1349 5789 1585 5858 gentium
1627 5788 1882 5844 visibiles.
1951 5790 2148 5859 Argen-
2247 5791 2376 5860 quia
2406 5807 2492 5846 me
2523 5805 2700 5860 regem
2731 5789 2879 5856 fecit,
2901 5806 3159 5862 prospera
3187 5791 3355 5858 dedit,
3399 5790 3494 5846 sed
3531 5791 3665 5862 quia
3711 5807 3834 5848 ora—

575 5893 705 5935 tum.
739 5880 860 5949 (ln.)
893 5879 996 5932 Sed
1036 5880 1160 5946 quia
1207 5880 1348 5935 Deus
1379 5881 1479 5934 hoc
1522 5882 1668 5947 fecit,
1727 5882 1919 5951 inquit,
1975 5883 2147 5954 Opera
2249 5885 2450 5941 tionem
2480 5882 2706 5938 auditin
2733 5884 3017 5954 angustiis.
