4008 6348
211 445 352 504 1037

1203 441 1473 504 GLOSSA
1512 439 1912 511 ORDINAEIA.
1947 473 2019 484 —
2054 442 2182 500 LIB.
2221 441 2470 500 PSALM.

3338 444 3490 506 ωδε

281 551 451 608 Vens.
479 549 536 606 2.
559 577 630 592 --
655 547 728 604 Et
751 551 808 606 in
835 551 1016 610 diebus
1035 553 1182 607 meis.
1215 552 1398 623 (Αυα.)
1417 550 1635 608 Scilicet
1653 565 1788 607 mea
1813 555 1866 617 Α
1887 559 2031 606 serve
2057 552 2187 608 bone
2213 562 2264 607 et
2309 552 2502 622 ﬁdelis,
2558 553 2698 609 intra
2743 554 2802 610 in
2847 536 3104 627 gaudium
3393 562 3482 620 tsi

209 642 467 708 miseria,
497 655 634 713 quos
663 642 798 697 mihi
844 641 948 698 feci
996 644 1291 713 peccando,
1329 644 1423 714 qui
1473 652 1602 700 sunt
1649 642 1796 716 pleni

209 735 415 793 laboris
433 743 489 790 et
507 735 729 801 doloris,
764 736 816 790 id
844 745 949 802 est,
973 746 1200 792 vetusta
1227 739 1547 809 putredinis.

283 829 566 885 Inmabo.
605 828 760 896 Quod
787 844 894 886 non
920 838 1004 886 est
1023 830 1141 886 sine
1155 830 1290 898 ﬁde;
1325 833 1468 888 unde
1487 831 1793 902 Apostolus:

209 919 486 988 Quoniam
496 920 806 976 incusabant
819 921 874 976 in
885 937 1035 992 quem
1047 939 1152 977 non
1163 922 1521 978 crediderunt?
1533 924 1551 996 (
1561 924 1689 978 Rom
1697 922 1798 994 .x.)

208 1012 346 1070 Dum
361 1027 490 1084 ergo
518 1013 614 1079 ait,
643 1014 975 1082 invocabant,
1005 1023 1157 1071 notat
1183 1017 1327 1087 quod
1349 1032 1454 1073 non
1484 1026 1570 1072 est
1591 1018 1798 1072 otiosus

209 1103 457 1160 dilector.
494 1103 552 1158 ln
582 1103 798 1173 quibus,
826 1104 1294 1161 Circumdederuut
1315 1125 1414 1173 me,
1447 1115 1550 1163 etc.
1594 1106 1710 1172 Vel,
1741 1107 1796 1163 in

208 1195 400 1252 diebus
426 1194 636 1262 salutis,
666 1195 718 1250 id
759 1205 848 1251 est
883 1205 1122 1268 tempore
1168 1198 1555 1268 plenitudinis;
1595 1198 1738 1255 unde
1779 1215 1793 1252 :

206 1283 346 1341 Ecce
365 1303 503 1341 nunc
530 1295 730 1356 tempus
760 1287 1098 1358 acceptabile,
1123 1297 1228 1342 etc.
1261 1287 1347 1360 (II
1377 1286 1501 1342 Cor.
1520 1287 1616 1360 νι).

279 1379 442 1434 Vens.
473 1379 525 1434 3.
553 1407 625 1421 -—
657 1379 893 1435 Dolores.
933 1380 1138 1452 (Cass)
1175 1380 1424 1446 Peccata,
1460 1382 1604 1437 unde
1646 1381 1798 1437 dolor

203 1481 261 1530 et
280 1489 426 1530 mors
449 1474 672 1542 anima;
697 1475 797 1541 vel,
840 1483 1064 1542 aterna,
1089 1476 1205 1531 hac
1233 1476 1287 1530 in
1310 1475 1522 1531 inferno
1541 1477 1668 1531 erit.
1695 1473 1797 1530 Pe-

203 1566 378 1622 ricula
393 1567 605 1638 inferni.
630 1568 812 1641 (Auc.)
829 1567 1076 1624 Suﬂ‘usus
1101 1570 1245 1624 enim
1272 1571 1474 1625 carnali
1501 1569 1793 1641 voluptate,

203 1673 310 1714 non
339 1660 696 1716 animadverti
727 1661 868 1716 mala
901 1677 986 1717 me
1012 1663 1428 1718 circumdantia.
1787 1659 1798 1668 ’

276 1749 439 1805 Vens.
472 1751 526 1805 4.
549 1782 622 1792 -
643 1751 1050 1807 Tribulationem
1080 1763 1130 1808 et
1166 1753 1418 1808 dolorem.
1457 1753 1582 1825 (In.)
1606 1751 1793 1820 Quasi,

203 1842 290 1900 illa
305 1845 456 1914 prius
467 1843 1055 1911 meeircumdederunt,
1069 1848 1162 1903 sed
1173 1855 1296 1917 post
1306 1847 1486 1902 inveni
1499 1845 1798 1901 tribulatio-

1898 637 2110 713 (Hattlt.
2135 642 2283 714 xxv).

1970 733 2132 788 Vens.
2165 735 2250 789 il.
2280 765 2352 778 -—
2379 735 2448 791 In
2473 751 2688 792 eum
2733 732 2886 793 meo.
2923 737 3043 806 Vel,
3085 744 3292 800 exstasi
3334 755 3480 802 mea.

1899 821 2082 896 (Δυε.)
2112 823 2180 880 Et
2203 823 2404 881 dicitur
2429 827 2520 882 hic
2546 827 2798 894 exstasis,
2825 837 2955 896 etc.,
3001 843 3166 903 Isque
3214 833 3288 888 ad
3330 837 3480 906 quod

1897 923 1975 970 est
2009 915 2178 969 omnis
2208 917 2364 971 homo
2385 917 2634 972 menda.
2903 961 2906 964 .

1970 1009 2132 1066 Vens.
2166 1011 2252 1066 12.
2283 1042 2352 1052 —
2381 1011 2521 1079 Quid
2570 1012 2852 1068 retribuam
2883 1012 3127 1071 Domino.
3147 1013 3319 1087 (19.)?
3348 1018 3482 1075 Ter-

1898 1101 2037 1159 ritus
2077 1104 2181 1159 iste
2227 1104 2448 1173 respicit
2473 1105 2844 1162 inﬁrmi-tatem
2875 1121 3050 1174 suam,
3097 1117 3152 1164 et
3181 1110 3324 1167 videt
3367 1129 3476 1169 non

1897 1207 2018 1251 esse
2040 1198 2473 1266 praesumendum
2493 1197 2560 1254 de
2587 1214 2666 1255 se.
2695 1199 2776 1254 Ex
2796 1214 2858 1256 se
2875 1200 3020 1258 enim
3041 1202 3204 1260 homo
3223 1206 3474 1272 mendax,

1897 1294 1958 1338 ut
1983 1293 2039 1340 et
2063 1285 2276 1353 Petrus,
2291 1287 2420 1344 dum
2446 1289 2806 1360 prasumpsit,
2829 1291 3081 1348 inventus
3104 1302 3188 1348 est
3212 1295 3475 1350 mendax:

1897 1381 1992 1436 sed
2021 1381 2192 1437 virtus
2220 1382 2312 1438 Dei
2365 1391 2474 1447 est,
2513 1382 2558 1438 si
2603 1397 2713 1438 non
2741 1383 2934 1440 credit.
2979 1383 3132 1452 Quod
3160 1385 3346 1442 videns
3375 1387 3480 1444 iste

1899 1467 2104 1526 factum
2130 1472 2184 1526 in
2213 1488 2272 1528 se
2299 1473 2476 1543 gratia
2502 1473 2620 1540 Dei,
2651 1473 2858 1539 subdit,
2905 1492 3022 1546 qua:
3067 1477 3300 1532 retribuit
3327 1477 3476 1538 mihi,

1897 1563 2016 1620 Non
2045 1565 2140 1630 ait,
2172 1579 2272 1636 pro
2297 1566 2551 1622 omnibus
2579 1583 2702 1637 qua
2729 1568 2937 1624 tribuit.
2980 1568 3110 1636 Qua
3135 1571 3300 1640 igitur
3335 1585 3478 1641 pra-

1896 1666 2178 1712 cesserunt
2221 1658 2456 1714 hominis
2496 1657 2660 1725 bona,
2691 1667 2752 1714 ut
2789 1660 3032 1716 omnium
3074 1661 3338 1718 donorum
3381 1663 3478 1720 Dei

1897 1762 2006 1804 non
2035 1749 2278 1814 tributio,
2309 1752 2405 1806 sed
2429 1751 2711 1806 retributio
2737 1753 2918 1808 vocari
2949 1754 3160 1824 possit?
3189 1755 3319 1822 Qua
3341 1767 3480 1826 pra-

1898 1851 2176 1896 cesserant
2203 1843 2308 1898 nisi
2352 1843 2619 1914 peccata?
2665 1843 2938 1927 Retribuit
2979 1853 3110 1917 ergo
3135 1848 3278 1903 Deus
3303 1849 3479 1904 homi-

201 1907 328 1988 nem
359 1942 413 1988 et
433 1933 695 2002 dolorem,
721 1934 774 1990 id
803 1943 907 2003 est,
935 1907 1274 1993 aiilictiouem
1315 1937 1640 1992 exteriorem
1673 1951 1796 1993 esse
1827 1907 1876 1980 θ
1896 1931 2056 1987 nibus
2079 1933 2221 1988 bona
2259 1948 2356 2004 PI’O
2379 1933 2556 1998 malis.
2585 1919 2908 2006 Passus-Pro
2935 1936 3036 2002 eis,
3083 1951 3206 1992 cum
3231 1938 3479 1996 homines

200 2023 412 2079 utilem.

271 2115 437 2172 Vens.
465 2115 516 2171 5.
534 2115 656 2172 -ο
683 2115 925 2184 Domine,
947 2118 1132 2174 libera.
1158 2118 1364 2192 (Cass)
1385 2119 1635 2176 Secundo
1659 2121 1792 2176 item

198 2206 418 2273 clamat,
457 2217 519 2263 ut
545 2208 806 2265 liberatus
833 2210 1014 2264 veniat
1054 2211 1123 2266 ad
1181 2210 1445 2280 requiem.
1493 2209 1792 2266 Misericors

196 2296 480 2354 Dominus.
508 2298 693 2372 (Αυσ.)
732 2300 866 2369 Quia
913 2301 1091 2373 primo
1120 2301 1402 2358 inclinavit
1433 2316 1621 2358 aurem
1660 2302 1792 2357 mihi

197 2391 258 2444 ει
283 2403 370 2444 me
395 2390 627 2446 vocavit.

271 2479 478 2538 Justus.
503 2482 640 2552 Quia
661 2481 892 2556 ﬂagellat
925 2485 1141 2540 iterum.
1172 2484 1472 2540 Μίδα-ειν.
1521 2485 1667 2566 Ουίει
1709 2497 1794 2539 re-

183 2571 343 2645 ‘cipit
364 2573 432 2630 ad
459 2577 874 2634 beatitudinem.
917 2577 1026 2634 Nec
1057 2587 1164 2633 tam
1196 2593 1443 2634 amarum
1471 2579 1631 2635 debet
1669 2592 1792 2634 esse

200 2671 347 2740 quod
375 2669 625 2744 ﬂagellat,
651 2687 812 2742 quam
837 2672 991 2730 dulce
1016 2674 1159 2745 quod
1200 2673 1410 2745 recipit,
1433 2674 1560 2744 quia
1609 2673 1791 2728 Domi-

201 2777 310 2817 nus
330 2764 563 2820 custodit
586 2765 864 2835 parvulos,
889 2779 1027 2836 quos
1055 2766 1286 2837 grandes
1307 2765 1500 2837 quarit
1524 2765 1785 2820 baredes.

269 2851 434 2907 Vens.
470 2851 522 2908 '1.
547 2885 619 2896 —
646 2853 974 2910 Convertere.
1019 2855 1142 2927 (10.)
1170 2855 1284 2910 Non
1329 2856 1540 2910 meritis
1585 2854 1672 2914 .vel
1711 2855 1794 2910 vi-

204 2943 362 2999 ribus
389 2932 514 3011 tuis,
542 2947 640 3002 sed
665 2947 790 3016 quia
824 2948 1083 3002 Dominus
1106 2948 1374 3003 bencfecit
1399 2949 1513 3004 tibi.

269 3035 433 3092 Vens.
461 3037 514 3092 8.
538 3067 609 3077 —
636 3037 713 3091 De
742 3048 904 3091 morte
935 3039 1134 3092 oculos.
1170 3038 1292 3110 (ln.)
1317 3038 1458 3095 Mors
1480 3047 1564 3094 est
1602 3039 1792 3096 inﬁde-

191 3117 350 3198 litas;
376 3132 517 3187 unde
548 3149 562 3186 :
591 3129 803 3186 Dimitte
828 3142 1060 3186 mortuos
1081 3132 1296 3203 sepelire
1318 3142 1548 3187 mortuos
1568 3149 1689 3188 suos
1705 3149 1722 3197 ;
1740 3143 1794 3189 et

193 3203 569 3280 iteruin:Non
583 3226 776 3280 mortui
803 3224 1092 3278 laudabunt
1109 3233 1178 3291 te,
1193 3225 1412 3279 Domine
1443 3222 1613 3295 (Psal.
1650 3225 1786 3297 cm).

1897 2023 2208 2079 retribuunt
2228 2024 2368 2079 mala
2395 2041 2496 2094 pro
2522 2026 2700 2082 bonis.

1966 2115 2130 2170 Vens.
2189 2115 2272 2170 15.
2299 2145 2370 2156 -—
2393 2116 2620 2171 Calicem
2660 2115 2932 2172 salutaris.
2984 2117 3109 2190 (ιιι.)
3161 2118 3477 2178 Passionem

1893 2219 1924 2261 a
1955 2207 2136 2272 simili,
2166 2216 2294 2272 etc.,
2337 2224 2500 2279 usque
2525 2208 2594 2262 ad
2623 2209 2764 2278 quod
2789 2218 2914 2278 post
2935 2209 3152 2266 dicitur.

1965 2299 2170 2372 (Cass)
2197 2300 2443 2367 Calicem,
2476 2302 2601 2372 quia
2639 2302 2738 2358 sub
2763 2317 3017 2358 mensura
3045 2305 3266 2360 bibitur.
3301 2305 3473 2372 Unde,

1891 2385 2096 2446 Fidelis
2122 2375 2288 2457 Deus,
2318 2393 2408 2462 qui
2429 2408 2530 2446 non
2551 2393 2753 2461 patitur
2775 2409 2862 2447 eos
2875 2395 3064 2449 tentari
3083 2411 3245 2467 supra
3265 2397 3322 2451 id
3333 2398 3474 2468 quod

1890 2483 2106 2553 potestis
2155 2482 2206 2554 (I
2229 2480 2352 2537 Cor.
2383 2483 2462 2555 ι).
2507 2483 2794 2552 Salutaris,
2837 2486 2964 2556 quia
3011 2488 3064 2542 in
3089 2496 3346 2544 aternam
3386 2504 3474 2545 sas

1892 2575 2064 2632 lutem
2091 2579 2444 2648 propitiatur.
2950 2644 2959 2654 .

1964 2667 2129 2724 Vsus.
2160 2671 2246 2724 15.
2273 2669 2514 2725 Pretiosa
2540 2671 2597 2724 in
2629 2681 2903 2742 conspectu
2928 2670 3140 2728 Domini
3180 2689 3321 2729 mors
3345 2691 3472 2730 san-

1893 2770 2096 2816 etorum
2122 2762 2257 2832 ejus.
2290 2761 2475 2833 (Auo.)
2505 2762 2606 2829 Qui
2631 2763 2781 2832 prior
2809 2778 3004 2832 passus
3027 2773 3128 2828 est,
3155 2765 3245 2820 dat
3273 2766 3474 2822 imitari

1889 2855 2172 2926 passiones
2214 2864 2456 2921 suas;et
2487 2853 2640 2909 ideo:
2684 2851 2926 2909 Pretiosa
2965 2857 3020 2910 in
3063 2868 3336 2929 conspectu
3362 2858 3472 2912 Do-

1892 2945 2022 2998 mini
2047 2955 2189 3000 mors
2218 2955 2524 2999 sanctorum
2549 2945 2684 3016 ejus.
2710 2946 2855 3000 Emit
2874 2961 2995 3002 eam
3023 2948 3285 3020 sanguine
3311 2965 3472 3020 quem

1890 3048 1990 3105 pro
2019 3035 2100 3089 eis
2139 3034 2298 3101 fudit,
2325 3049 2394 3090 ne
2413 3037 2727 3092 dubitarent
2768 3053 2868 3108 pro
2901 3054 2970 3094 eo
3002 3041 3161 3096 mori.
3209 3041 3323 3098 Hoc
3345 3057 3476 3115 ergo

1889 3127 2064 3196 pretio
2105 3134 2465 3196 comparatus,
2521 3127 2814 3184 conﬁtetur
2858 3132 3221 3190 conditionem
3273 3149 3426 3191 suam
3458 3154 3471 3190 :

1893 3215 1941 3272 ο
1969 3215 2209 3283 Domine,
2241 3218 2366 3288 quia
2393 3233 2507 3289 ego,
2534 3225 2650 3274 etc.

269 3314 434 3371 Vsus.
464 3315 513 3373 9.
544 3315 876 3371 —Placebo.
903 3315 1025 3388 (ln.)
1057 3316 1223 3381 Dixit,
1257 3324 1385 3382 etc.,
1430 3269 1592 3388 iisque
1616 3317 1686 3371 ad
1735 3269 1788 3372 et

1904 3269 1922 3272 ⁷
1965 3269 2376 3364 assist";
2396 3269 2473 3363 ’6⁷
2493 3269 2749 3376 milia,
2790 3312 2935 3382 quia,
2964 3319 3070 3368 etc.
3083 3269 3090 3348 Ϊ
3123 3311 3334 3387 (class
3379 3314 3478 3372 Se-

193 3408 305 3466 hoc
339 3410 392 3465 in
426 3409 645 3483 regione
673 3409 941 3476 vivorum,
965 3409 1057 3480 qui
1089 3409 1643 3465 vivuntatemaliter.

726 3504 1050 3562 PSALMUS
1087 3503 1246 3560 CXV.

271 3595 522 3654 Alleluia.
575 3595 722 3654 Voce
781 3597 956 3654 laudis
1007 3614 1245 3671 congrue
1299 3599 1660 3670 pralitulatur
1703 3599 1790 3656 hic

195 3691 460 3764 psalmus,
492 3692 616 3763 quia
653 3691 705 3745 in
730 3691 834 3746 hoc
863 3689 1072 3761 psalmo
1098 3692 1260 3747 verba
1305 3701 1431 3748 sunt
1461 3702 1784 3765 martyrum,

195 3781 291 3852 qui
327 3781 665 3838 confessione
706 3781 992 3854 viguerunt
1023 3791 1080 3837 et
1115 3783 1339 3855 pramia
1375 3783 1468 3840 Dei
1512 3784 1785 3841 consecuti

195 3882 346 3930 sunt.

275 3968 434 4024 Vsus.
474 3967 560 4023 lo.
588 3999 660 4009 —
693 3965 930 4040 Credidi,
977 3976 1084 4024 etc.
1117 3959 1323 4040 (Casa)
1367 3963 1549 4024 Primo
1587 3983 1789 4024 memo-

195 4072 388 4120 rantur
413 4061 675 4119 benciicia
701 4062 820 4130 Dei,
850 4063 1050 4134 quibus
1083 4064 1212 4134 quid
1244 4064 1468 4135 dignum
1497 4063 1788 4121 redderent

195 4169 322 4210 cum
355 4153 624 4220 dubitent,
659 4153 898 4209 occurrit
950 4153 1088 4210 calix
1142 4155 1431 4224 passionis,
1470 4155 1562 4225 qui
1609 4171 1640 4209 a
1677 4153 1789 4211 Deo

196 4245 380 4302 datur.
427 4245 700 4312 Secundo,
732 4261 920 4301 servos
949 4262 1006 4301 se
1047 4246 1254 4313 dicunt,
1285 4256 1340 4302 et
1390 4247 1528 4304 lilios
1559 4247 1785 4314 ancilla,

193 4337 254 4395 id
278 4347 362 4392 est
385 4338 661 4406 Ecclesia,
694 4338 764 4393 ibi
791 4357 802 4393 :
835 4338 880 4393 0
917 4339 1160 4406 Domine,
1187 4342 1309 4410 quia
1333 4358 1444 4411 ego,
1470 4352 1573 4397 etc.
1615 4341 1788 4398 Verus

193 4437 254 4485 et
275 4445 544 4500 congruus
572 4431 725 4494 ordo,
749 4429 901 4500 prius
934 4434 1177 4498 credere,
1204 4444 1324 4502 post
1343 4433 1488 4502 loqui
1514 4451 1526 4487 :
1558 4449 1625 4488 ne
1654 4449 1788 4489 non-

196 4522 326 4578 dum
359 4522 588 4578 credens
619 4523 816 4576 audeat
846 4522 1013 4592 loqui,
1041 4524 1136 4578 sed
1166 4524 1323 4579 ﬁdem
1364 4533 1622 4595 sequatur
1659 4542 1787 4580 con-

194 4609 378 4671 fessio.
398 4613 483 4670 Ne
509 4629 638 4670 vero
661 4614 933 4670 confessio
964 4615 1171 4670 viribus
1195 4615 1430 4669 hominis
1453 4616 1630 4680 detur,
1655 4615 1784 4670 dicit

193 4706 472 4777 proprium
516 4705 752 4761 hominis
807 4706 950 4774 quod
984 4705 1214 4758 mendax
1245 4724 1256 4757 :
1289 4705 1430 4774 quod
1471 4721 1575 4758 non
1624 4704 1783 4762 facile

195 4797 384 4864 sciret,
411 4796 516 4852 nisi
537 4809 765 4852 excessu
797 4794 993 4848 mentis
1031 4795 1098 4848 ad
1141 4809 1374 4865 superna
1405 4803 1591 4851 vectus
1615 4803 1777 4852 esset.

197 4887 449 4959 Magnum
484 4879 631 4942 enim
670 4895 752 4942 est
781 4886 826 4941 si
865 4887 986 4956 quis
1016 4900 1074 4940 se
1104 4886 1497 4955 imprudentem
1527 4887 1777 4942 attendit.

197 4965 416 5034 Etcum
439 4978 602 5034 homo
631 4977 766 5032 nihil
814 4977 942 5032 boni
977 4977 1256 5047 proprium
1295 4975 1510 5042 habeat,
1542 4979 1667 5048 quid
1699 4993 1782 5033 rc-

197 5070 539 5128 tribuendum
567 5071 590 5124 'l
618 5067 848 5124 Credidi.
887 5067 1068 5141 (Αυῡ.)
1095 5065 1210 5123 Non
1241 5069 1316 5123 ait
1348 5087 1360 5123 :
1391 5066 1604 5125 Credidi
1623 5077 1671 5124 et
1699 5067 1779 5124 lo-

1887 3402 2066 3458 cando
2095 3417 2280 3458 servos
2317 3415 2377 3459 se
2421 3401 2628 3469 dicunt,
2662 3411 2718 3458 et
2745 3403 2882 3460 ﬁlios
2909 3405 3183 3473 Ecclesia,
3215 3408 3341 3479 quia
3367 3423 3473 3466 non

1888 3497 1972 3550 est
1997 3493 2148 3549 locus
2174 3493 2286 3548 veri
2322 3493 2576 3550 sacriﬁcii
2601 3501 2756 3549 extra
2786 3497 3108 3554 catholicam
3151 3501 3471 3569 Ecciesiam,

1887 3598 1960 3643 ne
1983 3586 2106 3656 quis
2133 3586 2510 3641 hareticorum
2542 3588 2861 3658 martyrium
2900 3591 3012 3646 Deo
3039 3591 3257 3663 placere
3295 3601 3466 3666 putet.

1885 3675 1938 3732 0
1964 3677 2208 3733 Domine.
2243 3678 2559 3734 Admiratur
2596 3693 2656 3734 se
2681 3679 2807 3734 talia
2835 3683 3130 3753 accepisse,
3161 3686 3339 3755 qualia
3370 3689 3475 3744 Do-

1889 3769 2071 3825 minus
2102 3785 2200 3840 pro
2239 3771 2428 3825 mundi
2457 3771 2849 3842 redemptione.
2877 3773 2946 3828 Et
2969 3785 3030 3830 ut
3077 3787 3274 3848 augeat
3300 3779 3472 3835 admi-

1889 3861 2154 3914 rationem
2197 3861 2432 3932 repetit:
2467 3861 2580 3934 Ego
2628 3877 2810 3920 servus
2847 3873 2992 3921 tuus.
3023 3864 3198 3923 Filius
3243 3869 3470 3927 ancilla.

1889 3950 2074 4024 (Aura)
2127 3951 2424 4009 Jerusalem
2469 3955 2730 4023 caelestis,
2776 3956 2962 4014 libera
3007 3971 3040 4013 a
3085 3962 3341 4031 peccatis,
3371 3977 3470 4018 an-

1883 4043 2025 4100 cilla
2047 4045 2290 4116 justitia.
2338 4045 2442 4117 Qui
2480 4057 2663 4104 autem
2717 4059 2847 4106 sunt
2897 4061 3094 4122 prater
3143 4054 3468 4123 Ecclesium,

1887 4145 1995 4194 non
2022 4148 2148 4195 sunt
2197 4140 2292 4196 ﬁlii
2333 4141 2559 4211 ancilla,
2593 4143 2694 4200 etsi
2750 4161 2936 4203 servos
2979 4163 3039 4204 se
3083 4148 3270 4205 dicunt
3319 4149 3469 4222 (quia

1891 4231 2091 4286 habent
2139 4247 2336 4290 nomen
2389 4233 2613 4309 Christi)
2659 4247 2715 4293 et
2769 4249 3058 4310 martyres,
3097 4249 3156 4295 ut
3205 4244 3466 4298 haretici.

1889 4319 2064 4378 Filius
2094 4325 2324 4391 ancillas,
2348 4326 2464 4381 Non
2491 4329 2888 4384 sehismaticus.
2928 4329 3024 4385 Vel
3044 4340 3098 4385 ut
3120 4333 3334 4400 ancilla,
3363 4351 3468 4391 non

1889 4414 2013 4480 sibi,
2055 4417 2148 4470 sed
2184 4416 2454 4483 Domino;
2494 4419 2566 4471 ita
2597 4427 2652 4472 et
2679 4435 2778 4489 ego
2803 4420 2858 4474 in
2898 4429 3073 4477 morte
3111 4435 3230 4478 mea
3261 4423 3468 4494 aliquos

1883 4510 1988 4564 tibi
2012 4511 2338 4580 parturiam,
2355 4511 2498 4566 sicut
2521 4522 2577 4566 et
2605 4513 2657 4567 in
2681 4513 2811 4568 vita.

1959 4602 2124 4656 Vens.
2153 4603 2239 4656 l7.
2260 4601 2592 4675 —Dirupisti
2627 4604 2833 4660 vincula
2862 4621 2998 4661 mea.
3029 4603 3232 4680 ﬁlias.)
3259 4607 3468 4669 Virtute

1891 4694 2140 4766 "martyrii
2170 4695 2383 4751 vincula
2415 4705 2759 4768 peccatorum
2799 4707 3144 4769 rumpuntur,
3195 4703 3320 4774 quia
3347 4720 3464 4759 om,

1891 4787 1978 4842 nia
2013 4789 2278 4860 sanguine
2309 4789 2623 4846 abluuntur.
2682 4783 2780 4848 ilic
2815 4805 3006 4849 versus
3047 4804 3209 4851 tanta
3254 4797 3469 4852 virtutis

1890 4893 1920 4932 a
1951 4879 2271 4949 quibusdam
2319 4881 2582 4946 creditur,
2614 4891 2673 4936 ut
2699 4891 2922 4953 peccata
2949 4885 3153 4942 homini
3193 4885 3466 4941 dimittan-

1889 4977 1998 5036 tur,
2026 4973 2069 5028 si
2101 4971 2154 5026 in
2182 4971 2288 5028 line
2307 4973 2430 5027 vita
2459 4973 2598 5026 trina
2619 4973 2956 5031 confessione
2985 4978 3216 5033 dicatur.

1961 5065 2084 5137 (ln.)
2123 5065 2225 5132 Qui
2255 5067 2498 5137 pretiosa.
2541 5064 2584 5120 Ο
2627 5066 2863 5134 Domine,
2888 5068 2980 5122 tibi
3023 5068 3350 5137 sacriﬁcabo;
3383 5069 3463 5123 io-

197 5172 346 5218 cutus
391 5178 528 5227 sum,
575 5161 701 5232 quia
751 5176 857 5216 non
897 5167 1102 5214 tantum
1158 5160 1388 5215 credidit
1419 5170 1612 5216 catera
1661 5175 1779 5231 qua
1875 5173 2046 5229 quens
2073 5158 2200 5222 Deo,
2243 5156 2494 5225 aiiirmat,
2522 5158 2662 5226 quoi
2687 5174 2847 5228 supra
2877 5159 3106 5214 dixerat.

201 5249 336 5308 ﬁdes
355 5252 541 5324 exigit,
583 5252 677 5308 sed
707 5261 764 5306 et
787 5250 947 5307 simul
974 5266 1095 5306 cum
1120 5247 1226 5307 illis
1250 5253 1502 5317 credidit,
1551 5259 1606 5307 et
1635 5252 1779 5321 quod

199 5345 482 5416 pramium
511 5343 774 5414 loquendo
796 5358 1036 5414 sperare,
1063 5351 1116 5397 et
1136 5343 1279 5413 quod
1307 5358 1521 5414 panam
1553 5343 1782 5399 tacendo

201 5437 393 5493 timere
439 5436 698 5500 deberet;
755 5436 895 5490 unde
946 5435 1198 5504 loquendi
1249 5436 1464 5505 quidem
1515 5449 1668 5489 amor
1713 5449 1777 5490 ex

201 5533 425 5607 pramio
453 5533 780 5598 immittitur,
818 5542 874 5588 et
901 5531 1194 5588 necessitas
1219 5537 1286 5586 ex
1319 5543 1476 5602 perna
1505 5529 1776 5585 indicitur.

202 5621 428 5697 Propter
453 5625 612 5698 quod.
660 5624 775 5679 Non
809 5625 953 5679 enim
999 5621 1236 5697 perfecte
1269 5623 1460 5688 credit,
1502 5623 1592 5693 qui
1637 5623 1781 5693 quod

204 5715 380 5771 credit
403 5732 506 5772 non
548 5715 821 5787 loquitur;
855 5716 1006 5787 piger
1045 5724 1126 5768 est
1168 5714 1256 5768 ille
1291 5728 1500 5778 servus,
1529 5715 1610 5767 vei
1639 5713 1782 5766 timi-

205 5807 326 5873 dus,
357 5810 448 5864 sed
471 5809 669 5865 ﬁdelis:
699 5811 840 5880 quod
871 5809 1097 5878 accepit,
1131 5807 1413 5878 impendit,
1444 5818 1498 5861 et
1519 5803 1778 5870 lucratur,

204 5905 259 5952 et
285 5899 404 5954 ideo
427 5899 590 5954 intrat
610 5880 660 5955 iii
684 5899 932 5972 gaudium
957 5899 1170 5955 Domini
1197 5899 1300 5964 sui,
1319 5898 1545 5954 dicentis
1573 5917 1582 5952 ε
1612 5897 1777 5970 Euge,

1957 5249 2300 5318 Sacri/icabo.
2335 5249 2491 5319 (Anc.
2513 5291 2526 5315 ,
2559 5249 2742 5321 Cass.)
2798 5251 2865 5305 Et
2903 5252 3028 5321 quia
3059 5250 3330 5322 dirupisti,
3365 5252 3462 5308 tibi

1884 5339 2224 5405 sacriﬁcabo,
2248 5349 2307 5396 ut
2335 5349 2542 5412 gratus,
2573 5341 2812 5397 Hostiam
2828 5341 3023 5397 laudis.
3053 5343 3143 5398 Sic
3169 5345 3346 5414 quod:

1955 5429 2120 5489 Vens.
2152 5433 2235 5492 18.
2269 5433 2354 5490 I9.
2377 5466 2445 5475 -—-
2489 5431 2620 5489 Vota
2658 5453 2772 5490 mea
2797 5435 3030 5490 reddam.
3082 5435 3198 5491 Non
3239 5437 3458 5506 ubique,

1877 5523 1999 5590 sed,
2033 5527 2087 5579 in
2115 5526 2285 5590 atriis,
2318 5525 2376 5580 id
2396 5533 2500 5592 est,
2531 5527 2588 5581 in
2614 5525 2879 5582 catholica
2907 5519 3165 5593 Ecclesia,
3201 5543 3312 5583 non
3350 5529 3456 5582 ha-

1885 5621 2194 5677 reticorum.
2227 5620 2423 5675 Domus
2444 5615 2674 5674 Domini.
2705 5623 2830 5684 (λικε
2851 5618 2939 5685 sit,
2965 5619 3216 5676 ostendit.

1959 5713 2026 5768 In
2055 5724 2324 5785 conspectu
2356 5715 2522 5768 omnis
2569 5713 2762 5783 populi.
2817 5713 3018 5785 (Cass)
3049 5712 3272 5770 Publice
3301 5715 3461 5773 ἀρδει

1885 5805 2117 5871 laudari,
2146 5805 2235 5876 qui
2273 5821 2371 5877 pro
2400 5803 2646 5860 omnibus
2686 5805 2792 5873 pati
2819 5805 3008 5870 voluit,
3039 5815 3096 5860 ut
3125 5806 3303 5876 plures
3332 5807 3460 5864 aedi-

1890 5897 2138 5956 licenter.
2182 5895 2311 5954 Vota
2339 5913 2451 5952 mea
2492 5897 2724 5952 reddant.
2763 5897 3038 5974 ilcipsum,
3062 5899 3152 5974 qui
3177 5913 3298 5956 sum
3325 5902 3458 5960 ima~
