  <div class='ocr_page' id='page_1' title='image "/cluster/home/n/w/nwhite01/storage/ocr_20150623/113/hvd.32044018909572/525.png"; bbox 0 0 4008 6348; ppageno 0'>
   <div class='ocr_carea' id='block_1_1' title="bbox 1706 303 1841 318">
    <p class='ocr_par' dir='ltr' id='par_1_1' title="bbox 1706 303 1841 318">
     <span class='ocr_line' id='line_1_1' title="bbox 1706 303 1841 318; baseline -0.015 0"><span class='ocrx_word' id='word_1_1' title='bbox 1706 307 1722 314; x_wconf 55' lang='grc' dir='ltr'><strong><em>ἰ</em></strong></span> <span class='ocrx_word' id='word_1_2' title='bbox 1727 304 1751 318; x_wconf 63' lang='grc' dir='ltr'><strong>ον</strong></span> <span class='ocrx_word' id='word_1_3' title='bbox 1757 303 1841 316; x_wconf 52' lang='grc' dir='ltr'><strong>..κν</strong></span> 
     </span>
    </p>
   </div>
   <div class='ocr_carea' id='block_1_2' title="bbox 518 375 2098 452">
    <p class='ocr_par' dir='ltr' id='par_1_2' title="bbox 518 375 2098 452">
     <span class='ocr_line' id='line_1_2' title="bbox 518 375 2098 452; baseline -0.004 -6"><span class='ocrx_word' id='word_1_4' title='bbox 518 386 670 447; x_wconf 76' lang='grc'>1059-</span> <span class='ocrx_word' id='word_1_5' title='bbox 1001 384 1396 444; x_wconf 80' lang='lat' dir='ltr'><strong>WALAFRIDI</strong></span> <span class='ocrx_word' id='word_1_6' title='bbox 1435 384 1680 444; x_wconf 79' lang='lat' dir='ltr'><strong>STRABl</strong></span> <span class='ocrx_word' id='word_1_7' title='bbox 1718 384 1923 443; x_wconf 83' lang='lat' dir='ltr'><strong>FULD.</strong></span> <span class='ocrx_word' id='word_1_8' title='bbox 1950 375 2098 452; x_wconf 3' lang='lat' dir='ltr'><strong>(MOE</strong></span> 
     </span>
    </p>
   </div>
   <div class='ocr_carea' id='block_1_3' title="bbox 2211 375 3778 452">
    <p class='ocr_par' dir='ltr' id='par_1_3' title="bbox 2211 379 3778 442">
     <span class='ocr_line' id='line_1_3' title="bbox 2211 379 3778 442; baseline 0.001 -2"><span class='ocrx_word' id='word_1_9' title='bbox 2211 382 2322 442; x_wconf 75' lang='grc' dir='ltr'><strong>ῬΡ.</strong></span> <span class='ocrx_word' id='word_1_10' title='bbox 2362 382 2546 441; x_wconf 81' lang='lat' dir='ltr'><strong>PARS</strong></span> <span class='ocrx_word' id='word_1_11' title='bbox 2581 383 2626 440; x_wconf 90' lang='lat' dir='ltr'><strong>l.</strong></span> <span class='ocrx_word' id='word_1_12' title='bbox 2664 409 2736 426; x_wconf 89' lang='lat'><strong>—-</strong></span> <span class='ocrx_word' id='word_1_13' title='bbox 2771 379 3229 440; x_wconf 78' lang='lat' dir='ltr'><strong>THEOLOGICA.</strong></span> <span class='ocrx_word' id='word_1_14' title='bbox 3632 385 3778 442; x_wconf 71' lang='grc'>1040</span> 
     </span>
    </p>
   </div>
   <div class='ocr_carea' id='block_1_4' title="bbox 517 503 2098 593">
    <p class='ocr_par' dir='ltr' id='par_1_4' title="bbox 517 503 2096 588">
     <span class='ocr_line' id='line_1_4' title="bbox 517 503 2096 588; baseline -0.004 -25"><span class='ocrx_word' id='word_1_15' title='bbox 517 523 584 580; x_wconf 87' lang='lat' dir='ltr'><strong>go</strong></span> <span class='ocrx_word' id='word_1_16' title='bbox 610 504 705 561; x_wconf 91' lang='lat' dir='ltr'><strong>Dei</strong></span> <span class='ocrx_word' id='word_1_17' title='bbox 755 517 874 576; x_wconf 71' lang='lat' dir='ltr'><strong>qua:</strong></span> <span class='ocrx_word' id='word_1_18' title='bbox 921 503 1195 588; x_wconf 78' lang='lat' dir='ltr'><strong>reddenda</strong></span> <span class='ocrx_word' id='word_1_19' title='bbox 1228 511 1312 560; x_wconf 89' lang='lat' dir='ltr'><strong>est</strong></span> <span class='ocrx_word' id='word_1_20' title='bbox 1368 504 1498 572; x_wconf 90' lang='lat' dir='ltr'><strong>Deo,</strong></span> <span class='ocrx_word' id='word_1_21' title='bbox 1550 513 1684 571; x_wconf 92' lang='lat' dir='ltr'><strong>etc.,</strong></span> <span class='ocrx_word' id='word_1_22' title='bbox 1732 521 1892 576; x_wconf 85' lang='lat' dir='ltr'><strong>usque</strong></span> <span class='ocrx_word' id='word_1_23' title='bbox 1929 504 1998 560; x_wconf 87' lang='lat' dir='ltr'><strong>ad</strong></span> <span class='ocrx_word' id='word_1_24' title='bbox 2040 509 2096 560; x_wconf 91' lang='lat' dir='ltr'><strong>et</strong></span> 
     </span>
    </p>
   </div>
   <div class='ocr_carea' id='block_1_5' title="bbox 2211 503 3776 593">
    <p class='ocr_par' dir='ltr' id='par_1_5' title="bbox 2211 517 3776 593">
     <span class='ocr_line' id='line_1_5' title="bbox 2211 517 3776 593; baseline 0 -16"><span class='ocrx_word' id='word_1_25' title='bbox 2211 521 2367 593; x_wconf 65' lang='lat' dir='ltr'><strong>ipinis</strong></span> <span class='ocrx_word' id='word_1_26' title='bbox 2393 529 2758 593; x_wconf 77' lang='lat' dir='ltr'><strong>peccatorum.</strong></span> <span class='ocrx_word' id='word_1_27' title='bbox 2789 521 2867 576; x_wconf 88' lang='lat' dir='ltr'><strong>Ea</strong></span> <span class='ocrx_word' id='word_1_28' title='bbox 2887 519 3054 583; x_wconf 87' lang='lat' dir='ltr'><strong>enim,</strong></span> <span class='ocrx_word' id='word_1_29' title='bbox 3081 517 3137 576; x_wconf 89' lang='lat' dir='ltr'>id</span> <span class='ocrx_word' id='word_1_30' title='bbox 3164 525 3249 574; x_wconf 90' lang='lat' dir='ltr'><strong>est</strong></span> <span class='ocrx_word' id='word_1_31' title='bbox 3270 525 3515 588; x_wconf 88' lang='lat' dir='ltr'><strong>peccata,</strong></span> <span class='ocrx_word' id='word_1_32' title='bbox 3543 518 3604 574; x_wconf 87' lang='lat' dir='ltr'><strong>in</strong></span> <span class='ocrx_word' id='word_1_33' title='bbox 3627 519 3776 577; x_wconf 87' lang='lat' dir='ltr'><strong>ﬁdeli</strong></span> 
     </span>
    </p>
   </div>
   <div class='ocr_carea' id='block_1_6' title="bbox 517 593 3778 682">
    <p class='ocr_par' dir='ltr' id='par_1_6' title="bbox 517 593 3778 682">
     <span class='ocr_line' id='line_1_6' title="bbox 517 593 3778 682; baseline -0 -13"><span class='ocrx_word' id='word_1_34' title='bbox 517 597 756 669; x_wconf 49' lang='lat' dir='ltr'><strong>apertius</strong></span> <span class='ocrx_word' id='word_1_35' title='bbox 784 595 874 651; x_wconf 70' lang='lat' dir='ltr'><strong>hic</strong></span> <span class='ocrx_word' id='word_1_36' title='bbox 907 596 1149 650; x_wconf 63' lang='lat' dir='ltr'><strong>nomini“</strong></span> <span class='ocrx_word' id='word_1_37' title='bbox 1189 593 1282 650; x_wconf 64' lang='grc'><strong>³⁸1⁸</strong></span> <span class='ocrx_word' id='word_1_38' title='bbox 1285 593 1506 650; x_wconf 65' lang='lat'><strong>“53131”-</strong></span> <span class='ocrx_word' id='word_1_39' title='bbox 1537 593 1718 667; x_wconf 71' lang='grc' dir='ltr'><strong>(Αυθι)</strong></span> <span class='ocrx_word' id='word_1_40' title='bbox 1744 594 1849 649; x_wconf 61' lang='lat' dir='ltr'><strong>se“</strong></span> <span class='ocrx_word' id='word_1_41' title='bbox 1872 609 1941 649; x_wconf 73' lang='lat' dir='ltr'><strong>ne</strong></span> <span class='ocrx_word' id='word_1_42' title='bbox 1964 593 2088 664; x_wconf 70' lang='lat' dir='ltr'><strong>quis</strong></span> <span class='ocrx_word' id='word_1_43' title='bbox 2185 611 2382 682; x_wconf 91' lang='lat' dir='ltr'><strong>populo</strong></span> <span class='ocrx_word' id='word_1_44' title='bbox 2404 611 2526 681; x_wconf 85' lang='lat' dir='ltr'><strong>igne</strong></span> <span class='ocrx_word' id='word_1_45' title='bbox 2554 611 2948 682; x_wconf 71' lang='lat' dir='ltr'><strong>persecutionis</strong></span> <span class='ocrx_word' id='word_1_46' title='bbox 2975 617 3376 676; x_wconf 85' lang='lat' dir='ltr'><strong>cremaverunt,</strong></span> <span class='ocrx_word' id='word_1_47' title='bbox 3406 608 3496 665; x_wconf 91' lang='lat' dir='ltr'><strong>cui</strong></span> <span class='ocrx_word' id='word_1_48' title='bbox 3523 609 3778 668; x_wconf 85' lang='lat' dir='ltr'><strong>volentes</strong></span> 
     </span>
    </p>
   </div>
   <div class='ocr_carea' id='block_1_7' title="bbox 515 683 2091 759">
    <p class='ocr_par' dir='ltr' id='par_1_7' title="bbox 515 683 2091 759">
     <span class='ocr_line' id='line_1_7' title="bbox 515 683 2091 759; baseline -0.001 -17"><span class='ocrx_word' id='word_1_49' title='bbox 515 696 667 759; x_wconf 88' lang='lat' dir='ltr'><strong>putet</strong></span> <span class='ocrx_word' id='word_1_50' title='bbox 689 701 788 757; x_wconf 90' lang='lat' dir='ltr'><strong>per</strong></span> <span class='ocrx_word' id='word_1_51' title='bbox 810 684 1106 742; x_wconf 82' lang='lat' dir='ltr'><strong>Jerusalem</strong></span> <span class='ocrx_word' id='word_1_52' title='bbox 1132 683 1346 741; x_wconf 68' lang='lat' dir='ltr'><strong>Iudaeos</strong></span> <span class='ocrx_word' id='word_1_53' title='bbox 1365 684 1508 741; x_wconf 87' lang='lat' dir='ltr'><strong>solos</strong></span> <span class='ocrx_word' id='word_1_54' title='bbox 1533 685 1847 756; x_wconf 90' lang='lat' dir='ltr'><strong>signiﬁcari,</strong></span> <span class='ocrx_word' id='word_1_55' title='bbox 1869 685 1960 756; x_wconf 93' lang='lat' dir='ltr'><strong>qui</strong></span> <span class='ocrx_word' id='word_1_56' title='bbox 1985 684 2091 740; x_wconf 89' lang='lat' dir='ltr'><strong>hoc</strong></span> 
     </span>
    </p>
   </div>
   <div class='ocr_carea' id='block_1_8' title="bbox 517 775 2084 849">
    <p class='ocr_par' dir='ltr' id='par_1_8' title="bbox 517 775 2084 849">
     <span class='ocr_line' id='line_1_8' title="bbox 517 775 2084 849; baseline -0.003 -15"><span class='ocrx_word' id='word_1_57' title='bbox 517 777 734 834; x_wconf 85' lang='lat' dir='ltr'><strong>nomine</strong></span> <span class='ocrx_word' id='word_1_58' title='bbox 787 776 1106 849; x_wconf 69' lang='lat' dir='ltr'><strong>gloriantur,</strong></span> <span class='ocrx_word' id='word_1_59' title='bbox 1159 776 1349 832; x_wconf 82' lang='lat' dir='ltr'><strong>audiat</strong></span> <span class='ocrx_word' id='word_1_60' title='bbox 1394 785 1712 848; x_wconf 86' lang='lat' dir='ltr'><strong>sequentem</strong></span> <span class='ocrx_word' id='word_1_61' title='bbox 1767 775 2084 832; x_wconf 87' lang='lat' dir='ltr'><strong>Psalmum:</strong></span> 
     </span>
    </p>
   </div>
   <div class='ocr_carea' id='block_1_9' title="bbox 518 863 2088 938">
    <p class='ocr_par' dir='ltr' id='par_1_9' title="bbox 518 863 2088 938">
     <span class='ocr_line' id='line_1_9' title="bbox 518 863 2088 938; baseline 0 -19"><span class='ocrx_word' id='word_1_62' title='bbox 518 864 755 920; x_wconf 86' lang='lat' dir='ltr'><strong>Laudale</strong></span> <span class='ocrx_word' id='word_1_63' title='bbox 796 864 1115 932; x_wconf 84' lang='lat' dir='ltr'><strong>Dominum,</strong></span> <span class='ocrx_word' id='word_1_64' title='bbox 1146 881 1322 922; x_wconf 83' lang='lat' dir='ltr'><strong>omnes</strong></span> <span class='ocrx_word' id='word_1_65' title='bbox 1365 874 1560 938; x_wconf 80' lang='lat' dir='ltr'><strong>gentes.</strong></span> <span class='ocrx_word' id='word_1_66' title='bbox 1611 865 1738 922; x_wconf 63' lang='lat' dir='ltr'><strong>Hac</strong></span> <span class='ocrx_word' id='word_1_67' title='bbox 1780 873 1907 922; x_wconf 89' lang='lat' dir='ltr'><strong>sunt</strong></span> <span class='ocrx_word' id='word_1_68' title='bbox 1949 863 2088 922; x_wconf 90' lang='lat' dir='ltr'><strong>atria</strong></span> 
     </span>
    </p>
   </div>
   <div class='ocr_carea' id='block_1_10' title="bbox 519 953 1317 1026">
    <p class='ocr_par' dir='ltr' id='par_1_10' title="bbox 519 953 1317 1026">
     <span class='ocr_line' id='line_1_10' title="bbox 519 953 1317 1026; baseline 0.003 -17"><span class='ocrx_word' id='word_1_69' title='bbox 519 954 754 1022; x_wconf 84' lang='lat' dir='ltr'><strong>Domini,</strong></span> <span class='ocrx_word' id='word_1_70' title='bbox 778 953 866 1011; x_wconf 90' lang='lat' dir='ltr'><strong>ille</strong></span> <span class='ocrx_word' id='word_1_71' title='bbox 895 955 1040 1010; x_wconf 91' lang='lat' dir='ltr'><strong>enim</strong></span> <span class='ocrx_word' id='word_1_72' title='bbox 1067 955 1317 1026; x_wconf 89' lang='lat' dir='ltr'><strong>populus.</strong></span> 
     </span>
    </p>
   </div>
   <div class='ocr_carea' id='block_1_11' title="bbox 1046 1067 1581 1126">
    <p class='ocr_par' dir='ltr' id='par_1_11' title="bbox 1046 1067 1581 1126">
     <span class='ocr_line' id='line_1_11' title="bbox 1046 1067 1581 1126; baseline -0.004 -1"><span class='ocrx_word' id='word_1_73' title='bbox 1046 1067 1366 1126; x_wconf 79' lang='lat' dir='ltr'><strong>PSALMUS</strong></span> <span class='ocrx_word' id='word_1_74' title='bbox 1399 1067 1581 1125; x_wconf 81' lang='lat' dir='ltr'><strong>CXVI.</strong></span> 
     </span>
    </p>
   </div>
   <div class='ocr_carea' id='block_1_12' title="bbox 589 1156 2092 1233">
    <p class='ocr_par' dir='ltr' id='par_1_12' title="bbox 589 1156 2092 1233">
     <span class='ocr_line' id='line_1_12' title="bbox 589 1156 2092 1233; baseline -0.002 -19"><span class='ocrx_word' id='word_1_75' title='bbox 589 1159 837 1216; x_wconf 73' lang='lat' dir='ltr'><strong>Alleluia.</strong></span> <span class='ocrx_word' id='word_1_76' title='bbox 870 1159 1074 1233; x_wconf 54' lang='lat' dir='ltr'><strong>(Cass)</strong></span> <span class='ocrx_word' id='word_1_77' title='bbox 1103 1160 1290 1216; x_wconf 83' lang='lat' dir='ltr'><strong>Brevis</strong></span> <span class='ocrx_word' id='word_1_78' title='bbox 1316 1159 1578 1232; x_wconf 86' lang='lat' dir='ltr'><strong>psalmus,</strong></span> <span class='ocrx_word' id='word_1_79' title='bbox 1615 1158 1856 1215; x_wconf 91' lang='lat' dir='ltr'><strong>omnium</strong></span> <span class='ocrx_word' id='word_1_80' title='bbox 1884 1156 2092 1227; x_wconf 87' lang='lat' dir='ltr'><strong>primus</strong></span> 
     </span>
    </p>
   </div>
   <div class='ocr_carea' id='block_1_13' title="bbox 521 1246 2091 1320">
    <p class='ocr_par' dir='ltr' id='par_1_13' title="bbox 521 1246 2091 1320">
     <span class='ocr_line' id='line_1_13' title="bbox 521 1246 2091 1320; baseline -0.004 -14"><span class='ocrx_word' id='word_1_81' title='bbox 521 1259 755 1316; x_wconf 86' lang='lat' dir='ltr'><strong>atomus,</strong></span> <span class='ocrx_word' id='word_1_82' title='bbox 784 1251 838 1306; x_wconf 92' lang='lat' dir='ltr'><strong>id</strong></span> <span class='ocrx_word' id='word_1_83' title='bbox 857 1260 944 1306; x_wconf 90' lang='lat' dir='ltr'><strong>est</strong></span> <span class='ocrx_word' id='word_1_84' title='bbox 965 1251 1082 1306; x_wconf 90' lang='lat' dir='ltr'><strong>sine</strong></span> <span class='ocrx_word' id='word_1_85' title='bbox 1104 1249 1404 1306; x_wconf 86' lang='lat' dir='ltr'><strong>divisione:</strong></span> <span class='ocrx_word' id='word_1_86' title='bbox 1431 1265 1532 1320; x_wconf 87' lang='lat' dir='ltr'><strong>pro</strong></span> <span class='ocrx_word' id='word_1_87' title='bbox 1556 1249 1637 1305; x_wconf 89' lang='lat' dir='ltr'><strong>sui</strong></span> <span class='ocrx_word' id='word_1_88' title='bbox 1663 1249 1808 1304; x_wconf 89' lang='lat' dir='ltr'><strong>enim</strong></span> <span class='ocrx_word' id='word_1_89' title='bbox 1827 1246 2091 1302; x_wconf 85' lang='lat' dir='ltr'><strong>brevitate</strong></span> 
     </span>
    </p>
   </div>
   <div class='ocr_carea' id='block_1_14' title="bbox 521 1336 2090 1412">
    <p class='ocr_par' dir='ltr' id='par_1_14' title="bbox 521 1336 2090 1412">
     <span class='ocr_line' id='line_1_14' title="bbox 521 1336 2090 1412; baseline -0.005 -14"><span class='ocrx_word' id='word_1_90' title='bbox 521 1357 630 1397; x_wconf 86' lang='lat' dir='ltr'><strong>non</strong></span> <span class='ocrx_word' id='word_1_91' title='bbox 655 1341 848 1412; x_wconf 88' lang='lat' dir='ltr'><strong>recipit</strong></span> <span class='ocrx_word' id='word_1_92' title='bbox 873 1341 1212 1406; x_wconf 87' lang='lat' dir='ltr'><strong>divisionem,</strong></span> <span class='ocrx_word' id='word_1_93' title='bbox 1261 1340 1357 1396; x_wconf 87' lang='lat' dir='ltr'><strong>sed</strong></span> <span class='ocrx_word' id='word_1_94' title='bbox 1398 1354 1586 1396; x_wconf 89' lang='lat' dir='ltr'><strong>omnes</strong></span> <span class='ocrx_word' id='word_1_95' title='bbox 1630 1336 1954 1409; x_wconf 87' lang='lat' dir='ltr'><strong>compendio</strong></span> <span class='ocrx_word' id='word_1_96' title='bbox 1980 1349 2090 1390; x_wconf 71' lang='lat' dir='ltr'><strong>sua:</strong></span> 
     </span>
    </p>
   </div>
   <div class='ocr_carea' id='block_1_15' title="bbox 523 1430 2092 1506">
    <p class='ocr_par' dir='ltr' id='par_1_15' title="bbox 523 1430 2092 1506">
     <span class='ocr_line' id='line_1_15' title="bbox 523 1430 2092 1506; baseline -0.005 -16"><span class='ocrx_word' id='word_1_97' title='bbox 523 1435 811 1491; x_wconf 90' lang='lat' dir='ltr'><strong>locutionis</strong></span> <span class='ocrx_word' id='word_1_98' title='bbox 840 1442 1078 1506; x_wconf 86' lang='lat' dir='ltr'><strong>superat,</strong></span> <span class='ocrx_word' id='word_1_99' title='bbox 1103 1441 1159 1488; x_wconf 92' lang='lat' dir='ltr'><strong>et</strong></span> <span class='ocrx_word' id='word_1_100' title='bbox 1185 1441 1270 1489; x_wconf 88' lang='lat' dir='ltr'><strong>est</strong></span> <span class='ocrx_word' id='word_1_101' title='bbox 1295 1433 1452 1503; x_wconf 88' lang='lat' dir='ltr'><strong>quasi</strong></span> <span class='ocrx_word' id='word_1_102' title='bbox 1479 1440 1712 1504; x_wconf 89' lang='lat' dir='ltr'><strong>punctus</strong></span> <span class='ocrx_word' id='word_1_103' title='bbox 1736 1430 2092 1502; x_wconf 88' lang='lat' dir='ltr'><strong>psalmorum,</strong></span> 
     </span>
    </p>
   </div>
   <div class='ocr_carea' id='block_1_16' title="bbox 518 1521 2087 1594">
    <p class='ocr_par' dir='ltr' id='par_1_16' title="bbox 518 1521 2087 1594">
     <span class='ocr_line' id='line_1_16' title="bbox 518 1521 2087 1594; baseline -0.004 -13"><span class='ocrx_word' id='word_1_104' title='bbox 518 1527 664 1581; x_wconf 85' lang='lat' dir='ltr'><strong>unde</strong></span> <span class='ocrx_word' id='word_1_105' title='bbox 683 1525 909 1581; x_wconf 65' lang='lat' dir='ltr'><strong>diversae</strong></span> <span class='ocrx_word' id='word_1_106' title='bbox 935 1524 1142 1594; x_wconf 86' lang='lat' dir='ltr'><strong>species</strong></span> <span class='ocrx_word' id='word_1_107' title='bbox 1180 1523 1507 1580; x_wconf 77' lang='lat' dir='ltr'><strong>formantur.</strong></span> <span class='ocrx_word' id='word_1_108' title='bbox 1541 1523 1674 1578; x_wconf 83' lang='lat' dir='ltr'><strong>Mira</strong></span> <span class='ocrx_word' id='word_1_109' title='bbox 1701 1521 1932 1578; x_wconf 88' lang='lat' dir='ltr'><strong>variatio</strong></span> <span class='ocrx_word' id='word_1_110' title='bbox 1954 1533 2087 1576; x_wconf 89' lang='lat' dir='ltr'><strong>con-</strong></span> 
     </span>
    </p>
   </div>
   <div class='ocr_carea' id='block_1_17' title="bbox 518 1610 2150 1686">
    <p class='ocr_par' dir='ltr' id='par_1_17' title="bbox 518 1610 2150 1686">
     <span class='ocr_line' id='line_1_17' title="bbox 518 1610 2150 1686; baseline -0.006 -14"><span class='ocrx_word' id='word_1_111' title='bbox 518 1624 608 1672; x_wconf 90' lang='lat' dir='ltr'><strong>tra</strong></span> <span class='ocrx_word' id='word_1_112' title='bbox 630 1616 846 1672; x_wconf 68' lang='lat' dir='ltr'><strong>taedium</strong></span> <span class='ocrx_word' id='word_1_113' title='bbox 870 1615 1125 1671; x_wconf 89' lang='lat' dir='ltr'><strong>salutaria</strong></span> <span class='ocrx_word' id='word_1_114' title='bbox 1144 1615 1343 1680; x_wconf 86' lang='lat' dir='ltr'><strong>dicere,</strong></span> <span class='ocrx_word' id='word_1_115' title='bbox 1369 1615 1529 1670; x_wconf 91' lang='lat' dir='ltr'><strong>modo</strong></span> <span class='ocrx_word' id='word_1_116' title='bbox 1548 1613 1752 1686; x_wconf 86' lang='lat' dir='ltr'><strong>paucis,</strong></span> <span class='ocrx_word' id='word_1_117' title='bbox 1779 1612 1940 1668; x_wconf 89' lang='lat' dir='ltr'><strong>modo</strong></span> <span class='ocrx_word' id='word_1_118' title='bbox 1958 1610 2088 1666; x_wconf 88' lang='lat' dir='ltr'><strong>late.</strong></span> <span class='ocrx_word' id='word_1_119' title='bbox 2136 1642 2150 1657; x_wconf 85' lang='grc'><strong><em>-</em></strong></span> 
     </span>
    </p>
   </div>
   <div class='ocr_carea' id='block_1_18' title="bbox 590 1706 2088 1775">
    <p class='ocr_par' dir='ltr' id='par_1_18' title="bbox 590 1706 2088 1775">
     <span class='ocr_line' id='line_1_18' title="bbox 590 1706 2088 1775; baseline -0.003 -13"><span class='ocrx_word' id='word_1_120' title='bbox 590 1707 758 1762; x_wconf 77' lang='lat' dir='ltr'><strong>Vens.</strong></span> <span class='ocrx_word' id='word_1_121' title='bbox 809 1708 862 1762; x_wconf 82' lang='lat' dir='ltr'><strong>l.</strong></span> <span class='ocrx_word' id='word_1_122' title='bbox 904 1737 977 1749; x_wconf 90' lang='lat'><strong><em>—</em></strong></span> <span class='ocrx_word' id='word_1_123' title='bbox 1023 1706 1262 1762; x_wconf 83' lang='lat' dir='ltr'><strong>Laudale</strong></span> <span class='ocrx_word' id='word_1_124' title='bbox 1314 1707 1618 1772; x_wconf 86' lang='lat' dir='ltr'><strong>Dominum,</strong></span> <span class='ocrx_word' id='word_1_125' title='bbox 1672 1721 1847 1760; x_wconf 85' lang='lat' dir='ltr'><strong>omnes</strong></span> <span class='ocrx_word' id='word_1_126' title='bbox 1892 1713 2088 1775; x_wconf 85' lang='lat' dir='ltr'><strong>gentes.</strong></span> 
     </span>
    </p>
   </div>
   <div class='ocr_carea' id='block_1_19' title="bbox 521 1794 2093 1870">
    <p class='ocr_par' dir='ltr' id='par_1_19' title="bbox 521 1794 2093 1870">
     <span class='ocr_line' id='line_1_19' title="bbox 521 1794 2093 1870; baseline -0.003 -17"><span class='ocrx_word' id='word_1_127' title='bbox 521 1796 728 1870; x_wconf 63' lang='lat' dir='ltr'><strong>(Cass)</strong></span> <span class='ocrx_word' id='word_1_128' title='bbox 749 1796 826 1852; x_wconf 80' lang='lat' dir='ltr'><strong>Ne</strong></span> <span class='ocrx_word' id='word_1_129' title='bbox 851 1797 944 1868; x_wconf 88' lang='lat' dir='ltr'><strong>qui</strong></span> <span class='ocrx_word' id='word_1_130' title='bbox 969 1803 1362 1867; x_wconf 66' lang='lat' dir='ltr'><strong>praetereantur</strong></span> <span class='ocrx_word' id='word_1_131' title='bbox 1388 1796 1601 1852; x_wconf 75' lang='lat' dir='ltr'><strong>de&#39;toto</strong></span> <span class='ocrx_word' id='word_1_132' title='bbox 1629 1797 1778 1851; x_wconf 92' lang='lat' dir='ltr'><strong>orbe.</strong></span> <span class='ocrx_word' id='word_1_133' title='bbox 1813 1794 1996 1867; x_wconf 76' lang='grc' dir='ltr'><strong>(Αυα.)</strong></span> <span class='ocrx_word' id='word_1_134' title='bbox 2023 1794 2093 1849; x_wconf 87' lang='lat' dir='ltr'><strong>Et</strong></span> 
     </span>
    </p>
   </div>
   <div class='ocr_carea' id='block_1_20' title="bbox 2186 699 3778 772">
    <p class='ocr_par' dir='ltr' id='par_1_20' title="bbox 2186 699 3778 772">
     <span class='ocr_line' id='line_1_20' title="bbox 2186 699 3778 772; baseline 0.002 -17"><span class='ocrx_word' id='word_1_135' title='bbox 2186 699 2419 769; x_wconf 76' lang='lat' dir='ltr'><strong>ofﬁcere,</strong></span> <span class='ocrx_word' id='word_1_136' title='bbox 2469 701 2835 772; x_wconf 76' lang='lat' dir='ltr'><strong>profecerunt.</strong></span> <span class='ocrx_word' id='word_1_137' title='bbox 2891 699 3030 765; x_wconf 83' lang='lat' dir='ltr'><strong>Quia</strong></span> <span class='ocrx_word' id='word_1_138' title='bbox 3083 699 3248 755; x_wconf 86' lang='lat' dir='ltr'><strong>ullus.</strong></span> <span class='ocrx_word' id='word_1_139' title='bbox 3303 701 3440 755; x_wconf 87' lang='lat' dir='ltr'><strong>Dum</strong></span> <span class='ocrx_word' id='word_1_140' title='bbox 3493 703 3778 769; x_wconf 85' lang='lat' dir='ltr'><strong>conversi,</strong></span> 
     </span>
    </p>
   </div>
   <div class='ocr_carea' id='block_1_21' title="bbox 2186 789 3778 862">
    <p class='ocr_par' dir='ltr' id='par_1_21' title="bbox 2186 789 3778 862">
     <span class='ocr_line' id='line_1_21' title="bbox 2186 789 3778 862; baseline 0.001 -16"><span class='ocrx_word' id='word_1_141' title='bbox 2186 791 2456 848; x_wconf 78' lang='lat' dir='ltr'><strong>exstincta</strong></span> <span class='ocrx_word' id='word_1_142' title='bbox 2502 794 2558 847; x_wconf 91' lang='lat' dir='ltr'><strong>in</strong></span> <span class='ocrx_word' id='word_1_143' title='bbox 2600 792 2681 848; x_wconf 88' lang='lat' dir='ltr'><strong>eis</strong></span> <span class='ocrx_word' id='word_1_144' title='bbox 2722 790 2946 857; x_wconf 89' lang='lat' dir='ltr'><strong>malitia,</strong></span> <span class='ocrx_word' id='word_1_145' title='bbox 2990 790 3190 862; x_wconf 87' lang='lat' dir='ltr'><strong>populo</strong></span> <span class='ocrx_word' id='word_1_146' title='bbox 3218 789 3530 848; x_wconf 87' lang='lat' dir='ltr'><strong>Christiano</strong></span> <span class='ocrx_word' id='word_1_147' title='bbox 3580 792 3778 849; x_wconf 76' lang='lat' dir='ltr'><strong>sociati</strong></span> 
     </span>
    </p>
   </div>
   <div class='ocr_carea' id='block_1_22' title="bbox 2187 880 3781 952">
    <p class='ocr_par' dir='ltr' id='par_1_22' title="bbox 2187 880 3781 952">
     <span class='ocr_line' id='line_1_22' title="bbox 2187 880 3781 952; baseline 0.002 -13"><span class='ocrx_word' id='word_1_148' title='bbox 2187 892 2350 948; x_wconf 89' lang='lat' dir='ltr'><strong>sunt;</strong></span> <span class='ocrx_word' id='word_1_149' title='bbox 2400 883 2504 948; x_wconf 86' lang='lat' dir='ltr'><strong>vel,</strong></span> <span class='ocrx_word' id='word_1_150' title='bbox 2551 898 2679 938; x_wconf 89' lang='lat' dir='ltr'><strong>cum</strong></span> <span class='ocrx_word' id='word_1_151' title='bbox 2705 882 2760 937; x_wconf 92' lang='lat' dir='ltr'><strong>in</strong></span> <span class='ocrx_word' id='word_1_152' title='bbox 2789 880 2898 938; x_wconf 84' lang='lat' dir='ltr'><strong>ﬁne</strong></span> <span class='ocrx_word' id='word_1_153' title='bbox 2933 880 3180 949; x_wconf 84' lang='lat' dir='ltr'><strong>judicati,</strong></span> <span class='ocrx_word' id='word_1_154' title='bbox 3218 881 3483 952; x_wconf 85' lang='lat' dir='ltr'><strong>judicium</strong></span> <span class='ocrx_word' id='word_1_155' title='bbox 3525 884 3781 942; x_wconf 82' lang='lat' dir='ltr'><strong>veritatis</strong></span> 
     </span>
    </p>
   </div>
   <div class='ocr_carea' id='block_1_23' title="bbox 2187 971 3124 1030">
    <p class='ocr_par' dir='ltr' id='par_1_23' title="bbox 2187 971 3124 1030">
     <span class='ocr_line' id='line_1_23' title="bbox 2187 971 3124 1030; baseline -0.004 -1"><span class='ocrx_word' id='word_1_156' title='bbox 2187 973 2306 1030; x_wconf 88' lang='lat' dir='ltr'><strong>sine</strong></span> <span class='ocrx_word' id='word_1_157' title='bbox 2331 973 2707 1030; x_wconf 85' lang='lat' dir='ltr'><strong>misericordia</strong></span> <span class='ocrx_word' id='word_1_158' title='bbox 2739 971 2950 1028; x_wconf 86' lang='lat' dir='ltr'><strong>sensuri</strong></span> <span class='ocrx_word' id='word_1_159' title='bbox 2977 978 3124 1026; x_wconf 90' lang='lat' dir='ltr'><strong>sunt.</strong></span> 
     </span>
    </p>
   </div>
   <div class='ocr_carea' id='block_1_24' title="bbox 2257 1062 3786 1137">
    <p class='ocr_par' dir='ltr' id='par_1_24' title="bbox 2257 1062 3786 1137">
     <span class='ocr_line' id='line_1_24' title="bbox 2257 1062 3786 1137; baseline 0.003 -17"><span class='ocrx_word' id='word_1_160' title='bbox 2257 1064 2422 1120; x_wconf 74' lang='lat' dir='ltr'><strong>Vens.</strong></span> <span class='ocrx_word' id='word_1_161' title='bbox 2448 1064 2908 1136; x_wconf 73' lang='lat' dir='ltr'><strong>l5.-—Impulsus,</strong></span> <span class='ocrx_word' id='word_1_162' title='bbox 2931 1072 3034 1120; x_wconf 89' lang='lat' dir='ltr'><strong>etc.</strong></span> <span class='ocrx_word' id='word_1_163' title='bbox 3061 1062 3264 1136; x_wconf 60' lang='lat' dir='ltr'><strong>(Cass)</strong></span> <span class='ocrx_word' id='word_1_164' title='bbox 3295 1063 3365 1120; x_wconf 85' lang='lat' dir='ltr'><strong>Ut</strong></span> <span class='ocrx_word' id='word_1_165' title='bbox 3393 1066 3621 1137; x_wconf 86' lang='lat' dir='ltr'><strong>quando</strong></span> <span class='ocrx_word' id='word_1_166' title='bbox 3648 1065 3786 1124; x_wconf 77' lang='lat' dir='ltr'><strong>boni</strong></span> 
     </span>
    </p>
   </div>
   <div class='ocr_carea' id='block_1_25' title="bbox 2187 1154 3781 1226">
    <p class='ocr_par' dir='ltr' id='par_1_25' title="bbox 2187 1154 3781 1226">
     <span class='ocr_line' id='line_1_25' title="bbox 2187 1154 3781 1226; baseline -0.001 -14"><span class='ocrx_word' id='word_1_167' title='bbox 2187 1155 2386 1212; x_wconf 83' lang='lat' dir='ltr'><strong>dantur</strong></span> <span class='ocrx_word' id='word_1_168' title='bbox 2409 1156 2606 1226; x_wconf 86' lang='lat' dir='ltr'><strong>poenis,</strong></span> <span class='ocrx_word' id='word_1_169' title='bbox 2632 1163 2691 1211; x_wconf 93' lang='lat' dir='ltr'><strong>nt</strong></span> <span class='ocrx_word' id='word_1_170' title='bbox 2710 1171 2742 1210; x_wconf 93' lang='lat' dir='ltr'><strong>a</strong></span> <span class='ocrx_word' id='word_1_171' title='bbox 2763 1154 2868 1211; x_wconf 91' lang='lat' dir='ltr'><strong>ﬁde</strong></span> <span class='ocrx_word' id='word_1_172' title='bbox 2887 1155 3105 1221; x_wconf 87' lang='lat' dir='ltr'><strong>cadant,</strong></span> <span class='ocrx_word' id='word_1_173' title='bbox 3145 1163 3202 1210; x_wconf 91' lang='lat' dir='ltr'><strong>et</strong></span> <span class='ocrx_word' id='word_1_174' title='bbox 3225 1155 3488 1212; x_wconf 87' lang='lat' dir='ltr'><strong>Dominus</strong></span> <span class='ocrx_word' id='word_1_175' title='bbox 3512 1156 3781 1226; x_wconf 85' lang='lat' dir='ltr'><strong>suscepit.</strong></span> 
     </span>
    </p>
   </div>
   <div class='ocr_carea' id='block_1_26' title="bbox 2187 1246 3782 1320">
    <p class='ocr_par' dir='ltr' id='par_1_26' title="bbox 2187 1246 3782 1320">
     <span class='ocr_line' id='line_1_26' title="bbox 2187 1246 3782 1320; baseline -0.001 -17"><span class='ocrx_word' id='word_1_176' title='bbox 2187 1247 2374 1320; x_wconf 82' lang='lat' dir='ltr'><strong>(Anu.)</strong></span> <span class='ocrx_word' id='word_1_177' title='bbox 2409 1247 2548 1316; x_wconf 85' lang='lat' dir='ltr'><strong>Quia</strong></span> <span class='ocrx_word' id='word_1_178' title='bbox 2577 1255 2689 1302; x_wconf 89' lang='lat' dir='ltr'><strong>tam</strong></span> <span class='ocrx_word' id='word_1_179' title='bbox 2739 1263 2849 1303; x_wconf 91' lang='lat' dir='ltr'><strong>non</strong></span> <span class='ocrx_word' id='word_1_180' title='bbox 2881 1247 3024 1304; x_wconf 86' lang='lat' dir='ltr'><strong>cadit</strong></span> <span class='ocrx_word' id='word_1_181' title='bbox 3063 1247 3150 1302; x_wconf 90' lang='lat' dir='ltr'><strong>cui</strong></span> <span class='ocrx_word' id='word_1_182' title='bbox 3199 1246 3462 1303; x_wconf 88' lang='lat' dir='ltr'><strong>Dominus</strong></span> <span class='ocrx_word' id='word_1_183' title='bbox 3503 1256 3592 1303; x_wconf 90' lang='lat' dir='ltr'><strong>est</strong></span> <span class='ocrx_word' id='word_1_184' title='bbox 3620 1247 3782 1302; x_wconf 76' lang='lat' dir='ltr'><strong>torti-</strong></span> 
     </span>
    </p>
   </div>
   <div class='ocr_carea' id='block_1_27' title="bbox 2190 1337 3784 1408">
    <p class='ocr_par' dir='ltr' id='par_1_27' title="bbox 2190 1337 3784 1408">
     <span class='ocr_line' id='line_1_27' title="bbox 2190 1337 3784 1408; baseline 0.001 -15"><span class='ocrx_word' id='word_1_185' title='bbox 2190 1339 2320 1394; x_wconf 92' lang='lat' dir='ltr'><strong>tudo</strong></span> <span class='ocrx_word' id='word_1_186' title='bbox 2347 1346 2403 1394; x_wconf 90' lang='lat' dir='ltr'><strong>et</strong></span> <span class='ocrx_word' id='word_1_187' title='bbox 2436 1338 2676 1394; x_wconf 86' lang='lat' dir='ltr'><strong>laudatio</strong></span> <span class='ocrx_word' id='word_1_188' title='bbox 2696 1353 2856 1408; x_wconf 90' lang='lat' dir='ltr'><strong>quam</strong></span> <span class='ocrx_word' id='word_1_189' title='bbox 2883 1353 2991 1394; x_wconf 90' lang='lat' dir='ltr'><strong>non</strong></span> <span class='ocrx_word' id='word_1_190' title='bbox 3012 1337 3161 1393; x_wconf 89' lang='lat' dir='ltr'><strong>cadit</strong></span> <span class='ocrx_word' id='word_1_191' title='bbox 3195 1338 3456 1394; x_wconf 88' lang='lat' dir='ltr'><strong>Dominus</strong></span> <span class='ocrx_word' id='word_1_192' title='bbox 3488 1356 3503 1392; x_wconf 92' lang='lat'>:</span> <span class='ocrx_word' id='word_1_193' title='bbox 3544 1337 3626 1392; x_wconf 86' lang='lat' dir='ltr'><strong>illi</strong></span> <span class='ocrx_word' id='word_1_194' title='bbox 3652 1351 3784 1394; x_wconf 84' lang='lat' dir='ltr'><strong>vero</strong></span> 
     </span>
    </p>
   </div>
   <div class='ocr_carea' id='block_1_28' title="bbox 2189 1431 3712 1502">
    <p class='ocr_par' dir='ltr' id='par_1_28' title="bbox 2189 1431 3712 1502">
     <span class='ocr_line' id='line_1_28' title="bbox 2189 1431 3712 1502; baseline 0 -16"><span class='ocrx_word' id='word_1_195' title='bbox 2189 1431 2412 1498; x_wconf 90' lang='lat' dir='ltr'><strong>cadunt,</strong></span> <span class='ocrx_word' id='word_1_196' title='bbox 2447 1432 2542 1502; x_wconf 88' lang='lat' dir='ltr'><strong>qui</strong></span> <span class='ocrx_word' id='word_1_197' title='bbox 2573 1431 2677 1488; x_wconf 86' lang='lat' dir='ltr'><strong>sibi</strong></span> <span class='ocrx_word' id='word_1_198' title='bbox 2707 1431 2896 1487; x_wconf 86' lang='lat' dir='ltr'><strong>volunt</strong></span> <span class='ocrx_word' id='word_1_199' title='bbox 2921 1445 3043 1488; x_wconf 90' lang='lat' dir='ltr'><strong>esse</strong></span> <span class='ocrx_word' id='word_1_200' title='bbox 3087 1431 3346 1488; x_wconf 82' lang='lat' dir='ltr'><strong>fortitudo</strong></span> <span class='ocrx_word' id='word_1_201' title='bbox 3369 1441 3425 1487; x_wconf 93' lang='lat' dir='ltr'><strong>et</strong></span> <span class='ocrx_word' id='word_1_202' title='bbox 3449 1432 3712 1488; x_wconf 81' lang='lat' dir='ltr'><strong>laudatio.</strong></span> 
     </span>
    </p>
   </div>
   <div class='ocr_carea' id='block_1_29' title="bbox 2258 1521 3788 1594">
    <p class='ocr_par' dir='ltr' id='par_1_29' title="bbox 2258 1521 3788 1594">
     <span class='ocr_line' id='line_1_29' title="bbox 2258 1521 3788 1594; baseline 0.002 -18"><span class='ocrx_word' id='word_1_203' title='bbox 2258 1521 2530 1593; x_wconf 83' lang='lat' dir='ltr'><strong>Impulsus</strong></span> <span class='ocrx_word' id='word_1_204' title='bbox 2552 1539 2757 1577; x_wconf 81' lang='lat' dir='ltr'><strong>eversus</strong></span> <span class='ocrx_word' id='word_1_205' title='bbox 2778 1539 2917 1589; x_wconf 86' lang='lat' dir='ltr'><strong>sum,</strong></span> <span class='ocrx_word' id='word_1_206' title='bbox 2939 1531 3043 1579; x_wconf 85' lang='lat' dir='ltr'><strong>etc.</strong></span> <span class='ocrx_word' id='word_1_207' title='bbox 3069 1522 3359 1594; x_wconf 85' lang='lat' dir='ltr'><strong>Postquam</strong></span> <span class='ocrx_word' id='word_1_208' title='bbox 3379 1524 3624 1578; x_wconf 83' lang='lat' dir='ltr'><strong>ostendit</strong></span> <span class='ocrx_word' id='word_1_209' title='bbox 3641 1521 3788 1594; x_wconf 86' lang='lat' dir='ltr'><strong>quod</strong></span> 
     </span>
    </p>
   </div>
   <div class='ocr_carea' id='block_1_30' title="bbox 2195 1616 3788 1689">
    <p class='ocr_par' dir='ltr' id='par_1_30' title="bbox 2195 1616 3788 1689">
     <span class='ocr_line' id='line_1_30' title="bbox 2195 1616 3788 1689; baseline 0 -17"><span class='ocrx_word' id='word_1_210' title='bbox 2195 1616 2392 1673; x_wconf 88' lang='lat' dir='ltr'><strong>liberat</strong></span> <span class='ocrx_word' id='word_1_211' title='bbox 2419 1633 2525 1673; x_wconf 90' lang='lat' dir='ltr'><strong>non</strong></span> <span class='ocrx_word' id='word_1_212' title='bbox 2554 1617 2911 1689; x_wconf 82' lang='lat' dir='ltr'><strong>permittendo</strong></span> <span class='ocrx_word' id='word_1_213' title='bbox 2939 1619 3156 1686; x_wconf 88' lang='lat' dir='ltr'><strong>cadere,</strong></span> <span class='ocrx_word' id='word_1_214' title='bbox 3189 1617 3422 1674; x_wconf 79' lang='lat' dir='ltr'><strong>ostendit</strong></span> <span class='ocrx_word' id='word_1_215' title='bbox 3445 1616 3618 1673; x_wconf 87' lang='lat' dir='ltr'><strong>etiam</strong></span> <span class='ocrx_word' id='word_1_216' title='bbox 3641 1616 3788 1688; x_wconf 88' lang='lat' dir='ltr'><strong>quod</strong></span> 
     </span>
    </p>
   </div>
   <div class='ocr_carea' id='block_1_31' title="bbox 2190 1708 2949 1794">
    <p class='ocr_par' dir='ltr' id='par_1_31' title="bbox 2190 1708 2949 1794">
     <span class='ocr_line' id='line_1_31' title="bbox 2190 1708 2949 1794; baseline -0.003 -30"><span class='ocrx_word' id='word_1_217' title='bbox 2190 1709 2443 1794; x_wconf 41' lang='lat' dir='ltr'><strong>liberat‘a</strong></span> <span class='ocrx_word' id='word_1_218' title='bbox 2467 1721 2606 1766; x_wconf 84' lang='lat' dir='ltr'><strong>&#39;casu</strong></span> <span class='ocrx_word' id='word_1_219' title='bbox 2645 1708 2949 1764; x_wconf 90' lang='lat' dir='ltr'><strong>relevando.</strong></span> 
     </span>
    </p>
   </div>
   <div class='ocr_carea' id='block_1_32' title="bbox 2268 1797 3790 1870">
    <p class='ocr_par' dir='ltr' id='par_1_32' title="bbox 2268 1797 3790 1870">
     <span class='ocr_line' id='line_1_32' title="bbox 2268 1797 3790 1870; baseline -0.005 -11"><span class='ocrx_word' id='word_1_220' title='bbox 2268 1801 2436 1860; x_wconf 75' lang='lat' dir='ltr'><strong>Vens.</strong></span> <span class='ocrx_word' id='word_1_221' title='bbox 2487 1798 2892 1858; x_wconf 68' lang='lat' dir='ltr'><strong>li.—Factus</strong></span> <span class='ocrx_word' id='word_1_222' title='bbox 2941 1807 3019 1858; x_wconf 89' lang='lat' dir='ltr'><strong>est</strong></span> <span class='ocrx_word' id='word_1_223' title='bbox 3065 1799 3196 1856; x_wconf 80' lang='lat' dir='ltr'><strong>mihi</strong></span> <span class='ocrx_word' id='word_1_224' title='bbox 3256 1799 3314 1853; x_wconf 87' lang='lat' dir='ltr'><strong>in</strong></span> <span class='ocrx_word' id='word_1_225' title='bbox 3357 1798 3612 1854; x_wconf 79' lang='lat' dir='ltr'><strong>salutent.</strong></span> <span class='ocrx_word' id='word_1_226' title='bbox 3664 1797 3790 1870; x_wconf 65' lang='grc' dir='ltr'><strong>(ἰν.)</strong></span> 
     </span>
    </p>
   </div>
   <div class='ocr_carea' id='block_1_33' title="bbox 521 1857 3793 1965">
    <p class='ocr_par' dir='ltr' id='par_1_33' title="bbox 521 1857 3793 1965">
     <span class='ocr_line' id='line_1_33' title="bbox 521 1857 3793 1965; baseline 0.001 -22"><span class='ocrx_word' id='word_1_227' title='bbox 521 1857 642 1943; x_wconf 70' lang='lat' dir='ltr'><strong>bace</strong></span> <span class='ocrx_word' id='word_1_228' title='bbox 690 1857 817 1943; x_wconf 76' lang='lat' dir='ltr'><strong>sunt</strong></span> <span class='ocrx_word' id='word_1_229' title='bbox 847 1857 997 1956; x_wconf 60' lang='lat' dir='ltr'><strong>atria</strong></span> <span class='ocrx_word' id='word_1_230' title='bbox 1024 1884 1120 1943; x_wconf 86' lang='lat' dir='ltr'><strong>illa</strong></span> <span class='ocrx_word' id='word_1_231' title='bbox 1159 1883 1352 1944; x_wconf 89' lang='lat' dir='ltr'><strong>domus</strong></span> <span class='ocrx_word' id='word_1_232' title='bbox 1401 1885 1638 1954; x_wconf 89' lang='lat' dir='ltr'><strong>Domini,</strong></span> <span class='ocrx_word' id='word_1_233' title='bbox 1685 1893 1739 1943; x_wconf 89' lang='lat' dir='ltr'><strong>et</strong></span> <span class='ocrx_word' id='word_1_234' title='bbox 1780 1857 1872 1942; x_wconf 83' lang='lat' dir='ltr'><strong>ille</strong></span> <span class='ocrx_word' id='word_1_235' title='bbox 1915 1857 2092 1944; x_wconf 82' lang='lat' dir='ltr'><strong>omnis</strong></span> <span class='ocrx_word' id='word_1_236' title='bbox 2120 1857 2169 1924; x_wconf 71' lang='grc' dir='ltr'><strong>Β</strong></span> <span class='ocrx_word' id='word_1_237' title='bbox 2197 1857 2424 1962; x_wconf 64' lang='lat' dir='ltr'><strong>Nonﬁi,</strong></span> <span class='ocrx_word' id='word_1_238' title='bbox 2451 1895 2595 1965; x_wconf 81' lang='lat' dir='ltr'><strong>quod</strong></span> <span class='ocrx_word' id='word_1_239' title='bbox 2623 1908 2732 1950; x_wconf 86' lang='lat' dir='ltr'><strong>non</strong></span> <span class='ocrx_word' id='word_1_240' title='bbox 2773 1901 2894 1948; x_wconf 84' lang='lat' dir='ltr'><strong>erat</strong></span> <span class='ocrx_word' id='word_1_241' title='bbox 2931 1857 3075 1958; x_wconf 82' lang='lat' dir='ltr'><strong>sibi;</strong></span> <span class='ocrx_word' id='word_1_242' title='bbox 3103 1891 3200 1948; x_wconf 87' lang='lat' dir='ltr'><strong>sed</strong></span> <span class='ocrx_word' id='word_1_243' title='bbox 3239 1889 3346 1946; x_wconf 88' lang='lat' dir='ltr'><strong>illis</strong></span> <span class='ocrx_word' id='word_1_244' title='bbox 3371 1889 3521 1946; x_wconf 89' lang='lat' dir='ltr'><strong>salus</strong></span> <span class='ocrx_word' id='word_1_245' title='bbox 3543 1857 3793 1946; x_wconf 88' lang='lat' dir='ltr'><strong>est</strong></span> 
     </span>
    </p>
   </div>
   <div class='ocr_carea' id='block_1_34' title="bbox 521 1978 2098 2051">
    <p class='ocr_par' dir='ltr' id='par_1_34' title="bbox 521 1978 2098 2051">
     <span class='ocr_line' id='line_1_34' title="bbox 521 1978 2098 2051; baseline 0 -17"><span class='ocrx_word' id='word_1_246' title='bbox 521 1978 770 2051; x_wconf 88' lang='lat' dir='ltr'><strong>populus,</strong></span> <span class='ocrx_word' id='word_1_247' title='bbox 800 1980 944 2035; x_wconf 88' lang='lat' dir='ltr'><strong>unde</strong></span> <span class='ocrx_word' id='word_1_248' title='bbox 981 1980 1038 2034; x_wconf 90' lang='lat' dir='ltr'><strong>in</strong></span> <span class='ocrx_word' id='word_1_249' title='bbox 1077 1979 1405 2050; x_wconf 73' lang='lat' dir='ltr'><strong>praacedenti</strong></span> <span class='ocrx_word' id='word_1_250' title='bbox 1437 1980 1642 2051; x_wconf 90' lang='lat' dir='ltr'><strong>psalmo</strong></span> <span class='ocrx_word' id='word_1_251' title='bbox 1681 1979 1810 2050; x_wconf 89' lang='lat' dir='ltr'><strong>egit.</strong></span> <span class='ocrx_word' id='word_1_252' title='bbox 1854 1978 1968 2034; x_wconf 85' lang='lat' dir='ltr'><strong>Non</strong></span> <span class='ocrx_word' id='word_1_253' title='bbox 1995 1978 2098 2034; x_wconf 92' lang='lat' dir='ltr'><strong>soli</strong></span> 
     </span>
    </p>
   </div>
   <div class='ocr_carea' id='block_1_35' title="bbox 519 2069 2099 2142">
    <p class='ocr_par' dir='ltr' id='par_1_35' title="bbox 519 2069 2099 2142">
     <span class='ocr_line' id='line_1_35' title="bbox 519 2069 2099 2142; baseline 0.001 -17"><span class='ocrx_word' id='word_1_254' title='bbox 519 2069 689 2125; x_wconf 69' lang='lat' dir='ltr'><strong>Judaei</strong></span> <span class='ocrx_word' id='word_1_255' title='bbox 714 2069 829 2142; x_wconf 88' lang='lat' dir='ltr'><strong>(qui</strong></span> <span class='ocrx_word' id='word_1_256' title='bbox 857 2070 961 2126; x_wconf 89' lang='lat' dir='ltr'><strong>sibi</strong></span> <span class='ocrx_word' id='word_1_257' title='bbox 983 2069 1115 2126; x_wconf 91' lang='lat' dir='ltr'><strong>illud</strong></span> <span class='ocrx_word' id='word_1_258' title='bbox 1142 2085 1401 2140; x_wconf 88' lang='lat' dir='ltr'><strong>arrogare</strong></span> <span class='ocrx_word' id='word_1_259' title='bbox 1423 2071 1711 2141; x_wconf 88' lang='lat' dir='ltr'><strong>conantur)</strong></span> <span class='ocrx_word' id='word_1_260' title='bbox 1732 2069 1855 2126; x_wconf 89' lang='lat' dir='ltr'><strong>dico</strong></span> <span class='ocrx_word' id='word_1_261' title='bbox 1884 2069 2099 2126; x_wconf 88' lang='lat' dir='ltr'><strong>laudate</strong></span> 
     </span>
    </p>
   </div>
   <div class='ocr_carea' id='block_1_36' title="bbox 520 2159 2098 2233">
    <p class='ocr_par' dir='ltr' id='par_1_36' title="bbox 520 2159 2098 2233">
     <span class='ocr_line' id='line_1_36' title="bbox 520 2159 2098 2233; baseline -0.001 -17"><span class='ocrx_word' id='word_1_262' title='bbox 520 2175 664 2217; x_wconf 90' lang='lat' dir='ltr'><strong>cum.</strong></span> <span class='ocrx_word' id='word_1_263' title='bbox 698 2161 768 2217; x_wconf 88' lang='lat' dir='ltr'><strong>Et</strong></span> <span class='ocrx_word' id='word_1_264' title='bbox 807 2161 1125 2218; x_wconf 89' lang='lat' dir='ltr'><strong>collaudate.</strong></span> <span class='ocrx_word' id='word_1_265' title='bbox 1171 2159 1373 2233; x_wconf 75' lang='lat' dir='ltr'><strong>(Csss.)</strong></span> <span class='ocrx_word' id='word_1_266' title='bbox 1405 2168 1464 2216; x_wconf 93' lang='lat' dir='ltr'><strong>ut</strong></span> <span class='ocrx_word' id='word_1_267' title='bbox 1491 2162 1562 2218; x_wconf 88' lang='lat' dir='ltr'><strong>sit</strong></span> <span class='ocrx_word' id='word_1_268' title='bbox 1594 2163 1649 2216; x_wconf 90' lang='lat' dir='ltr'><strong>in</strong></span> <span class='ocrx_word' id='word_1_269' title='bbox 1677 2177 1842 2216; x_wconf 89' lang='lat' dir='ltr'><strong>unum</strong></span> <span class='ocrx_word' id='word_1_270' title='bbox 1879 2161 2098 2218; x_wconf 86' lang='lat' dir='ltr'><strong>redacta</strong></span> 
     </span>
    </p>
   </div>
   <div class='ocr_carea' id='block_1_37' title="bbox 521 2251 1917 2324">
    <p class='ocr_par' dir='ltr' id='par_1_37' title="bbox 521 2251 1917 2324">
     <span class='ocr_line' id='line_1_37' title="bbox 521 2251 1917 2324; baseline -0.001 -17"><span class='ocrx_word' id='word_1_271' title='bbox 521 2253 761 2308; x_wconf 86' lang='lat' dir='ltr'><strong>omnium</strong></span> <span class='ocrx_word' id='word_1_272' title='bbox 797 2252 1033 2310; x_wconf 87' lang='lat' dir='ltr'><strong>laudatio</strong></span> <span class='ocrx_word' id='word_1_273' title='bbox 1057 2252 1202 2324; x_wconf 88' lang='lat' dir='ltr'><strong>quod</strong></span> <span class='ocrx_word' id='word_1_274' title='bbox 1230 2260 1315 2308; x_wconf 89' lang='lat' dir='ltr'><strong>est</strong></span> <span class='ocrx_word' id='word_1_275' title='bbox 1339 2252 1617 2309; x_wconf 57' lang='lat' dir='ltr'><strong>catholicas</strong></span> <span class='ocrx_word' id='word_1_276' title='bbox 1645 2251 1917 2308; x_wconf 67' lang='lat' dir='ltr'><strong>Ecclesiae.</strong></span> 
     </span>
    </p>
   </div>
   <div class='ocr_carea' id='block_1_38' title="bbox 595 2342 2099 2417">
    <p class='ocr_par' dir='ltr' id='par_1_38' title="bbox 595 2342 2099 2417">
     <span class='ocr_line' id='line_1_38' title="bbox 595 2342 2099 2417; baseline 0.003 -21"><span class='ocrx_word' id='word_1_277' title='bbox 595 2342 762 2400; x_wconf 78' lang='lat' dir='ltr'><strong>Vens.</strong></span> <span class='ocrx_word' id='word_1_278' title='bbox 800 2345 856 2399; x_wconf 72' lang='lat'><strong>2.</strong></span> <span class='ocrx_word' id='word_1_279' title='bbox 891 2374 961 2385; x_wconf 95' lang='lat'><strong>—</strong></span> <span class='ocrx_word' id='word_1_280' title='bbox 993 2343 1338 2413; x_wconf 79' lang='lat' dir='ltr'><strong>Conﬁrmata.</strong></span> <span class='ocrx_word' id='word_1_281' title='bbox 1366 2342 1566 2417; x_wconf 64' lang='lat' dir='ltr'><strong>(Cass)</strong></span> <span class='ocrx_word' id='word_1_282' title='bbox 1622 2345 1758 2412; x_wconf 84' lang='lat' dir='ltr'><strong>Quia</strong></span> <span class='ocrx_word' id='word_1_283' title='bbox 1806 2345 1949 2415; x_wconf 91' lang='lat' dir='ltr'><strong>quod</strong></span> <span class='ocrx_word' id='word_1_284' title='bbox 1999 2359 2099 2415; x_wconf 90' lang='lat' dir='ltr'><strong>per</strong></span> 
     </span>
    </p>
   </div>
   <div class='ocr_carea' id='block_1_39' title="bbox 526 2433 2099 2508">
    <p class='ocr_par' dir='ltr' id='par_1_39' title="bbox 526 2433 2099 2508">
     <span class='ocr_line' id='line_1_39' title="bbox 526 2433 2099 2508; baseline 0.001 -18"><span class='ocrx_word' id='word_1_285' title='bbox 526 2436 817 2508; x_wconf 85' lang='lat' dir='ltr'><strong>prophetas</strong></span> <span class='ocrx_word' id='word_1_286' title='bbox 866 2433 1136 2505; x_wconf 88' lang='lat' dir='ltr'><strong>promisit,</strong></span> <span class='ocrx_word' id='word_1_287' title='bbox 1168 2435 1402 2491; x_wconf 89' lang='lat' dir='ltr'><strong>adventu</strong></span> <span class='ocrx_word' id='word_1_288' title='bbox 1440 2434 1640 2490; x_wconf 87' lang='lat' dir='ltr'><strong>Christi</strong></span> <span class='ocrx_word' id='word_1_289' title='bbox 1691 2434 2014 2507; x_wconf 87' lang='lat' dir='ltr'><strong>complevit;</strong></span> <span class='ocrx_word' id='word_1_290' title='bbox 2042 2443 2099 2492; x_wconf 91' lang='lat' dir='ltr'><strong>et</strong></span> 
     </span>
    </p>
   </div>
   <div class='ocr_carea' id='block_1_40' title="bbox 528 2526 2099 2598">
    <p class='ocr_par' dir='ltr' id='par_1_40' title="bbox 528 2526 2099 2598">
     <span class='ocr_line' id='line_1_40' title="bbox 528 2526 2099 2598; baseline 0 -15"><span class='ocrx_word' id='word_1_291' title='bbox 528 2528 766 2583; x_wconf 89' lang='lat' dir='ltr'><strong>ﬁrmavit</strong></span> <span class='ocrx_word' id='word_1_292' title='bbox 790 2526 1236 2594; x_wconf 84' lang='lat' dir='ltr'><strong>misericordiam,</strong></span> <span class='ocrx_word' id='word_1_293' title='bbox 1262 2535 1323 2582; x_wconf 88' lang='lat' dir='ltr'><strong>ut</strong></span> <span class='ocrx_word' id='word_1_294' title='bbox 1346 2543 1621 2598; x_wconf 90' lang='lat' dir='ltr'><strong>nunquam</strong></span> <span class='ocrx_word' id='word_1_295' title='bbox 1642 2536 1942 2594; x_wconf 86' lang='lat' dir='ltr'><strong>moveatur,</strong></span> <span class='ocrx_word' id='word_1_296' title='bbox 1972 2528 2099 2598; x_wconf 85' lang='lat' dir='ltr'><strong>quia</strong></span> 
     </span>
    </p>
   </div>
   <div class='ocr_carea' id='block_1_41' title="bbox 525 2616 2098 2690">
    <p class='ocr_par' dir='ltr' id='par_1_41' title="bbox 525 2616 2098 2690">
     <span class='ocr_line' id='line_1_41' title="bbox 525 2616 2098 2690; baseline -0.001 -16"><span class='ocrx_word' id='word_1_297' title='bbox 525 2619 618 2690; x_wconf 89' lang='lat' dir='ltr'><strong>qui</strong></span> <span class='ocrx_word' id='word_1_298' title='bbox 649 2619 816 2685; x_wconf 88' lang='lat' dir='ltr'><strong>dedit,</strong></span> <span class='ocrx_word' id='word_1_299' title='bbox 849 2618 1104 2674; x_wconf 89' lang='lat' dir='ltr'><strong>custodit.</strong></span> <span class='ocrx_word' id='word_1_300' title='bbox 1129 2616 1374 2673; x_wconf 77' lang='lat' dir='ltr'><strong>Manetin</strong></span> <span class='ocrx_word' id='word_1_301' title='bbox 1399 2628 1669 2674; x_wconf 77' lang='lat' dir='ltr'><strong>wternum.</strong></span> <span class='ocrx_word' id='word_1_302' title='bbox 1701 2616 2021 2690; x_wconf 81' lang='lat' dir='ltr'><strong>(Ane.)Sive</strong></span> <span class='ocrx_word' id='word_1_303' title='bbox 2042 2617 2098 2673; x_wconf 90' lang='lat' dir='ltr'><strong>in</strong></span> 
     </span>
    </p>
   </div>
   <div class='ocr_carea' id='block_1_42' title="bbox 521 2695 2096 2780">
    <p class='ocr_par' dir='ltr' id='par_1_42' title="bbox 521 2695 2096 2780">
     <span class='ocr_line' id='line_1_42' title="bbox 521 2695 2096 2780; baseline 0.001 -16"><span class='ocrx_word' id='word_1_304' title='bbox 521 2709 602 2766; x_wconf 88' lang='lat' dir='ltr'><strong>eis</strong></span> <span class='ocrx_word' id='word_1_305' title='bbox 629 2724 748 2780; x_wconf 67' lang='lat' dir='ltr'><strong>quae</strong></span> <span class='ocrx_word' id='word_1_306' title='bbox 759 2710 1006 2780; x_wconf 89' lang='lat' dir='ltr'><strong>promisit</strong></span> <span class='ocrx_word' id='word_1_307' title='bbox 1020 2695 1154 2778; x_wconf 38' lang='lat' dir='ltr'><strong>&#39;piis,</strong></span> <span class='ocrx_word' id='word_1_308' title='bbox 1181 2710 1296 2765; x_wconf 86' lang='lat' dir='ltr'><strong>sive</strong></span> <span class='ocrx_word' id='word_1_309' title='bbox 1316 2710 1371 2763; x_wconf 92' lang='lat' dir='ltr'><strong>in</strong></span> <span class='ocrx_word' id='word_1_310' title='bbox 1394 2709 1474 2764; x_wconf 87' lang='lat' dir='ltr'><strong>eis</strong></span> <span class='ocrx_word' id='word_1_311' title='bbox 1496 2724 1614 2779; x_wconf 64' lang='lat' dir='ltr'><strong>quae</strong></span> <span class='ocrx_word' id='word_1_312' title='bbox 1638 2710 1872 2765; x_wconf 88' lang='lat' dir='ltr'><strong>minatur</strong></span> <span class='ocrx_word' id='word_1_313' title='bbox 1897 2709 2096 2780; x_wconf 86' lang='lat' dir='ltr'><strong>impiis.</strong></span> 
     </span>
    </p>
   </div>
   <div class='ocr_carea' id='block_1_43' title="bbox 1033 2797 1592 2854">
    <p class='ocr_par' dir='ltr' id='par_1_43' title="bbox 1033 2797 1592 2854">
     <span class='ocr_line' id='line_1_43' title="bbox 1033 2797 1592 2854; baseline 0 -2"><span class='ocrx_word' id='word_1_314' title='bbox 1033 2797 1356 2854; x_wconf 79' lang='lat' dir='ltr'><strong>PSALMUS</strong></span> <span class='ocrx_word' id='word_1_315' title='bbox 1387 2798 1592 2854; x_wconf 81' lang='lat' dir='ltr'><strong>CXVII.</strong></span> 
     </span>
    </p>
   </div>
   <div class='ocr_carea' id='block_1_44' title="bbox 589 2877 2100 2960">
    <p class='ocr_par' dir='ltr' id='par_1_44' title="bbox 589 2877 2100 2960">
     <span class='ocr_line' id='line_1_44' title="bbox 589 2877 2100 2960; baseline 0.003 -20"><span class='ocrx_word' id='word_1_316' title='bbox 589 2885 837 2942; x_wconf 78' lang='lat' dir='ltr'><strong>Alleluia.</strong></span> <span class='ocrx_word' id='word_1_317' title='bbox 869 2886 1075 2960; x_wconf 64' lang='lat' dir='ltr'><strong>(Cass)</strong></span> <span class='ocrx_word' id='word_1_318' title='bbox 1118 2887 1350 2955; x_wconf 84' lang='lat' dir='ltr'><strong>Quintus</strong></span> <span class='ocrx_word' id='word_1_319' title='bbox 1397 2887 1638 2960; x_wconf 90' lang='lat' dir='ltr'><strong>psalmus</strong></span> <span class='ocrx_word' id='word_1_320' title='bbox 1685 2887 1753 2944; x_wconf 91' lang='lat' dir='ltr'><strong>de</strong></span> <span class='ocrx_word' id='word_1_321' title='bbox 1798 2888 1976 2960; x_wconf 88' lang='lat' dir='ltr'><strong>primo</strong></span> <span class='ocrx_word' id='word_1_322' title='bbox 2000 2877 2100 2945; x_wconf 49' lang='lat' dir='ltr'><strong>ad?</strong></span> 
     </span>
    </p>
   </div>
   <div class='ocr_carea' id='block_1_45' title="bbox 525 2977 2102 3049">
    <p class='ocr_par' dir='ltr' id='par_1_45' title="bbox 525 2977 2102 3049">
     <span class='ocr_line' id='line_1_45' title="bbox 525 2977 2102 3049; baseline 0.006 -20"><span class='ocrx_word' id='word_1_323' title='bbox 525 2984 712 3043; x_wconf 82' lang='lat' dir='ltr'><strong>ventu,</strong></span> <span class='ocrx_word' id='word_1_324' title='bbox 750 2977 935 3034; x_wconf 88' lang='lat' dir='ltr'><strong>multis</strong></span> <span class='ocrx_word' id='word_1_325' title='bbox 970 2977 1156 3049; x_wconf 84' lang='lat' dir='ltr'><strong>ﬁguris</strong></span> <span class='ocrx_word' id='word_1_326' title='bbox 1195 2979 1503 3045; x_wconf 90' lang='lat' dir='ltr'><strong>decoratus,</strong></span> <span class='ocrx_word' id='word_1_327' title='bbox 1553 2979 1715 3036; x_wconf 86' lang='lat' dir='ltr'><strong>habet</strong></span> <span class='ocrx_word' id='word_1_328' title='bbox 1760 2994 1950 3036; x_wconf 87' lang='lat' dir='ltr'><strong>versus</strong></span> <span class='ocrx_word' id='word_1_329' title='bbox 1977 2980 2102 3038; x_wconf 88' lang='lat' dir='ltr'><strong>uni-</strong></span> 
     </span>
    </p>
   </div>
   <div class='ocr_carea' id='block_1_46' title="bbox 531 3065 2103 3139">
    <p class='ocr_par' dir='ltr' id='par_1_46' title="bbox 531 3065 2103 3139">
     <span class='ocr_line' id='line_1_46' title="bbox 531 3065 2103 3139; baseline 0.005 -20"><span class='ocrx_word' id='word_1_330' title='bbox 531 3065 682 3131; x_wconf 77' lang='lat' dir='ltr'><strong>listes,</strong></span> <span class='ocrx_word' id='word_1_331' title='bbox 724 3067 984 3137; x_wconf 88' lang='lat' dir='ltr'><strong>quosdam</strong></span> <span class='ocrx_word' id='word_1_332' title='bbox 1036 3067 1194 3123; x_wconf 91' lang='lat' dir='ltr'><strong>unius</strong></span> <span class='ocrx_word' id='word_1_333' title='bbox 1235 3068 1510 3138; x_wconf 87' lang='lat' dir='ltr'><strong>principii,</strong></span> <span class='ocrx_word' id='word_1_334' title='bbox 1561 3068 1823 3139; x_wconf 90' lang='lat' dir='ltr'><strong>quosdam</strong></span> <span class='ocrx_word' id='word_1_335' title='bbox 1869 3069 2103 3127; x_wconf 86' lang='lat' dir='ltr'><strong>interca-</strong></span> 
     </span>
    </p>
   </div>
   <div class='ocr_carea' id='block_1_47' title="bbox 522 3153 2102 3233">
    <p class='ocr_par' dir='ltr' id='par_1_47' title="bbox 522 3153 2102 3233">
     <span class='ocr_line' id='line_1_47' title="bbox 522 3153 2102 3233; baseline 0.007 -25"><span class='ocrx_word' id='word_1_336' title='bbox 522 3153 665 3211; x_wconf 89' lang='lat' dir='ltr'><strong>lares</strong></span> <span class='ocrx_word' id='word_1_337' title='bbox 688 3163 744 3212; x_wconf 91' lang='lat' dir='ltr'><strong>et</strong></span> <span class='ocrx_word' id='word_1_338' title='bbox 769 3155 1074 3226; x_wconf 71' lang='lat' dir='ltr'><strong>huiusmodi</strong></span> <span class='ocrx_word' id='word_1_339' title='bbox 1101 3167 1346 3215; x_wconf 91' lang='lat' dir='ltr'><strong>ornatus.</strong></span> <span class='ocrx_word' id='word_1_340' title='bbox 1392 3158 1595 3215; x_wconf 86' lang='lat' dir='ltr'><strong>Fidelis</strong></span> <span class='ocrx_word' id='word_1_341' title='bbox 1626 3159 1855 3232; x_wconf 88' lang='lat' dir='ltr'><strong>populus</strong></span> <span class='ocrx_word' id='word_1_342' title='bbox 1878 3169 2102 3233; x_wconf 88' lang='lat' dir='ltr'><strong>peccato</strong></span> 
     </span>
    </p>
   </div>
   <div class='ocr_carea' id='block_1_48' title="bbox 521 3247 1680 3324">
    <p class='ocr_par' dir='ltr' id='par_1_48' title="bbox 521 3247 1680 3324">
     <span class='ocr_line' id='line_1_48' title="bbox 521 3247 1680 3324; baseline 0.003 -20"><span class='ocrx_word' id='word_1_343' title='bbox 521 3247 752 3314; x_wconf 86' lang='lat' dir='ltr'><strong>solutus,</strong></span> <span class='ocrx_word' id='word_1_344' title='bbox 783 3256 910 3314; x_wconf 88' lang='lat' dir='ltr'><strong>etc.,</strong></span> <span class='ocrx_word' id='word_1_345' title='bbox 938 3265 1100 3321; x_wconf 87' lang='lat' dir='ltr'><strong>usque</strong></span> <span class='ocrx_word' id='word_1_346' title='bbox 1125 3250 1195 3305; x_wconf 85' lang='lat' dir='ltr'><strong>ad</strong></span> <span class='ocrx_word' id='word_1_347' title='bbox 1229 3250 1540 3307; x_wconf 84' lang='lat' dir='ltr'><strong>Benedictus</strong></span> <span class='ocrx_word' id='word_1_348' title='bbox 1571 3253 1680 3324; x_wconf 85' lang='lat' dir='ltr'><strong>qui.</strong></span> 
     </span>
    </p>
   </div>
   <div class='ocr_carea' id='block_1_49' title="bbox 2196 1983 3091 2055">
    <p class='ocr_par' dir='ltr' id='par_1_49' title="bbox 2196 1983 3091 2055">
     <span class='ocr_line' id='line_1_49' title="bbox 2196 1983 3091 2055; baseline -0.003 -15"><span class='ocrx_word' id='word_1_349' title='bbox 2196 1985 2390 2051; x_wconf 88' lang='lat' dir='ltr'><strong>versis,</strong></span> <span class='ocrx_word' id='word_1_350' title='bbox 2415 1985 2558 2055; x_wconf 90' lang='lat' dir='ltr'><strong>quod</strong></span> <span class='ocrx_word' id='word_1_351' title='bbox 2587 1999 2695 2040; x_wconf 92' lang='lat' dir='ltr'><strong>non</strong></span> <span class='ocrx_word' id='word_1_352' title='bbox 2722 1992 2842 2038; x_wconf 89' lang='lat' dir='ltr'><strong>erat</strong></span> <span class='ocrx_word' id='word_1_353' title='bbox 2867 1983 3091 2038; x_wconf 89' lang='lat' dir='ltr'><strong>aversis.</strong></span> 
     </span>
    </p>
   </div>
   <div class='ocr_carea' id='block_1_50' title="bbox 2266 2071 3790 2145">
    <p class='ocr_par' dir='ltr' id='par_1_50' title="bbox 2266 2071 3790 2145">
     <span class='ocr_line' id='line_1_50' title="bbox 2266 2071 3790 2145; baseline -0.002 -14"><span class='ocrx_word' id='word_1_354' title='bbox 2266 2075 2432 2131; x_wconf 72' lang='lat' dir='ltr'><strong>Vens.</strong></span> <span class='ocrx_word' id='word_1_355' title='bbox 2479 2077 2566 2131; x_wconf 84' lang='lat' dir='ltr'><strong>l7.</strong></span> <span class='ocrx_word' id='word_1_356' title='bbox 2593 2074 2812 2129; x_wconf 83' lang='grc' dir='ltr'><strong>-Νοη</strong></span> <span class='ocrx_word' id='word_1_357' title='bbox 2860 2074 3075 2128; x_wconf 85' lang='lat' dir='ltr'><strong>moriar.</strong></span> <span class='ocrx_word' id='word_1_358' title='bbox 3151 2071 3302 2145; x_wconf 88' lang='lat' dir='ltr'><strong>(lo.)</strong></span> <span class='ocrx_word' id='word_1_359' title='bbox 3337 2071 3482 2130; x_wconf 82' lang='lat' dir='ltr'><strong>Dicit</strong></span> <span class='ocrx_word' id='word_1_360' title='bbox 3521 2071 3790 2140; x_wconf 76' lang='lat' dir='ltr'><strong>Ecclesia,</strong></span> 
     </span>
    </p>
   </div>
   <div class='ocr_carea' id='block_1_51' title="bbox 2196 2166 3794 2242">
    <p class='ocr_par' dir='ltr' id='par_1_51' title="bbox 2196 2166 3794 2242">
     <span class='ocr_line' id='line_1_51' title="bbox 2196 2166 3794 2242; baseline -0.003 -16"><span class='ocrx_word' id='word_1_361' title='bbox 2196 2179 2257 2226; x_wconf 92' lang='lat' dir='ltr'><strong>ut</strong></span> <span class='ocrx_word' id='word_1_362' title='bbox 2278 2179 2435 2242; x_wconf 88' lang='lat' dir='ltr'><strong>putat</strong></span> <span class='ocrx_word' id='word_1_363' title='bbox 2460 2178 2778 2242; x_wconf 88' lang='lat' dir='ltr'><strong>persecutor</strong></span> <span class='ocrx_word' id='word_1_364' title='bbox 2822 2178 3002 2241; x_wconf 85' lang='lat' dir='ltr'><strong>strage</strong></span> <span class='ocrx_word' id='word_1_365' title='bbox 3046 2169 3298 2225; x_wconf 86' lang='lat' dir='ltr'><strong>funerum</strong></span> <span class='ocrx_word' id='word_1_366' title='bbox 3335 2183 3494 2240; x_wconf 87' lang='lat' dir='ltr'><strong>posse</strong></span> <span class='ocrx_word' id='word_1_367' title='bbox 3515 2181 3580 2224; x_wconf 86' lang='lat' dir='ltr'><strong>se</strong></span> <span class='ocrx_word' id='word_1_368' title='bbox 3607 2166 3794 2222; x_wconf 82' lang='lat' dir='ltr'><strong>delere</strong></span> 
     </span>
    </p>
   </div>
   <div class='ocr_carea' id='block_1_52' title="bbox 2200 2259 3396 2331">
    <p class='ocr_par' dir='ltr' id='par_1_52' title="bbox 2200 2259 3396 2331">
     <span class='ocr_line' id='line_1_52' title="bbox 2200 2259 3396 2331; baseline -0.004 -12"><span class='ocrx_word' id='word_1_369' title='bbox 2200 2277 2397 2319; x_wconf 90' lang='lat' dir='ltr'><strong>nomen</strong></span> <span class='ocrx_word' id='word_1_370' title='bbox 2418 2261 2804 2325; x_wconf 86' lang='lat' dir='ltr'><strong>Christianum,</strong></span> <span class='ocrx_word' id='word_1_371' title='bbox 2832 2275 2953 2316; x_wconf 88' lang='lat' dir='ltr'><strong>cum</strong></span> <span class='ocrx_word' id='word_1_372' title='bbox 2979 2259 3158 2331; x_wconf 88' lang='lat' dir='ltr'><strong>potius</strong></span> <span class='ocrx_word' id='word_1_373' title='bbox 3183 2267 3396 2331; x_wconf 83' lang='lat' dir='ltr'><strong>augeat.</strong></span> 
     </span>
    </p>
   </div>
   <div class='ocr_carea' id='block_1_53' title="bbox 2266 2339 3795 2415">
    <p class='ocr_par' dir='ltr' id='par_1_53' title="bbox 2266 2339 3795 2415">
     <span class='ocr_line' id='line_1_53' title="bbox 2266 2339 3795 2415; baseline -0.003 -16"><span class='ocrx_word' id='word_1_374' title='bbox 2266 2343 2430 2400; x_wconf 75' lang='lat' dir='ltr'><strong>Vens.</strong></span> <span class='ocrx_word' id='word_1_375' title='bbox 2463 2345 2549 2400; x_wconf 89' lang='lat' dir='ltr'><strong>l8.</strong></span> <span class='ocrx_word' id='word_1_376' title='bbox 2578 2373 2650 2385; x_wconf 96' lang='lat'><strong>—</strong></span> <span class='ocrx_word' id='word_1_377' title='bbox 2677 2341 2973 2413; x_wconf 87' lang='lat' dir='ltr'><strong>Castigans.</strong></span> <span class='ocrx_word' id='word_1_378' title='bbox 3013 2339 3220 2415; x_wconf 62' lang='lat' dir='ltr'><strong>(Cass)</strong></span> <span class='ocrx_word' id='word_1_379' title='bbox 3248 2342 3360 2397; x_wconf 92' lang='lat' dir='ltr'><strong>Cur</strong></span> <span class='ocrx_word' id='word_1_380' title='bbox 3401 2347 3586 2396; x_wconf 87' lang='lat' dir='ltr'><strong>autem</strong></span> <span class='ocrx_word' id='word_1_381' title='bbox 3638 2347 3795 2394; x_wconf 73' lang='lat' dir='ltr'><strong>tanta</strong></span> 
     </span>
    </p>
   </div>
   <div class='ocr_carea' id='block_1_54' title="bbox 2196 2429 3790 2508">
    <p class='ocr_par' dir='ltr' id='par_1_54' title="bbox 2196 2429 3790 2508">
     <span class='ocr_line' id='line_1_54' title="bbox 2196 2429 3790 2508; baseline -0.003 -18"><span class='ocrx_word' id='word_1_382' title='bbox 2196 2435 2436 2508; x_wconf 87' lang='lat' dir='ltr'><strong>pertulit,</strong></span> <span class='ocrx_word' id='word_1_383' title='bbox 2468 2433 2705 2489; x_wconf 90' lang='lat' dir='ltr'><strong>indicat:</strong></span> <span class='ocrx_word' id='word_1_384' title='bbox 2739 2431 3036 2502; x_wconf 82' lang='lat' dir='ltr'><strong>Castigans,</strong></span> <span class='ocrx_word' id='word_1_385' title='bbox 3062 2431 3323 2501; x_wconf 89' lang='lat' dir='ltr'><strong>quidquid</strong></span> <span class='ocrx_word' id='word_1_386' title='bbox 3367 2429 3598 2493; x_wconf 80' lang='lat' dir='ltr'><strong>faciunt,</strong></span> <span class='ocrx_word' id='word_1_387' title='bbox 3625 2429 3790 2485; x_wconf 79' lang='lat' dir='ltr'><strong>casti—</strong></span> 
     </span>
    </p>
   </div>
   <div class='ocr_carea' id='block_1_55' title="bbox 2197 2521 3792 2598">
    <p class='ocr_par' dir='ltr' id='par_1_55' title="bbox 2197 2521 3792 2598">
     <span class='ocr_line' id='line_1_55' title="bbox 2197 2521 3792 2598; baseline -0.003 -17"><span class='ocrx_word' id='word_1_388' title='bbox 2197 2526 2344 2598; x_wconf 89' lang='lat' dir='ltr'><strong>gatio</strong></span> <span class='ocrx_word' id='word_1_389' title='bbox 2385 2533 2470 2581; x_wconf 91' lang='lat' dir='ltr'><strong>est</strong></span> <span class='ocrx_word' id='word_1_390' title='bbox 2515 2523 2749 2580; x_wconf 91' lang='lat' dir='ltr'><strong>Domini.</strong></span> <span class='ocrx_word' id='word_1_391' title='bbox 2795 2521 2940 2577; x_wconf 84' lang='lat' dir='ltr'><strong>Nihil</strong></span> <span class='ocrx_word' id='word_1_392' title='bbox 2986 2521 3088 2576; x_wconf 87' lang='lat' dir='ltr'><strong>sibi</strong></span> <span class='ocrx_word' id='word_1_393' title='bbox 3135 2521 3429 2587; x_wconf 87' lang='lat' dir='ltr'><strong>vindicent,</strong></span> <span class='ocrx_word' id='word_1_394' title='bbox 3479 2521 3652 2576; x_wconf 90' lang='lat' dir='ltr'><strong>morti</strong></span> <span class='ocrx_word' id='word_1_395' title='bbox 3685 2534 3792 2576; x_wconf 89' lang='lat' dir='ltr'><strong>non</strong></span> 
     </span>
    </p>
   </div>
   <div class='ocr_carea' id='block_1_56' title="bbox 2198 2611 3795 2686">
    <p class='ocr_par' dir='ltr' id='par_1_56' title="bbox 2198 2611 3795 2686">
     <span class='ocr_line' id='line_1_56' title="bbox 2198 2611 3795 2686; baseline -0.004 -14"><span class='ocrx_word' id='word_1_396' title='bbox 2198 2617 2373 2682; x_wconf 87' lang='lat' dir='ltr'><strong>datur,</strong></span> <span class='ocrx_word' id='word_1_397' title='bbox 2397 2614 2551 2685; x_wconf 83' lang='lat' dir='ltr'><strong>cujus</strong></span> <span class='ocrx_word' id='word_1_398' title='bbox 2590 2615 2720 2670; x_wconf 88' lang='lat' dir='ltr'><strong>vitia</strong></span> <span class='ocrx_word' id='word_1_399' title='bbox 2758 2622 3076 2686; x_wconf 85' lang='lat' dir='ltr'><strong>purgantur.</strong></span> <span class='ocrx_word' id='word_1_400' title='bbox 3114 2611 3298 2685; x_wconf 83' lang='lat' dir='ltr'><strong>(Aue.)</strong></span> <span class='ocrx_word' id='word_1_401' title='bbox 3326 2611 3484 2683; x_wconf 72' lang='lat' dir='ltr'><strong>Saepe</strong></span> <span class='ocrx_word' id='word_1_402' title='bbox 3516 2621 3795 2682; x_wconf 84' lang='lat' dir='ltr'><strong>paterper</strong></span> 
     </span>
    </p>
   </div>
   <div class='ocr_carea' id='block_1_57' title="bbox 2199 2702 3793 2777">
    <p class='ocr_par' dir='ltr' id='par_1_57' title="bbox 2199 2702 3793 2777">
     <span class='ocr_line' id='line_1_57' title="bbox 2199 2702 3793 2777; baseline -0.004 -15"><span class='ocrx_word' id='word_1_403' title='bbox 2199 2721 2433 2777; x_wconf 88' lang='lat' dir='ltr'><strong>nequam</strong></span> <span class='ocrx_word' id='word_1_404' title='bbox 2454 2719 2639 2762; x_wconf 89' lang='lat' dir='ltr'><strong>servos</strong></span> <span class='ocrx_word' id='word_1_405' title='bbox 2660 2705 2910 2761; x_wconf 88' lang='lat' dir='ltr'><strong>emendat</strong></span> <span class='ocrx_word' id='word_1_406' title='bbox 2935 2702 3091 2769; x_wconf 88' lang='lat' dir='ltr'><strong>ﬁlios,</strong></span> <span class='ocrx_word' id='word_1_407' title='bbox 3134 2719 3256 2760; x_wconf 90' lang='lat' dir='ltr'><strong>cum</strong></span> <span class='ocrx_word' id='word_1_408' title='bbox 3290 2703 3394 2758; x_wconf 90' lang='lat' dir='ltr'><strong>illis</strong></span> <span class='ocrx_word' id='word_1_409' title='bbox 3429 2717 3681 2772; x_wconf 69' lang='lat' dir='ltr'><strong>poenam,</strong></span> <span class='ocrx_word' id='word_1_410' title='bbox 3707 2703 3793 2756; x_wconf 88' lang='lat' dir='ltr'><strong>his</strong></span> 
     </span>
    </p>
   </div>
   <div class='ocr_carea' id='block_1_58' title="bbox 2199 2793 3791 2866">
    <p class='ocr_par' dir='ltr' id='par_1_58' title="bbox 2199 2793 3791 2866">
     <span class='ocr_line' id='line_1_58' title="bbox 2199 2793 3791 2866; baseline -0.004 -15"><span class='ocrx_word' id='word_1_411' title='bbox 2199 2803 2468 2866; x_wconf 62' lang='lat' dir='ltr'><strong>praeparet</strong></span> <span class='ocrx_word' id='word_1_412' title='bbox 2513 2795 2908 2851; x_wconf 59' lang='lat' dir='ltr'><strong>hereditatem.</strong></span> <span class='ocrx_word' id='word_1_413' title='bbox 2956 2793 3086 2860; x_wconf 63' lang='lat' dir='ltr'><strong>Quae</strong></span> <span class='ocrx_word' id='word_1_414' title='bbox 3122 2793 3194 2848; x_wconf 85' lang='lat' dir='ltr'><strong>sit</strong></span> <span class='ocrx_word' id='word_1_415' title='bbox 3239 2801 3418 2848; x_wconf 87' lang='lat' dir='ltr'><strong>autem</strong></span> <span class='ocrx_word' id='word_1_416' title='bbox 3470 2793 3791 2856; x_wconf 61' lang='lat' dir='ltr'><strong>hereditas,</strong></span> 
     </span>
    </p>
   </div>
   <div class='ocr_carea' id='block_1_59' title="bbox 2201 2883 3793 2958">
    <p class='ocr_par' dir='ltr' id='par_1_59' title="bbox 2201 2883 3793 2958">
     <span class='ocr_line' id='line_1_59' title="bbox 2201 2883 3793 2958; baseline -0.005 -15"><span class='ocrx_word' id='word_1_417' title='bbox 2201 2887 2330 2944; x_wconf 90' lang='lat' dir='ltr'><strong>hinc</strong></span> <span class='ocrx_word' id='word_1_418' title='bbox 2354 2893 2531 2957; x_wconf 88' lang='lat' dir='ltr'><strong>potest</strong></span> <span class='ocrx_word' id='word_1_419' title='bbox 2571 2885 2822 2958; x_wconf 81' lang='lat' dir='ltr'><strong>cognosci</strong></span> <span class='ocrx_word' id='word_1_420' title='bbox 2865 2901 2880 2940; x_wconf 90' lang='lat'><strong>:</strong></span> <span class='ocrx_word' id='word_1_421' title='bbox 2930 2884 3139 2956; x_wconf 81' lang='lat' dir='ltr'><strong>Aperite</strong></span> <span class='ocrx_word' id='word_1_422' title='bbox 3183 2895 3382 2955; x_wconf 80' lang='lat' dir='ltr'><strong>portas.</strong></span> <span class='ocrx_word' id='word_1_423' title='bbox 3431 2883 3577 2950; x_wconf 85' lang='lat' dir='ltr'><strong>Quid</strong></span> <span class='ocrx_word' id='word_1_424' title='bbox 3608 2883 3793 2940; x_wconf 77' lang='lat' dir='ltr'><strong>intus?</strong></span> 
     </span>
    </p>
   </div>
   <div class='ocr_carea' id='block_1_60' title="bbox 2201 2975 2818 3048">
    <p class='ocr_par' dir='ltr' id='par_1_60' title="bbox 2201 2975 2818 3048">
     <span class='ocr_line' id='line_1_60' title="bbox 2201 2975 2818 3048; baseline -0.005 -16"><span class='ocrx_word' id='word_1_425' title='bbox 2201 2976 2478 3048; x_wconf 87' lang='lat' dir='ltr'><strong>Ingressus</strong></span> <span class='ocrx_word' id='word_1_426' title='bbox 2513 2975 2818 3046; x_wconf 76' lang='lat' dir='ltr'><strong>conﬁtebor.</strong></span> 
     </span>
    </p>
   </div>
   <div class='ocr_carea' id='block_1_61' title="bbox 2277 3054 3796 3138">
    <p class='ocr_par' dir='ltr' id='par_1_61' title="bbox 2277 3054 3796 3138">
     <span class='ocr_line' id='line_1_61' title="bbox 2277 3054 3796 3138; baseline -0.003 -16"><span class='ocrx_word' id='word_1_427' title='bbox 2277 3067 2439 3126; x_wconf 76' lang='lat' dir='ltr'><strong>Vsus.</strong></span> <span class='ocrx_word' id='word_1_428' title='bbox 2471 3069 2558 3125; x_wconf 85' lang='grc'><strong>19.</strong></span> <span class='ocrx_word' id='word_1_429' title='bbox 2588 3054 2659 3108; x_wconf 62' lang='grc' dir='ltr'><strong>ἔ-</strong></span> <span class='ocrx_word' id='word_1_430' title='bbox 2687 3067 2916 3138; x_wconf 80' lang='lat' dir='ltr'><strong>Aperite.</strong></span> <span class='ocrx_word' id='word_1_431' title='bbox 2967 3064 3168 3138; x_wconf 63' lang='lat' dir='ltr'><strong>(Cass)</strong></span> <span class='ocrx_word' id='word_1_432' title='bbox 3211 3064 3396 3120; x_wconf 89' lang='lat' dir='ltr'><strong>Tertio</strong></span> <span class='ocrx_word' id='word_1_433' title='bbox 3422 3073 3618 3136; x_wconf 85' lang='lat' dir='ltr'><strong>portas</strong></span> <span class='ocrx_word' id='word_1_434' title='bbox 3639 3063 3796 3119; x_wconf 80' lang='lat' dir='ltr'><strong>Jeru-</strong></span> 
     </span>
    </p>
   </div>
   <div class='ocr_carea' id='block_1_62' title="bbox 2205 3155 3794 3230">
    <p class='ocr_par' dir='ltr' id='par_1_62' title="bbox 2205 3155 3794 3230">
     <span class='ocr_line' id='line_1_62' title="bbox 2205 3155 3794 3230; baseline -0.003 -15"><span class='ocrx_word' id='word_1_435' title='bbox 2205 3159 2378 3215; x_wconf 87' lang='lat' dir='ltr'><strong>salem</strong></span> <span class='ocrx_word' id='word_1_436' title='bbox 2415 3156 2616 3230; x_wconf 89' lang='lat' dir='ltr'><strong>aperiri</strong></span> <span class='ocrx_word' id='word_1_437' title='bbox 2662 3156 2764 3213; x_wconf 85' lang='lat' dir='ltr'><strong>sibi</strong></span> <span class='ocrx_word' id='word_1_438' title='bbox 2813 3156 2983 3226; x_wconf 90' lang='lat' dir='ltr'><strong>cupit,</strong></span> <span class='ocrx_word' id='word_1_439' title='bbox 3027 3155 3121 3210; x_wconf 93' lang='lat' dir='ltr'><strong>ubi</strong></span> <span class='ocrx_word' id='word_1_440' title='bbox 3151 3155 3283 3210; x_wconf 88' lang='lat' dir='ltr'><strong>dicit</strong></span> <span class='ocrx_word' id='word_1_441' title='bbox 3323 3164 3380 3210; x_wconf 90' lang='lat' dir='ltr'><strong>et</strong></span> <span class='ocrx_word' id='word_1_442' title='bbox 3424 3155 3493 3211; x_wconf 91' lang='lat' dir='ltr'><strong>de</strong></span> <span class='ocrx_word' id='word_1_443' title='bbox 3541 3155 3794 3227; x_wconf 78' lang='lat' dir='ltr'><strong>angulari</strong></span> 
     </span>
    </p>
   </div>
   <div class='ocr_carea' id='block_1_63' title="bbox 2129 3221 3793 3322">
    <p class='ocr_par' dir='ltr' id='par_1_63' title="bbox 2129 3221 3793 3322">
     <span class='ocr_line' id='line_1_63' title="bbox 2129 3221 3793 3322; baseline -0.004 -16"><span class='ocrx_word' id='word_1_444' title='bbox 2129 3221 2175 3287; x_wconf 67' lang='grc' dir='ltr'>Ο</span> <span class='ocrx_word' id='word_1_445' title='bbox 2207 3250 2403 3322; x_wconf 90' lang='lat' dir='ltr'><strong>lapide.</strong></span> <span class='ocrx_word' id='word_1_446' title='bbox 2431 3221 2672 3320; x_wconf 51' lang='lat' dir='ltr'><strong>Aperite,</strong></span> <span class='ocrx_word' id='word_1_447' title='bbox 2699 3263 2732 3302; x_wconf 92' lang='grc' dir='ltr'>ο</span> <span class='ocrx_word' id='word_1_448' title='bbox 2756 3221 3050 3318; x_wconf 58' lang='lat' dir='ltr'><strong>propheta,</strong></span> <span class='ocrx_word' id='word_1_449' title='bbox 3082 3245 3175 3316; x_wconf 92' lang='lat' dir='ltr'><strong>qui</strong></span> <span class='ocrx_word' id='word_1_450' title='bbox 3204 3246 3430 3316; x_wconf 86' lang='lat' dir='ltr'><strong>portatis</strong></span> <span class='ocrx_word' id='word_1_451' title='bbox 3473 3221 3661 3301; x_wconf 70' lang='lat' dir='ltr'><strong>claves</strong></span> <span class='ocrx_word' id='word_1_452' title='bbox 3702 3261 3793 3300; x_wconf 85' lang='lat' dir='ltr'><strong>re-</strong></span> 
     </span>
    </p>
   </div>
   <div class='ocr_carea' id='block_1_64' title="bbox 595 3337 3795 3416">
    <p class='ocr_par' dir='ltr' id='par_1_64' title="bbox 595 3337 3795 3416">
     <span class='ocr_line' id='line_1_64' title="bbox 595 3337 3795 3416; baseline 0.002 -23"><span class='ocrx_word' id='word_1_453' title='bbox 595 3337 757 3395; x_wconf 77' lang='lat' dir='ltr'><strong>Vens.</strong></span> <span class='ocrx_word' id='word_1_454' title='bbox 780 3339 833 3394; x_wconf 76' lang='grc'><strong>2.</strong></span> <span class='ocrx_word' id='word_1_455' title='bbox 859 3340 1108 3397; x_wconf 86' lang='lat' dir='ltr'><strong>-—Dicat</strong></span> <span class='ocrx_word' id='word_1_456' title='bbox 1144 3359 1302 3397; x_wconf 87' lang='lat' dir='ltr'><strong>nunc.</strong></span> <span class='ocrx_word' id='word_1_457' title='bbox 1355 3341 1480 3414; x_wconf 87' lang='lat' dir='ltr'><strong>(ln.)</strong></span> <span class='ocrx_word' id='word_1_458' title='bbox 1506 3343 1576 3400; x_wconf 88' lang='lat' dir='ltr'><strong>Ut</strong></span> <span class='ocrx_word' id='word_1_459' title='bbox 1619 3358 1721 3415; x_wconf 91' lang='lat' dir='ltr'><strong>ego</strong></span> <span class='ocrx_word' id='word_1_460' title='bbox 1760 3357 1876 3412; x_wconf 85' lang='lat' dir='ltr'><strong>vos,</strong></span> <span class='ocrx_word' id='word_1_461' title='bbox 1907 3343 1983 3400; x_wconf 87' lang='lat' dir='ltr'><strong>ita</strong></span> <span class='ocrx_word' id='word_1_462' title='bbox 2008 3358 2108 3404; x_wconf 84' lang='lat' dir='ltr'><strong>vos</strong></span> <span class='ocrx_word' id='word_1_463' title='bbox 2206 3347 2297 3416; x_wconf 90' lang='lat' dir='ltr'><strong>gni</strong></span> <span class='ocrx_word' id='word_1_464' title='bbox 2339 3344 2621 3401; x_wconf 74' lang='lat' dir='ltr'><strong>scelerum.</strong></span> <span class='ocrx_word' id='word_1_465' title='bbox 2653 3343 2864 3399; x_wconf 78' lang='lat' dir='ltr'><strong>Portus.</strong></span> <span class='ocrx_word' id='word_1_466' title='bbox 2910 3342 3115 3414; x_wconf 72' lang='lat' dir='ltr'><strong>(Cass.,</strong></span> <span class='ocrx_word' id='word_1_467' title='bbox 3145 3341 3329 3414; x_wconf 73' lang='lat' dir='ltr'><strong>litt-1n.)</strong></span> <span class='ocrx_word' id='word_1_468' title='bbox 3379 3341 3485 3400; x_wconf 86' lang='lat' dir='ltr'><strong>Per</strong></span> <span class='ocrx_word' id='word_1_469' title='bbox 3517 3344 3622 3398; x_wconf 84' lang='lat' dir='ltr'><strong>has</strong></span> <span class='ocrx_word' id='word_1_470' title='bbox 3665 3358 3795 3413; x_wconf 85' lang='lat' dir='ltr'><strong>por-</strong></span> 
     </span>
    </p>
   </div>
   <div class='ocr_carea' id='block_1_65' title="bbox 526 3431 2102 3503">
    <p class='ocr_par' dir='ltr' id='par_1_65' title="bbox 526 3431 2102 3503">
     <span class='ocr_line' id='line_1_65' title="bbox 526 3431 2102 3503; baseline 0.003 -15"><span class='ocrx_word' id='word_1_471' title='bbox 526 3431 760 3490; x_wconf 91' lang='lat' dir='ltr'><strong>invicem</strong></span> <span class='ocrx_word' id='word_1_472' title='bbox 808 3441 1070 3501; x_wconf 90' lang='lat' dir='ltr'><strong>monete;</strong></span> <span class='ocrx_word' id='word_1_473' title='bbox 1121 3434 1227 3501; x_wconf 84' lang='lat' dir='ltr'><strong>vel,</strong></span> <span class='ocrx_word' id='word_1_474' title='bbox 1275 3435 1452 3501; x_wconf 83' lang='lat' dir='ltr'><strong>dicat,</strong></span> <span class='ocrx_word' id='word_1_475' title='bbox 1509 3436 1564 3491; x_wconf 91' lang='lat' dir='ltr'><strong>id</strong></span> <span class='ocrx_word' id='word_1_476' title='bbox 1610 3443 1713 3503; x_wconf 89' lang='lat' dir='ltr'><strong>est,</strong></span> <span class='ocrx_word' id='word_1_477' title='bbox 1763 3435 2102 3494; x_wconf 88' lang='lat' dir='ltr'><strong>conﬁteatur.</strong></span> 
     </span>
    </p>
   </div>
   <div class='ocr_carea' id='block_1_66' title="bbox 594 3525 2102 3599">
    <p class='ocr_par' dir='ltr' id='par_1_66' title="bbox 594 3525 2102 3599">
     <span class='ocr_line' id='line_1_66' title="bbox 594 3525 2102 3599; baseline 0.003 -19"><span class='ocrx_word' id='word_1_478' title='bbox 594 3525 855 3592; x_wconf 81' lang='lat' dir='ltr'><strong>Quoniam</strong></span> <span class='ocrx_word' id='word_1_479' title='bbox 875 3527 931 3582; x_wconf 85' lang='lat' dir='ltr'><strong>in</strong></span> <span class='ocrx_word' id='word_1_480' title='bbox 943 3526 1216 3583; x_wconf 73' lang='lat' dir='ltr'><strong>steculum.</strong></span> <span class='ocrx_word' id='word_1_481' title='bbox 1235 3527 1378 3584; x_wconf 88' lang='lat' dir='ltr'><strong>Ecce</strong></span> <span class='ocrx_word' id='word_1_482' title='bbox 1393 3536 1624 3599; x_wconf 86' lang='lat' dir='ltr'><strong>quatuor</strong></span> <span class='ocrx_word' id='word_1_483' title='bbox 1646 3544 1834 3587; x_wconf 88' lang='lat' dir='ltr'><strong>versus</strong></span> <span class='ocrx_word' id='word_1_484' title='bbox 1854 3530 2102 3587; x_wconf 87' lang='lat' dir='ltr'><strong>uniﬁnes.</strong></span> 
     </span>
    </p>
   </div>
   <div class='ocr_carea' id='block_1_67' title="bbox 2206 3432 3794 3506">
    <p class='ocr_par' dir='ltr' id='par_1_67' title="bbox 2206 3432 3794 3506">
     <span class='ocr_line' id='line_1_67' title="bbox 2206 3432 3794 3506; baseline -0.002 -15"><span class='ocrx_word' id='word_1_485' title='bbox 2206 3444 2292 3491; x_wconf 89' lang='lat' dir='ltr'><strong>tas</strong></span> <span class='ocrx_word' id='word_1_486' title='bbox 2315 3434 2577 3490; x_wconf 72' lang='lat' dir='ltr'><strong>doctrina:</strong></span> <span class='ocrx_word' id='word_1_487' title='bbox 2601 3433 2829 3506; x_wconf 87' lang='lat' dir='ltr'><strong>ingressi</strong></span> <span class='ocrx_word' id='word_1_488' title='bbox 2861 3447 2990 3488; x_wconf 91' lang='lat' dir='ltr'><strong>vere</strong></span> <span class='ocrx_word' id='word_1_489' title='bbox 3023 3432 3280 3499; x_wconf 87' lang='lat' dir='ltr'><strong>laudant;</strong></span> <span class='ocrx_word' id='word_1_490' title='bbox 3312 3443 3468 3488; x_wconf 77' lang='lat' dir='ltr'><strong>extra</strong></span> <span class='ocrx_word' id='word_1_491' title='bbox 3487 3433 3794 3490; x_wconf 84' lang='lat' dir='ltr'><strong>Ecclesiam</strong></span> 
     </span>
    </p>
   </div>
   <div class='ocr_carea' id='block_1_68' title="bbox 2207 3524 3797 3598">
    <p class='ocr_par' dir='ltr' id='par_1_68' title="bbox 2207 3524 3797 3598">
     <span class='ocr_line' id='line_1_68' title="bbox 2207 3524 3797 3598; baseline -0.001 -15"><span class='ocrx_word' id='word_1_492' title='bbox 2207 3525 2528 3583; x_wconf 87' lang='lat' dir='ltr'><strong>catholicam</strong></span> <span class='ocrx_word' id='word_1_493' title='bbox 2575 3540 2683 3582; x_wconf 92' lang='lat' dir='ltr'><strong>non</strong></span> <span class='ocrx_word' id='word_1_494' title='bbox 2723 3533 2809 3580; x_wconf 91' lang='lat' dir='ltr'><strong>est</strong></span> <span class='ocrx_word' id='word_1_495' title='bbox 2853 3524 2970 3580; x_wconf 89' lang='lat' dir='ltr'><strong>laus</strong></span> <span class='ocrx_word' id='word_1_496' title='bbox 3023 3525 3138 3580; x_wconf 91' lang='lat' dir='ltr'><strong>Dei.</strong></span> <span class='ocrx_word' id='word_1_497' title='bbox 3191 3525 3399 3598; x_wconf 66' lang='lat' dir='ltr'><strong>(Cass)</strong></span> <span class='ocrx_word' id='word_1_498' title='bbox 3456 3525 3550 3580; x_wconf 67' lang='lat' dir='ltr'><strong>Hae</strong></span> <span class='ocrx_word' id='word_1_499' title='bbox 3601 3542 3797 3582; x_wconf 83' lang='lat' dir='ltr'><strong>omnes</strong></span> 
     </span>
    </p>
   </div>
   <div class='ocr_carea' id='block_1_69' title="bbox 591 3610 3796 3694">
    <p class='ocr_par' dir='ltr' id='par_1_69' title="bbox 591 3610 3796 3694">
     <span class='ocr_line' id='line_1_69' title="bbox 591 3610 3796 3694; baseline -0.001 -18"><span class='ocrx_word' id='word_1_500' title='bbox 591 3620 758 3676; x_wconf 76' lang='lat' dir='ltr'><strong>Vsus.</strong></span> <span class='ocrx_word' id='word_1_501' title='bbox 787 3620 842 3676; x_wconf 83' lang='lat'><strong>5.</strong></span> <span class='ocrx_word' id='word_1_502' title='bbox 874 3651 945 3660; x_wconf 99' lang='lat'>—</span> <span class='ocrx_word' id='word_1_503' title='bbox 969 3619 1046 3676; x_wconf 82' lang='lat' dir='ltr'><strong>De</strong></span> <span class='ocrx_word' id='word_1_504' title='bbox 1085 3610 1437 3676; x_wconf 81' lang='lat' dir='ltr'><strong>tribulatione.</strong></span> <span class='ocrx_word' id='word_1_505' title='bbox 1496 3620 1628 3694; x_wconf 86' lang='lat' dir='ltr'><strong>(ln.)</strong></span> <span class='ocrx_word' id='word_1_506' title='bbox 1675 3621 1991 3694; x_wconf 79' lang='lat' dir='ltr'><strong>Exemplum</strong></span> <span class='ocrx_word' id='word_1_507' title='bbox 2039 3621 2108 3679; x_wconf 86' lang='lat' dir='ltr'><strong>de</strong></span> <span class='ocrx_word' id='word_1_508' title='bbox 2204 3629 2378 3691; x_wconf 69' lang='lat' dir='ltr'><strong>portat</strong></span> <span class='ocrx_word' id='word_1_509' title='bbox 2405 3620 2610 3676; x_wconf 91' lang='lat' dir='ltr'><strong>ducunt</strong></span> <span class='ocrx_word' id='word_1_510' title='bbox 2630 3619 2698 3676; x_wconf 87' lang='lat' dir='ltr'><strong>ad</strong></span> <span class='ocrx_word' id='word_1_511' title='bbox 2727 3633 2912 3686; x_wconf 89' lang='lat' dir='ltr'><strong>unam,</strong></span> <span class='ocrx_word' id='word_1_512' title='bbox 2947 3633 3068 3689; x_wconf 69' lang='lat' dir='ltr'><strong>qua:</strong></span> <span class='ocrx_word' id='word_1_513' title='bbox 3103 3629 3187 3674; x_wconf 90' lang='lat' dir='ltr'><strong>est</strong></span> <span class='ocrx_word' id='word_1_514' title='bbox 3214 3617 3482 3686; x_wconf 88' lang='lat' dir='ltr'><strong>Christus,</strong></span> <span class='ocrx_word' id='word_1_515' title='bbox 3508 3635 3796 3692; x_wconf 80' lang='lat' dir='ltr'><strong>perquam</strong></span> 
     </span>
    </p>
   </div>
   <div class='ocr_carea' id='block_1_70' title="bbox 530 3710 1820 3782">
    <p class='ocr_par' dir='ltr' id='par_1_70' title="bbox 530 3710 1820 3782">
     <span class='ocr_line' id='line_1_70' title="bbox 530 3710 1820 3782; baseline 0.002 -16"><span class='ocrx_word' id='word_1_516' title='bbox 530 3723 589 3766; x_wconf 87' lang='lat' dir='ltr'><strong>se</strong></span> <span class='ocrx_word' id='word_1_517' title='bbox 609 3711 780 3782; x_wconf 88' lang='lat' dir='ltr'><strong>ponit,</strong></span> <span class='ocrx_word' id='word_1_518' title='bbox 805 3720 867 3766; x_wconf 90' lang='lat' dir='ltr'><strong>ut</strong></span> <span class='ocrx_word' id='word_1_519' title='bbox 894 3710 1030 3768; x_wconf 92' lang='lat' dir='ltr'><strong>alios</strong></span> <span class='ocrx_word' id='word_1_520' title='bbox 1059 3712 1126 3768; x_wconf 89' lang='lat' dir='ltr'><strong>ad</strong></span> <span class='ocrx_word' id='word_1_521' title='bbox 1157 3713 1586 3770; x_wconf 89' lang='lat' dir='ltr'><strong>misericordiam</strong></span> <span class='ocrx_word' id='word_1_522' title='bbox 1611 3714 1820 3770; x_wconf 91' lang='lat' dir='ltr'><strong>invitet.</strong></span> 
     </span>
    </p>
   </div>
   <div class='ocr_carea' id='block_1_71' title="bbox 592 3803 2105 3879">
    <p class='ocr_par' dir='ltr' id='par_1_71' title="bbox 592 3803 2105 3879">
     <span class='ocr_line' id='line_1_71' title="bbox 592 3803 2105 3879; baseline 0.004 -20"><span class='ocrx_word' id='word_1_523' title='bbox 592 3804 756 3859; x_wconf 73' lang='lat' dir='ltr'><strong>Vens.</strong></span> <span class='ocrx_word' id='word_1_524' title='bbox 780 3803 835 3860; x_wconf 85' lang='lat'><strong>6.</strong></span> <span class='ocrx_word' id='word_1_525' title='bbox 863 3804 1210 3861; x_wconf 87' lang='lat' dir='ltr'><strong>—Dominus</strong></span> <span class='ocrx_word' id='word_1_526' title='bbox 1253 3807 1383 3860; x_wconf 81' lang='lat' dir='ltr'><strong>mihi</strong></span> <span class='ocrx_word' id='word_1_527' title='bbox 1429 3807 1662 3877; x_wconf 86' lang='lat' dir='ltr'><strong>adjutor.</strong></span> <span class='ocrx_word' id='word_1_528' title='bbox 1711 3805 1834 3879; x_wconf 72' lang='grc' dir='ltr'><strong>(ιιι.)</strong></span> <span class='ocrx_word' id='word_1_529' title='bbox 1879 3807 2024 3864; x_wconf 86' lang='lat' dir='ltr'><strong>Idem</strong></span> <span class='ocrx_word' id='word_1_530' title='bbox 2049 3809 2105 3865; x_wconf 89' lang='lat' dir='ltr'><strong>in</strong></span> 
     </span>
    </p>
   </div>
   <div class='ocr_carea' id='block_1_72' title="bbox 528 3894 1390 3964">
    <p class='ocr_par' dir='ltr' id='par_1_72' title="bbox 528 3894 1390 3964">
     <span class='ocr_line' id='line_1_72' title="bbox 528 3894 1390 3964; baseline 0.001 -16"><span class='ocrx_word' id='word_1_531' title='bbox 528 3894 738 3948; x_wconf 88' lang='lat' dir='ltr'><strong>duobus</strong></span> <span class='ocrx_word' id='word_1_532' title='bbox 757 3894 1101 3964; x_wconf 86' lang='lat' dir='ltr'><strong>principium.</strong></span> <span class='ocrx_word' id='word_1_533' title='bbox 1385 3922 1390 3926; x_wconf 85' lang='lat'><strong><em>~</em></strong></span> 
     </span>
    </p>
   </div>
   <div class='ocr_carea' id='block_1_73' title="bbox 593 3981 2102 4060">
    <p class='ocr_par' dir='ltr' id='par_1_73' title="bbox 593 3981 2102 4060">
     <span class='ocr_line' id='line_1_73' title="bbox 593 3981 2102 4060; baseline 0.007 -26"><span class='ocrx_word' id='word_1_534' title='bbox 593 3981 757 4036; x_wconf 75' lang='lat' dir='ltr'><strong>Vens.</strong></span> <span class='ocrx_word' id='word_1_535' title='bbox 802 3982 854 4035; x_wconf 89' lang='lat'><strong>7.</strong></span> <span class='ocrx_word' id='word_1_536' title='bbox 887 3983 1293 4052; x_wconf 84' lang='lat' dir='ltr'><strong>-—Despiciam.</strong></span> <span class='ocrx_word' id='word_1_537' title='bbox 1343 3985 1493 4042; x_wconf 82' lang='lat' dir='ltr'><strong>Alias</strong></span> <span class='ocrx_word' id='word_1_538' title='bbox 1544 3987 1745 4044; x_wconf 77' lang='lat' dir='ltr'><strong>uidebo.</strong></span> <span class='ocrx_word' id='word_1_539' title='bbox 1792 3987 1936 4060; x_wconf 74' lang='grc' dir='ltr'><strong>(ιο.)</strong></span> <span class='ocrx_word' id='word_1_540' title='bbox 1981 3987 2102 4057; x_wconf 83' lang='lat' dir='ltr'><strong>Hic,</strong></span> 
     </span>
    </p>
   </div>
   <div class='ocr_carea' id='block_1_74' title="bbox 521 4072 2102 4136">
    <p class='ocr_par' dir='ltr' id='par_1_74' title="bbox 521 4072 2102 4136">
     <span class='ocr_line' id='line_1_74' title="bbox 521 4072 2102 4136; baseline 0.005 -8"><span class='ocrx_word' id='word_1_541' title='bbox 521 4080 582 4128; x_wconf 93' lang='lat' dir='ltr'><strong>ut</strong></span> <span class='ocrx_word' id='word_1_542' title='bbox 607 4072 772 4128; x_wconf 85' lang='lat' dir='ltr'><strong>tutior</strong></span> <span class='ocrx_word' id='word_1_543' title='bbox 791 4081 844 4128; x_wconf 91' lang='lat' dir='ltr'><strong>et</strong></span> <span class='ocrx_word' id='word_1_544' title='bbox 866 4073 1076 4128; x_wconf 89' lang='lat' dir='ltr'><strong>cautior</strong></span> <span class='ocrx_word' id='word_1_545' title='bbox 1105 4072 1251 4128; x_wconf 85' lang='lat' dir='ltr'><strong>ﬁam.</strong></span> <span class='ocrx_word' id='word_1_546' title='bbox 1277 4073 1528 4131; x_wconf 83' lang='lat' dir='ltr'><strong>Inimicos</strong></span> <span class='ocrx_word' id='word_1_547' title='bbox 1548 4093 1710 4132; x_wconf 87' lang='lat' dir='ltr'><strong>meos.</strong></span> <span class='ocrx_word' id='word_1_548' title='bbox 1741 4079 2102 4136; x_wconf 86' lang='lat' dir='ltr'><strong>Damnandos.</strong></span> 
     </span>
    </p>
   </div>
   <div class='ocr_carea' id='block_1_75' title="bbox 595 4163 2104 4238">
    <p class='ocr_par' dir='ltr' id='par_1_75' title="bbox 595 4163 2104 4238">
     <span class='ocr_line' id='line_1_75' title="bbox 595 4163 2104 4238; baseline 0.004 -18"><span class='ocrx_word' id='word_1_549' title='bbox 595 4164 758 4220; x_wconf 75' lang='lat' dir='ltr'><strong>Vsus.</strong></span> <span class='ocrx_word' id='word_1_550' title='bbox 801 4165 854 4220; x_wconf 91' lang='lat'><strong>8.</strong></span> <span class='ocrx_word' id='word_1_551' title='bbox 885 4163 1182 4218; x_wconf 87' lang='lat' dir='ltr'><strong>——Bonunt</strong></span> <span class='ocrx_word' id='word_1_552' title='bbox 1247 4175 1343 4220; x_wconf 88' lang='lat' dir='ltr'><strong>est.</strong></span> <span class='ocrx_word' id='word_1_553' title='bbox 1394 4165 1519 4238; x_wconf 87' lang='lat' dir='ltr'><strong>(ln.)</strong></span> <span class='ocrx_word' id='word_1_554' title='bbox 1566 4167 1846 4235; x_wconf 87' lang='lat' dir='ltr'><strong>Secundo,</strong></span> <span class='ocrx_word' id='word_1_555' title='bbox 1891 4170 1946 4224; x_wconf 90' lang='lat' dir='ltr'><strong>in</strong></span> <span class='ocrx_word' id='word_1_556' title='bbox 1991 4168 2104 4227; x_wconf 87' lang='lat' dir='ltr'><strong>solo</strong></span> 
     </span>
    </p>
   </div>
   <div class='ocr_carea' id='block_1_76' title="bbox 523 4257 2102 4335">
    <p class='ocr_par' dir='ltr' id='par_1_76' title="bbox 523 4257 2102 4335">
     <span class='ocr_line' id='line_1_76' title="bbox 523 4257 2102 4335; baseline 0.003 -21"><span class='ocrx_word' id='word_1_557' title='bbox 523 4260 635 4314; x_wconf 92' lang='lat' dir='ltr'><strong>Deo</strong></span> <span class='ocrx_word' id='word_1_558' title='bbox 661 4258 795 4313; x_wconf 91' lang='lat' dir='ltr'><strong>dicit</strong></span> <span class='ocrx_word' id='word_1_559' title='bbox 835 4257 1234 4324; x_wconf 89' lang='lat' dir='ltr'><strong>conﬁdendum,</strong></span> <span class='ocrx_word' id='word_1_560' title='bbox 1283 4273 1382 4328; x_wconf 87' lang='lat' dir='ltr'><strong>per</strong></span> <span class='ocrx_word' id='word_1_561' title='bbox 1428 4275 1588 4330; x_wconf 90' lang='lat' dir='ltr'><strong>quem</strong></span> <span class='ocrx_word' id='word_1_562' title='bbox 1636 4261 1948 4318; x_wconf 88' lang='lat' dir='ltr'><strong>inimicitias</strong></span> <span class='ocrx_word' id='word_1_563' title='bbox 1975 4276 2102 4335; x_wconf 92' lang='lat' dir='ltr'><strong>gen-</strong></span> 
     </span>
    </p>
   </div>
   <div class='ocr_carea' id='block_1_77' title="bbox 522 4347 1990 4414">
    <p class='ocr_par' dir='ltr' id='par_1_77' title="bbox 522 4347 1990 4414">
     <span class='ocr_line' id='line_1_77' title="bbox 522 4347 1990 4414; baseline -0.002 -9"><span class='ocrx_word' id='word_1_564' title='bbox 522 4353 656 4406; x_wconf 92' lang='lat' dir='ltr'><strong>tium</strong></span> <span class='ocrx_word' id='word_1_565' title='bbox 681 4347 882 4414; x_wconf 89' lang='lat' dir='ltr'><strong>evadit,</strong></span> <span class='ocrx_word' id='word_1_566' title='bbox 905 4356 961 4403; x_wconf 90' lang='lat' dir='ltr'><strong>et</strong></span> <span class='ocrx_word' id='word_1_567' title='bbox 981 4348 1048 4402; x_wconf 93' lang='lat' dir='ltr'><strong>ad</strong></span> <span class='ocrx_word' id='word_1_568' title='bbox 1067 4362 1251 4402; x_wconf 88' lang='lat' dir='ltr'><strong>veram</strong></span> <span class='ocrx_word' id='word_1_569' title='bbox 1276 4349 1444 4404; x_wconf 91' lang='lat' dir='ltr'><strong>vitam</strong></span> <span class='ocrx_word' id='word_1_570' title='bbox 1476 4350 1646 4405; x_wconf 89' lang='lat' dir='ltr'><strong>venit.</strong></span> <span class='ocrx_word' id='word_1_571' title='bbox 1988 4400 1990 4402; x_wconf 85' lang='lat'><strong>.</strong></span> 
     </span>
    </p>
   </div>
   <div class='ocr_carea' id='block_1_78' title="bbox 589 4440 2099 4517">
    <p class='ocr_par' dir='ltr' id='par_1_78' title="bbox 589 4440 2099 4517">
     <span class='ocr_line' id='line_1_78' title="bbox 589 4440 2099 4517; baseline 0.003 -21"><span class='ocrx_word' id='word_1_572' title='bbox 589 4441 754 4496; x_wconf 78' lang='lat' dir='ltr'><strong>Vsus.</strong></span> <span class='ocrx_word' id='word_1_573' title='bbox 783 4441 838 4498; x_wconf 88' lang='lat'><strong>9.</strong></span> <span class='ocrx_word' id='word_1_574' title='bbox 866 4471 934 4482; x_wconf 91' lang='lat'><strong>-</strong></span> <span class='ocrx_word' id='word_1_575' title='bbox 957 4440 1027 4496; x_wconf 91' lang='lat' dir='ltr'><strong>In</strong></span> <span class='ocrx_word' id='word_1_576' title='bbox 1071 4442 1412 4514; x_wconf 79' lang='lat' dir='ltr'><strong>principibus.</strong></span> <span class='ocrx_word' id='word_1_577' title='bbox 1465 4441 1652 4517; x_wconf 79' lang='lat' dir='ltr'><strong>(Ane.)</strong></span> <span class='ocrx_word' id='word_1_578' title='bbox 1684 4442 1930 4516; x_wconf 81' lang='lat' dir='ltr'><strong>Angelis,</strong></span> <span class='ocrx_word' id='word_1_579' title='bbox 1965 4451 2099 4514; x_wconf 90' lang='lat' dir='ltr'><strong>etc.,</strong></span> 
     </span>
    </p>
   </div>
   <div class='ocr_carea' id='block_1_79' title="bbox 523 4532 1909 4606">
    <p class='ocr_par' dir='ltr' id='par_1_79' title="bbox 523 4532 1909 4606">
     <span class='ocr_line' id='line_1_79' title="bbox 523 4532 1909 4606; baseline 0.001 -18"><span class='ocrx_word' id='word_1_580' title='bbox 523 4548 685 4606; x_wconf 79' lang='lat' dir='ltr'><strong>usque</strong></span> <span class='ocrx_word' id='word_1_581' title='bbox 710 4532 778 4586; x_wconf 85' lang='lat' dir='ltr'><strong>ad</strong></span> <span class='ocrx_word' id='word_1_582' title='bbox 799 4532 892 4603; x_wconf 92' lang='lat' dir='ltr'><strong>qui</strong></span> <span class='ocrx_word' id='word_1_583' title='bbox 915 4547 1009 4590; x_wconf 86' lang='lat' dir='ltr'><strong>eos</strong></span> <span class='ocrx_word' id='word_1_584' title='bbox 1036 4548 1136 4604; x_wconf 88' lang='lat' dir='ltr'><strong>pro</strong></span> <span class='ocrx_word' id='word_1_585' title='bbox 1153 4533 1314 4590; x_wconf 93' lang='lat' dir='ltr'><strong>modo</strong></span> <span class='ocrx_word' id='word_1_586' title='bbox 1344 4548 1530 4589; x_wconf 89' lang='lat' dir='ltr'><strong>eorum</strong></span> <span class='ocrx_word' id='word_1_587' title='bbox 1562 4535 1732 4591; x_wconf 89' lang='lat' dir='ltr'><strong>bonos</strong></span> <span class='ocrx_word' id='word_1_588' title='bbox 1759 4534 1909 4590; x_wconf 86' lang='lat' dir='ltr'><strong>facit.</strong></span> 
     </span>
    </p>
   </div>
   <div class='ocr_carea' id='block_1_80' title="bbox 2198 3709 3798 3782">
    <p class='ocr_par' dir='ltr' id='par_1_80' title="bbox 2198 3709 3798 3782">
     <span class='ocr_line' id='line_1_80' title="bbox 2198 3709 3798 3782; baseline -0.002 -14"><span class='ocrx_word' id='word_1_589' title='bbox 2198 3711 2331 3782; x_wconf 81' lang='lat' dir='ltr'><strong>justi</strong></span> <span class='ocrx_word' id='word_1_590' title='bbox 2354 3713 2558 3769; x_wconf 87' lang='lat' dir='ltr'><strong>intrant</strong></span> <span class='ocrx_word' id='word_1_591' title='bbox 2580 3711 2634 3766; x_wconf 91' lang='lat' dir='ltr'><strong>in</strong></span> <span class='ocrx_word' id='word_1_592' title='bbox 2661 3711 2856 3767; x_wconf 66' lang='lat' dir='ltr'><strong>caelum</strong></span> <span class='ocrx_word' id='word_1_593' title='bbox 2880 3728 2896 3777; x_wconf 89' lang='lat'><strong>;</strong></span> <span class='ocrx_word' id='word_1_594' title='bbox 2923 3711 3064 3766; x_wconf 88' lang='lat' dir='ltr'><strong>unde</strong></span> <span class='ocrx_word' id='word_1_595' title='bbox 3095 3729 3110 3764; x_wconf 89' lang='lat'><strong>:</strong></span> <span class='ocrx_word' id='word_1_596' title='bbox 3151 3709 3264 3782; x_wconf 85' lang='lat' dir='ltr'><strong>Ego</strong></span> <span class='ocrx_word' id='word_1_597' title='bbox 3305 3728 3420 3766; x_wconf 88' lang='lat' dir='ltr'><strong>sum</strong></span> <span class='ocrx_word' id='word_1_598' title='bbox 3460 3712 3681 3777; x_wconf 80' lang='lat' dir='ltr'><strong>ostium,</strong></span> <span class='ocrx_word' id='word_1_599' title='bbox 3703 3726 3798 3782; x_wconf 79' lang='lat' dir='ltr'><strong>per</strong></span> 
     </span>
    </p>
   </div>
   <div class='ocr_carea' id='block_1_81' title="bbox 2205 3799 3793 3875">
    <p class='ocr_par' dir='ltr' id='par_1_81' title="bbox 2205 3799 3793 3875">
     <span class='ocr_line' id='line_1_81' title="bbox 2205 3799 3793 3875; baseline -0.001 -17"><span class='ocrx_word' id='word_1_600' title='bbox 2205 3803 2343 3875; x_wconf 85' lang='lat' dir='ltr'><strong>quod</strong></span> <span class='ocrx_word' id='word_1_601' title='bbox 2365 3804 2409 3858; x_wconf 90' lang='lat' dir='ltr'><strong>si</strong></span> <span class='ocrx_word' id='word_1_602' title='bbox 2435 3805 2551 3874; x_wconf 82' lang='lat' dir='ltr'><strong>quis</strong></span> <span class='ocrx_word' id='word_1_603' title='bbox 2571 3802 2854 3867; x_wconf 84' lang='lat' dir='ltr'><strong>introierit,</strong></span> <span class='ocrx_word' id='word_1_604' title='bbox 2886 3799 3060 3855; x_wconf 83' lang='lat' dir='ltr'><strong>salvus</strong></span> <span class='ocrx_word' id='word_1_605' title='bbox 3089 3800 3187 3855; x_wconf 86' lang='lat' dir='ltr'><strong>erit</strong></span> <span class='ocrx_word' id='word_1_606' title='bbox 3211 3800 3394 3873; x_wconf 75' lang='lat' dir='ltr'><strong>(least.</strong></span> <span class='ocrx_word' id='word_1_607' title='bbox 3415 3801 3498 3870; x_wconf 76' lang='grc' dir='ltr'><strong>ι).</strong></span> <span class='ocrx_word' id='word_1_608' title='bbox 3523 3802 3596 3856; x_wconf 86' lang='lat' dir='ltr'><strong>Et</strong></span> <span class='ocrx_word' id='word_1_609' title='bbox 3615 3801 3752 3856; x_wconf 84' lang='lat' dir='ltr'><strong>alibi</strong></span> <span class='ocrx_word' id='word_1_610' title='bbox 3776 3818 3793 3856; x_wconf 93' lang='lat'>:</span> 
     </span>
    </p>
   </div>
   <div class='ocr_carea' id='block_1_82' title="bbox 2207 3888 3793 3962">
    <p class='ocr_par' dir='ltr' id='par_1_82' title="bbox 2207 3888 3793 3962">
     <span class='ocr_line' id='line_1_82' title="bbox 2207 3888 3793 3962; baseline -0.002 -14"><span class='ocrx_word' id='word_1_611' title='bbox 2207 3893 2376 3948; x_wconf 88' lang='lat' dir='ltr'><strong>Nemo</strong></span> <span class='ocrx_word' id='word_1_612' title='bbox 2418 3892 2552 3948; x_wconf 81' lang='lat' dir='ltr'><strong>venit</strong></span> <span class='ocrx_word' id='word_1_613' title='bbox 2598 3891 2667 3946; x_wconf 86' lang='lat' dir='ltr'><strong>ad</strong></span> <span class='ocrx_word' id='word_1_614' title='bbox 2711 3888 2948 3956; x_wconf 83' lang='lat' dir='ltr'><strong>Patrem,</strong></span> <span class='ocrx_word' id='word_1_615' title='bbox 2998 3891 3099 3945; x_wconf 87' lang='lat' dir='ltr'><strong>nisi</strong></span> <span class='ocrx_word' id='word_1_616' title='bbox 3147 3907 3240 3960; x_wconf 85' lang='lat' dir='ltr'><strong>per</strong></span> <span class='ocrx_word' id='word_1_617' title='bbox 3283 3907 3365 3945; x_wconf 83' lang='lat' dir='ltr'><strong>me</strong></span> <span class='ocrx_word' id='word_1_618' title='bbox 3417 3890 3607 3962; x_wconf 80' lang='lat' dir='ltr'><strong>(Ioan.</strong></span> <span class='ocrx_word' id='word_1_619' title='bbox 3654 3892 3793 3961; x_wconf 70' lang='grc' dir='ltr'><strong>ω).</strong></span> 
     </span>
    </p>
   </div>
   <div class='ocr_carea' id='block_1_83' title="bbox 2207 3980 3800 4054">
    <p class='ocr_par' dir='ltr' id='par_1_83' title="bbox 2207 3980 3800 4054">
     <span class='ocr_line' id='line_1_83' title="bbox 2207 3980 3800 4054; baseline 0.002 -17"><span class='ocrx_word' id='word_1_620' title='bbox 2207 3981 2393 4054; x_wconf 57' lang='lat' dir='ltr'><strong>(Ave)</strong></span> <span class='ocrx_word' id='word_1_621' title='bbox 2422 3981 2563 4037; x_wconf 87' lang='lat' dir='ltr'><strong>Ecce</strong></span> <span class='ocrx_word' id='word_1_622' title='bbox 2591 3981 2658 4036; x_wconf 90' lang='lat' dir='ltr'><strong>de</strong></span> <span class='ocrx_word' id='word_1_623' title='bbox 2688 3989 2919 4050; x_wconf 90' lang='lat' dir='ltr'><strong>utroque</strong></span> <span class='ocrx_word' id='word_1_624' title='bbox 2945 3980 3142 4036; x_wconf 70' lang='lat' dir='ltr'><strong>saeculo</strong></span> <span class='ocrx_word' id='word_1_625' title='bbox 3171 3982 3498 4037; x_wconf 88' lang='lat' dir='ltr'><strong>mentionem</strong></span> <span class='ocrx_word' id='word_1_626' title='bbox 3533 3981 3670 4038; x_wconf 80' lang='lat' dir='ltr'><strong>fecit</strong></span> <span class='ocrx_word' id='word_1_627' title='bbox 3694 4002 3706 4036; x_wconf 95' lang='lat'><strong>:</strong></span> <span class='ocrx_word' id='word_1_628' title='bbox 3741 3993 3800 4040; x_wconf 92' lang='lat' dir='ltr'><strong>et</strong></span> 
     </span>
    </p>
   </div>
   <div class='ocr_carea' id='block_1_84' title="bbox 2206 4070 3797 4144">
    <p class='ocr_par' dir='ltr' id='par_1_84' title="bbox 2206 4070 3797 4144">
     <span class='ocr_line' id='line_1_84' title="bbox 2206 4070 3797 4144; baseline 0.001 -17"><span class='ocrx_word' id='word_1_629' title='bbox 2206 4073 2332 4144; x_wconf 79' lang='lat' dir='ltr'><strong>quia</strong></span> <span class='ocrx_word' id='word_1_630' title='bbox 2382 4073 2499 4128; x_wconf 79' lang='lat' dir='ltr'><strong>haec</strong></span> <span class='ocrx_word' id='word_1_631' title='bbox 2544 4080 2699 4142; x_wconf 88' lang='lat' dir='ltr'><strong>porta</strong></span> <span class='ocrx_word' id='word_1_632' title='bbox 2749 4070 2996 4127; x_wconf 89' lang='lat' dir='ltr'><strong>Christus</strong></span> <span class='ocrx_word' id='word_1_633' title='bbox 3036 4073 3303 4142; x_wconf 89' lang='lat' dir='ltr'><strong>apparuit,</strong></span> <span class='ocrx_word' id='word_1_634' title='bbox 3338 4074 3630 4143; x_wconf 81' lang='lat' dir='ltr'><strong>conﬁtebor</strong></span> <span class='ocrx_word' id='word_1_635' title='bbox 3679 4076 3797 4142; x_wconf 75' lang='lat' dir='ltr'><strong>tibi,</strong></span> 
     </span>
    </p>
   </div>
   <div class='ocr_carea' id='block_1_85' title="bbox 2209 4163 3797 4234">
    <p class='ocr_par' dir='ltr' id='par_1_85' title="bbox 2209 4163 3797 4234">
     <span class='ocr_line' id='line_1_85' title="bbox 2209 4163 3797 4234; baseline 0.001 -14"><span class='ocrx_word' id='word_1_636' title='bbox 2209 4165 2364 4220; x_wconf 72' lang='lat' dir='ltr'><strong>laztus</strong></span> <span class='ocrx_word' id='word_1_637' title='bbox 2390 4165 2591 4234; x_wconf 89' lang='lat' dir='ltr'><strong>gratias</strong></span> <span class='ocrx_word' id='word_1_638' title='bbox 2617 4178 2803 4232; x_wconf 88' lang='lat' dir='ltr'><strong>agens,</strong></span> <span class='ocrx_word' id='word_1_639' title='bbox 2841 4163 2966 4234; x_wconf 85' lang='lat' dir='ltr'><strong>quia</strong></span> <span class='ocrx_word' id='word_1_640' title='bbox 2994 4165 3256 4219; x_wconf 71' lang='lat' dir='ltr'><strong>exaudiui</strong></span> <span class='ocrx_word' id='word_1_641' title='bbox 3283 4165 3336 4219; x_wconf 90' lang='lat' dir='ltr'><strong>in</strong></span> <span class='ocrx_word' id='word_1_642' title='bbox 3365 4165 3603 4221; x_wconf 86' lang='lat' dir='ltr'><strong>adventu</strong></span> <span class='ocrx_word' id='word_1_643' title='bbox 3631 4167 3797 4232; x_wconf 84' lang='lat' dir='ltr'><strong>Filii;</strong></span> 
     </span>
    </p>
   </div>
   <div class='ocr_carea' id='block_1_86' title="bbox 2202 4252 3800 4326">
    <p class='ocr_par' dir='ltr' id='par_1_86' title="bbox 2202 4252 3800 4326">
     <span class='ocr_line' id='line_1_86' title="bbox 2202 4252 3800 4326; baseline 0.003 -19"><span class='ocrx_word' id='word_1_644' title='bbox 2202 4254 2413 4326; x_wconf 87' lang='lat' dir='ltr'><strong>priores</strong></span> <span class='ocrx_word' id='word_1_645' title='bbox 2437 4253 2727 4322; x_wconf 89' lang='lat' dir='ltr'><strong>enimjusti</strong></span> <span class='ocrx_word' id='word_1_646' title='bbox 2749 4253 3036 4310; x_wconf 90' lang='lat' dir='ltr'><strong>adventum</strong></span> <span class='ocrx_word' id='word_1_647' title='bbox 3065 4255 3340 4323; x_wconf 88' lang='lat' dir='ltr'><strong>petebant.</strong></span> <span class='ocrx_word' id='word_1_648' title='bbox 3391 4252 3592 4311; x_wconf 78' lang='lat' dir='ltr'><strong>Portus</strong></span> <span class='ocrx_word' id='word_1_649' title='bbox 3630 4258 3800 4326; x_wconf 76' lang='lat' dir='ltr'><strong>justi-</strong></span> 
     </span>
    </p>
   </div>
   <div class='ocr_carea' id='block_1_87' title="bbox 2204 4345 3801 4421">
    <p class='ocr_par' dir='ltr' id='par_1_87' title="bbox 2204 4345 3801 4421">
     <span class='ocr_line' id='line_1_87' title="bbox 2204 4345 3801 4421; baseline 0.002 -21"><span class='ocrx_word' id='word_1_650' title='bbox 2204 4346 2312 4400; x_wconf 59' lang='lat' dir='ltr'><strong>tia».</strong></span> <span class='ocrx_word' id='word_1_651' title='bbox 2341 4345 2398 4400; x_wconf 91' lang='lat' dir='ltr'><strong>ld</strong></span> <span class='ocrx_word' id='word_1_652' title='bbox 2419 4354 2524 4411; x_wconf 88' lang='lat' dir='ltr'><strong>est,</strong></span> <span class='ocrx_word' id='word_1_653' title='bbox 2551 4353 2738 4417; x_wconf 90' lang='lat' dir='ltr'><strong>portas</strong></span> <span class='ocrx_word' id='word_1_654' title='bbox 2777 4346 2990 4415; x_wconf 89' lang='lat' dir='ltr'><strong>mortis,</strong></span> <span class='ocrx_word' id='word_1_655' title='bbox 3020 4354 3151 4413; x_wconf 87' lang='lat' dir='ltr'><strong>etc.,</strong></span> <span class='ocrx_word' id='word_1_656' title='bbox 3176 4363 3336 4419; x_wconf 83' lang='lat' dir='ltr'><strong>usque</strong></span> <span class='ocrx_word' id='word_1_657' title='bbox 3359 4347 3427 4402; x_wconf 84' lang='lat' dir='ltr'><strong>ad</strong></span> <span class='ocrx_word' id='word_1_658' title='bbox 3456 4347 3514 4403; x_wconf 91' lang='lat' dir='ltr'><strong>id</strong></span> <span class='ocrx_word' id='word_1_659' title='bbox 3557 4357 3676 4416; x_wconf 87' lang='lat' dir='ltr'><strong>est,</strong></span> <span class='ocrx_word' id='word_1_660' title='bbox 3699 4365 3801 4421; x_wconf 85' lang='lat' dir='ltr'><strong>per</strong></span> 
     </span>
    </p>
   </div>
   <div class='ocr_carea' id='block_1_88' title="bbox 2204 4435 2636 4492">
    <p class='ocr_par' dir='ltr' id='par_1_88' title="bbox 2204 4435 2636 4492">
     <span class='ocr_line' id='line_1_88' title="bbox 2204 4435 2636 4492; baseline -0.002 0"><span class='ocrx_word' id='word_1_661' title='bbox 2204 4449 2328 4492; x_wconf 89' lang='lat' dir='ltr'><strong>eam</strong></span> <span class='ocrx_word' id='word_1_662' title='bbox 2355 4435 2422 4490; x_wconf 90' lang='lat' dir='ltr'><strong>ad</strong></span> <span class='ocrx_word' id='word_1_663' title='bbox 2445 4437 2636 4491; x_wconf 90' lang='lat' dir='ltr'><strong>vitam.</strong></span> 
     </span>
    </p>
   </div>
   <div class='ocr_carea' id='block_1_89' title="bbox 2121 4537 3798 4631">
    <p class='ocr_par' dir='ltr' id='par_1_89' title="bbox 2121 4537 3798 4631">
     <span class='ocr_line' id='line_1_89' title="bbox 2121 4537 3798 4631; baseline 0.003 -37"><span class='ocrx_word' id='word_1_664' title='bbox 2121 4569 2176 4631; x_wconf 70' lang='grc' dir='ltr'><strong>ι)</strong></span> <span class='ocrx_word' id='word_1_665' title='bbox 2272 4538 2437 4595; x_wconf 70' lang='lat' dir='ltr'><strong>Vens.</strong></span> <span class='ocrx_word' id='word_1_666' title='bbox 2470 4538 3039 4631; x_wconf 7' lang='lat' dir='ltr'><strong>Sig—iﬂdiﬁeantes.</strong></span> <span class='ocrx_word' id='word_1_667' title='bbox 3067 4538 3189 4631; x_wconf 77' lang='lat' dir='ltr'><strong>(ln.)</strong></span> <span class='ocrx_word' id='word_1_668' title='bbox 3397 4539 3573 4631; x_wconf 67' lang='lat' dir='ltr'><strong>Judaei</strong></span> <span class='ocrx_word' id='word_1_669' title='bbox 3621 4541 3798 4599; x_wconf 81' lang='lat' dir='ltr'><strong>Deum</strong></span> 
     </span>
    </p>
   </div>
   <div class='ocr_carea' id='block_1_90' title="bbox 601 4623 3797 4700">
    <p class='ocr_par' dir='ltr' id='par_1_90' title="bbox 601 4623 3797 4700">
     <span class='ocr_line' id='line_1_90' title="bbox 601 4623 3797 4700; baseline 0.003 -22"><span class='ocrx_word' id='word_1_670' title='bbox 601 4623 760 4679; x_wconf 75' lang='lat' dir='ltr'><strong>Vens.</strong></span> <span class='ocrx_word' id='word_1_671' title='bbox 800 4624 889 4679; x_wconf 85' lang='lat' dir='ltr'><strong>l0.</strong></span> <span class='ocrx_word' id='word_1_672' title='bbox 911 4655 980 4664; x_wconf 97' lang='lat'><strong>—</strong></span> <span class='ocrx_word' id='word_1_673' title='bbox 1000 4624 1192 4680; x_wconf 87' lang='lat' dir='ltr'><strong>Omnes</strong></span> <span class='ocrx_word' id='word_1_674' title='bbox 1217 4633 1412 4697; x_wconf 88' lang='lat' dir='ltr'><strong>gentes.</strong></span> <span class='ocrx_word' id='word_1_675' title='bbox 1444 4625 1647 4698; x_wconf 65' lang='lat' dir='ltr'><strong>(Cass)</strong></span> <span class='ocrx_word' id='word_1_676' title='bbox 1690 4625 1830 4682; x_wconf 90' lang='lat' dir='ltr'><strong>Ecce</strong></span> <span class='ocrx_word' id='word_1_677' title='bbox 1857 4629 2000 4683; x_wconf 89' lang='lat' dir='ltr'><strong>unde</strong></span> <span class='ocrx_word' id='word_1_678' title='bbox 2033 4625 2100 4682; x_wconf 85' lang='lat' dir='ltr'><strong>li-</strong></span> <span class='ocrx_word' id='word_1_679' title='bbox 2124 4623 2166 4631; x_wconf 66' lang='grc'>⁷</span> <span class='ocrx_word' id='word_1_680' title='bbox 2199 4629 2814 4696; x_wconf 68' lang='lat' dir='ltr'><strong>colentesaadiﬁcabant,</strong></span> <span class='ocrx_word' id='word_1_681' title='bbox 2837 4629 2956 4685; x_wconf 89' lang='lat' dir='ltr'><strong>aliis</strong></span> <span class='ocrx_word' id='word_1_682' title='bbox 2967 4644 3064 4700; x_wconf 90' lang='lat' dir='ltr'><strong>per</strong></span> <span class='ocrx_word' id='word_1_683' title='bbox 3085 4628 3442 4685; x_wconf 88' lang='lat' dir='ltr'><strong>idololatriam</strong></span> <span class='ocrx_word' id='word_1_684' title='bbox 3457 4630 3797 4699; x_wconf 85' lang='lat' dir='ltr'><strong>destructis;</strong></span> 
     </span>
    </p>
   </div>
   <div class='ocr_carea' id='block_1_91' title="bbox 519 4716 2098 4788">
    <p class='ocr_par' dir='ltr' id='par_1_91' title="bbox 519 4716 2098 4788">
     <span class='ocr_line' id='line_1_91' title="bbox 519 4716 2098 4788; baseline 0.002 -16"><span class='ocrx_word' id='word_1_685' title='bbox 519 4725 678 4778; x_wconf 75' lang='lat' dir='ltr'><strong>perat</strong></span> <span class='ocrx_word' id='word_1_686' title='bbox 718 4717 787 4772; x_wconf 90' lang='lat' dir='ltr'><strong>de</strong></span> <span class='ocrx_word' id='word_1_687' title='bbox 827 4717 1038 4773; x_wconf 89' lang='lat' dir='ltr'><strong>occulta</strong></span> <span class='ocrx_word' id='word_1_688' title='bbox 1085 4716 1170 4772; x_wconf 92' lang='lat' dir='ltr'><strong>vel</strong></span> <span class='ocrx_word' id='word_1_689' title='bbox 1217 4724 1405 4788; x_wconf 88' lang='lat' dir='ltr'><strong>aperta</strong></span> <span class='ocrx_word' id='word_1_690' title='bbox 1461 4716 1826 4784; x_wconf 89' lang='lat' dir='ltr'><strong>tribulatione,</strong></span> <span class='ocrx_word' id='word_1_691' title='bbox 1857 4717 1944 4772; x_wconf 89' lang='lat' dir='ltr'><strong>vel</strong></span> <span class='ocrx_word' id='word_1_692' title='bbox 1988 4732 2098 4776; x_wconf 90' lang='lat' dir='ltr'><strong>non</strong></span> 
     </span>
    </p>
   </div>
   <div class='ocr_carea' id='block_1_92' title="bbox 522 4813 1823 4886">
    <p class='ocr_par' dir='ltr' id='par_1_92' title="bbox 522 4813 1823 4886">
     <span class='ocr_line' id='line_1_92' title="bbox 522 4813 1823 4886; baseline -0.002 -16"><span class='ocrx_word' id='word_1_693' title='bbox 522 4813 882 4886; x_wconf 88' lang='lat' dir='ltr'><strong>permittendo</strong></span> <span class='ocrx_word' id='word_1_694' title='bbox 911 4814 1129 4881; x_wconf 90' lang='lat' dir='ltr'><strong>cadere,</strong></span> <span class='ocrx_word' id='word_1_695' title='bbox 1165 4813 1268 4881; x_wconf 91' lang='lat' dir='ltr'><strong>vel,</strong></span> <span class='ocrx_word' id='word_1_696' title='bbox 1297 4829 1328 4868; x_wconf 87' lang='lat' dir='ltr'><strong>a</strong></span> <span class='ocrx_word' id='word_1_697' title='bbox 1359 4827 1488 4869; x_wconf 90' lang='lat' dir='ltr'><strong>casn</strong></span> <span class='ocrx_word' id='word_1_698' title='bbox 1515 4813 1823 4869; x_wconf 85' lang='lat' dir='ltr'><strong>revelando.</strong></span> 
     </span>
    </p>
   </div>
   <div class='ocr_carea' id='block_1_93' title="bbox 598 4904 2099 4978">
    <p class='ocr_par' dir='ltr' id='par_1_93' title="bbox 598 4904 2099 4978">
     <span class='ocr_line' id='line_1_93' title="bbox 598 4904 2099 4978; baseline 0 -16"><span class='ocrx_word' id='word_1_699' title='bbox 598 4905 760 4962; x_wconf 73' lang='lat' dir='ltr'><strong>Vsus.</strong></span> <span class='ocrx_word' id='word_1_700' title='bbox 790 4906 878 4962; x_wconf 84' lang='lat' dir='ltr'><strong>ll.</strong></span> <span class='ocrx_word' id='word_1_701' title='bbox 905 4936 976 4946; x_wconf 93' lang='grc'><strong><em>--</em></strong></span> <span class='ocrx_word' id='word_1_702' title='bbox 1005 4905 1422 4974; x_wconf 83' lang='lat' dir='ltr'><strong>Circumdantes,</strong></span> <span class='ocrx_word' id='word_1_703' title='bbox 1453 4915 1559 4962; x_wconf 89' lang='lat' dir='ltr'><strong>etc.</strong></span> <span class='ocrx_word' id='word_1_704' title='bbox 1584 4905 1766 4978; x_wconf 73' lang='grc' dir='ltr'><strong>(Λῠθ.)</strong></span> <span class='ocrx_word' id='word_1_705' title='bbox 1790 4904 1954 4974; x_wconf 88' lang='lat' dir='ltr'><strong>Quasi</strong></span> <span class='ocrx_word' id='word_1_706' title='bbox 1982 4905 2099 4962; x_wconf 86' lang='lat' dir='ltr'><strong>red-</strong></span> 
     </span>
    </p>
   </div>
   <div class='ocr_carea' id='block_1_94' title="bbox 523 4997 2098 5071">
    <p class='ocr_par' dir='ltr' id='par_1_94' title="bbox 523 4997 2098 5071">
     <span class='ocr_line' id='line_1_94' title="bbox 523 4997 2098 5071; baseline -0.003 -14"><span class='ocrx_word' id='word_1_707' title='bbox 523 5001 658 5057; x_wconf 87' lang='lat' dir='ltr'><strong>dens</strong></span> <span class='ocrx_word' id='word_1_708' title='bbox 679 5015 899 5056; x_wconf 88' lang='lat' dir='ltr'><strong>causam</strong></span> <span class='ocrx_word' id='word_1_709' title='bbox 939 4999 1082 5054; x_wconf 92' lang='lat' dir='ltr'><strong>unde</strong></span> <span class='ocrx_word' id='word_1_710' title='bbox 1112 5006 1259 5054; x_wconf 89' lang='lat' dir='ltr'><strong>tanta</strong></span> <span class='ocrx_word' id='word_1_711' title='bbox 1301 5006 1480 5071; x_wconf 90' lang='lat' dir='ltr'><strong>potest</strong></span> <span class='ocrx_word' id='word_1_712' title='bbox 1504 5013 1781 5070; x_wconf 89' lang='lat' dir='ltr'><strong>superare,</strong></span> <span class='ocrx_word' id='word_1_713' title='bbox 1814 4998 1946 5055; x_wconf 90' lang='lat' dir='ltr'><strong>dicit</strong></span> <span class='ocrx_word' id='word_1_714' title='bbox 1967 4997 2098 5069; x_wconf 91' lang='lat' dir='ltr'><strong>quid</strong></span> 
     </span>
    </p>
   </div>
   <div class='ocr_carea' id='block_1_95' title="bbox 521 5091 1316 5163">
    <p class='ocr_par' dir='ltr' id='par_1_95' title="bbox 521 5091 1316 5163">
     <span class='ocr_line' id='line_1_95' title="bbox 521 5091 1316 5163; baseline -0.003 -15"><span class='ocrx_word' id='word_1_715' title='bbox 521 5094 700 5163; x_wconf 89' lang='lat' dir='ltr'><strong>primo</strong></span> <span class='ocrx_word' id='word_1_716' title='bbox 729 5093 784 5147; x_wconf 92' lang='lat' dir='ltr'><strong>in</strong></span> <span class='ocrx_word' id='word_1_717' title='bbox 809 5091 985 5162; x_wconf 83' lang='lat' dir='ltr'><strong>capite</strong></span> <span class='ocrx_word' id='word_1_718' title='bbox 1009 5106 1200 5163; x_wconf 89' lang='lat' dir='ltr'><strong>passus</strong></span> <span class='ocrx_word' id='word_1_719' title='bbox 1229 5091 1316 5146; x_wconf 86' lang='lat' dir='ltr'><strong>sit.</strong></span> 
     </span>
    </p>
   </div>
   <div class='ocr_carea' id='block_1_96' title="bbox 599 5179 2099 5255">
    <p class='ocr_par' dir='ltr' id='par_1_96' title="bbox 599 5179 2099 5255">
     <span class='ocr_line' id='line_1_96' title="bbox 599 5179 2099 5255; baseline 0 -19"><span class='ocrx_word' id='word_1_720' title='bbox 599 5182 765 5239; x_wconf 74' lang='lat' dir='ltr'><strong>Vens.</strong></span> <span class='ocrx_word' id='word_1_721' title='bbox 799 5183 886 5237; x_wconf 80' lang='lat' dir='ltr'><strong>l2.</strong></span> <span class='ocrx_word' id='word_1_722' title='bbox 907 5213 979 5224; x_wconf 90' lang='lat'><strong>--</strong></span> <span class='ocrx_word' id='word_1_723' title='bbox 1002 5181 1466 5238; x_wconf 84' lang='lat' dir='ltr'><strong>Circumdederunt</strong></span> <span class='ocrx_word' id='word_1_724' title='bbox 1501 5199 1604 5249; x_wconf 85' lang='lat' dir='ltr'><strong>me,</strong></span> <span class='ocrx_word' id='word_1_725' title='bbox 1635 5191 1739 5238; x_wconf 90' lang='lat' dir='ltr'><strong>etc.</strong></span> <span class='ocrx_word' id='word_1_726' title='bbox 1788 5179 1912 5255; x_wconf 75' lang='lat'><strong>(11).)</strong></span> <span class='ocrx_word' id='word_1_727' title='bbox 1945 5179 2099 5250; x_wconf 90' lang='lat' dir='ltr'><strong>Quod</strong></span> 
     </span>
    </p>
   </div>
   <div class='ocr_carea' id='block_1_97' title="bbox 523 5273 2100 5346">
    <p class='ocr_par' dir='ltr' id='par_1_97' title="bbox 523 5273 2100 5346">
     <span class='ocr_line' id='line_1_97' title="bbox 523 5273 2100 5346; baseline -0.003 -15"><span class='ocrx_word' id='word_1_728' title='bbox 523 5275 592 5331; x_wconf 83' lang='lat' dir='ltr'><strong>ab</strong></span> <span class='ocrx_word' id='word_1_729' title='bbox 622 5275 994 5346; x_wconf 82' lang='lat' dir='ltr'><strong>ignorantibus</strong></span> <span class='ocrx_word' id='word_1_730' title='bbox 1017 5282 1225 5345; x_wconf 89' lang='lat' dir='ltr'><strong>gestum</strong></span> <span class='ocrx_word' id='word_1_731' title='bbox 1255 5284 1359 5339; x_wconf 91' lang='lat' dir='ltr'><strong>est,</strong></span> <span class='ocrx_word' id='word_1_732' title='bbox 1392 5275 1617 5346; x_wconf 85' lang='lat' dir='ltr'><strong>mystica</strong></span> <span class='ocrx_word' id='word_1_733' title='bbox 1647 5273 1941 5330; x_wconf 79' lang='lat' dir='ltr'><strong>subtilitate</strong></span> <span class='ocrx_word' id='word_1_734' title='bbox 1961 5287 2100 5344; x_wconf 73' lang='lat' dir='ltr'><strong>prte-</strong></span> 
     </span>
    </p>
   </div>
   <div class='ocr_carea' id='block_1_98' title="bbox 525 5364 2100 5438">
    <p class='ocr_par' dir='ltr' id='par_1_98' title="bbox 525 5364 2100 5438">
     <span class='ocr_line' id='line_1_98' title="bbox 525 5364 2100 5438; baseline -0.002 -15"><span class='ocrx_word' id='word_1_735' title='bbox 525 5365 655 5423; x_wconf 90' lang='lat' dir='ltr'><strong>dicit</strong></span> <span class='ocrx_word' id='word_1_736' title='bbox 700 5365 936 5438; x_wconf 89' lang='lat' dir='ltr'><strong>Spiritus</strong></span> <span class='ocrx_word' id='word_1_737' title='bbox 981 5375 1221 5423; x_wconf 89' lang='lat' dir='ltr'><strong>sanctus.</strong></span> <span class='ocrx_word' id='word_1_738' title='bbox 1269 5365 1584 5422; x_wconf 83' lang='lat' dir='ltr'><strong>Nescientes</strong></span> <span class='ocrx_word' id='word_1_739' title='bbox 1632 5364 1801 5421; x_wconf 71' lang='lat' dir='ltr'><strong>Judaei</strong></span> <span class='ocrx_word' id='word_1_740' title='bbox 1839 5380 1954 5420; x_wconf 91' lang='lat' dir='ltr'><strong>rem</strong></span> <span class='ocrx_word' id='word_1_741' title='bbox 1983 5379 2100 5422; x_wconf 91' lang='lat' dir='ltr'><strong>om-</strong></span> 
     </span>
    </p>
   </div>
   <div class='ocr_carea' id='block_1_99' title="bbox 525 5457 2090 5529">
    <p class='ocr_par' dir='ltr' id='par_1_99' title="bbox 525 5457 2090 5529">
     <span class='ocr_line' id='line_1_99' title="bbox 525 5457 2090 5529; baseline -0.003 -13"><span class='ocrx_word' id='word_1_742' title='bbox 525 5457 675 5517; x_wconf 81' lang='lat' dir='ltr'><strong>nium</strong></span> <span class='ocrx_word' id='word_1_743' title='bbox 698 5461 966 5525; x_wconf 80' lang='lat' dir='ltr'><strong>iecerunt,</strong></span> <span class='ocrx_word' id='word_1_744' title='bbox 996 5467 1054 5514; x_wconf 92' lang='lat' dir='ltr'><strong>et</strong></span> <span class='ocrx_word' id='word_1_745' title='bbox 1097 5458 1256 5516; x_wconf 90' lang='lat' dir='ltr'><strong>nobis</strong></span> <span class='ocrx_word' id='word_1_746' title='bbox 1283 5457 1598 5524; x_wconf 91' lang='lat' dir='ltr'><strong>dulciorem,</strong></span> <span class='ocrx_word' id='word_1_747' title='bbox 1628 5459 1876 5529; x_wconf 88' lang='lat' dir='ltr'><strong>passione</strong></span> <span class='ocrx_word' id='word_1_748' title='bbox 1899 5458 2090 5527; x_wconf 89' lang='lat' dir='ltr'><strong>Deum,</strong></span> 
     </span>
    </p>
   </div>
   <div class='ocr_carea' id='block_1_100' title="bbox 526 5545 2095 5622">
    <p class='ocr_par' dir='ltr' id='par_1_100' title="bbox 526 5545 2095 5622">
     <span class='ocr_line' id='line_1_100' title="bbox 526 5545 2095 5622; baseline -0.004 -14"><span class='ocrx_word' id='word_1_749' title='bbox 526 5552 668 5608; x_wconf 86' lang='lat' dir='ltr'><strong>sicut</strong></span> <span class='ocrx_word' id='word_1_750' title='bbox 712 5563 840 5622; x_wconf 85' lang='lat' dir='ltr'><strong>apes</strong></span> <span class='ocrx_word' id='word_1_751' title='bbox 883 5549 1011 5604; x_wconf 93' lang='lat' dir='ltr'><strong>dum</strong></span> <span class='ocrx_word' id='word_1_752' title='bbox 1060 5550 1162 5606; x_wconf 90' lang='lat' dir='ltr'><strong>sibi</strong></span> <span class='ocrx_word' id='word_1_753' title='bbox 1191 5556 1384 5621; x_wconf 91' lang='lat' dir='ltr'><strong>putant</strong></span> <span class='ocrx_word' id='word_1_754' title='bbox 1411 5562 1694 5619; x_wconf 89' lang='lat' dir='ltr'><strong>reponere,</strong></span> <span class='ocrx_word' id='word_1_755' title='bbox 1725 5547 1846 5604; x_wconf 89' lang='lat' dir='ltr'><strong>aliis</strong></span> <span class='ocrx_word' id='word_1_756' title='bbox 1890 5547 1995 5603; x_wconf 90' lang='lat' dir='ltr'><strong>mel</strong></span> <span class='ocrx_word' id='word_1_757' title='bbox 2019 5545 2095 5602; x_wconf 81' lang='lat' dir='ltr'><strong>fa-</strong></span> 
     </span>
    </p>
   </div>
   <div class='ocr_carea' id='block_1_101' title="bbox 526 5639 2096 5700">
    <p class='ocr_par' dir='ltr' id='par_1_101' title="bbox 526 5639 2096 5700">
     <span class='ocr_line' id='line_1_101' title="bbox 526 5639 2096 5700; baseline -0.003 0"><span class='ocrx_word' id='word_1_758' title='bbox 526 5645 694 5700; x_wconf 88' lang='lat' dir='ltr'><strong>ciunt.</strong></span> <span class='ocrx_word' id='word_1_759' title='bbox 725 5639 793 5695; x_wconf 87' lang='lat' dir='ltr'><strong>Et</strong></span> <span class='ocrx_word' id='word_1_760' title='bbox 814 5652 1139 5696; x_wconf 67' lang='lat' dir='ltr'><strong>exarserunt.</strong></span> <span class='ocrx_word' id='word_1_761' title='bbox 1181 5641 1277 5698; x_wconf 90' lang='lat' dir='ltr'><strong>Vel</strong></span> <span class='ocrx_word' id='word_1_762' title='bbox 1304 5643 1406 5697; x_wconf 90' lang='lat' dir='ltr'><strong>hoc</strong></span> <span class='ocrx_word' id='word_1_763' title='bbox 1436 5641 1628 5696; x_wconf 89' lang='lat' dir='ltr'><strong>melius</strong></span> <span class='ocrx_word' id='word_1_764' title='bbox 1656 5640 1724 5696; x_wconf 90' lang='lat' dir='ltr'><strong>de</strong></span> <span class='ocrx_word' id='word_1_765' title='bbox 1748 5640 1983 5696; x_wconf 88' lang='lat' dir='ltr'><strong>Ecclesia</strong></span> <span class='ocrx_word' id='word_1_766' title='bbox 2005 5655 2096 5696; x_wconf 90' lang='lat' dir='ltr'><strong>ac-</strong></span> 
     </span>
    </p>
   </div>
   <div class='ocr_carea' id='block_1_102' title="bbox 526 5731 2096 5805">
    <p class='ocr_par' dir='ltr' id='par_1_102' title="bbox 526 5731 2096 5805">
     <span class='ocr_line' id='line_1_102' title="bbox 526 5731 2096 5805; baseline -0.001 -15"><span class='ocrx_word' id='word_1_767' title='bbox 526 5735 742 5805; x_wconf 91' lang='lat' dir='ltr'><strong>cipitur.</strong></span> <span class='ocrx_word' id='word_1_768' title='bbox 771 5732 898 5788; x_wconf 88' lang='lat' dir='ltr'><strong>Post</strong></span> <span class='ocrx_word' id='word_1_769' title='bbox 923 5733 1229 5803; x_wconf 87' lang='lat' dir='ltr'><strong>passionem</strong></span> <span class='ocrx_word' id='word_1_770' title='bbox 1257 5749 1489 5805; x_wconf 89' lang='lat' dir='ltr'><strong>namque</strong></span> <span class='ocrx_word' id='word_1_771' title='bbox 1526 5733 1739 5788; x_wconf 91' lang='lat' dir='ltr'><strong>Domini</strong></span> <span class='ocrx_word' id='word_1_772' title='bbox 1767 5739 1954 5789; x_wconf 86' lang='lat' dir='ltr'><strong>contra</strong></span> <span class='ocrx_word' id='word_1_773' title='bbox 1994 5731 2096 5788; x_wconf 76' lang='lat' dir='ltr'><strong>Ee-</strong></span> 
     </span>
    </p>
   </div>
   <div class='ocr_carea' id='block_1_103' title="bbox 515 5823 2094 5896">
    <p class='ocr_par' dir='ltr' id='par_1_103' title="bbox 515 5823 2094 5896">
     <span class='ocr_line' id='line_1_103' title="bbox 515 5823 2094 5896; baseline 0.006 -24"><span class='ocrx_word' id='word_1_774' title='bbox 515 5824 745 5879; x_wconf 73' lang='lat' dir='ltr'><strong>elesiam</strong></span> <span class='ocrx_word' id='word_1_775' title='bbox 790 5823 1031 5896; x_wconf 87' lang='lat' dir='ltr'><strong>gentium</strong></span> <span class='ocrx_word' id='word_1_776' title='bbox 1057 5832 1112 5878; x_wconf 87' lang='lat' dir='ltr'><strong>et</strong></span> <span class='ocrx_word' id='word_1_777' title='bbox 1136 5823 1305 5879; x_wconf 72' lang='lat' dir='ltr'><strong>Judaei</strong></span> <span class='ocrx_word' id='word_1_778' title='bbox 1347 5837 1664 5881; x_wconf 73' lang='lat' dir='ltr'><strong>exarserunt</strong></span> <span class='ocrx_word' id='word_1_779' title='bbox 1702 5825 1840 5882; x_wconf 85' lang='lat' dir='ltr'><strong>sicut</strong></span> <span class='ocrx_word' id='word_1_780' title='bbox 1870 5823 2008 5894; x_wconf 88' lang='lat' dir='ltr'><strong>ignis</strong></span> <span class='ocrx_word' id='word_1_781' title='bbox 2037 5824 2094 5881; x_wconf 93' lang='lat' dir='ltr'><strong>in</strong></span> 
     </span>
    </p>
   </div>
   <div class='ocr_carea' id='block_1_104' title="bbox 2196 4719 3797 4795">
    <p class='ocr_par' dir='ltr' id='par_1_104' title="bbox 2196 4719 3797 4795">
     <span class='ocr_line' id='line_1_104' title="bbox 2196 4719 3797 4795; baseline 0.002 -16"><span class='ocrx_word' id='word_1_782' title='bbox 2196 4721 2293 4779; x_wconf 87' lang='lat' dir='ltr'><strong>sed</strong></span> <span class='ocrx_word' id='word_1_783' title='bbox 2323 4737 2428 4777; x_wconf 93' lang='lat' dir='ltr'><strong>non</strong></span> <span class='ocrx_word' id='word_1_784' title='bbox 2455 4719 2818 4791; x_wconf 83' lang='lat' dir='ltr'><strong>perfecerunt,</strong></span> <span class='ocrx_word' id='word_1_785' title='bbox 2859 4721 2983 4790; x_wconf 90' lang='lat' dir='ltr'><strong>quia</strong></span> <span class='ocrx_word' id='word_1_786' title='bbox 3015 4720 3287 4778; x_wconf 90' lang='lat' dir='ltr'><strong>Christum</strong></span> <span class='ocrx_word' id='word_1_787' title='bbox 3321 4732 3797 4795; x_wconf 84' lang='lat' dir='ltr'><strong>contempserunt.</strong></span> 
     </span>
    </p>
   </div>
   <div class='ocr_carea' id='block_1_105' title="bbox 2269 4811 3802 4880">
    <p class='ocr_par' dir='ltr' id='par_1_105' title="bbox 2269 4811 3802 4880">
     <span class='ocr_line' id='line_1_105' title="bbox 2269 4811 3802 4880; baseline 0.002 -12"><span class='ocrx_word' id='word_1_788' title='bbox 2269 4813 2434 4868; x_wconf 75' lang='lat' dir='ltr'><strong>Vens.</strong></span> <span class='ocrx_word' id='word_1_789' title='bbox 2480 4812 2572 4866; x_wconf 70' lang='lat'><strong>2&#39;5.</strong></span> <span class='ocrx_word' id='word_1_790' title='bbox 2601 4842 2673 4853; x_wconf 98' lang='lat'><strong>—</strong></span> <span class='ocrx_word' id='word_1_791' title='bbox 2700 4819 2745 4870; x_wconf 84' lang='lat' dir='ltr'><strong><em>A</em></strong></span> <span class='ocrx_word' id='word_1_792' title='bbox 2777 4811 2999 4868; x_wconf 90' lang='lat' dir='ltr'><strong>Domino</strong></span> <span class='ocrx_word' id='word_1_793' title='bbox 3031 4813 3247 4878; x_wconf 77' lang='lat' dir='ltr'><strong>factum.</strong></span> <span class='ocrx_word' id='word_1_794' title='bbox 3294 4812 3413 4880; x_wconf 90' lang='lat' dir='ltr'><strong>Vel,</strong></span> <span class='ocrx_word' id='word_1_795' title='bbox 3465 4819 3512 4868; x_wconf 83' lang='lat' dir='ltr'><strong><em>A</em></strong></span> <span class='ocrx_word' id='word_1_796' title='bbox 3559 4815 3802 4871; x_wconf 70' lang='lat' dir='ltr'><strong>Domina</strong></span> 
     </span>
    </p>
   </div>
   <div class='ocr_carea' id='block_1_106' title="bbox 2199 4904 3802 4982">
    <p class='ocr_par' dir='ltr' id='par_1_106' title="bbox 2199 4904 3802 4982">
     <span class='ocr_line' id='line_1_106' title="bbox 2199 4904 3802 4982; baseline 0.001 -21"><span class='ocrx_word' id='word_1_797' title='bbox 2199 4907 2397 4978; x_wconf 81' lang='lat' dir='ltr'><strong>factum</strong></span> <span class='ocrx_word' id='word_1_798' title='bbox 2445 4913 2518 4960; x_wconf 91' lang='lat' dir='ltr'><strong>est</strong></span> <span class='ocrx_word' id='word_1_799' title='bbox 2564 4905 2629 4969; x_wconf 83' lang='lat' dir='ltr'><strong>ei,</strong></span> <span class='ocrx_word' id='word_1_800' title='bbox 2673 4905 2966 4960; x_wconf 90' lang='lat' dir='ltr'><strong>secundum</strong></span> <span class='ocrx_word' id='word_1_801' title='bbox 3013 4904 3173 4960; x_wconf 88' lang='lat' dir='ltr'><strong>aliam</strong></span> <span class='ocrx_word' id='word_1_802' title='bbox 3206 4904 3475 4982; x_wconf 70' lang='lat' dir='ltr'><strong>litteram.</strong></span> <span class='ocrx_word' id='word_1_803' title='bbox 3533 4905 3693 4979; x_wconf 82' lang='lat' dir='ltr'><strong>(ln.)</strong></span> <span class='ocrx_word' id='word_1_804' title='bbox 3739 4905 3802 4963; x_wconf 83' lang='lat' dir='ltr'><strong>Id</strong></span> 
     </span>
    </p>
   </div>
   <div class='ocr_carea' id='block_1_107' title="bbox 2203 4994 2994 5064">
    <p class='ocr_par' dir='ltr' id='par_1_107' title="bbox 2203 4994 2994 5064">
     <span class='ocr_line' id='line_1_107' title="bbox 2203 4994 2994 5064; baseline -0.009 -10"><span class='ocrx_word' id='word_1_805' title='bbox 2203 5007 2308 5064; x_wconf 92' lang='lat' dir='ltr'><strong>est,</strong></span> <span class='ocrx_word' id='word_1_806' title='bbox 2339 4998 2407 5053; x_wconf 90' lang='lat' dir='ltr'><strong>ad</strong></span> <span class='ocrx_word' id='word_1_807' title='bbox 2445 4997 2705 5052; x_wconf 87' lang='lat' dir='ltr'><strong>honorem</strong></span> <span class='ocrx_word' id='word_1_808' title='bbox 2727 4994 2926 5051; x_wconf 90' lang='lat' dir='ltr'><strong>Patris.</strong></span> <span class='ocrx_word' id='word_1_809' title='bbox 2989 5005 2994 5008; x_wconf 85' lang='lat'>&#39;</span> 
     </span>
    </p>
   </div>
   <div class='ocr_carea' id='block_1_108' title="bbox 2276 5095 3798 5166">
    <p class='ocr_par' dir='ltr' id='par_1_108' title="bbox 2276 5095 3798 5166">
     <span class='ocr_line' id='line_1_108' title="bbox 2276 5095 3798 5166; baseline -0.001 -11"><span class='ocrx_word' id='word_1_810' title='bbox 2276 5099 2439 5155; x_wconf 74' lang='lat' dir='ltr'><strong>Vens.</strong></span> <span class='ocrx_word' id='word_1_811' title='bbox 2463 5099 2552 5153; x_wconf 73' lang='grc'><strong>24.</strong></span> <span class='ocrx_word' id='word_1_812' title='bbox 2581 5127 2647 5138; x_wconf 83' lang='grc'><strong>·-</strong></span> <span class='ocrx_word' id='word_1_813' title='bbox 2674 5096 2803 5152; x_wconf 78' lang='lat' dir='ltr'><strong>Ilwc</strong></span> <span class='ocrx_word' id='word_1_814' title='bbox 2822 5105 2896 5152; x_wconf 87' lang='lat' dir='ltr'><strong>est</strong></span> <span class='ocrx_word' id='word_1_815' title='bbox 2921 5097 3050 5152; x_wconf 87' lang='lat' dir='ltr'><strong>dies.</strong></span> <span class='ocrx_word' id='word_1_816' title='bbox 3089 5095 3188 5152; x_wconf 84' lang='lat' dir='ltr'><strong>llic</strong></span> <span class='ocrx_word' id='word_1_817' title='bbox 3209 5104 3292 5152; x_wconf 90' lang='lat' dir='ltr'><strong>est</strong></span> <span class='ocrx_word' id='word_1_818' title='bbox 3319 5111 3494 5152; x_wconf 88' lang='lat' dir='ltr'><strong>anuus</strong></span> <span class='ocrx_word' id='word_1_819' title='bbox 3511 5096 3798 5166; x_wconf 72' lang='lat' dir='ltr'><strong>inhibens,</strong></span> 
     </span>
    </p>
   </div>
   <div class='ocr_carea' id='block_1_109' title="bbox 2206 5187 3796 5260">
    <p class='ocr_par' dir='ltr' id='par_1_109' title="bbox 2206 5187 3796 5260">
     <span class='ocr_line' id='line_1_109' title="bbox 2206 5187 3796 5260; baseline -0.003 -13"><span class='ocrx_word' id='word_1_820' title='bbox 2206 5191 2501 5260; x_wconf 80' lang='lat' dir='ltr'><strong>ﬁguraliter</strong></span> <span class='ocrx_word' id='word_1_821' title='bbox 2529 5189 2628 5246; x_wconf 91' lang='lat' dir='ltr'><strong>sub</strong></span> <span class='ocrx_word' id='word_1_822' title='bbox 2649 5189 2768 5260; x_wconf 88' lang='lat' dir='ltr'><strong>lege</strong></span> <span class='ocrx_word' id='word_1_823' title='bbox 2794 5190 3128 5254; x_wconf 90' lang='lat' dir='ltr'><strong>observatus,</strong></span> <span class='ocrx_word' id='word_1_824' title='bbox 3155 5189 3248 5258; x_wconf 92' lang='lat' dir='ltr'><strong>qui</strong></span> <span class='ocrx_word' id='word_1_825' title='bbox 3277 5187 3473 5244; x_wconf 91' lang='lat' dir='ltr'><strong>dicitur</strong></span> <span class='ocrx_word' id='word_1_826' title='bbox 3494 5191 3796 5255; x_wconf 74' lang='lat' dir='ltr'><strong>remittens,</strong></span> 
     </span>
    </p>
   </div>
   <div class='ocr_carea' id='block_1_110' title="bbox 2207 5278 3800 5362">
    <p class='ocr_par' dir='ltr' id='par_1_110' title="bbox 2207 5278 3800 5362">
     <span class='ocr_line' id='line_1_110' title="bbox 2207 5278 3800 5362; baseline -0.003 -25"><span class='ocrx_word' id='word_1_827' title='bbox 2207 5281 2293 5337; x_wconf 91' lang='lat' dir='ltr'><strong>vel</strong></span> <span class='ocrx_word' id='word_1_828' title='bbox 2317 5280 2554 5346; x_wconf 84' lang='lat' dir='ltr'><strong>initians,</strong></span> <span class='ocrx_word' id='word_1_829' title='bbox 2579 5280 2705 5348; x_wconf 90' lang='lat' dir='ltr'><strong>quia</strong></span> <span class='ocrx_word' id='word_1_830' title='bbox 2735 5288 2863 5334; x_wconf 92' lang='lat' dir='ltr'><strong>tunc</strong></span> <span class='ocrx_word' id='word_1_831' title='bbox 2888 5278 3030 5362; x_wconf 70' lang='lat' dir='ltr'><strong>servi</strong></span> <span class='ocrx_word' id='word_1_832' title='bbox 3072 5280 3616 5345; x_wconf 89' lang='lat' dir='ltr'><strong>manumittebantur,</strong></span> <span class='ocrx_word' id='word_1_833' title='bbox 3665 5295 3800 5350; x_wconf 79' lang='lat' dir='ltr'><strong>pos-</strong></span> 
     </span>
    </p>
   </div>
   <div class='ocr_carea' id='block_1_111' title="bbox 2209 5369 3798 5430">
    <p class='ocr_par' dir='ltr' id='par_1_111' title="bbox 2209 5369 3798 5430">
     <span class='ocr_line' id='line_1_111' title="bbox 2209 5369 3798 5430; baseline -0.004 0"><span class='ocrx_word' id='word_1_834' title='bbox 2209 5373 2478 5430; x_wconf 88' lang='lat' dir='ltr'><strong>sessiones</strong></span> <span class='ocrx_word' id='word_1_835' title='bbox 2505 5371 2736 5427; x_wconf 88' lang='lat' dir='ltr'><strong>dominis</strong></span> <span class='ocrx_word' id='word_1_836' title='bbox 2785 5369 3216 5424; x_wconf 88' lang='lat' dir='ltr'><strong>restituebantur</strong></span> <span class='ocrx_word' id='word_1_837' title='bbox 3240 5387 3253 5423; x_wconf 94' lang='lat'><strong>:</strong></span> <span class='ocrx_word' id='word_1_838' title='bbox 3282 5377 3338 5424; x_wconf 90' lang='lat' dir='ltr'><strong>et</strong></span> <span class='ocrx_word' id='word_1_839' title='bbox 3382 5385 3483 5425; x_wconf 89' lang='lat' dir='ltr'><strong>nos</strong></span> <span class='ocrx_word' id='word_1_840' title='bbox 3509 5371 3617 5424; x_wconf 85' lang='lat' dir='ltr'><strong>hac</strong></span> <span class='ocrx_word' id='word_1_841' title='bbox 3644 5371 3736 5424; x_wconf 88' lang='lat' dir='ltr'><strong>die</strong></span> <span class='ocrx_word' id='word_1_842' title='bbox 3763 5383 3798 5424; x_wconf 74' lang='grc' dir='ltr'><strong>ι</strong></span> 
     </span>
    </p>
   </div>
   <div class='ocr_carea' id='block_1_112' title="bbox 2197 5460 3798 5534">
    <p class='ocr_par' dir='ltr' id='par_1_112' title="bbox 2197 5460 3798 5534">
     <span class='ocr_line' id='line_1_112' title="bbox 2197 5460 3798 5534; baseline -0.004 -12"><span class='ocrx_word' id='word_1_843' title='bbox 2197 5464 2462 5523; x_wconf 89' lang='lat' dir='ltr'><strong>servitute</strong></span> <span class='ocrx_word' id='word_1_844' title='bbox 2487 5462 2699 5534; x_wconf 89' lang='lat' dir='ltr'><strong>peccati</strong></span> <span class='ocrx_word' id='word_1_845' title='bbox 2725 5460 2992 5532; x_wconf 89' lang='lat' dir='ltr'><strong>redempti</strong></span> <span class='ocrx_word' id='word_1_846' title='bbox 3033 5474 3241 5526; x_wconf 88' lang='lat' dir='ltr'><strong>sumus,</strong></span> <span class='ocrx_word' id='word_1_847' title='bbox 3268 5460 3462 5530; x_wconf 86' lang='lat' dir='ltr'><strong>quibus</strong></span> <span class='ocrx_word' id='word_1_848' title='bbox 3489 5469 3578 5516; x_wconf 89' lang='lat' dir='ltr'><strong>est</strong></span> <span class='ocrx_word' id='word_1_849' title='bbox 3616 5461 3798 5516; x_wconf 69' lang='lat' dir='ltr'><strong>haere-</strong></span> 
     </span>
    </p>
   </div>
   <div class='ocr_carea' id='block_1_113' title="bbox 2199 5549 3795 5623">
    <p class='ocr_par' dir='ltr' id='par_1_113' title="bbox 2199 5549 3795 5623">
     <span class='ocr_line' id='line_1_113' title="bbox 2199 5549 3795 5623; baseline -0.004 -11"><span class='ocrx_word' id='word_1_850' title='bbox 2199 5557 2340 5612; x_wconf 91' lang='lat' dir='ltr'><strong>ditas</strong></span> <span class='ocrx_word' id='word_1_851' title='bbox 2392 5555 2640 5611; x_wconf 86' lang='lat' dir='ltr'><strong>restituta</strong></span> <span class='ocrx_word' id='word_1_852' title='bbox 2668 5561 2890 5607; x_wconf 62' lang='lat' dir='ltr'><strong>aeterna.</strong></span> <span class='ocrx_word' id='word_1_853' title='bbox 2948 5549 3153 5623; x_wconf 61' lang='lat' dir='ltr'><strong>(Cass)</strong></span> <span class='ocrx_word' id='word_1_854' title='bbox 3201 5550 3330 5605; x_wconf 59' lang='lat' dir='ltr'><strong>Herc</strong></span> <span class='ocrx_word' id='word_1_855' title='bbox 3375 5561 3450 5605; x_wconf 85' lang='lat' dir='ltr'><strong>est</strong></span> <span class='ocrx_word' id='word_1_856' title='bbox 3485 5553 3621 5606; x_wconf 84' lang='lat' dir='ltr'><strong>dies.</strong></span> <span class='ocrx_word' id='word_1_857' title='bbox 3674 5551 3795 5606; x_wconf 83' lang='lat' dir='ltr'><strong>Etsi</strong></span> 
     </span>
    </p>
   </div>
   <div class='ocr_carea' id='block_1_114' title="bbox 2183 5640 3794 5714">
    <p class='ocr_par' dir='ltr' id='par_1_114' title="bbox 2183 5640 3794 5714">
     <span class='ocr_line' id='line_1_114' title="bbox 2183 5640 3794 5714; baseline -0.004 -12"><span class='ocrx_word' id='word_1_858' title='bbox 2183 5659 2390 5714; x_wconf 81' lang='lat' dir='ltr'><strong>omnes</strong></span> <span class='ocrx_word' id='word_1_859' title='bbox 2415 5643 2563 5708; x_wconf 80' lang='lat' dir='ltr'><strong>fecit,</strong></span> <span class='ocrx_word' id='word_1_860' title='bbox 2587 5643 2729 5697; x_wconf 88' lang='lat' dir='ltr'><strong>hanc</strong></span> <span class='ocrx_word' id='word_1_861' title='bbox 2749 5640 3094 5712; x_wconf 86' lang='lat' dir='ltr'><strong>singulariter</strong></span> <span class='ocrx_word' id='word_1_862' title='bbox 3119 5657 3227 5713; x_wconf 91' lang='lat' dir='ltr'><strong>qua</strong></span> <span class='ocrx_word' id='word_1_863' title='bbox 3253 5640 3513 5696; x_wconf 89' lang='lat' dir='ltr'><strong>Dominus</strong></span> <span class='ocrx_word' id='word_1_864' title='bbox 3537 5641 3711 5706; x_wconf 89' lang='lat' dir='ltr'><strong>venit,</strong></span> <span class='ocrx_word' id='word_1_865' title='bbox 3735 5641 3794 5696; x_wconf 83' lang='lat' dir='ltr'><strong>in</strong></span> 
     </span>
    </p>
   </div>
   <div class='ocr_carea' id='block_1_115' title="bbox 2201 5728 3796 5806">
    <p class='ocr_par' dir='ltr' id='par_1_115' title="bbox 2201 5728 3796 5806">
     <span class='ocr_line' id='line_1_115' title="bbox 2201 5728 3796 5806; baseline -0.004 -16"><span class='ocrx_word' id='word_1_866' title='bbox 2201 5749 2309 5806; x_wconf 91' lang='lat' dir='ltr'><strong>qua</strong></span> <span class='ocrx_word' id='word_1_867' title='bbox 2342 5733 2592 5789; x_wconf 89' lang='lat' dir='ltr'><strong>convenit</strong></span> <span class='ocrx_word' id='word_1_868' title='bbox 2611 5728 2805 5798; x_wconf 69' lang='lat' dir='ltr'><strong>laetari,</strong></span> <span class='ocrx_word' id='word_1_869' title='bbox 2847 5731 2974 5802; x_wconf 91' lang='lat' dir='ltr'><strong>quia</strong></span> <span class='ocrx_word' id='word_1_870' title='bbox 3005 5731 3249 5789; x_wconf 89' lang='lat' dir='ltr'><strong>diabolus</strong></span> <span class='ocrx_word' id='word_1_871' title='bbox 3270 5731 3359 5803; x_wconf 84' lang='lat' dir='ltr'><strong>jus</strong></span> <span class='ocrx_word' id='word_1_872' title='bbox 3400 5730 3659 5804; x_wconf 88' lang='lat' dir='ltr'><strong>perdidit,</strong></span> <span class='ocrx_word' id='word_1_873' title='bbox 3691 5731 3796 5785; x_wconf 88' lang='lat' dir='ltr'><strong>ho-</strong></span> 
     </span>
    </p>
   </div>
   <div class='ocr_carea' id='block_1_116' title="bbox 2204 5825 3036 5896">
    <p class='ocr_par' dir='ltr' id='par_1_116' title="bbox 2204 5825 3036 5896">
     <span class='ocr_line' id='line_1_116' title="bbox 2204 5825 3036 5896; baseline -0.006 -12"><span class='ocrx_word' id='word_1_874' title='bbox 2204 5843 2295 5884; x_wconf 90' lang='lat' dir='ltr'><strong>mo</strong></span> <span class='ocrx_word' id='word_1_875' title='bbox 2317 5827 2511 5885; x_wconf 75' lang='lat' dir='ltr'><strong>revixit</strong></span> <span class='ocrx_word' id='word_1_876' title='bbox 2539 5843 2552 5892; x_wconf 91' lang='lat'><strong>;</strong></span> <span class='ocrx_word' id='word_1_877' title='bbox 2583 5834 2637 5880; x_wconf 89' lang='lat' dir='ltr'><strong>et</strong></span> <span class='ocrx_word' id='word_1_878' title='bbox 2662 5825 2786 5896; x_wconf 89' lang='lat' dir='ltr'><strong>quia</strong></span> <span class='ocrx_word' id='word_1_879' title='bbox 2808 5826 2911 5882; x_wconf 91' lang='lat' dir='ltr'><strong>hoc</strong></span> <span class='ocrx_word' id='word_1_880' title='bbox 2932 5833 3036 5892; x_wconf 90' lang='lat' dir='ltr'><strong>est,</strong></span> 
     </span>
    </p>
   </div>
  </div>
