4008 6348
261 435 390 492 1041

1245 425 1511 488 GLOSSA
1549 421 1948 506 0RDINARIA.
1988 453 2058 466 --
2093 423 2222 480 LIB.
2265 421 2517 481 PSALM.

3356 420 3502 484 1012

333 547 494 603 Vens.
521 544 615 600 25.
635 573 704 584 —
728 543 773 600 ο
798 543 1034 610 Domine,
1062 543 1285 612 salvum,
1311 552 1418 600 etc.
1448 543 1593 598 Ecce
1619 541 1828 599 deside-
1855 541 1907 602 Α
1930 553 2079 604 nem,
2108 554 2273 610 quam
2304 541 2552 612 superior
2577 535 2814 610 psalmus
2854 540 3004 595 unita
3035 541 3294 597 varietate
3320 549 3511 599 canta-

260 641 402 696 rium
423 650 630 706 magna:
653 635 942 706 petitionis.
968 635 1205 704 Salvum,
1225 636 1292 692 de
1304 636 1457 692 clade
1478 633 1680 690 saeculi.
1697 633 1833 690 Pro-

258 740 500 795 eperare,
532 732 594 778 ut
621 722 832 778 dolores
858 722 947 778 isti
973 730 1254 778 vertantur
1277 722 1332 776 in
1359 732 1562 780 aeterna
1590 723 1801 794 gaudia.

329 817 496 872 Vens.
526 814 617 870 26.
641 843 713 855 —
748 813 1083 882 Benedictus,
1111 823 1217 871 etc.
1247 813 1450 886 (Cass)
1487 815 1691 883 Quarto
1723 815 1832 870 fre-

259 907 511 979 quentari
547 905 686 961 atria
717 906 816 961 Dei
846 905 1067 973 suadet,
1097 907 1163 962 de
1198 906 1432 962 adventu
1465 906 1666 963 Christi
1703 922 1834 978 gau-

259 999 410 1056 dens.
461 998 643 1071 (Aue.)
679 997 994 1054 Maledictus
1030 1013 1158 1070 ergo
1203 999 1295 1069 qui
1337 999 1484 1054 venit
1524 998 1579 1052 in
1616 998 1834 1054 nomine

257 1109 381 1161 suo,
407 1101 541 1160 etc.,
570 1108 732 1164 usque
753 1091 822 1146 ad
847 1091 938 1162 qui
958 1091 1063 1147 erit
1089 1091 1422 1146 maledictus.
1441 1090 1639 1162 (Cass)
1669 1089 1835 1144 Bene-

259 1186 446 1240 dictus.
479 1183 624 1240 Laus
653 1184 720 1240 de
735 1182 990 1248 adventu,
1022 1191 1076 1238 et
1097 1199 1130 1239 ο
1153 1182 1344 1251 reliqui
1374 1181 1694 1244 Christiani,
1732 1194 1833 1236 nos

258 1274 490 1344 majores
504 1275 658 1346 quasi
673 1274 978 1331 sacerdotes
995 1273 1348 1328 benediximas
1362 1271 1526 1337 vobis,
1541 1271 1683 1341 quod
1698 1269 1834 1326 mul-

159 1387 170 1406 ι
259 1376 371 1422 tum
395 1367 632 1437 prodest,
653 1366 779 1436 quia
804 1365 1157 1418 benediximus
1173 1360 1311 1417 vobis
1334 1361 1398 1416 de
1418 1361 1574 1416 domo
1599 1360 1830 1415 Domini.

327 1456 408 1511 De
450 1457 623 1510 domo.
679 1453 812 1526 (10.)
841 1452 899 1509 Id
933 1461 1046 1518 est,
1085 1451 1324 1507 Ecclesia
1363 1451 1659 1516 catholica,
1693 1458 1832 1516 etc.,

257 1563 420 1618 usque
443 1547 513 1600 ad
536 1545 662 1617 quia
683 1544 805 1600 Izeta
832 1543 1100 1600 confessio
1124 1551 1246 1614 post
1272 1542 1550 1598 beneﬁcia.

327 1635 596 1691 Vnas.2'l.
617 1633 998 1690 ——Conetituite
1021 1633 1175 1688 diem.
1208 1631 1388 1704 (Auc.)
1405 1631 1602 1703 Magni,
1634 1630 1725 1700 qui
1739 1645 1835 1686 ex-

258 1730 470 1792 cedunt,
499 1729 591 1800 qui
612 1737 795 1783 mente
818 1728 1041 1784 verbum
1069 1727 1234 1780 Deum
1256 1726 1394 1794 apud
1426 1725 1597 1778 Deum
1618 1723 1834 1779 contin-

257 1830 407 1893 gunt,
425 1801 555 1886 etc.,
571 1837 732 1892 usque
753 1820 822 1874 ad
849 1819 901 1874 id
927 1827 1010 1874 est
1026 1858 1040 1883 ,
1064 1820 1132 1872 ad
1145 1826 1344 1872 aeterna
1369 1816 1560 1887 gaudia
1583 1816 1829 1887 attingat.

1930 629 2027 695 vit,
2057 638 2189 697 etc.,
2216 648 2380 702 usque
2404 631 2472 686 ad
2509 631 2596 688 bis
2639 645 2769 703 ergo
2797 627 3052 702 gradibus
3077 630 3338 688 inoffenso
3375 633 3515 704 pede

1931 722 2128 777 mentis
2169 723 2481 780 ascenditur
2514 734 2676 793 atque
2711 722 3073 779 descenditur.
3117 722 3298 796 (Aue.)
3329 719 3514 778 Canti-

1931 829 2051 866 cum
2077 813 2354 884 graduum.
2388 811 2664 869 Graduum
2687 827 2882 868 nomen
2902 811 3210 884 ambiguum
3229 811 3370 882 apud
3389 826 3512 881 nos,

1931 912 2067 969 etc.,
2093 919 2256 974 usque
2282 902 2352 957 ad
2382 911 2439 958 et
2467 903 2806 960 altitudinem
2831 901 3049 958 deitatis
3071 901 3258 973 ipsius.
3298 899 3512 958 Primus

1932 995 2150 1066 gradus,
2183 984 2420 1050 a'malis
2459 994 2850 1066 saeculiexire,
2893 1003 2949 1050 et
2978 994 3242 1050 universae
3280 993 3512 1052 vanitati

1934 1083 2265 1139 renuntiare.
2317 1083 2541 1156 (Cass.)
2573 1083 2788 1140 Initium
2828 1084 3102 1156 profectus
3143 1094 3227 1142 est
3269 1085 3510 1142 carnalia

1932 1175 2066 1230 vitia
2095 1174 2402 1245 relinquere
2429 1184 2485 1232 et
2522 1176 2752 1232 Domino
2779 1175 3112 1248 supplicare;
3151 1161 3301 1233 'unde
3327 1177 3384 1232 in
3416 1188 3516 1234 vo-

1933 1267 2040 1323 teri
2068 1266 2207 1338 lege,
2239 1267 2456 1338 quando
2494 1269 2775 1324 emebatur
2814 1268 3141 1338 mancipium
3175 1268 3396 1341 gentile,
3425 1281 3515 1323 ra-

1935 1357 2200 1414 debantur
2227 1372 2432 1430 ungues
2463 1357 2579 1427 ejus
2611 1367 2668 1414 et
2713 1357 2892 1430 capilli
2934 1358 3295 1414 tondebantur
3324 1358 3509 1430 (Deut.

1934 1441 2055 1518 an).
2092 1447 2226 1514 Quia
2253 1456 2467 1518 oportet
2492 1449 2788 1504 vanitatem
2825 1464 3036 1520 quaque
3071 1463 3294 1514 exuere,
3319 1457 3379 1503 ut
3407 1447 3506 1504 Dei

1934 1539 2193 1609 obsequio
2251 1541 2602 1610 mancipetur.
2662 1539 2761 1596 Hic
2795 1541 2864 1596 ab
2901 1541 3294 1597 renuntiatione
3325 1540 3510 1596 saeculi

1935 1629 2259 1699 quibusdam
2283 1619 2537 1700 gradibus
2559 1630 2874 1686 meritorum
2887 1631 2954 1686 ad
2968 1630 3263 1701 perfectam
3284 1637 3450 1685 etaete
3460 1645 3512 1685 r-

1934 1737 2059 1776 nam
2073 1723 2385 1793 pervenitur
2400 1722 2740 1789 charitatem,
2759 1737 2878 1792 qua:
2897 1723 2950 1778 in
2979 1737 3190 1778 summo
3201 1722 3375 1776 locata
3397 1730 3504 1776 est.

2003 1815 2086 1868 Ad
2121 1815 2402 1870 Dominum
2441 1831 2558 1868 cum
2587 1814 2884 1870 tribularer.
2927 1813 3128 1887 (Cass)
3167 1813 3384 1878 Primo,
3417 1829 3510 1870 as-

327 1887 479 1966 Diem
514 1887 813 1966 solemnem.
843 1907 902 1964 In
929 1908 1097 1963 veteri
1123 1907 1240 1978 lege
1276 1906 1452 1977 (Deut.
1492 1904 1572 1976 x.)
1595 1905 1826 1970 Pascha,
1855 1887 1903 1948 Β
1928 1904 2156 1960 cendere
2190 1903 2478 1975 incipiens,
2507 1904 2633 1974 quia
2679 1903 2875 1960 multos
2928 1905 3132 1960 invenit
3149 1903 3506 1974 .obsidentes,

256 2001 593 2068 Pentecoste,
611 2000 986 2072 scenopbegia,
1013 2008 1122 2054 tres
1135 1998 1418 2068 prmeipua:
1438 1997 1829 2063 solemnitates,

257 2094 311 2150 in
342 2095 536 2163 quibus
562 2101 890 2162 praeceptum
926 2099 986 2145 ut
1017 2105 1177 2146 nemo
1209 2104 1410 2144 vacuus
1447 2088 1501 2144 in
1524 2090 1833 2159 conspectu

257 2183 470 2238 Domini
500 2189 803 2254 appareret.
829 2180 1044 2237 Vacuus
1091 2187 1195 2246 est,
1242 2179 1334 2249 qui
1361 2178 1413 2233 in
1453 2194 1512 2234 se
1559 2176 1834 2233 Christum

257 2289 364 2329 non
390 2274 573 2339 habet,
599 2273 690 2343 qui
711 2280 793 2327 est
815 2270 1242 2334 fundamentum,
1271 2270 1414 2340 quod
1438 2285 1596 2326 nemo
1623 2277 1835 2324 mutare

257 2364 414 2419 valet.
440 2363 567 2418 Inde
591 2372 673 2417 est
697 2360 843 2432 quod
865 2361 972 2416 illis
996 2360 1170 2415 tribus
1207 2357 1637 2415 solemnitatibus
1664 2357 1835 2414 ﬁdelis

260 2455 491 2526 populus
524 2469 803 2508 nummum
834 2450 994 2508 oﬂert
1027 2450 1259 2506 manuali
1286 2450 1578 2516 oblatione,
1617 2449 1838 2504 interio-

259 2563 374 2602 rem
417 2545 745 2617 significans.
783 2544 842 2599 In
887 2558 1109 2598 nummo
1145 2542 1288 2598 enim
1329 2555 1526 2596 nomen
1571 2549 1626 2596 et
1662 2540 1838 2610 imago

260 2639 420 2710 regis.
459 2637 700 2707 Quisque
751 2651 881 2708 ergo
910 2636 1265 2707 spiritualiter
1303 2650 1580 2690 nummum
1623 2633 1836 2700 offerat,

258 2737 319 2784 ut
344 2743 526 2782 nomen
552 2729 712 2798 regis,
736 2728 786 2783 id
813 2736 898 2784 est
924 2725 1146 2793 Christi,
1177 2728 1231 2782 in
1253 2742 1312 2782 se
1330 2727 1548 2792 habeat,
1572 2741 1603 2781 a
1623 2725 1839 2782 Christo

258 2817 596 2874 Christianus
631 2817 842 2884 dictus;
885 2826 942 2873 et
978 2817 1287 2888 imaginem,
1339 2816 1395 2872 id
1435 2825 1519 2872 est
1567 2816 1834 2882 animam,

259 2906 461 2964 lumine
497 2908 680 2964 vultus
721 2907 838 2976 ejus
875 2907 1185 2978 insignitam
1225 2907 1338 2962 Deo
1383 2907 1616 2960 exibeat.
1660 2905 1838 2960 Cornu

259 3000 463 3055 altaris.
497 2999 698 3071 (Cass)
723 2998 822 3054 Vel
859 3013 956 3068 per
984 2998 1154 3052 altare
1181 2995 1497 3068 intelligitur
1525 3013 1836 3052 sacramen-

260 3099 374 3146 tum
400 3089 644 3160 corporis
669 3095 726 3145 et
749 3087 1046 3159 sanguinis,
1075 3095 1208 3155 etc.,
1236 3101 1396 3157 usque
1415 3086 1485 3140 ad
1511 3102 1614 3141 non
1633 3083 1839 3140 habebit

258 3181 417 3235 vitam
439 3189 706 3234 azternam.

330 3270 448 3338 Vel,
471 3272 637 3327 altare
669 3271 986 3343 intelligitur
1009 3287 1162 3329 mens
1185 3271 1450 3339 hominis;
1472 3271 1614 3327 unde
1638 3270 1694 3326 in
1715 3270 1834 3342 lege

255 3373 584 3436 praeceptum
614 3364 715 3420 fuit
755 3363 950 3438 (Exod.
983 3367 1158 3439 xxvn)
1209 3366 1328 3423 fieri
1361 3365 1532 3421 altare
1561 3365 1835 3436 quadran-

259 3455 442 3526 gulum
495 3463 552 3510 et
593 3470 886 3512 concavum
926 3473 941 3512 :
991 3457 1114 3513 ideo
1167 3455 1596 3528 quadrangulum
1627 3495 1644 3522 ,
1705 3455 1833 3526 quia

259 3561 415 3603 mens
437 3548 669 3602 humana
698 3555 930 3619 quatuor
952 3549 1246 3604 virtutibus
1269 3548 1469 3603 muniri
1491 3548 1671 3614 debet,
1701 3563 1833 3618 pru-

260 3639 472 3706 dentia,
510 3638 754 3710 iustitia,
805 3639 1154 3710 fortitudine,
1200 3641 1588 3711 temperantia;
1645 3640 1832 3697 eadem

259 3729 421 3786 debet
440 3745 559 3788 esse
576 3747 813 3789 concava
840 3733 908 3788 ad
924 3732 1290 3803 recipiendum
1310 3731 1532 3788 verbum
1553 3729 1648 3786 Dei
1671 3738 1833 3801 atque

262 3819 439 3892 ignem
464 3823 782 3880 dilectionis.
809 3823 1012 3879 Tumor
1041 3824 1187 3878 enim
1221 3822 1396 3878 infusa
1423 3821 1665 3893 repellit;
1691 3822 1834 3878 unde

260 3911 317 3964 in
345 3910 582 3968 Levitico
608 3920 931 3983 praeceptum
966 3921 1050 3968 est
1094 3911 1282 3984 (Leuit.
1311 3912 1350 3984 ι)
1391 3911 1683 3968 vesiculam
1716 3918 1835 3984 gut-

263 4000 402 4054 turis
428 4008 485 4057 et
505 4001 743 4071 plumam
765 4000 976 4070 projici,
1006 4001 1220 4072 quando
1255 4008 1432 4056 turtur
1471 4000 1556 4056 vel
1587 4001 1834 4057 columba

260 4089 501 4146 oﬁ‘ertur.
554 4089 804 4147 Vesicula
846 4091 1178 4148 inﬂationem
1226 4085 1491 4163 superbia:
1524 4093 1830 4164 significat;

261 4181 486 4252 plumae,
526 4182 714 4238 inanes
748 4182 1123 4253 inquisitiones
1163 4182 1506 4251 sublimium;
1553 4185 1668 4242 haec
1703 4201 1836 4258 ergo

261 4273 488 4344 projice,
519 4282 580 4329 ut
604 4274 680 4329 sis
708 4274 879 4330 altare
897 4289 1216 4330 concavum.

336 4361 498 4420 Vsus.
525 4363 618 4420 28.
641 4397 711 4406 ——
728 4364 869 4420 Deus
897 4383 1042 4422 meus
1080 4383 1132 4422 ea
1167 4377 1242 4421 tu.
1276 4367 1344 4422 Et
1369 4377 1428 4424 ut
1483 4370 1721 4440 apertius
1748 4369 1832 4426 di-

263 4471 472 4524 camus,
503 4456 729 4512 istorum
758 4457 1045 4513 verborum
1071 4457 1157 4512 hic
1183 4465 1268 4514 est
1291 4473 1482 4514 sensus
1506 4477 1518 4513 :
1549 4458 1664 4514 Non
1687 4457 1834 4515 sufﬁ-

264 4547 376 4603 ciat
401 4546 454 4601 in
493 4556 636 4602 terra
659 4546 762 4602 iste
792 4548 906 4603 dies
932 4546 1121 4614 festus,
1147 4565 1253 4619 quo
1277 4564 1447 4620 agnus
1480 4551 1689 4606 occisus
1709 4559 1792 4606 est
1815 4569 1827 4604 :

264 4637 362 4692 sed
389 4637 748 4692 constituatur
778 4637 833 4691 in
856 4637 1375 4707 frequentationibus
1405 4653 1681 4709 quousque
1705 4655 1831 4710 per-

265 4731 512 4786 veniatur
530 4731 802 4787 mentibus
821 4731 1069 4786 exaltatis
1091 4732 1157 4786 ad
1187 4733 1498 4788 interiorem
1519 4732 1636 4803 ejus
1663 4733 1833 4788 deita-

268 4829 399 4890 tem,
429 4823 522 4878 ubi
551 4823 735 4879 laudes
772 4823 1108 4879 cantabimus
1143 4824 1256 4878 ita:
1291 4822 1428 4878 Deus
1465 4840 1609 4886 meus
1651 4841 1705 4881 es
1751 4833 1832 4891 tu,

265 4921 374 4969 etc.
401 4912 618 4984 Itaque,
645 4913 785 4969 sicut
809 4913 971 4984 etrapit
1001 4912 1232 4978 Iaudem,
1270 4913 1345 4970 ita
1381 4913 1654 4970 terminat.

271 4999 278 5004 ’
341 5003 502 5058 Vens.
531 5003 620 5059 29.
645 5034 716 5044 -—
740 5001 1071 5073 Confitemi'ni
1096 5003 1342 5060 Domino.
1383 5004 1465 5059 Ab
1494 5005 1646 5059 initio
1690 5005 1834 5074 quod

268 5092 623 5163 deseruimus,
647 5095 701 5150 in
730 5095 890 5151 finem
917 5113 1025 5168 quo
1048 5097 1302 5162 redimus,
1324 5113 1436 5153 non
1461 5106 1545 5155 est
1569 5097 1836 5156 salubrius

270 5184 492 5256 aliquid,
517 5187 660 5257 quod
683 5186 935 5254 delectet,
966 5203 1129 5258 quam
1149 5187 1267 5243 laus
1292 5187 1386 5244 Dei

758 5299 1075 5358 PSALMUS
1120 5300 1342 5358 CXVIII.

343 5411 737 5496 [inpositiqnem
765 5412 936 5496 ‘hujus
971 5411 1206 5496 psalmi,
1253 5422 1312 5496 ut
1334 5412 1497 5496 _ua_tde
1540 5412 1836 5496 protinam,

271 5481 576 5554 omittimus.
605 5481 732 5554 Vide
745 5481 1022 5547 Ambrosii,
1049 5481 1366 5554 Cassiodori,
1385 5481 1656 5554 Augustini
1679 5483 1847 5538 Euar-

272 5551 499 5625 rationes
522 5553 590 5625 in
619 5550 914 5625 psalmos,_e
950 5554 1132 5625 quibus
1159 5553 1226 5606 ad
1251 5550 1480 5608 verbum'
1498 5570 1739 5625 expressa
1765 5563 1839 5609 est

269 5620 444 5694 glossa
478 5620 746 5676 ordinaria
776 5624 830 5676 in
859 5620 994 5676 hunc
1017 5621 1204 5677 locum.

783 5737 1101 5793 PSALMUS
1137 5736 1320 5793 CXIX.

277 5837 280 5839 Α
343 5829 514 5890 Vens.
537 5831 588 5887 1.
619 5861 684 5874 -—-
710 5828 985 5888 Canticum
1016 5829 1293 5903 graduum.
1313 5829 1515 5904 (Cass)
1541 5829 1836 5892 Beatitudi-

1862 3238 1909 3303 C

1857 4603 1909 4663 D

1931 2009 1964 2051 a
1989 1995 2188 2066 linguis
2220 2010 2406 2050 eorum
2437 1995 2570 2064 petit
2607 1992 2867 2050 liberari:
2904 1994 3172 2061 secundo,
3209 1995 3275 2050 de
3301 1993 3512 2064 permi-

1931 2088 2106 2144 stione
2134 2086 2396 2142 malorum
2423 2085 2802 2156 conqueritur,
2839 2084 2936 2141 Hei
2973 2085 3124 2140 mihi.

2001 2177 2167 2234 Vnus.
2189 2177 2245 2232 2.
2267 2176 2592 2242 —Domine,
2619 2176 2801 2242 libera,
2823 2185 2928 2232 etc.
2950 2175 3084 2231 Cum
3127 2174 3318 2246 incipit
3342 2175 3507 2231 home

1933 2270 2252 2335 ascendere,
2281 2269 2335 2324 id
2364 2279 2466 2336 est,
2491 2284 2613 2324 cum
2653 2269 2852 2340 cogitat
2881 2267 3164 2339 proficere,
3199 2275 3507 2336 contempto

1933 2361 2150 2428 saeculo,
2182 2361 2280 2417 soli
2311 2362 2521 2418 haerens
2550 2361 2681 2427 Deo,
2718 2361 2906 2432 incipit
2933 2360 3044 2431 pati
3073 2359 3284 2431 linguas
3320 2359 3514 2414 adver-

1933 2455 2194 2518 santium,
2245 2453 2296 2508 id
2334 2462 2418 2509 est
2473 2441 2908 2518 detrahentium,
2961 2459 3016 2507 et
3061 2450 3226 2522 (quod
3269 2449 3511 2522 gravius)

1935 2547 2099 2618 quasi
2119 2545 2446 2602 consulendo
2471 2561 2503 2601 a
2528 2545 2700 2600 salute
2720 2543 3074 2600 avertentium
3104 2561 3118 2598 :
3159 2542 3259 2598 bas
3283 2542 3372 2613 qui
3401 2557 3514 2598 non

1933 2639 2159 2711 patitur,
2188 2637 2426 2693 nondum
2451 2637 2716 2708 proficere
2741 2645 2986 2694 conatur.
3018 2638 3354 2693 Ascensurus
3382 2649 3511 2706 ergo

1937 2736 2114 2807 primo
2140 2743 2330 2790 contra
2355 2749 2448 2790 eas
2474 2743 2730 2805 precatur
2758 2752 2773 2788 :
2817 2731 3056 2799 Domine,
3097 2730 3258 2792 libera
3281 2730 3512 2785 animam

1939 2844 2106 2884 meam
2127 2844 2160 2881 a
2189 2825 2342 2881 labiis
2379 2826 2592 2898 iniquis.

2006 2915 2171 2972 Vsus.
2199 2915 2254 2971 3.
2283 2947 2352 2958 —
2374 2914 2514 2982 Quid
2539 2920 2692 2970 detur
2728 2914 2851 2980 tibi,
2880 2922 2986 2970 etc.
3020 2911 3222 2986 (Cass)
3249 2910 3398 2967 More
3425 2910 3512 2964 ni-

1939 3008 2043 3063 mis
2081 3007 2370 3078 cogitantis
2414 3007 2660 3073 btesitat,
2696 3015 2750 3063 et
2778 3006 2973 3076 quaerit
3013 2995 3328 3062 remedium.
3372 3001 3513 3068 Quid

1942 3097 2034 3151 tibi
2057 3097 2244 3163 detur,
2273 3107 2366 3152 aut
2407 3097 2533 3167 quid
2575 3099 2907 3168 apponatur?
2949 3098 3063 3152 Duo
3099 3083 3513 3165 verba‘posuit,

1943 3188 2062 3242 dari
2107 3197 2156 3242 et
2198 3187 2420 3258 apponi;
2458 3187 2666 3257 sagittae
2697 3187 2892 3243 dantur
2925 3187 2980 3242 in
3022 3203 3204 3256 arma,
3249 3188 3515 3242 carbones

1940 3285 2278 3348 apponuntur
2297 3277 2452 3348 quasi
2476 3278 2528 3332 in
2551 3277 2991 3335 consolationem.

2007 3369 2171 3426 Vnus.
2204 3368 2362 3423 4.·-
2387 3367 2622 3440 Sagittae.
2660 3369 2842 3442 (Auc.)
2876 3368 3068 3426 Verbis
3096 3369 3193 3425 Dei
3228 3369 3515 3438 sagittatur

1934 3475 2048 3526 cor,
2070 3467 2202 3526 etc.,
2224 3475 2387 3531 usque
2417 3459 2486 3514 ad
2512 3467 2570 3515 ut
2595 3460 2666 3515 sit
2695 3475 2862 3531 purus
2887 3460 3038 3517 locus
3069 3459 3294 3516 aedificio
3322 3459 3436 3514 Dei.

2004 3553 2168 3610 Vens.
2201 3554 2326 3610 5.—
2351 3553 2468 3609 Heu
2494 3554 2640 3608 mihi.
2667 3553 2869 3626 (Cass)
2894 3555 3142 3610 Secundo
3165 3555 3230 3610 de
3259 3551 3514 3616 incolatu,

1933 3653 1989 3703 et
2024 3644 2375 3716 permistione
2414 3645 2674 3700 malorum
2713 3644 3080 3714 conqueritur.
3121 3641 3371 3713 Acceptis
3423 3655 3544 3718 sa—_

1935 3737 2085 3810 gittis
2107 3745 2162 3792 et
2189 3735 2536 3803 carbonibus,
2567 3733 2740 3791 factus
2783 3735 3040 3801 triticum,
3080 3733 3315 3789 nondum
3339 3739 3423 3787 est
3454 3731 3509 3785 in

1933 3831 2150 3895 horreo,
2181 3827 2275 3884 sed
2319 3828 2374 3882 in
2423 3842 2552 3882 area
2578 3827 2671 3884 ubi
2705 3826 2870 3882 multa
2913 3825 3068 3898 palea
3111 3823 3401 3896 premitur;
3430 3821 3510 3876 vi-

1933 3921 2066 3976 dens
2086 3934 2215 3990 ergo
2241 3917 2408 3974 multa
2429 3917 2589 3983 mala,
2619 3933 2739 3988 quae
2763 3925 2887 3992 ante
2911 3933 3016 3974 non
3043 3915 3253 3972 viderat
3276 3912 3472 3970 clamat
3497 3928 3511 3964 :

1935 4008 2039 4064 Hei
2064 4009 2212 4064 mihi.
2245 4005 2387 4063 Rulli
2435 4007 2641 4064 homini
2691 4015 2955 4078 apparent
2996 4004 3156 4071 mali,
3187 4002 3292 4060 nisi
3337 4002 3514 4057 factus

1934 4105 2004 4160 sit
2031 4103 2238 4168 bonus;
2265 4101 2403 4156 Cum
2427 4101 2564 4157 enim
2602 4101 2756 4156 erevit
2797 4099 2987 4165 herba,
3027 4107 3076 4154 et
3106 4097 3334 4168 fructum
3362 4095 3507 4164 fecit,

1934 4203 2283 4267 apparuerunt
2304 4193 2535 4248 zizania.
2560 4189 2935 4262 Prolongatus.‘
2959 4190 3072 4244 Etsi
3089 4188 3252 4243 breve
3273 4195 3507 4255 tempus,

1935 4283 2202 4340 desiderio
2231 4283 2394 4339 nimis
2427 4281 2644 4352 longum
2673 4280 2903 4334 videtur.
2936 4277 3126 4333 Cedar.
3161 4276 3294 4349 (Io.)
3339 4274 3511 4330 Filius

1933 4374 2194 4440 Ismaelis,
2246 4375 2390 4429 unde
2431 4370 2686 4427 Saraceni
2731 4370 3144 4432 descenderunt,
3193 4366 3284 4437 qui
3328 4365 3512 4421 verius

1933 4469 2002 4521 ab
2022 4466 2167 4536 Agar
2187 4463 2495 4520 dicerentur
2534 4460 2804 4532 Agareni:
2837 4459 2932 4516 sed
2958 4475 2988 4514 a
3015 4457 3173 4526 Sara,
3203 4457 3432 4528 digniori
3455 4467 3510 4512 et

1933 4557 2103 4612 libera
2130 4555 2232 4610 sibi
2263 4569 2458 4610 nomen
2484 4551 2911 4617 vindicaverunt,
2935 4565 3166 4621 quorum
3192 4557 3418 4619 uterque
3453 4549 3510 4604 in

1940 4646 2302 4705 tabernaculis
2343 4645 2540 4716 legitur
2582 4641 2875 4700 habitasse.
2909 4641 3276 4698 Tabernaeula
3318 4641 3510 4696 lsmael

1939 4750 2083 4796 recte
2111 4737 2286 4794 Cedar
2321 4737 2464 4792 dicta
2509 4744 2672 4792 sunt:
2712 4734 2885 4790 Cedar
2921 4735 2988 4790 ad
3029 4733 3221 4791 Ismael
3255 4733 3509 4803 pertinet.

1941 4827 2120 4902 (Αυο.)
2145 4828 2294 4884 Isaac
2320 4842 2471 4898 ergo,
2492 4833 2624 4894 etc.,
2649 4842 2812 4898 usque
2831 4825 2901 4881 ad
2920 4826 2966 4882 si
2993 4841 3135 4884 nunc
3155 4825 3283 4882 mali
3306 4840 3338 4879 a
3354 4823 3510 4880 bonis

1937 4936 2045 4977 non
2077 4927 2301 4993 possunt
2327 4917 2590 4990 separari,
2630 4915 2838 4973 ferendi
2863 4926 3006 4972 sunt.

1953 5023 1960 5030 ‘
2460 5007 2778 5066 PSALMUS
2823 5005 2987 5065 CXX.

2012 5105 2176 5163 Vnus.
2203 5105 2255 5160 1.
2277 5133 2348 5143 -
2373 5099 2647 5157 Canticum
2683 5099 2961 5172 graduum.
3007 5097 3207 5170 (Cass)
3228 5095 3513 5154 Secundus

1943 5197 2139 5270 gradus
2173 5202 2359 5267 petere
2385 5193 2619 5249 divinam
2649 5191 3030 5256 defensionem,
3073 5190 3159 5246 cui
3189 5190 3322 5246 nihil
3353 5205 3512 5262 posse

1944 5289 2163 5347 obviare
2227 5293 2574 5345 monstratur.
2632 5285 2811 5358 (Auc.)
2853 5282 2950 5340 Cui
2996 5283 3140 5339 enim
3185 5282 3252 5339 de
3311 5283 3512 5338 mundo

1946 5379 2162 5436 exeunti
2205 5379 2446 5450 pericula
2494 5385 2816 5441 occurrunt,
2848 5389 3140 5446 exposcere
3183 5374 3345 5431 debet
3369 5373 3512 5434 divi-

1946 5488 2072 5527 num
2097 5471 2374 5536 auxilium,
2389 5479 2519 5538 etc.,
2536 5487 2696 5543 usque
2707 5469 2778 5524 'ad
2798 5467 2943 5523 Talis
2965 5475 3049 5524 est
3069 5467 3197 5534 Iste,
3211 5469 3304 5541 qui
3325 5467 3511 5525 oculos

1946 5561 2013 5616 ad
2047 5558 2216 5618 Deum
2237 5560 2397 5617 levat.
2425 5561 2626 5633 (Cass)
2651 5559 2832 5614 Primo
2871 5557 3014 5614 levat
3039 5558 3223 5615 oculos
3247 5567 3299 5615 et
3339 5566 3462 5612 orat
3489 5575 3504 5613 :

1946 5650 2180 5708 secundo
2227 5652 2368 5722 quod
2413 5653 2592 5709 oravit
2631 5647 2886 5716 afﬁrmat,
2929 5649 3222 5706 ostendens
3250 5649 3507 5704 virtutem

1944 5742 2129 5798 auxilii
2159 5742 2449 5814 impetrati.

2013 5832 2198 5891 Levavi
2237 5834 2428 5892 oculos.
2455 5833 2580 5910 (ιν.)
2605 5832 2718 5912 Qui
2739 5832 2894 5906 quasi
2913 5832 3201 5892 inclinatus
3236 5831 3510 5908 clamavit,
