4008 6348
515 351 654 407 1045

1014 345 1407 402 WALAFBIDI
1447 345 1693 402 STRABI
1731 348 1933 412 FULD.
1980 353 2143 418 MON.
2186 353 2337 412 OPP.
2378 348 2558 406 PARS
2594 349 2636 403 I.
2675 379 2743 390 —
2781 348 3238 406 THEOLOGICA.

3645 355 3667 410 l
3677 352 3786 409 044

513 467 624 538 jam
652 467 948 540 respirans,
987 463 1171 519 oculos
1199 464 1265 519 ad
1288 464 1672 519 intercessores
1694 474 1914 521 sanctos
1937 466 2095 524 levat.
2126 472 2176 536 Α
2205 482 2300 536 gas
2335 474 2396 520 ut
2419 463 2507 519 hic
2551 478 2735 518 versus
2773 463 2842 518 sit
2866 463 3133 532 expositio
3161 462 3535 534 praecedentis.
3586 465 3780 533 Quasi,

581 557 744 612 Vens.
770 557 825 610 5.
848 584 920 596 -
945 552 1127 625 Neque
1149 554 1408 608 dormitet.
1455 553 1639 626 (Anc)
1683 553 1742 610 Si
1783 553 1986 612 dormit
2034 558 2088 614 in

509 651 564 711 te
590 645 742 716 fides,
765 645 966 702 dormit
993 644 1048 706 in
1078 652 1131 699 te
1156 643 1422 699 Christus.

579 734 785 808 (Cass.)
839 732 1049 789 Dicitur
1101 732 1206 788 hoc
1257 733 1493 788 humana
1541 733 1973 803 consuetudine;
2032 743 2093 792 ut

507 825 925 906 quando‘fessus
952 832 1134 880 custos
1153 823 1431 890 dormitat,
1461 824 1661 880 furtum
1696 827 1917 898 patitur.

577 921 742 977 Vnus.
770 919 824 974 4.
848 949 918 961 -
944 916 1126 992 (Aac)
1161 911 1298 972 Ecce
1342 933 1444 972 non
1473 917 1793 973 dormitabit.
1824 920 2092 976 Dormitat

507 1007 774 1076 Christus,
804 1019 934 1076 etc.,
967 1025 1128 1080 usque
1161 1008 1230 1062 ad
1281 1009 1376 1064 sed
1402 1023 1470 1063 ne
1496 1008 1672 1064 adhuc
1709 1018 1868 1079 putes
1893 1010 1996 1067 hoc
2023 1011 2090 1068 de

505 1103 687 1176 aliquo
715 1104 1012 1168 hominum,
1041 1101 1236 1166 subdit,
1266 1101 1521 1156 Dominus
1552 1102 1799 1156 custodit.

492 1259 504 1269 ο
579 1193 682 1260 Qui
725 1193 947 1247 custodit
984 1191 1172 1246 Israel.
1203 1191 1386 1263 (AUG.)
1417 1191 1517 1258 Qui
1563 1206 1666 1245 non
1697 1201 1876 1261 potest
1905 1192 2090 1250 videre

497 1274 721 1351 faciem,
751 1294 881 1351 etc.,
912 1302 1072 1356 usque
1103 1285 1172 1338 ad
1201 1294 1255 1338 et
1281 1285 1406 1339 huic
1445 1300 1551 1338 non
1588 1285 1787 1339 dormit
1816 1284 2083 1341 Christus.

577 1373 738 1430 Vens.
763 1375 1149 1430 5.—Dominus
1173 1375 1418 1428 custodit.
1442 1373 1646 1448 (Cass)
1665 1373 1913 1432 Secunda
1936 1391 2088 1450 pars,

503 1465 595 1520 ubi
617 1468 759 1538 quod
785 1475 1035 1523 oraverat
1071 1466 1321 1522 aﬁirmat.
1354 1468 1420 1526 Et
1459 1468 1614 1537 quasi
1642 1467 1764 1540 quis
1795 1461 2083 1538 quaereret,

503 1560 636 1630 Quis
663 1572 745 1619 est
774 1563 862 1618 ille
887 1564 1103 1620 custos?
1131 1564 1328 1628 subdit,
1380 1562 1635 1617 Dominus
1678 1564 1925 1630 custodit,
1975 1571 2080 1620 etc.

503 1651 690 1724 (Auc.)
737 1653 851 1710 Non
902 1656 1018 1710 sine
1062 1671 1225 1710 causa
1270 1663 1373 1722 est,
1401 1661 1535 1721 etc.,
1570 1671 1730 1726 usque
1756 1655 1825 1710 ad
1866 1654 2083 1712 dilectio

502 1743 598 1800 Dei
630 1746 858 1812 scilicet,
881 1754 937 1800 et
973 1745 1226 1815 proximi.

2194 556 2440 628 loquebar
2485 570 2662 624 pacem
2705 554 2768 608 de
2815 561 2882 618 te,
2932 563 3142 624 propter
3167 556 3431 624 proximos
3470 566 3520 610 et
3565 556 3784 625 fratres,

2193 639 2402 704 scilicet
2449 664 2462 699 :
2497 644 2725 711 Quwsivi
2773 645 2907 699 bona
2945 645 3036 698 tibi
3064 654 3275 716 propter
3311 645 3522 700 domum
3566 647 3788 704 Domini

2194 739 2290 793 Dei
2315 737 2495 792 nostri.
2531 733 2816 790 Sententia
2840 735 3034 795 horum
3066 727 3354 790 verborum
3378 751 3486 791 non
3515 745 3780 794 mutatur.

2194 833 2328 891 Tibi.
2359 833 2403 890 Ο
2437 843 2514 900 tu,
2556 831 2789 890 cmlestis
2816 831 3140 899 Jerusalem,
3182 833 3308 903 quia
3339 832 3530 890 domus
3569 833 3672 891 Dei
3700 851 3785 906 es,

2191 937 2246 986 et
2271 929 2344 984 ita
2371 927 2425 982 in
2452 927 2554 981 hoc
2578 924 2719 994 quod
2748 934 2800 979 te
2824 923 3010 995 diligo,
3042 924 3214 980 Deum
3241 925 3424 998 diligo.

2685 1017 3006 1075 PSALMUS
3044 1016 3254 1072 CXXII.

2261 1113 2535 1172 Canticum
2565 1116 2847 1187 graduum.
2881 1109 3083 1181 (Cass)
3114 1109 3350 1176 Quartus
3377 1108 3602 1181 gradus,
3639 1110 3786 1166 inter

2189 1207 2452 1278 quaslibet
2478 1207 2754 1277 angustias
2788 1210 3104 1260 constanter
3134 1201 3200 1256 de
3226 1201 3456 1256 Domino
3482 1215 3607 1256 esse
3643 1216 3784 1278 prce-

2188 1299 2509 1355 sumendum
2537 1341 2552 1366 ,
2595 1299 2768 1354 donec
2827 1295 3084 1373 misertus
3127 1293 3401 1349 exaudiat.
3452 1290 3554 1360 Qui
3611 1307 3777 1362 supra

2187 1391 2253 1447 ad
2282 1400 2513 1458 montes,
2542 1407 2684 1447 nunc
2710 1390 2778 1445 ad
2801 1388 2971 1443 Deum
2997 1386 3187 1442 oculos
3212 1384 3375 1440 levat.

2257 1483 2420 1538 Vsus.
2454 1483 2504 1537 l.
2536 1513 2606 1524 —
2634 1479 2714 1536 Ad
2763 1490 2812 1534 te
2841 1478 3023 1534 levavi.
3067 1475 3190 1548 (ιο.)
3219 1475 3401 1529 Primo
3451 1488 3559 1528 vox
3604 1473 3784 1527 tribu-

2185 1575 2416 1632 latorum
2444 1575 2613 1630 Deum
2637 1569 3066 1642 respicientium,
3089 1582 3193 1622 non
3227 1565 3292 1620 ad
3315 1564 3422 1619 alia
3444 1563 3779 1634 patrocinia;
3833 1555 3840 1560 ’

2187 1667 2442 1732 secundo,
2471 1672 2730 1734 precatur
2751 1659 3178 1716 misericordiam
3205 1666 3392 1712 contra
3427 1653 3779 1710 insultantes.

2185 1755 2366 1828 (Avo)
2399 1757 2480 1809 Ad
2518 1765 2564 1810 te
2592 1753 2772 1808 levavi.
2816 1751 2932 1820 Quo
2964 1751 3183 1815 levaret,
3215 1749 3320 1804 nisi
3345 1764 3452 1819 quo
3478 1749 3786 1803 ascendens

573 1834 736 1892 Vens.
764 1835 815 1889 6.
839 1833 1018 1888 —Per
1042 1835 1178 1890 diem
1198 1834 1276 1889 sol
1298 1851 1401 1889 non
1437 1845 1548 1889 uret
1575 1844 1642 1900 te,
1661 1853 1822 1906 neque
1843 1836 1968 1890 luna
1988 1854 2080 1906 per
2107 1834 2158 1895 Β
2185 1843 2480 1900 tendebat?
2507 1859 2610 1898 non
2647 1858 2704 1898 se
2739 1841 2966 1897 attendit
2992 1841 3112 1906 iste,
3149 1848 3208 1894 ut
3230 1839 3514 1910 superbus,
3553 1837 3652 1908 qui
3680 1837 3784 1894 sibi

503 1930 723 1986 noctem,
747 1923 1006 1996 etc.'(ln.)
1029 1923 1168 1978 Deus
1187 1933 1270 1979 est
1291 1923 1388 1989 sol,
1410 1932 1538 1988 etc.,
1564 1940 1724 1995 usque
1745 1924 1813 1977 ad
1829 1925 1912 1980 vel
1939 1925 2083 1990 luna,

503 2011 557 2068 id
586 2019 668 2066 est
692 2013 953 2078 Ecclesia,
983 2031 1088 2070 non
1117 2015 1391 2086 permittet
1413 2014 1495 2068 uri
1520 2021 1674 2068 nocte
1705 2013 2084 2077 tribulationis.

502 2104 708 2177 (HIEB.)
726 2105 820 2160 Vel
837 2123 929 2176 per
944 2105 1080 2160 diem
1109 2106 1444 2175 accipiuntur
1471 2121 1748 2176 prospera,
1773 2114 1899 2171 etc.,
1927 2123 2089 2180 usque

503 2197 574 2250 ad
609 2195 680 2251 ita
709 2213 852 2251 nunc
877 2197 929 2251 in
957 2197 1229 2268 prosperis
1261 2206 1314 2252 et
1335 2197 1386 2251 in
1411 2195 1650 2252 adversis
1671 2213 1769 2253 nos
1796 2205 1990 2253 servat.

574 2287 736 2343 Vens.
771 2289 822 2342 7.
863 2318 932 2329 —
981 2289 1237 2343 Dominus
1291 2288 1549 2342 custodiat
1599 2289 1870 2343 introitum
1915 2299 2084 2342 tuum.

502 2377 705 2452 (Cass.)
737 2378 942 2435 Cuncta
987 2378 1277 2444 concludit,
1307 2378 1464 2434 bonis
1495 2379 1662 2435 initiis
1707 2379 1880 2435 bonos
1908 2380 2085 2436 exitus

499 2468 773 2541 adjungat.
808 2469 990 2542 (Auc.)
1029 2469 1281 2524 Dominus
1322 2469 1582 2524 custodiat
1609 2470 1880 2525 introitum
1908 2481 2078 2526 tuum.

495 2559 766 2640 Intrantes
795 2560 1046 2630 custodit,
1078 2569 1211 2629 etc.,
1254 2579 1413 2636 usque
1457 2562 1527 2616 ad
1566 2562 1677 2636 jatn
1725 2561 1779 2619 in
1819 2570 2080 2619 aeternum

502 2653 636 2710 nihil
673 2654 910 2712 nocebit.

1020 2743 1342 2801 PSALMUS
1381 2742 1564 2800 CXXI.

571 2858 737 2915 Vnus.
767 2859 817 2913 l.
863 2857 1230 2916 —Canticum
1275 2857 1556 2930 graduum.
1605 2856 1808 2930 (Cass.)
1861 2856 2077 2916 Tertius

495 2951 710 3024 gradus.
744 2949 990 3022 Magnum
1019 2950 1293 3021 gaudium;
1340 2950 1394 3004 in
1434 2949 1676 3006 Ecclesia
1709 2965 1848 3020 pura
1894 2959 2076 3007 mente

494 3041 726 3106 versari,
756 3049 917 3110 atque
955 3040 1115 3125 digne
1157 3040 1270 3095 Deo
1300 3039 1354 3094 in
1380 3039 1480 3095 hac
1507 3039 1944 3112 peregrinatione
1974 3041 2072 3096 mi-

491 3132 650 3190 litare
676 3151 688 3187 :
720 3131 860 3188 unde
888 3131 1225 3202 suspiramus
1254 3131 1321 3187 ad
1348 3129 1625 3185 caelestem
1653 3125 1973 3198 Jerusalem,
2004 3131 2073 3188 ad

493 3237 652 3293 quam
675 3221 883 3276 duabus
916 3219 1016 3276 alis
1046 3219 1346 3276 dilectionis
1382 3219 1642 3275 levamur.

563 3311 793 3368 Lwtatus
815 3329 931 3367 sum
957 3313 1011 3368 in
1039 3313 1138 3380 his,
1171 3321 1275 3369 etc.
1304 3312 1486 3368 Primo
1508 3314 1705 3384 gaudet
1723 3328 1781 3369 se
1807 3315 2072 3372 monitum

490 3403 570 3460 ire
591 3404 660 3458 ad
689 3401 1009 3470 Jerusalem,
1039 3403 1128 3459 ubi
1157 3403 1329 3460 sancti
1373 3407 1552 3460 securi
1595 3411 1650 3459 et
1689 3419 1811 3460 cum
1839 3403 2070 3461 Domino

486 3492 821 3564 iudicabunt.
850 3494 1117 3560 Secundo,
1146 3510 1470 3550 ascensurus
1497 3504 1651 3565 optat
1683 3494 2072 3552 abundantiam

489 3585 638 3657 pacis
664 3603 676 3640 :
705 3583 904 3657 Rogata
927 3604 1042 3658 qua:
1074 3587 1141 3640 ad
1161 3602 1364 3657 pacem,
1391 3595 1500 3642 etc.

558 3676 724 3733 Vens.
741 3676 1246 3734 L—Testimonium
1269 3676 1460 3732 Israel.
1481 3676 1663 3750 (Auu.)
1689 3675 1746 3733 Id
1759 3686 1861 3744 est,
1879 3678 1932 3733 in
1949 3679 2070 3750 qui.-

488 3769 590 3826 bus
613 3769 954 3840 cognoscitur
990 3771 1131 3840 quod
1152 3784 1279 3824 vere
1305 3778 1430 3824 sunt
1456 3768 1644 3826 Israel.
1670 3767 1895 3836 Quando
1917 3769 2065 3824 enim

493 3873 662 3928 grana
693 3868 819 3914 sunt
866 3875 984 3916 cum
1016 3859 1207 3930 paleis,
1253 3868 1421 3916 totum
1467 3859 1622 3932 palea
1667 3869 1918 3932 putatur;
1968 3860 2066 3916 sed

501 3964 622 4006 cum
649 3951 1063 4020 separabuntur,
1092 3960 1221 4007 tunc
1240 3952 1344 4007 erit
1371 3952 1738 4008 testimonium
1772 3950 1960 4007 Israel.

564 4039 725 4098 Vsus.
750 4039 1086 4098 5.—Sedes.
1109 4040 1232 4111 (In.)
1256 4041 1313 4096 ιιι
1341 4051 1424 4098 est
1439 4042 1592 4114 justi,
1623 4043 1676 4098 in
1701 4043 1898 4114 quibus
1928 4042 2069 4100 Deus

489 4132 662 4200 sedet,
687 4141 818 4201 etc.,
844 4149 1006 4204 usque
1029 4133 1100 4189 ad
1127 4143 1354 4190 caveant
1382 4149 1512 4206 ergo
1540 4134 1644 4190 sibi
1683 4149 1872 4192 omnes
1900 4135 2071 4192 inter-

490 4225 733 4298 rogandi.

560 4317 723 4372 Vens.
757 4316 810 4372 6.
837 4315 1144 4390 -—Rogate.
1180 4317 1382 4391 (Cass.)
1409 4315 1652 4376 Secunda
1679 4334 1826 4389 pars,
1867 4319 1959 4375 ubi
1991 4317 2070 4374 lo-

499 4412 684 4484 quitur
705 4411 773 4468 ad
802 4411 1034 4482 iudices,
1078 4423 1272 4486 optans
1323 4415 1403 4474 eis
1457 4417 1848 4476 abundantiam
1893 4418 2066 4490 pacis,

497 4520 659 4578 quam
733 4521 918 4562 amore
985 4507 1216 4564 fratrum
1288 4507 1618 4580 praedicavit.
1695 4511 2064 4584 Diligentibus.

2195 1935 2408 2006 placet:
2452 1950 2575 1988 nam
2614 1933 2704 2003 qui
2755 1932 2854 1987 sibi
2885 1930 3152 2002 displicet,
3188 1929 3292 2001 bic_
3322 1927 3443 1982 talis
3499 1926 3617 1983 Deo
3669 1928 3784 1999 pla-

2192 2035 2310 2092 cet;
2344 2033 2397 2080 et
2426 2025 2511 2080 cui
2540 2025 2683 2080 Deus
2724 2023 2919 2094 placet,
2959 2023 3070 2092 ipse
3109 2021 3211 2076 sibi
3257 2019 3521 2090 displicet.
3551 2017 3778 2075 Levavi.

2188 2121 2458 2177 Ascensus
2489 2135 2618 2192 ergo
2647 2125 2730 2174 est
2756 2119 2810 2172 in
2833 2116 3046 2181 allectu,
3094 2123 3223 2180 etc.,
3266 2130 3426 2212 usque
3451 2111 3522 2167 ad
3543 2111 3648 2168 sed
3687 2113 3784 2184 qui

2187 2211 2564 2284 peregrinatur
2589 2219 2644 2265 et
2678 2209 2951 2265 desiderat
2979 2207 3234 2278 patriam.

2259 2304 2421 2359 Vsus.
2461 2303 2514 2358 2.
2538 2333 2607 2345 —-
2637 2301 2770 2357 Ecce
2813 2303 2946 2355 sicut
2990 2299 3150 2366 oculi,
3193 2307 3296 2354 etc.
3329 2295 3535 2368 (Cass.)
3568 2295 3780 2352 Servus

2185 2395 2328 2450 levat
2378 2395 2562 2452 oculos
2610 2395 2662 2449 in
2715 2410 2906 2449 manus
2954 2392 3186 2460 Domini,
3240 2391 3456 2463 quando
3505 2399 3635 2463 eget
3690 2390 3779 2446 vel

2183 2489 2398 2559 quando
2427 2487 2664 2559 vapulat,
2692 2487 2818 2557 quia
2842 2494 3133 2554 utrumque
3162 2484 3216 2558 in
3236 2483 3448 2539 Domini
3475 2493 3773 2554 potestate.

2182 2575 2330 2634 Sicut
2375 2576 2512 2632 oculi
2553 2575 2779 2631 ancillw.
2817 2576 2996 2648 (Αυο.)
3036 2573 3225 2630 Servus
3252 2584 3334 2630 est
3371 2574 3636 2647 populus;
3673 2575 3778 2629 Do-

2181 2671 2374 2735 minus,
2400 2667 2676 2736 Christus;
2709 2666 2912 2721 Ancilla
2933 2708 2947 2732 ,
2975 2665 3247 2731 Ecclesia;
3279 2665 3518 2731 domina,
3546 2665 3647 2720 Dei
3668 2666 3779 2721 vir—

2181 2772 2289 2827 tus,
2321 2773 2374 2818 et
2395 2762 2489 2816 Dei
2513 2758 2890 2833 sapientia.'Et
2908 2761 2950 2815 si
2976 2757 3087 2828 jam
3115 2758 3207 2814 lilii
3229 2767 3285 2813 et
3317 2758 3479 2814 amici
3517 2774 3619 2830 per
3645 2774 3776 2829 gra-

2177 2857 2326 2920 tiam,
2353 2855 2494 2911 servi
2526 2862 2702 2910 tamen
2728 2867 2912 2909 sumus
2936 2869 3031 2924 per
3059 2861 3386 2914 creaturam,
3421 2851 3550 2922 quia
3587 2851 3775 2907 omnis

2178 2953 2424 3003 creatura
2457 2945 2566 3000 Deo
2615 2945 2799 3000 servit.
2847 2942 3050 3016 (Cass)
3103 2943 3206 2998 Dat
3252 2941 3665 2998 similitudinem
3708 2943 3778 2998 de

2175 3051 2330 3095 servo
2353 3046 2408 3092 et
2443 3035 2662 3102 ancilla,
2694 3035 2913 3090 domino
2938 3043 2991 3088 et
3021 3033 3256 3098 domina,
3296 3047 3365 3088 ne
3404 3031 3678 3088 femineus
3717 3042 3776 3087 et

2173 3128 2402 3183 debilior
2436 3143 2598 3183 sexus
2631 3143 2688 3182 se
2710 3134 2994 3196 exceptum
3019 3133 3190 3195 putet.

2095 3230 2146 3296 ο
2243 3218 2405 3276 Vsus.
2443 3220 2492 3274 5.
2531 3218 2798 3273 Miserere.
2833 3217 2956 3288 (10.)
3000 3214 3248 3271 Secunda
3286 3229 3447 3286 pars,
3499 3213 3597 3268 ubi
3643 3229 3776 3283 pre-

2173 3315 2333 3364 catur
2361 3307 2788 3362 misericordiam
2829 3313 3016 3362 contra
3049 3305 3388 3361 insultantes.
3431 3303 3640 3360 Servus
3675 3305 3773 3376 qui

2172 3400 2408 3472 vapulat,
2447 3400 2636 3456 levatis
2666 3399 2835 3455 oculis
2859 3399 2926 3454 ad
2950 3398 3138 3465 Deum,
3164 3398 3400 3470 erumpit
3428 3398 3484 3452 in
3507 3413 3768 3453 necessa-

2171 3493 2310 3548 riam
2339 3507 2524 3548 vocem
2561 3511 2574 3545 :
2611 3489 2882 3546 Miserere.

2245 3584 2444 3656 Repleti
2466 3603 2662 3640 sumus.
2690 3584 2758 3640 Ut
2786 3601 2908 3641 cum
2930 3583 3144 3640 dicitur.
3163 3581 3300 3654 Quid
3327 3582 3527 3647 credis,
3551 3582 3768 3652 insane,

2170 3676 2320 3732 vides
2351 3677 2494 3748 quod
2529 3677 2738 3732 credis?
2770 3677 3040 3732 Reversus
3068 3684 3152 3731 est
3180 3691 3247 3730 ne
3289 3673 3486 3745 aliquis
3522 3673 3596 3729 ab
3625 3657 3771 3729 infc-

2171 3769 2268 3836 ris,
2311 3778 2366 3824 et
2393 3769 2578 3826 retulit
2604 3767 2700 3824 tibi
2739 3769 2868 3839 quid
2902 3769 2976 3825 ibi
3012 3767 3226 3842 agitur?
3255 3765 3420 3836 Ecce,
3463 3767 3614 3840 quod
3661 3782 3770 3838 ego

2171 3875 2315 3926 amo,
2341 3858 2499 3916 video
2523 3868 2579 3916 et
2623 3859 2793 3914 fruor.

2652 3951 2776 4008 PSA
2789 3951 2974 4008 LMUS
3037 3951 3267 4008 CXXIII.

2241 4045 2402 4102 Vens.
2442 4046 2494 4100 l.
2525 4074 2595 4086 --
2625 4043 2746 4100 Nisi
2771 4046 2916 4115 quia.
2949 4041 3150 4116 (Cass)
3183 4041 3366 4098 Primo
3391 4040 3569 4097 sancti
3610 4056 3766 4098 mar-

2170 4146 2317 4211 tyres
2353 4153 2624 4196 memores
2647 4146 2849 4209 quanta
2883 4148 3193 4204 evaserunt,
3235 4136 3333 4192 soli
3367 4135 3766 4192 misericordia

2170 4234 2480 4297 ascribunt;
2506 4233 2763 4298 secundo,
2793 4231 2994 4304 gratias
3021 4238 3207 4302 agunt,
3237 4229 3380 4300 quod
3405 4228 3651 4284 liberati.

2239 4322 2399 4378 Vens.
2433 4321 2484 4376 5.
2518 4353 2587 4363 -
2628 4320 2789 4378 Forte
2827 4322 2964 4378 vivos
3003 4321 3340 4394 deglutissent
3390 4336 3506 4376 nos.
3555 4316 3768 4374 Vivunt

2171 4415 2261 4486 qui
2287 4413 2465 4470 sciunt
2500 4413 2700 4468 idolum
2730 4412 2866 4468 nihil
2895 4427 3033 4468 esse.
3082 4411 3274 4468 Mortui
3315 4417 3464 4476 sunt,
3491 4410 3588 4478 qui
3624 4410 3768 4466 illud

2171 4513 2359 4577 putant
2393 4505 2592 4576 aliquid
2633 4519 2772 4560 esse.
2814 4503 2954 4573 Ergo
3000 4502 3199 4558 mortui
3243 4501 3630 4565 absorbentur,
3664 4497 3766 4571 qui

489 4593 674 4668 (Auc.)
718 4595 818 4662 Qui
847 4606 991 4658 amat
1015 4597 1070 4652 in
1099 4596 1205 4651 alio
1243 4598 1464 4664 bonum,
1501 4601 1644 4670 quod
1674 4600 1788 4669 ipse
1831 4616 1935 4656 non
1963 4616 2065 4671 po-
2091 4603 2148 4665 D
2168 4607 2359 4670 putant
2395 4597 2596 4652 malum
2620 4597 2920 4652 faciendum
2951 4595 3092 4666 quod
3134 4595 3377 4660 faciunt;
3409 4594 3516 4649 vivi
3541 4603 3766 4662 autem.

492 4695 598 4742 test
629 4688 850 4756 habere,
898 4689 1191 4764 imputatur
1228 4689 1278 4744 ei
1307 4691 1462 4759 quasi
1503 4692 1758 4760 haberet;
1793 4695 1973 4748 unde:
2005 4692 2066 4748 Si

490 4776 731 4832 charitas
759 4792 866 4832 non
897 4777 1059 4834 habet
1087 4776 1232 4849 quod
1257 4778 1372 4844 det,
1403 4779 1492 4834 det
1533 4779 1758 4836 calicem
1793 4796 1976 4850 aquae;
2010 4789 2066 4835 et

490 4879 699 4926 tantum
767 4871 1059 4941 imputatur
1125 4873 1176 4928 ei
1246 4881 1510 4944 quantum
1589 4873 1814 4929 Zachaao
1899 4874 2065 4930 multa

493 4960 706 5034 (Matth.
736 4960 814 5032 ι).
849 4961 1025 5030 Impar
1049 4961 1296 5029 facultas,
1329 4964 1423 5018 sed
1458 4979 1564 5020 non
1595 4965 1770 5034 impar
1805 4964 2062 5019 Charitas.

561 5052 724 5110 Vens.
758 5053 810 5107 7.
843 5082 913 5093 —
953 5049 1075 5106 Fiat
1129 5069 1254 5123 pax.
1305 5054 1428 5128 (Iu.)
1475 5055 1725 5112 Charitas
1775 5066 1858 5114 est
1895 5057 2066 5112 virtus

491 5143 646 5204 fortis
674 5153 736 5200 ut
776 5161 944 5212 mors,
973 5153 1106 5212 etc.,
1151 5164 1312 5219 usque
1345 5148 1416 5202 ad
1439 5148 1655 5204 subdit:
1693 5145 1917 5220 Propter
1949 5147 2065 5217 fra-

489 5247 593 5293 tres
619 5253 777 5292 ηιεοε.

565 5327 632 5381 In
674 5329 925 5384 turribus.
973 5329 1096 5402 (in.)
1144 5329 1199 5386 Id
1239 5336 1322 5386 est
1363 5329 1416 5384 in
1455 5329 1684 5386 excelsis
1730 5332 1854 5387 tuis.
1900 5331 2066 5390 Pauci

488 5427 615 5478 Sunt
662 5419 908 5488 iudices,
956 5421 1049 5480 sed
1097 5420 1252 5477 multi
1299 5420 1366 5475 ad
1415 5420 1652 5493 singulos
1699 5423 2062 5493 pertinebunt,

497 5527 636 5586 quos
678 5511 941 5582 recipient
979 5513 1032 5568 in
1073 5523 1276 5569 aeterna
1317 5514 1686 5580 tabernacula,
1731 5525 1783 5570 et
1809 5524 1938 5572 tunc
1962 5516 2066 5571 erit

490 5603 815 5660 abundantia
837 5604 892 5659 in
915 5603 1179 5670 turribus;
1217 5605 1357 5660 Deus
1393 5616 1570 5660 autem
1601 5615 1688 5660 est
1727 5615 1840 5661 tota
1873 5621 2062 5662 eorum

490 5696 838 5760 abundantia,
874 5703 982 5748 tam
1011 5695 1378 5763 recipientium
1410 5712 1571 5766 quam
1617 5705 1972 5768 recepturum.

565 5783 727 5846 Vsus.
749 5785 804 5841 9.
820 5815 890 5826 —
905 5782 1125 5856 Propter
1151 5785 1362 5842 domum
1385 5786 1598 5844 Domini
1623 5788 1740 5844 Dei.
1766 5786 1864 5842 Vel
1887 5789 1964 5846 sic
1987 5787 2062 5844 le-

2165 4689 2257 4760 qui
2297 4688 2514 4760 quidem
2547 4687 2725 4743 sciunt
2774 4685 2971 4741 malum
3025 4700 3146 4740 esse
3183 4683 3327 4755 quod
3373 4682 3605 4752 faciunt,
3659 4683 3768 4744 sed

2165 4779 2540 4851 persecutione
2566 4778 2804 4848 superati
2846 4778 2898 4830 in
2951 4763 3263 4832 societatem
3312 4783 3598 4830 transerunt
3649 4774 3763 4830 im-

2166 4873 2398 4942 piorum,
2436 4879 2492 4926 et
2533 4870 2642 4925 Deo
2677 4867 2838 4938 hujus
2883 4868 3009 4924 vita:
3051 4867 3383 4923 dulcedinem
3429 4865 3766 4937 praeferunt,

2167 4963 2306 5022 sicut
2347 4963 2564 5034 quidam
2607 4961 2699 5031 qui
2733 4961 2922 5016 timore
2966 4959 3156 5016 mortis
3202 4957 3357 5014 idolis
3403 4956 3765 5014 sacrificare-

2167 5064 2312 5112 runt.
2342 5054 2522 5126 (Αυα.)
2556 5053 2781 5108 Attende
2809 5053 2970 5106 etiam
3012 5050 3155 5121 quod
3194 5049 3404 5115 Petrus,
3450 5049 3505 5103 id
3530 5059 3619 5104 est
3647 5048 3764 5104 Ec,-

2167 5148 2350 5214 clesia,
2384 5148 2635 5202 absorbet
2661 5145 2872 5204 multos.
2907 5144 3000 5200 sed
3029 5159 3136 5198 non
3168 5145 3338 5198 vivos.
3367 5139 3465 5197 Cui
3499 5141 3703 5196 dicitur
3742 5155 3760 5194 :

2170 5241 2348 5296 Macta
2379 5251 2425 5296 et
2452 5245 2732 5294 manduca.
2763 5238 2898 5309 (Act.
2923 5237 3000 5310 x.)
3018 5235 3235 5292 Nullum
3260 5237 3403 5292 enim
3433 5239 3759 5300 manducat,

2169 5331 2221 5386 id
2247 5338 2350 5395 est,
2367 5329 2622 5384 membris
2651 5329 2853 5390 inserit,
2871 5328 2972 5382 nisi
2997 5334 3310 5392 mactatum,
3337 5325 3387 5379 id
3413 5335 3520 5390 est,
3547 5340 3762 5379 renun-

2169 5422 2392 5476 tiantem
2420 5419 2651 5475 diabolo.
2697 5419 2964 5474 Mactatur
2991 5433 3122 5488 ergo
3151 5417 3205 5473 in
3233 5417 3394 5482 malo,
3435 5416 3530 5470 sed
3565 5415 3758 5468 viviti-

2170 5520 2324 5570 catur
2353 5512 2406 5567 in
2453 5511 2615 5577 bono,
2663 5513 2753 5582 qui
2803 5511 3160 5566 manducatur
3189 5526 3220 5566 a
3269 5509 3448 5565 Petro.
3475 5507 3522 5566 E
3553 5517 3760 5564 contra

2171 5603 2370 5660 accidit
2392 5603 2467 5657 illi
2503 5619 2662 5673 quem
2693 5601 2920 5674 deglutit
2945 5602 3207 5660 diabolus.

2241 5692 2401 5748 Vnus.
2435 5693 2486 5747 4.
2523 5724 2593 5733 -
2611 5692 2782 5764 Aqua.
2808 5692 2988 5764 (Auc.)
3014 5692 3274 5747 Peccator
3295 5689 3522 5761 populus
3561 5692 3643 5762 (et
3663 5697 3758 5744 est

2169 5802 2200 5842 a
2229 5783 2577 5842 similitudine
2605 5782 3003 5856 Egyptiorum)
3030 5800 3042 5837 :
3083 5798 3204 5852 qua:
3229 5797 3368 5854 aqua
3390 5790 3609 5838 torrens
3628 5778 3756 5838 ﬂuit
