4008 6348
557 472 690 526 1047

555 582 795 656 gentium
823 584 1144 638 construxit.
1179 583 1367 655 (AUG.)
1408 583 1508 638 Hic
1543 583 1760 638 additur
1797 580 2120 646 Salomonis,
2149 579 2205 640 Α

555 675 682 746 quia
706 675 752 729 is
766 673 1049 730 aediﬁcavit
1075 674 1350 743 templum,
1375 675 1430 729 in
1452 672 1624 745 ﬁgura
1651 673 1861 772 ιιαείῦοί
1895 672 2120 772 Christi,

560 766 650 835 qui
681 763 1282 821 aediﬁcavitEcclesiam
1325 763 1391 818 de
1433 764 1639 820 duobus
1684 760 1996 835 parietibus.
2043 760 2122 817 Ne

560 872 689 926 ergo
714 857 988 926 acciperes
1019 856 1167 910 illum
1193 855 1559 921 Salomonem,
1587 857 1685 922 ait,
1712 855 1834 911 Nisi
1861 853 2122 910 Dominus

559 947 917 1014 wdiﬁcaverit.
965 947 1022 1001 In
1049 947 1153 1002 hoc
1181 961 1306 1016 spes
1341 946 1610 1016 ponenda,
1636 946 1730 1001 sed
1769 946 1822 1001 in
1850 946 1997 1001 nullo
2031 945 2124 1000 bo-

561 1037 766 1090 minum
797 1056 809 1091 :
844 1038 969 1106 quia
999 1046 1054 1091 et
1093 1037 1184 1092 ille
1219 1036 1474 1092 Salomon
1511 1036 1706 1093 cecidit
1737 1037 1828 1106 qui
1864 1035 2123 1106 templum

559 1126 862 1181 :ndiﬁcavit.
905 1127 1108 1198 (Cass)
1151 1127 1358 1194 Primo,
1402 1135 1588 1183 monet
1616 1125 1884 1198 Quomodo
1928 1139 2120 1182 ascen-

556 1220 745 1274 dentes
764 1235 821 1275 sc
847 1221 1046 1275 habere
1068 1221 1318 1286 debeant,
1341 1221 1548 1276 scilicet
1585 1221 1794 1276 discant
1813 1221 1956 1290 quod
1989 1220 2123 1275 :edi-

555 1309 735 1366 ﬁcatio
765 1319 818 1366 ct
836 1311 1078 1367 custodia
1106 1327 1211 1366 non
1235 1312 1338 1368 nisi
1368 1327 1399 1368 a
1421 1313 1532 1367 Deo
1558 1319 1662 1368 est.
1691 1311 1759 1366 Et
1786 1310 2041 1366 exaltatio
2067 1311 2122 1366 in

555 1402 737 1459 futuro
763 1419 865 1460 non
905 1413 988 1460 est
1038 1405 1141 1460 nisi
1183 1412 1305 1476 post
1348 1405 1797 1460 humiliationem.
1849 1403 2116 1468 Secundo,

557 1494 686 1549 dicit
719 1511 838 1565 quae
880 1495 952 1550 sit
978 1495 1288 1561 hatreditas,
1318 1503 1373 1550 et
1423 1493 1694 1566 quomodo
1733 1493 1976 1560 collecta,
2019 1494 2120 1559 ibi,

556 1587 690 1640 Ecce
711 1587 1011 1642 luereditas.
1053 1587 1174 1642 Nisi
1209 1588 1484 1642 Dominus.
1519 1587 1644 1660 (10.)
1675 1586 1840 1655 Quasi
1871 1587 2074 1642 diceret
2104 1604 2118 1641 :

550 1677 662 1748 jam
689 1679 836 1733 venit
858 1677 1038 1745 Jesus,
1069 1679 1136 1734 de
1161 1680 1474 1749 captivitate
1501 1679 1751 1735 reduxit:
1789 1679 1901 1749 jam
1928 1679 2122 1734 civitas

553 1739 854 1826 iediﬁcatur
886 1739 1186 1827 Jerusalem
1205 1739 1334 1837 {sed
1359 1772 1569 1828 discant
1588 1739 2122 1842 ascendentes,quod
2157 1739 2188 1770 θ

553 1864 841 1919 :ediﬁcatio
867 1872 920 1920 et
951 1864 1192 1920 custodia
1231 1878 1339 1919 non
1385 1863 1490 1919 nisi
1533 1880 1565 1919 a
1593 1865 1724 1931 Deo,
1763 1875 1818 1921 et
1860 1864 2118 1920 cxaltatio

1049 469 1433 526 WALAF‘RIDI
1471 467 1716 524 STRABI
1755 466 1957 525 FULD.
2002 463 2165 522 MON.
2202 463 2356 521 OPP.
2399 462 2576 518 PARS
2611 461 2652 518 l.
2695 493 2762 502 —
2800 457 3252 518 TllEOLOGlCA.

3657 460 3806 516 iMB

2700 573 3018 632 PSALMUS
3055 571 3309 630 CXXVII.

2241 695 2258 706 ο
2293 665 2460 724 Vens.
2493 668 2616 722 1.-
2633 665 2906 722 Canticum
2927 666 3207 738 graduum.
3237 665 3440 738 (Cass)
3460 664 3652 724 Nonus
3673 683 3810 738 gra—

2222 756 2322 813 dus
2345 765 2446 822 est,
2479 765 2540 812 ut
2557 758 2813 829 paciﬁcus
2841 764 2988 814 caste
3016 756 3289 823 timeatur,
3335 757 3427 828 qui
3458 758 3606 814 solus
3647 761 3810 816 exal-

2223 862 2323 921 tat,
2349 854 2604 920 custodit,
2634 853 2883 910 aediﬁcat.
2919 852 3104 909 Primo
3125 851 3266 908 bona
3301 851 3537 909 timentis
3563 868 3806 910 enume-

2221 959 2337 1014 rat;
2368 947 2603 1003 secundo
2628 955 2779 1018 optat
2824 946 2964 1003 bona
3023 947 3284 1002 timentis.
3323 946 3476 1004 Beati
3512 965 3667 1005 omne
3707 952 3810 1022 qui

2220 1039 2398 1094 timent
2451 1038 2755 1095 Dominum.
2818 1039 3105 1095 Sciendum
3168 1046 3401 1110 quatuor
3457 1055 3579 1097 esse
3633 1041 3808 1096 timo-

2221 1143 2331 1197 res,
2357 1138 2486 1198 etc.,
2515 1147 2678 1202 usque
2706 1131 2774 1184 ad
2802 1131 2866 1186 de
2893 1145 3000 1200 quo
3019 1129 3109 1186 hic
3139 1129 3276 1186 dicit
3309 1129 3574 1202 Propheta
3605 1149 3620 1187 :
3645 1131 3810 1187 Beati

2221 1235 2397 1274 omnes
2423 1218 2512 1291 qui
2541 1220 2720 1274 timent
2746 1218 3048 1274 Dominum.

2291 1309 2454 1364 Vsus.
2479 1309 2534 1363 2.
2563 1309 2878 1364 —Labores
2917 1325 3187 1365 manuum.
3229 1309 3366 1384 (ln.)
3393 1309 3461 1367 Et
3495 1320 3626 1368 nota
3658 1312 3809 1384 quod

2222 1414 2254 1454 a
2304 1398 2546 1470 pluribus
2592 1401 2755 1470 ccepit
2808 1399 3240 1456 dicenszﬂeati:
3288 1401 3383 1458 sed
3425 1403 3552 1473 quia
3608 1418 3810 1460 omnes

2222 1508 2386 1548 unum
2416 1502 2542 1548 sunt
2582 1494 2637 1548 in
2669 1491 2886 1550 Christo
2917 1493 3279 1567 singulariter,
3317 1498 3582 1568 sequitur,
3624 1498 3808 1554 Labo-

2223 1598 2302 1638 res
2349 1599 2598 1638 manuum
2639 1593 2870 1639 tuarum.
2901 1585 3086 1659 (Anc)
3116 1585 3356 1644 Labores
3401 1587 3682 1645 fructuum
3725 1591 3808 1646 di-

2221 1673 2318 1740 cit,
2369 1689 2491 1729 cum
2541 1673 2760 1730 deberet
2803 1675 3028 1732 dicere:
3071 1675 3333 1734 Fructum
3375 1677 3658 1746 laborum;
3705 1679 3807 1736 sed

2220 1763 2349 1834 quia
2371 1771 2427 1819 et
2451 1764 2661 1820 labores
2697 1781 2820 1821 cum
2849 1765 3044 1836 gaudio
3071 1775 3361 1823 sumuntur
3381 1776 3607 1840 propter
3627 1785 3806 1840 spem,

2222 1867 2280 1910 et
2311 1855 2413 1926 ipsi
2446 1855 2766 1926 jucundant,
2792 1864 2847 1912 et
2888 1857 3048 1912 modo
3086 1865 3216 1913 sunt
3253 1858 3434 1926 cibus;
3480 1859 3576 1914 sed
3599 1859 3806 1929 jucun-

554 1972 659 2012 non
701 1957 805 2012 nisi
837 1965 958 2028 post
990 1957 1418 2012 humiliationem
1479 1956 1533 2012 in
1572 1955 1784 2023 futuro;
1827 1957 1934 2014 etsi
1969 1956 2116 2013 enim

2233 1943 2336 2000 iior
2359 1958 2547 2000 eorum
2585 1945 2793 2002 fructus
2826 1946 2951 2012 erit,
2985 1948 3202 2017 quando
3228 1949 3405 2006 sancti
3431 1949 3658 2007 venient
3684 1969 3806 2007 cum

551 2045 656 2100 laeti
680 2047 747 2102 de
780 2048 950 2118 gratia
973 2047 1108 2103 Novi
1140 2047 1494 2115 Testamenti,
1529 2056 1710 2104 tamen
1736 2049 1790 2104 in
1822 2057 1974 2104 tanto
2000 2064 2120 2104 mu-

553 2154 684 2194 nere
719 2156 826 2195 non
857 2149 939 2196 est
965 2141 1400 2212 prmsumendum
1435 2140 1617 2198 alicui.
1655 2141 1900 2196 Domum.
1936 2139 2120 2215 (Anc)

551 2231 634 2288 Ad
655 2233 796 2290 hanc
821 2235 1066 2290 ascendit
1109 2234 1308 2301 omnis,
1339 2233 1431 2306 qui
1461 2233 1712 2305 proﬁcit:
1751 2236 1896 2290 cadit
1923 2234 1992 2290 ab
2017 2236 2121 2293 hac

551 2324 752 2391 omnis,
776 2325 866 2395 qui
892 2325 1104 2392 deﬁcit;
1135 2325 1368 2381 amando
1391 2325 1562 2382 Deum
1593 2325 1864 2392 ascendis,
1887 2327 2120 2383 amando

547 2415 800 2477 saeculum
839 2417 1008 2473 cadis.
1039 2417 1178 2472 Sunt
1218 2418 1362 2473 enim
1413 2417 1518 2473 ista
1547 2417 1760 2474 cantica
1797 2419 2115 2487 amantium,

551 2515 606 2563 et
633 2508 865 2578 quodam
907 2508 1176 2565 desiderio
1215 2516 1406 2564 sancto
1429 2505 1790 2579 ﬂagrantium.
1819 2506 2116 2565 Laborave—

551 2608 693 2652 runt.
723 2597 846 2670 (ln.)
873 2598 1072 2656 Omnes
1103 2601 1154 2655 in
1190 2601 1291 2656 hac
1322 2600 1681 2657 aediﬁcatione
1717 2601 1986 2670 laborant,
2025 2602 2120 2673 qui

549 2687 603 2741 in
631 2687 870 2744 Ecclesia
897 2691 1189 2760 praedicant
1210 2691 1432 2746 verbum
1454 2689 1570 2747 Dei.
1594 2689 1884 2747 Civitatem.
1916 2690 2118 2764 (C.tss.)

551 2779 628 2834 De
654 2780 812 2837 domo
837 2784 906 2836 ad
929 2782 1200 2837 civitatem
1231 2783 1446 2849 transit,
1473 2791 1533 2839 ut
1556 2797 1657 2839 nec
1675 2783 1732 2838 in
1757 2782 2002 2855 singulis,
2018 2795 2119 2838 nec

550 2869 606 2924 in
637 2871 842 2927 minuta
883 2872 1200 2930 collectione
1245 2874 1307 2929 ﬁt
1338 2875 1705 2947 praesumptio.
1755 2875 1824 2930 Et
1869 2875 2118 2946 quamvis

552 2962 744 3018 domus
789 2971 844 3018 et
889 2962 1082 3020 civitas
1110 2966 1408 3021 secundum
1454 2965 1861 3036 metaphoram,
1901 2981 2022 3038 qua:
2049 2967 2119 3022 de

484 3056 494 3063 '
552 3049 784 3107 diversis
820 3051 1110 3120 inducitur,
1139 3052 1246 3108 sint
1275 3053 1490 3111 diversa
1520 3069 1535 3110 :
1562 3069 1670 3110 una
1696 3062 1875 3113 tamen
1901 3061 1984 3112 est
2010 3053 2116 3111 Ec-

552 3141 739 3210 clesia,
763 3158 924 3214 quam
961 3152 1191 3217 utraque
1221 3144 1508 3217 signiﬁcat.

2219 2032 2566 2090 exsultatione
2586 2044 2851 2105 portantes
2881 2037 3174 2108 manipulos
3198 2055 3341 2094 suos.

2294 2127 2452 2186 Vitas.
2483 2129 2780 2187 5.—Uxor
2803 2141 2916 2188 tua.
2944 2132 3149 2208 (Cass)
3190 2136 3307 2192 Etsi
3331 2138 3436 2195 hoc
3462 2138 3531 2194 ad
3557 2137 3806 2193 litteram

2219 2220 2392 2292 accipi
2419 2229 2624 2292 posset,
2669 2231 2802 2292 etc.,
2832 2241 2994 2296 usque
3014 2226 3085 2282 ad
3128 2224 3197 2283 ad
3239 2225 3448 2284 Novum
3479 2227 3806 2285 Testamen-

2219 2322 2335 2370 tum
2362 2313 2618 2384 pertinet.
2651 2314 2834 2388 (Anc)
2861 2316 2958 2374 Vel
2983 2331 3081 2388 per
3105 2333 3324 2374 uxorem
3350 2318 3678 2391 intelligitur
3704 2318 3806 2372 Ec-

2219 2407 2400 2474 clesia,
2433 2417 2488 2464 et
2525 2407 2777 2480 dirigitur
2806 2424 2984 2466 sermo
3011 2411 3078 2467 ad
3115 2410 3409 2478 Christum,
3446 2426 3572 2466 cum
3605 2409 3806 2465 dicitur

2220 2508 2312 2555 tua
2333 2508 2387 2556 et
2419 2501 2531 2567 tui;
2556 2516 2657 2557 nec
2683 2512 2864 2558 tamen
2891 2510 3132 2558 mutatur
3151 2518 3277 2569 vox,
3303 2503 3392 2558 vel
3416 2517 3655 2572 persona
3679 2515 3806 2573 pro-

2217 2601 2336 2664 pter
2359 2593 2620 2650 unitatem
2655 2594 2848 2665 capitis
2883 2602 2938 2651 et
2963 2594 3226 2666 corporis.
3254 2593 3407 2651 Unus
3447 2594 3602 2650 enim
3641 2593 3804 2648 homo

2219 2681 2487 2751 Christus,
2513 2692 2676 2756 caput
2701 2692 2805 2751 est,
2847 2692 2903 2742 et
2933 2699 3150 2758 corpus,
3191 2692 3247 2741 et
3269 2685 3325 2741 in
3362 2683 3539 2756 capite
3566 2683 3805 2754 quisque

2220 2772 2458 2832 ﬁdelium
2486 2776 2589 2833 hoc
2617 2777 2798 2834 habet.

2289 2870 2455 2926 Vens.
2487 2870 2974 2927 4.—Beuedicetttr.
2998 2855 3198 2943 (οἱεε.)
3230 2869 3335 2927 Ubi
3362 2869 3675 2928 benedictio
3695 2877 3801 2938 est,

2218 2963 2400 3020 omnia
2424 2965 2563 3020 bona
2588 2962 2863 3020 conﬂuunt
2896 2964 2964 3020 ad
2987 2964 3239 3036 gaudium
3269 2962 3573 3019 suavitatis.

2287 3053 2650 3110 Benedicetur.
2706 3054 2838 3127 (Ιυ.)
2886 3053 3131 3112 Secunda
3165 3069 3311 3127 pars,
3352 3055 3442 3111 ubi
3491 3069 3560 3110 ex
3599 3053 3804 3124 pietate

2219 3149 2456 3222 postulat
2479 3149 2725 3208 benedici
2755 3149 3032 3218 timentes,
3060 3159 3212 3222 optat
3255 3151 3347 3208 hic
3390 3150 3533 3208 bona
3561 3148 3799 3216 timenti,

622 3269 786 3324 Vsus.
813 3269 867 3323 2.
896 3300 969 3311 -—
995 3271 1128 3327 Ante
1173 3272 1360 3327 lucem.
1397 3271 1580 3345 (Auc.)
1609 3271 1669 3329 Si
1699 3275 1919 3345 surgitis
1954 3282 2111 3332 ante-
2141 3296 2188 3361 ο
2221 3243 2596 3361 (Ῑυξζῖθῃέθθι
2624 3244 3410 3361 ηξξίεηξίρῐξξξὶαξπῗῗυξιίξξ

545 3373 708 3428 quam
745 3359 840 3414 lux
865 3369 1081 3432 surgat;
1113 3361 1205 3417 lux
1234 3372 1318 3418 est
1345 3362 1612 3431 Christus,
1642 3373 1766 3434 post
1805 3382 1965 3436 quem
1995 3383 2116 3424 sur-

546 3451 779 3520 gendum
805 3461 910 3517 est,
941 3467 1047 3508 non
1070 3461 1230 3519 ante;
1258 3461 1319 3509 ut
1341 3453 1432 3510 ille
1454 3453 1602 3522 facit,
1621 3456 1716 3526 qui
1737 3470 1797 3512 se
1817 3457 1867 3512 ei
1907 3474 2115 3530 praepo-

547 3539 628 3594 nit
649 3558 663 3594 :
684 3540 873 3596 volens
886 3542 976 3598 hic
999 3558 1119 3599 esse
1140 3544 1298 3611 altus,
1327 3545 1418 3600 ubi
1447 3545 1535 3601 ille
1562 3546 1782 3602 humilis
1811 3547 1912 3604 fuit
1940 3567 1953 3604 :
1977 3558 2039 3606 ut
2059 3559 2116 3607 et

547 3630 642 3685 ﬁlii
669 3631 913 3688 Zebedtei
940 3651 953 3687 :
977 3635 1072 3690 sed
1115 3636 1454 3698 resurrectio,
1487 3637 1542 3692 id
1579 3646 1684 3703 est,
1726 3639 1985 3698 exaltatio
2028 3655 2115 3698 se-

548 3724 733 3793 quitur
757 3726 1075 3795 sessionem,
1119 3729 1174 3784 id
1201 3739 1284 3786 est
1319 3732 1770 3804 humiliationem,
1801 3747 1864 3793 ut
1898 3737 1988 3793 lux
2016 3753 2116 3795 no-

547 3823 661 3868 stra
685 3814 932 3873 Christus
964 3827 1086 3890 post
1124 3828 1351 3877 mortem
1381 3823 1618 3880 surrexit
1646 3825 1808 3882 altus.
1838 3826 2110 3886 Sederitis.

550 3901 734 3959 Sessio
771 3905 1058 3976 aliquando
1095 3910 1362 3981 signiﬁcat
1396 3913 1657 3970 honorem
1703 3914 1999 3987 iudicandi,
2025 3921 2116 3978 hic

547 4005 730 4052 autem
776 4000 1223 4060 humiliationem.
1270 4004 1609 4064 Handucatis
1651 4025 1838 4080 panem
1891 4013 2110 4069 doloris.

547 4084 730 4159 (Auc.)
767 4087 1052 4148 Manducat
1085 4109 1276 4164 panem
1319 4093 1539 4162 doloris,
1581 4099 1675 4168 qui
1717 4102 1883 4170 gemit
1920 4103 1975 4158 in
2012 4103 2115 4162 hac

546 4177 999 4248 peregrinatione,
1029 4182 1084 4238 id
1121 4191 1223 4248 est,
1253 4184 1308 4240 iu
1347 4184 1484 4242 valle
1527 4186 1843 4255 plorationis
1879 4195 1946 4248 de
1976 4193 2113 4250 aﬁli-

547 4268 725 4325 ctione
758 4285 818 4326 se
859 4271 1055 4338 reﬁcit,
1089 4272 1273 4330 dicens
1301 4292 1315 4329 :
1339 4273 1524 4332 Facta:
1548 4286 1669 4333 sunt
1703 4279 1832 4335 mihi
1867 4281 2116 4353 lacrymw

546 4377 675 4452 mea:
712 4379 871 4433 panes
893 4363 978 4419 die
1004 4381 1066 4418 ac
1087 4374 1233 4422 nocte
1254 4364 1427 4440 (Psal.
1452 4369 1584 4442 xu).
1611 4369 1884 4428 Somnum.
1910 4373 2115 4452 (Cass)

548 4450 774 4508 Mortem
811 4454 1182 4526 temporalem,
1214 4456 1267 4511 in
1301 4472 1408 4528 qua
1434 4474 1624 4516 secura
1645 4464 1910 4532 pausatio.

615 4573 778 4628 Vnus.
808 4574 861 4629 5.
886 4605 958 4616 -
979 4575 1114 4632 Ecce
1167 4578 1462 4636 Ittereditas.
1521 4582 1646 4655 (ιιι.)
1698 4583 1966 4655 Secundo,
1997 4603 2117 4660 qua

546 4667 834 4723 lizeredilas
859 4677 914 4724 et
937 4671 1208 4740 quomodo
1242 4672 1486 4729 collecta.
1529 4674 1694 4743 Quasi
1723 4679 1949 4747 diceret,
1979 4681 2114 4740 dile-

546 4757 616 4812 cti
669 4767 792 4826 post
841 4772 1086 4814 somnum
1123 4771 1362 4831 surgent.
1413 4761 1642 4820 Fructus
1688 4770 1899 4824 ventris.
1928 4770 2111 4845 (Anc)

547 4849 746 4902 Venter
775 4847 1046 4915 Ecclesia,
1089 4860 1220 4918 etc.,
1255 4869 1414 4924 usque
1452 4855 1520 4908 ad
1546 4855 1670 4924 quia
1697 4871 1886 4914 omnes
1924 4862 2110 4930 acqui-

545 4933 671 4986 sivit
696 4946 794 5004 per
830 4932 1190 4991 obedientiam
1218 4939 1503 5006 passionis,
1531 4941 1669 4995 unde
1695 4943 1902 5011 postula
1943 4963 1976 4998 a
2009 4963 2108 5013 me,

540 5032 587 5076 et
614 5023 748 5077 dabo
774 5023 869 5078 tibi
894 5034 1068 5096 gentes
1091 5027 1445 5084 hereditatem
1465 5039 1609 5086 tuam
1633 5031 1805 5104 (Psal.
1836 5035 1917 5107 tt).

613 5145 773 5201 Vens.
807 5144 860 5202 4.
885 5177 958 5187 -
983 5144 1129 5202 Sicut
1168 5131 1388 5221 sagittae.
1435 5152 1582 5226 (1ο.)
1623 5153 1730 5212 Sed
1780 5158 1922 5213 unde
1966 5157 2111 5218 facta

543 5243 628 5288 est
660 5243 804 5290 tanta
837 5237 1146 5307 hereditas,
1167 5240 1293 5311 quia
1323 5252 1512 5313 potens
1537 5244 1820 5315 Dominus,
1845 5248 1972 5304 dum
1995 5249 2110 5306 for-

544 5327 670 5379 titer
711 5328 958 5398 sagittas,
989 5333 1276 5402 apostolos,
1319 5335 1386 5389 de
1427 5351 1556 5391 arcu
1603 5352 1773 5395 sacrae
1816 5339 2113 5412 Scriptum

543 5418 801 5484 excussit,
831 5414 1001 5490 usque
1039 5424 1105 5478 ad
1137 5423 1272 5479 ﬁnes
1303 5431 1462 5479 terra:
1495 5440 1856 5496 pervenerunt
1884 5433 1990 5489 illa:
2015 5449 2111 5491 ex-

539 5520 730 5573 cussm,
755 5507 834 5562 sic
861 5517 984 5564 sunt
1012 5519 1190 5566 autem
1223 5511 1324 5580 ﬁlii
1348 5529 1704 5584 excussorum,
1733 5523 2001 5589 quomodo
2026 5523 2104 5582 illi

535 5600 769 5653 excussi.
821 5599 949 5656 Filii
989 5620 1345 5659 excusserunt.
1382 5606 1504 5679 (ln.)
1547 5607 1668 5666 Filii
1703 5617 2100 5687 apostolorum;

533 5690 729 5756 quibus
752 5692 952 5747 dictum
965 5702 1067 5758 est,
1087 5694 1327 5751 Excutite
1337 5697 1597 5768 pulverem
1609 5702 1672 5756 de
1691 5704 1906 5773 pedibus
1922 5711 2104 5765 vestris

534 5777 759 5874 (Matth:
784 5781 960 5874 avni).
988 5782 1110 5874 iSed
1145 5787 1218 5841 ita
1245 5788 1516 5857 videntur,
1556 5801 1686 5860 etc.,
1717 5812 1878 5865 usque
1913 5800 1984 5854 ad
2009 5800 2103 5874 qui

533 5880 697 5930 manu
725 5869 821 5925 Dei
851 5870 1000 5929 missi
1028 5883 1150 5932 sunt
1179 5891 1347 5950 usque
1383 5879 1447 5935 ad
1477 5881 1612 5940 ﬁnes
1641 5892 1819 5946 teme.

2289 3335 2452 3391 Vens.
2484 3334 2541 3390 5.
2562 3365 2636 3376 —
2663 3335 2780 3402 Vel,
2825 3335 3096 3392 Dominus.
3130 3334 3314 3407 (Αυῦ.)
3352 3333 3688 3403 Judteomm,
3721 3332 3800 3388 Ex

2219 3423 2372 3494 Sion,
2399 3433 2528 3493 etc.,
2559 3443 2723 3498 usque
2747 3428 2816 3482 ad
2841 3427 2984 3498 quod
3019 3443 3125 3483 non
3155 3423 3231 3483 ita
3255 3436 3500 3499 possunt.

2690 3521 3009 3578 PSALMUS
3045 3520 3322 3578 CXXVIII.

2287 3610 2452 3668 Vsus.
2496 3609 2934 3668 L—Canticum
2973 3613 3252 3685 graduum.
3294 3611 3502 3686 (Cass)
3542 3610 3797 3667 Decimus

2215 3704 2434 3775 gradus,
2464 3705 2637 3776 utqui
2665 3714 2812 3761 caste
2840 3705 3012 3772 timet,
3033 3721 3134 3776 pro
3162 3720 3228 3762 eo
3251 3705 3432 3762 omnia
3465 3704 3633 3770 ferat,
3656 3700 3799 3775 quod

2215 3811 2362 3852 nunc
2382 3797 2600 3868 expedit
2625 3797 2879 3854 Ecclesia:
2903 3798 3045 3854 inter
3071 3796 3261 3854 malos.
3511 3797 3522 3800 “

2286 3886 2436 3958 δωρε
2481 3898 2924 3960 expugnaverunt.
2969 3889 3172 3962 (Auc.)
3216 3889 3368 3957 Mali,
3413 3894 3518 3950 etsi
3570 3896 3798 3952 audiunt

2215 3979 2440 4036 verbum
2471 3979 2592 4046 Dei,
2640 3989 2771 4048 etc.,
2800 3998 2961 4053 usque
3001 3983 3071 4036 ad
3098 3983 3240 4053 quod
3277 3991 3354 4040 tot
3377 3983 3549 4042 malos
3595 3985 3795 4043 ferant.

2217 4073 2424 4147 (Ciss.)
2453 4072 2760 4132 Ostendens
2785 4075 2960 4146 primo
2989 4089 3108 4147 qua:
3136 4075 3340 4144 tulerit,
3368 4077 3688 4134 consolatur
3717 4079 3798 4134 in-

2216 4167 2422 4224 ﬁrmos.
2481 4167 2732 4224 Secundo
2768 4167 2878 4240 agit
2921 4167 2988 4223 de
3035 4168 3412 4239 reprobatione
3462 4183 3799 4242 persequen-

2216 4260 2384 4325 tium,
2439 4260 2546 4326 ibi,
2597 4260 2855 4316 Dominus
2887 4261 3087 4332 justus.
3145 4260 3300 4334 Seps
3344 4275 3797 4335 expugnaverunt.

2216 4349 2421 4420 Quasi:
2452 4352 2497 4408 Ο
2537 4352 2657 4420 ﬁlii,
2693 4352 2858 4410 nolite
2893 4355 3078 4410 mirari
3117 4356 3184 4411 ad
3206 4356 3332 4424 ista,
3363 4364 3496 4425 etc.,
3525 4374 3696 4430 usque
3729 4373 3798 4414 aa

2217 4442 2343 4515 quia
2370 4443 2570 4499 crescit
2592 4443 2834 4500 Ecclesia
2859 4445 2913 4500 in
2947 4447 3209 4503 adversis.
3299 4479 3310 4488 -

2288 4532 2452 4590 Vens.
2475 4534 2531 4589 2.
2574 4563 2648 4575 —
2688 4534 2898 4590 Etenim
2948 4553 3052 4592 non
3089 4546 3370 4608 potuerunt
3408 4539 3559 4594 mihi.
3611 4541 3801 4615 (Δσε.)

2142 4654 2193 4716 D
2220 4621 2442 4680 Scilicet
2472 4623 2790 4695 praevalere,
2829 4633 2890 4682 ut
2929 4641 3017 4683 me
3051 4629 3330 4686 traherent
3372 4629 3426 4685 in
3463 4643 3802 4688 consensum

2217 4717 2446 4788 peccati.

2294 4807 2453 4865 Vens.
2484 4808 2537 4862 '5.
2569 4838 2634 4849 —
2661 4807 2838 4881 Supra
2863 4810 3094 4868 dorsum.
3120 4812 3324 4887 (Cass)
3351 4812 3505 4882 Quod
3544 4815 3682 4872 mali
3707 4833 3805 4874 ne-

2217 4910 2421 4971 queunt
2474 4901 2688 4971 publice
2735 4902 3005 4970 omnibus,
3055 4905 3263 4962 occulte
3310 4906 3536 4976 singulis
3583 4916 3804 4964 tentant

2217 4992 2464 5058 suadere,
2487 5000 2548 5047 ut
2575 4992 2668 5062 qui
2698 5007 2730 5047 a
2762 4991 2901 5049 facie
2931 4994 3209 5052 venientes
3234 4995 3544 5054 viderentur
3567 5013 3604 5054 a
3647 5009 3802 5070 tergo

2218 5095 2325 5135 non
2371 5081 2694 5136 sentiantur.
2745 5079 3196 5155 Prolongaverunt
3227 5087 3573 5158 iniquitatem.
3623 5091 3800 5156 Alias,

2215 5171 2365 5242 longe
2389 5188 2421 5226 a
2443 5188 2524 5226 me
2546 5171 2779 5242 fecerunt
2802 5173 3114 5243 injustitiam
3136 5192 3308 5232 nam.
3337 5176 3521 5250 (Anc.)
3553 5176 3664 5247 Qui
3691 5181 3799 5236 etsi

2213 5261 2344 5318 mali
2372 5277 2497 5319 cum
2516 5263 2674 5320 bonis
2696 5264 2750 5319 in
2771 5265 2988 5333 saeculo,
3017 5266 3064 5322 si
3092 5267 3257 5323 etiam
3289 5268 3343 5323 in
3365 5268 3612 5325 Ecclesia
3643 5271 3754 5326 sint
3778 5289 3796 5324 :

2213 5369 2282 5411 ne
2328 5355 2451 5424 quis
2494 5363 2675 5412 tamen
2723 5364 2874 5426 putet
2922 5357 3258 5429 iniquitatem
3301 5359 3452 5430 juxta
3495 5360 3796 5431 justitiam,

2211 5444 2315 5500 etsi
2329 5459 2422 5501 eos
2446 5453 2626 5516 porto,
2651 5457 2831 5503 tamen
2843 5447 3000 5520 longe
3019 5457 3103 5504 est
3128 5463 3160 5503 a
3187 5464 3276 5504 me
3295 5465 3480 5506 eorum
3509 5451 3792 5521 iniquitas,

2211 5549 2280 5590 ne
2305 5534 2427 5605 quis
2447 5550 2576 5607 ergo
2599 5537 2788 5594 timeat
2810 5539 3001 5595 mistos
3022 5538 3123 5594 sibi
3140 5539 3327 5604 malos,
3343 5540 3435 5611 qui
3456 5539 3618 5612 longe
3643 5549 3790 5596 sunt.

2280 5626 2536 5683 Dominus
2549 5630 2750 5700 justus.
2783 5631 2986 5702 (Cass)
3017 5630 3262 5688 Secunda
3286 5647 3432 5703 pars,
3456 5630 3550 5687 ubi
3579 5631 3698 5704 agit
3725 5631 3794 5687 de

2213 5716 2592 5787 reprobatione
2619 5721 3077 5792 persequentium.

2278 5806 2442 5866 Vens.
2501 5810 2558 5866 4.
2583 5841 2655 5852 —-
2687 5811 2791 5878 Qui
2836 5812 3056 5867 oderunt
3101 5811 3248 5868 Sion.
3295 5811 3418 5884 (ln.)
3459 5811 3638 5880 Quam
3679 5828 3788 5869 non

2206 5907 2416 5962 tantum
2445 5902 2714 5962 manifesti
2759 5913 3157 5972 persecutores,
3191 5903 3287 5968 sed
3329 5903 3494 5962 etiam
3524 5904 3620 5982 qui
3662 5903 3784 5974 ﬁet.
