4008 6348
306 444 442 502 1049
1284 442 1549 501 GLOSSA
1587 437 1988 500 ORDINARIA.
2027 471 2097 483 —
2135 439 2264 498 LIB.
2307 439 2556 499 PSALM.
3401 434 3542 494 i050

304 558 530 622 intrant,
566 557 812 614 oderunt.
840 555 945 625 Qui
989 555 1136 613 enim
1174 555 1365 614 nolunt
1406 556 1700 614 observare
1744 570 1868 613 ver-
1891 554 2030 618 Asc
2077 554 2278 610 habere
2325 554 2580 612 ostendit.
2624 552 2708 610 Ad
2761 551 3118 609 humilitatem
3160 565 3292 623 ergo
3336 560 3538 609 monet.

303 647 432 704 bum
455 647 572 714 Dei,
599 647 830 704 oderunt
853 647 1171 705 Ecclesiam.
1964 655 1968 659 ·
2043 644 2285 713 Domine,
2340 662 2444 700 non
2483 656 2576 702 est.
2606 644 2732 717 (ln.)
2773 644 2955 700 Primo
3003 657 3308 715 proponens
3341 657 3400 698 se
3437 643 3540 698 hu-

374 736 538 794 Fiant
562 738 698 793 sicut
723 738 900 809 fenum
927 747 1198 796 tectorum.
1214 737 1578 812 (CASS.)F8D0
1605 748 1871 796 tectorum
1969 733 2176 801 milem,
2231 749 2446 806 pcenam
2476 735 2681 792 inducit
2709 750 2814 791 non
2863 733 3086 800 humili;
3135 734 3395 800 secundo,
3440 747 3540 789 suo

302 828 429 885 mali
449 837 849 902 comparantur,
886 839 1016 896 ctc.,
1044 846 1205 902 usque
1225 831 1296 886 ad
1323 831 1418 888 sed
1442 831 1498 887 in
1535 840 1730 888 neutro
1757 831 1872 886 fru-
1969 831 2216 902 exemplo
2245 833 2324 888 ad
2355 847 2505 902 spem
2557 839 2758 888 monet.
2789 828 3091 886 Ostendens
3119 843 3248 900 ergo
3273 843 3332 883 se
3366 827 3542 882 humi-

287 929 420 978 ctus
443 927 530 977 est
558 919 737 978 malis.
1970 921 2077 978 lem
2105 923 2252 978 intus
2274 931 2330 978 et
2355 929 2531 990 extra,
2556 922 2648 976 ait.
2687 921 2870 992 Neque
2898 919 3177 974 ambulavi.
3208 917 3388 990 (Auc.)
3419 917 3536 971 Non

371 1012 587 1086 (διες.)
615 1012 758 1070 Ante
785 1027 974 1071 omnes
997 1015 1196 1072 herbas
1221 1031 1470 1074 arescere
1497 1016 1707 1088 scirpus
1738 1017 1871 1073 dici-
1968 1012 2046 1069 fui
2069 1015 2347 1085 superbus,
2374 1013 2518 1070 nolui
2553 1013 2707 1084 quasi
2739 1014 2793 1068 in
2833 1011 3183 1076 mirabilibus,
3214 1019 3346 1077 ctc.,
3380 1025 3542 1081 usque

300 1109 407 1166 tur,
445 1110 579 1170 ctc.,
609 1119 774 1175 usque
806 1104 874 1159 ad
917 1106 1072 1177 quasi
1100 1107 1389 1165 viriditatis
1433 1108 1670 1179 speciem
1714 1109 1872 1165 amit-
1970 1104 2040 1160 ad
2073 1122 2085 1159 :
2117 1103 2326 1172 Quanto
2351 1104 2524 1174 major
2546 1121 2619 1171 es,
2644 1102 2862 1158 humilia
2882 1112 2931 1158 te
2957 1103 3013 1157 in
3045 1101 3304 1157 omnibus.

299 1191 520 1288 tit,_etc.
562 1283 585 1288 Δ
736 1285 761 1288 υ
865 1285 875 1288 _
966 1286 975 1288 Α
1324 1287 1349 1288 νγ
1531 1287 1535 1288 ν
1752 1287 1764 1288 7
1967 1215 1973 1224 '
2040 1219 2204 1274 Vgns.
2251 1220 2306 1274 2.
2359 1251 2432 1262 -
2466 1218 2528 1276 εί
2588 1236 2693 1276 non
2752 1219 3018 1274 humiliter
3063 1217 3365 1274 sentiebam.
3403 1214 3541 1288 (1ο.)

289 1323 293 1328 η
375 1282 531 1339 Vens.
554 1283 608 1338 6.
627 1313 701 1326 —
721 1285 876 1352 Quod
893 1286 1198 1359 priusquam
1225 1287 1492 1344 evellatur.
1517 1287 1698 1361 (Auc.)
1718 1287 1859 1344 Non-

1967 1307 2213 1366 Nutritus
2251 1311 2307 1366 in
2343 1311 2482 1368 lacte
2526 1311 2694 1383 (quod
2727 1318 2811 1368 est
2842 1309 3081 1366 Verbum
3107 1325 3235 1367 caro
3257 1282 3458 1364 factum
3483 1282 3545 1362 ut

298 1372 424 1426 dum
453 1372 598 1476 θηίιί.
633 1375 852 1476 falli?“
885 1373 1089 1445 ludiCiO
1129 1376 1248 1444 Dei:
1273 1386 1331 1434 ει
1359 1375 1476 1448 iam
1519 1393 1628 1435 ηοη
1667 1377 1869 1435 habe“
1967 1401 2047 1456 sic
2093 1416 2392 1459 crescerem
2439 1402 2507 1458 ad
2532 1372 2743 1473 panem
2791 1401 3122 1473 angelorum,
3183 1401 3251 1457 ad
3303 1399 3540 1457 Verbum

297 1475 521 1564 δυξςιιω
548 1464 862 1564 Viridilaiiso
1028 1480 1096 1564 __"
1317 1557 1370 1564 __
1493 1559 1502 1564 _
1562 1559 1612 1564 __
1726 1559 1738 1564 Α
1967 1492 2110 1562 quod
2141 1494 2280 1564 apud
2310 1493 2500 1559 Deum,
2540 1464 2632 1549 sed
2660 1507 2788 1548 non.

369 1547 529 1609 Vens.
573 1553 722 1610 8.—
749 1553 819 1609 Et
865 1571 970 1611 non
1005 1557 1270 1613 dixerunt.
1308 1557 1513 1632 (Cass)
1562 1559 1675 1616 Mos
1724 1559 1859 1616 inter

1983 1547 2003 1562 ⁸
2039 1547 2305 1650 Επαῆαυέ,
2335 1547 2404 1639 ut
2421 1547 2678 1641 heretici.
2711 1583 2814 1652 Qui
2834 1583 2879 1640 si
2906 1591 3178 1654 utcunque
3205 1580 3406 1654 aliquid
3433 1595 3544 1638 coe-

295 1647 552 1749 “6?”qu
598 1659 718 1749 in!"
755 1660 816 1707 m
868 1653 1044 1708 viator
1077 1655 1863 1749 Ppe’aP‘iP“3_b°“edi°mE=
1966 1666 2170 1749 perint,
2207 1647 2298 1732 vel
2327 1676 2428 1733 visi
2475 1685 2600 1734 sunt
2640 1647 2851 1748 capere,
2913 1677 3038 1732 inde
3078 1647 3430 1748 superbient;
3489 1681 3544 1730 et

295 1739 438 1839 unde
470 1739 790 1839 medic-itur
807 1741 1149 1839 e_contrario,
1172 1743 1300 1817 quia
1325 1743 1560 1800 inaniter
1583 1744 1860 1815 operati“-
1966 1739 2090 1824 eum
2136 1739 2312 1824 adhuc
2364 1769 2537 1824 teneri
2565 1739 2727 1839 super
2769 1739 2999 1824 matrem
3026 1739 3161 1832 sint,
3183 1776 3238 1824 et
3261 1739 3544 1839 portentur

292 1828 720 1931 huimedlim
740 1829 1093 1931 “umidam”
1584 1924 1619 1931 __
1749 1924 1781 1931 __
1891 1909 1942 1931 _
1967 1859 2238 1928 manibus,
2270 1869 2331 1917 ut
2355 1828 2747 1930 crescant,.qui
2790 1860 2990 1931 portati
3047 1828 3279 1915 inierunt.
3299 1859 3352 1912 in
3385 1865 3541 1913 utero

363 1917 434 1973 E‘
456 1919 840 2020 mufﬁﬂﬁ‘m'
870 1919 1017 1989 Quo“
1045 1921 1428 2020 ¹ξ9¹¹ξ⁰ῌίεθ¹¹ι
1447 1924 1645 1997 angeli»
1671 1924 1867 1996 quibus
1891 1909 1944 1974 Β
1968 1909 2408 2006 ίίὶῖἷεξέίιθηὶιιι·
2440 1966 2453 2002 :
2481 1965 2511 2004 a
2549 1909 2694 2004 lacte
2747 1909 2874 2004 ante
2934 1956 3145 2020 tempus
3195 1953 3537 2018 separantur,

292 2026 401 2067 non
427 2013 854 2084 pmdicaverunt
873 2015 1122 2086 apostoli.
1151 2016 1219 2072 Et
1243 2017 1346 2073 hoc
1369 2026 1454 2073 est
1475 2019 1618 2088 quod
1645 2019 1751 2074 ait:

1966 2042 2111 2098 unde
2128 2041 2527 2114 exstinguntur.

363 2103 546 2176 (Auc.)
585 2103 652 2159 Et
682 2122 786 2160 non
807 2106 1073 2174 dixerunt,
1105 2116 1209 2163 etc.
1239 2107 1470 2165 Maxime
1498 2109 1716 2178 Iudaeis,
1748 2126 1859 2170 mos

2032 2132 2122 2187 Ita
2161 2103 2448 2187 retributio.
2475 2129 2598 2204 (ln.)
2623 2130 2922 2205 Obstringit
2969 2146 3028 2188 se
3065 2131 3374 2197 maledicto,
3401 2138 3535 2196 ctc.,

293 2195 1252 2295 gratauibuscunquefpetjsntibus
1304 2199 1487 2295 dicere
1523 2199 1864 2257 εΒεηεάὶοιεο
1963 2239 2124 2295 usque
2149 2222 2220 2278 ad
2259 2223 2337 2279 sic
2371 2195 2632 2279 revelant:
2662 2223 2806 2280 Deus
2833 2195 2974 2293 quod
3005 2221 3160 2278 aliter
3206 2195 3366 2294 sapit,
3413 2221 3537 2291 quia

289 2284 502 2400 ﬂamini
521 2305 692 2400 Isuper
721 2306 828 2346 vos.
855 2288 1227 2347 Benediximus
1247 2291 1386 2348 vobis
1407 2294 1464 2348 in
1503 2296 1728 2359 nomine,
1753 2303 1861 2350 etc.
1962 2284 2206 2400 δηρενωε
2218 2315 2432 2381 nm)“,
2457 2315 2741 2370 humilibus
2779 2284 2871 2370 da;
2902 2315 3146 2386 gratiam.

291 2375 501 2474 (βλεφ-
521 2379 683 2436 Bonis
711 2382 1052 2474 δεηθάξουηιι
1078 2399 1186 2440 ηοη
1209 2384 1265 2440 in
1295 2397 1414 2453 δυο,
1441 2386 1536 2443 50d
1562 2385 1618 2441 ίη
1657 2387 1864 2443 nomine
2026 2375 2500 2460 Sicufablactatus
2525 2415 2622 2461 est.
2657 2405 2810 2462 Sicut
2857 2375 3004 2461 enim
3033 2404 3272 2474 quinque
3297 2407 3540 2472 tempora

289 2467 501 2525 Domini
521 2483 541 2524 .°
563 2485 592 2528 a
614 2485 724 2544 quo
751 2473 954 2541 omnia,
981 2488 1088 2530 non
1109 2475 1178 2531 ab
1199 2474 1301 2531 eis.
1333 2507 1336 2509 λ
1961 2506 2273 2564 narrantur,
2299 2505 2432 2563 ctc.,
2459 2515 2620 2569 usque
2644 2499 2714 2553 ad
2740 2499 2868 2570 quia
2895 2498 3038 2555 Deus
3075 2504 3196 2552 erat
3214 2497 3414 2562 homo;
3445 2494 3540 2551 sed

771 2581 1095 2642 PSALMUS
1143 2584 1378 2643 CXXIX.
1961 2603 2068 2644 non
2098 2596 2336 2645 mutatus
2382 2589 2438 2643 in
2459 2588 2751 2646 hominem.

363 2689 528 2750 Vens.
574 2694 627 2750 t.
672 2724 747 2737 —
785 2693 1060 2752 Canticum
1104 2699 1383 2770 graduum.
1432 2697 1582 2772 (1ο.)
1632 2697 1863 2758 Undeci-
1998 2677 2406 2772 _YEIs-_5-__—
2452 2677 2845 2772 Speretlfrael-
2878 2677 3082 2750 (ελδερ)
3112 2675 3360 2733 Secunda
3391 2689 3538 2747 pars.

289 2797 408 2839 mus
439 2786 655 2857 gradus,
693 2795 823 2855 ctc.,
856 2804 1018 2860 usque
1058 2769 1128 2844 ad
1166 2791 1387 2861 ponitur
1420 2769 1860 2850 laeta-conclusio
1959 2769 2052 2826 ubi
2077 2769 2350 2827 comma“
2373 2785 2470 2827 δυο
2495 2769 2741 2841 exemplo
2761 2777 2987 2827 οωῑθΐοε
3011 2782 3258 2826 monens-

291 2889 416 2932 cum
463 2878 789 2936 certitudine
816 2880 1026 2948 venite,
1074 2879 1174 2950 ibi,
1219 2881 1402 2954 Speret
1449 2881 1621 2941 Israel
1657 2886 1713 2940 in
1750 2885 1861 2942 Do-
2153 2945 2158 2948 .
2459 2905 2780 2964 pSALMUS
2828 2903 3062 2963 CXXX].

287 2981 453 3022 mino.

2037 3016 2200 3074 Vens.
2236 3020 2288 3074 1.
2320 3049 2390 3060 -
2419 3018 2694 3075 Canticum
2746 3020 3028 3092 graduum.
3075 3015 3221 3090 (ln.)
3272 3016 3331 3072 In
3367 3015 3542 3072 trede-

1961 3107 2103 3164 cimo
2126 3107 2293 3176 gradu
2315 3109 2427 3180 jam
2454 3109 2676 3166 humilis
2696 3118 2750 3165 et
2773 3121 3105 3176 mansuetus,
3133 3118 3263 3176 ctc.,
3287 3125 3448 3180 usque
3469 3107 3539 3163 ad

1963 3201 2107 3255 unde
2135 3199 2188 3255 in
2215 3199 2350 3256 Isaia
2376 3219 2389 3254 :
2418 3198 2588 3271 Super
2612 3218 2765 3273 quem
2805 3203 3084 3274 requiescet
3113 3200 3342 3272 Spiritus
3373 3218 3537 3266 meus,

1965 3291 2068 3347 nisi
2094 3307 2249 3362 super
2278 3290 2528 3347 humilem
2568 3301 2617 3349 et
2654 3293 2908 3364 quietum,
2937 3301 2988 3349 et
3016 3301 3316 3349 trementem
3345 3307 3540 3348 sermo-

1961 3397 2051 3437 nes
2070 3382 2253 3437 meos?

2031 3470 2312 3540 Memento,
2359 3471 2601 3539 Domine,
2648 3473 2822 3528 David
2863 3481 2914 3530 et
2961 3475 3145 3530 omnis.
3191 3473 3326 3546 (ιν.)
3356 3472 3539 3529 Primo

357 3058 437 3114 De
449 3059 750 3130 profundis.
775 3059 957 3132 (Αυα.)
977 3059 1079 3128 Qui
1095 3061 1258 3118 sentit
1280 3077 1340 3119 se
1354 3061 1406 3118 in
1420 3061 1703 3134 profundo,
1727 3073 1859 3133 ctc.,

286 3165 451 3221 usque
478 3149 547 3205 ad
573 3150 714 3207 sicut
750 3151 880 3207 dicit
908 3150 1186 3222 Scriptura
1211 3168 1225 3206 :
1251 3151 1525 3222 Peccator,
1561 3169 1682 3209 cum
1703 3171 1858 3211 vene-

287 3239 354 3294 rit
378 3239 434 3293 in
462 3238 781 3309 profundum
808 3240 1078 3306 vitiorum,
1100 3243 1400 3298 contemnit.
1886 3251 1934 3318 ο

356 3329 522 3388 Vens.
545 3333 599 3388 5.
625 3361 698 3374 --
725 3331 856 3400 Quis
895 3333 1185 3390 sustinebit.
1217 3332 1341 3407 (In.)
1369 3333 1506 3404 Quia
1531 3349 1701 3408 prope
1735 3351 1856 3393 om-

287 3423 372 3479 nis
406 3423 640 3480 humana
684 3424 795 3482 vita
823 3425 1063 3496 peccatis
1089 3425 1549 3496 circumlatratur,
1572 3429 1858 3501 omnisque

285 3514 616 3571 conscientia
657 3515 770 3573 suis
809 3516 1226 3588 cogitationibus
1270 3527 1572 3576 accusatur.
1615 3518 1734 3576 Non
1773 3529 1858 3578 est

285 3615 490 3662 castum
517 3621 631 3675 cor,
661 3608 804 3678 quod
843 3608 1119 3680 praesumit
1155 3610 1222 3666 de
1239 3607 1447 3678 justitia
1493 3624 1610 3666 sua.
1648 3609 1859 3668 Praesu-

285 3706 398 3754 mat
423 3712 555 3771 ergo
579 3699 648 3755 de
667 3698 762 3756 Dei
784 3699 1177 3769 misericordia,
1205 3698 1344 3768 Quia
1365 3700 1506 3773 apud
1536 3717 1654 3757 eum
1681 3703 1856 3774 prapi—

284 3787 452 3856 tiatio,
481 3788 626 3844 unde
651 3789 867 3845 subdit:

356 3876 522 3933 Vens.
568 3878 624 3934 4.
651 3879 865 3948 —Quia
907 3880 1048 3952 apud
1085 3889 1135 3938 te
1155 3882 1458 3956 propitiatio
1500 3891 1598 3939 est.
1647 3883 1852 3951 Quasi:

284 3965 400 4035 Qua
444 3984 540 4040 spe
571 3969 813 4029 clamas?
837 3971 978 4040 Quia
1005 3980 1089 4029 est
1120 3973 1177 4029 in
1226 3981 1279 4030 te
1318 3973 1691 4032 misericordia
1713 3975 1857 4048 quod

282 4059 356 4116 ita
390 4060 467 4116 ait
493 4079 507 4117 :
537 4060 635 4119 Vel
672 4063 747 4118 ita
770 4062 952 4138 iunge.

247 4193 266 4214 .
353 4149 540 4224 (Auc.)
565 4151 753 4210 Nullus
775 4163 953 4226 potest
977 4155 1266 4224 sustinere,
1295 4165 1426 4226 ctc.,
1455 4175 1620 4232 usque
1640 4159 1711 4214 ad
1751 4175 1856 4217 una

281 4260 410 4316 ergo
447 4254 533 4303 est
559 4261 727 4318 spes:
765 4247 904 4316 Quia
933 4249 1074 4321 apud
1123 4259 1173 4306 te
1216 4252 1517 4323 propitiatio
1567 4262 1667 4320 est,
1721 4263 1854 4322 ctc.,

281 4333 504 4408 Propter
528 4337 691 4410 legem
727 4347 896 4408 tuam,
921 4338 1044 4413 (ln.)
1075 4339 1239 4413 legem
1279 4342 1666 4400 misericordia:
1695 4343 1858 4399 susti-

281 4428 395 4496 nui,
434 4437 567 4497 ctc.,
615 4447 780 4503 usque
829 4432 898 4487 ad
934 4441 990 4489 et
1027 4433 1170 4490 hanc
1204 4433 1380 4507 legem
1417 4435 1612 4493 dedisti
1651 4435 1710 4492 in
1739 4435 1855 4508 ipsa

280 4522 624 4578 necessitate.

348 4611 514 4671 Vens.
542 4614 596 4671 6.
628 4645 699 4656 —
732 4615 1014 4672 Matutino.
1048 4615 1169 4690 (11).)
1226 4617 1421 4688 Speret
1460 4617 1642 4690 vigilia
1677 4626 1855 4674 matu-

282 4702 415 4772 tina,
445 4705 537 4776 qui
560 4719 670 4761 non
691 4705 837 4760 aliud
859 4720 888 4760 a
919 4707 1028 4762 Deo
1055 4719 1219 4776 quam
1249 4706 1711 4763 immortalitatem
1733 4720 1849 4778 spe-

280 4803 382 4850 ret.
413 4795 454 4851 Α
487 4796 727 4852 custodia
745 4796 1025 4863 matutina,
1056 4804 1188 4864 etc.,
1209 4813 1372 4869 usque
1401 4797 1470 4852 ad
1501 4797 1626 4854 inde
1653 4798 1707 4854 in
1736 4797 1856 4870 lege

279 4893 514 4955 caputet
539 4886 707 4942 cauda
736 4885 927 4940 hostia:
960 4884 1191 4942 Domino
1237 4883 1626 4944 offerebantur.
1669 4887 1854 4960 Speret

277 4974 449 5031 Israel
490 4976 547 5031 in
591 4975 832 5030 Domino.
874 4975 1072 5048 (Cass)
1121 4974 1370 5032 Secunda
1397 4993 1546 5049 pars,
1590 4978 1680 5034 ubi
1732 4977 1854 5036 lteta

279 5067 556 5124 conclusio
588 5085 602 5122 :
637 5065 874 5124 Securus
897 5067 965 5122 de
990 5082 1072 5133 se,
1097 5068 1376 5138 praedicat,
1405 5076 1466 5124 ut
1491 5083 1705 5142 semper
1729 5084 1854 5141 spe-

278 5164 400 5212 rent
433 5158 488 5212 in
517 5157 764 5214 Domino.
809 5156 974 5226 Quasi
1023 5157 1164 5215 sicut
1205 5160 1386 5216 anima
1415 5161 1678 5233 speravit,
1707 5161 1858 5223 simi-

277 5247 403 5305 liter
430 5258 610 5320 speret
636 5249 820 5308 Israel.

349 5340 514 5397 Vens.
545 5341 598 5398 8.
629 5371 701 5382 —
726 5339 795 5396 Et
819 5342 927 5414 ipse
954 5342 1167 5398 redimet
1197 5341 1368 5398 Israel
1393 5359 1457 5400 ex
1487 5343 1727 5399 omnibus
1752 5344 1856 5400 ini-

275 5431 560 5503 quitatibus
587 5433 721 5504 ejus.
753 5432 876 5506 (1ο.)
927 5432 1026 5489 Hic
1067 5433 1204 5490 dixit
1241 5432 1356 5503 jam
1399 5435 1527 5505 quid
1565 5435 1636 5490 sit
1683 5434 1855 5492 factu-

278 5538 374 5578 rus
401 5523 511 5591 ille,
532 5539 693 5594 quem
733 5525 868 5582 dixit
894 5525 1299 5582 misericordem
1324 5534 1380 5582 et
1408 5526 1710 5597 copiosum.

1959 3563 2251 3620 ostendens
2303 3573 2489 3621 votum
2538 3564 2838 3621 tediﬁcandi
2884 3565 3123 3633 domum,
3175 3575 3431 3638 precatur
3476 3572 3538 3620 ut

1957 3654 2196 3725 impleat.
2237 3655 2509 3722 Secundo,
2535 3657 2773 3712 ostendit
2809 3657 3028 3713 domum
3059 3657 3400 3723 aediﬁcatam,
3439 3658 3536 3724 ibi,

1956 3743 2094 3801 Ecce
2117 3746 2264 3801 audi.
2289 3745 2494 3812 Tertio,
2527 3746 2656 3803 dicit
2685 3749 3072 3820 promissiones
3098 3748 3191 3804 Dei
3213 3748 3386 3804 factas
3408 3746 3538 3804 aedi-

1956 3835 2131 3893 ﬁcata:
2156 3835 2305 3902 Sion,
2341 3838 2434 3904 ibi,
2491 3838 2696 3893 Iuravit
2717 3838 2998 3895 Dominus.
3026 3839 3226 3897 Volens
3250 3855 3379 3912 ergo
3400 3840 3532 3896 tedi-

1956 3928 2122 3986 ﬁcare
2145 3930 2365 3986 domum
2393 3931 2644 3996 Domino,
2667 3931 2744 3986 ait
2771 3931 2825 3986 in
2871 3946 3104 4003 persona
3145 3933 3309 3990 totius
3333 3931 3536 3989 Christi

1955 4019 2151 4093 capitis
2178 4037 2192 4074 :
2235 4019 2280 4076 0
2311 4020 2553 4088 Domine,
2573 4031 2680 4079 etc.
2711 4021 2903 4078 David.
2933 4023 3116 4096 (Auc.)
3150 4023 3230 4079 Ad
3268 4023 3529 4089 litteram,

1955 4123 2289 4181 mansuetus,
2327 4122 2389 4170 ut
2411 4113 2559 4170 Sauli
2598 4115 2798 4172 malum
2823 4131 2920 4186 pro
2958 4115 3099 4172 malo
3126 4130 3234 4172 non
3263 4116 3532 4172 redderet.

2027 4207 2177 4265 Sicut
2194 4209 2394 4279 juravit
2434 4218 2483 4263 et
2529 4218 2702 4265 votum
2755 4211 2909 4266 novit.
2948 4209 3007 4265 id
3059 4217 3164 4275 est,
3212 4217 3271 4264 ut
3309 4208 3530 4278 impleat

1955 4300 2099 4372 quod
2115 4301 2366 4371 promisit
2390 4318 2403 4354 :
2432 4315 2592 4356 nemo
2629 4309 2920 4371 praesumat
2940 4300 3148 4355 viribus
3170 4299 3281 4355 suis
3304 4299 3530 4355 reddere

1955 4393 2099 4464 quod
2123 4394 2289 4449 vovit.
2321 4391 2484 4448 Vovit
2511 4401 2692 4448 autem
2720 4393 2960 4450 Ecclesia
3003 4393 3056 4448 in
3096 4393 3528 4458 mansuetudine,

1954 4490 2017 4537 ut
2055 4482 2129 4537 sit
2165 4481 2357 4538 domus
2383 4481 2504 4548 Dei,
2533 4497 2641 4552 quo
2663 4481 2797 4538 nihil
2823 4483 3028 4554 gratius
3074 4490 3253 4554 potest
3298 4483 3409 4538 Deo
3457 4481 3536 4537 of-

1880 4605 1934 4668 D
1957 4570 2107 4628 ferri.
2140 4571 2341 4628 Domus
2374 4580 2556 4629 autem
2589 4582 2694 4641 est,
2742 4575 2787 4631 si
2829 4589 2925 4630 sua
2953 4590 3059 4631 non
3083 4575 3296 4647 quaerit,
3337 4575 3430 4631 sed
3465 4575 3532 4631 de

1956 4664 2228 4720 communi
2256 4665 2454 4737 gaudet
2483 4682 2496 4719 :
2534 4666 2600 4722 de
2616 4666 2850 4738 propriis
2875 4665 3010 4722 fiunt
3043 4667 3207 4735 mala,
3233 4667 3372 4724 unde
3400 4668 3476 4722 ait
3511 4683 3524 4720 :

1955 4753 2016 4812 Si
2037 4756 2305 4829 introiere.
2335 4755 2554 4814 Sciebat
2593 4772 2652 4814 se
2698 4759 2918 4831 proprio
2938 4759 3207 4834 impediri,
3237 4777 3304 4818 ne
3333 4761 3428 4816 ﬂat
3446 4760 3528 4818 lo-

1957 4864 2056 4906 cus
2077 4847 2196 4906 Dei.

2027 4943 2193 5000 Vens.
2223 4945 2277 5002 5.
2318 4974 2391 4985 —
2433 4943 2492 5001 Si
2521 4945 2772 5002 introiero
2791 4961 2962 5018 usque
2987 4947 3150 5004 tlonec
3165 4947 3424 5003 inveniam
3452 4947 3532 5003 lo-

1956 5053 2076 5093 cum
2096 5036 2342 5092 Domino.
2368 5035 2574 5094 Littera
2610 5037 2974 5109 suspenditur,
3018 5047 3075 5094 et
3118 5045 3202 5094 est
3249 5037 3530 5109 aposiopev

1957 5129 2054 5196 sis,
2077 5143 2141 5184 ac
2168 5129 2216 5184 si
2251 5128 2455 5184 diceret
2482 5145 2496 5182 :
2536 5125 2596 5184 Si
2621 5128 2725 5186 hoc
2749 5128 2834 5186 vel
2863 5128 2994 5185 illud
3025 5127 3225 5194 fecero,
3257 5143 3531 5200 nunquam

1958 5221 2024 5277 de
2053 5228 2250 5276 caetero
2292 5219 2426 5275 mihi
2480 5221 2750 5277 credatur.
2801 5220 2966 5289 Quasi
2997 5218 3203 5289 iuravit
3229 5219 3396 5276 David
3425 5219 3532 5278 Do-

1956 5313 2104 5369 mino
2135 5330 2149 5366 :
2182 5312 2242 5370 Si
2271 5313 2520 5368 introiero
2540 5313 2597 5368 in
2623 5311 3016 5369 tabernaculum
3039 5311 3225 5366 domus
3246 5328 3395 5379 metr,
3417 5320 3528 5369 etc.

1957 5400 2162 5472 (Cass)
2193 5398 2290 5456 Vel
2319 5414 2386 5454 ex
2408 5415 2638 5471 persona
2677 5399 2877 5456 Christi
2920 5398 2989 5454 ab
3035 5399 3124 5456 illo
3161 5400 3316 5456 loco:
3350 5399 3413 5456 Si
3441 5401 3530 5454 in-
3585 5415 3590 5420 '

1965 5495 2158 5548 troiero
2233 5493 2288 5548 in
2351 5493 2746 5548 tabernaculum
2827 5491 3012 5547 domus
3083 5509 3235 5558 meae,
3300 5491 3527 5557 scilicet,

1964 5591 2201 5647 cmiestis
2265 5589 2634 5646 habitationis.
2694 5586 3125 5643 Tabernaculum
3169 5595 3255 5642 est
3289 5585 3531 5642 caelestis

799 5656 1117 5716 PSALMUS
1149 5657 1364 5739 CXXX:
1964 5682 2244 5739 habitatio.
2293 5680 2354 5738 Si
2394 5680 2694 5742 escendero,
2741 5686 2871 5744 ctc.,
2914 5679 2982 5733 ad
3025 5680 3304 5734 dexteram
3330 5677 3528 5742 Patris,

350 5770 513 5827 Vens.
548 5775 597 5827 l.
625 5803 696 5812 —
726 5773 1000 5827 Canticum
1025 5772 1304 5842 graduum.
1348 5770 1551 5843 (Cass)
1589 5771 1856 5830 Duodeci-
1964 5777 2056 5830 ubi
2117 5774 2309 5840 lectus,
2339 5772 2393 5827 id
2421 5779 2501 5825 est
2533 5771 2746 5840 requies
2794 5779 2850 5825 et
2893 5769 3016 5826 ﬁnis
3051 5770 3313 5825 laborum.

279 5881 402 5926 mus
428 5865 626 5938 gradus
652 5874 737 5926 est
761 5863 1059 5936 humilitas,
1088 5879 1250 5941 quam
1279 5863 1426 5928 intus
1467 5870 1525 5923 et
1569 5872 1725 5926 extra
1763 5865 1857 5926 hic
2035 5864 2199 5927 Vnus.
2245 5863 2303 5923 4.
2331 5892 2404 5908 -
2432 5860 2716 5934 Sumnum,
2745 5859 2962 5934 requies
3005 5859 3217 5935 mortis.
3246 5857 3528 5920 triduana.
