4008 6348
561 402 691 461 1051

1093 391 1486 454 WALAFRIDI
1519 393 1768 450 STRABI
1802 391 2005 448 FULD.
2049 385 2212 444 ΜΟΝ.
2255 385 2405 442 ΟΡΡ.
2447 382 2626 438 PARS
2664 382 2676 438 1

1716 393 1768 448 BI
1802 391 2005 448 FULD.
2049 385 2212 444 ΜΟΝ.
2255 385 2405 442 ΟΡΡ.
2447 382 2626 438 PARS
2664 382 2706 438 1.
2744 410 2813 420 -
2854 376 3299 434 THEOLOGICA.

3611 383 3712 440 11152

498 503 514 520 ⁸
560 521 762 582 Deinde
789 517 909 576 aliis
937 493 1120 573 verbis
1155 516 1299 574 idem
1347 515 1559 584 repetit.
1597 513 1664 567 Et
1701 510 1960 582 palpebris
1999 507 2125 560 meis
2153 505 2206 568 Α
2231 512 2401 558 mento
2428 515 2445 552 :
2473 501 2540 558 Et
2559 499 2696 556 bene
2723 497 2840 554 dico
2880 503 3090 566 propter
3109 493 3296 560 David,
3321 492 3438 564 quia
3451 493 3620 566 juravit
3643 501 3716 556 Do.

558 611 1001 667 dormitatiouem.
1049 608 1116 662 Et
1161 607 1385 676 requiem
1420 604 1734 674 temporibus
1781 603 1908 656 meis
1961 602 2133 658 donec
2236 596 2406 649 minus
2429 592 2620 646 David.

561 704 801 764 Ecclesia
829 712 1017 758 sancta
1057 700 1435 770 praedicatione
1462 699 1534 756 sit
1571 697 1809 754 fundata.
1842 695 2134 765 Aposiope—

562 796 636 853 sis
655 805 739 853 est
759 795 934 865 quasi,
962 810 1067 852 non
1094 792 1322 863 amplius
1345 791 1598 848 credatur
1625 790 1779 846 mihi.

631 888 699 944 Et
725 887 1001 959 palpebris.
1034 887 1214 959 (Auc.)
1246 887 1345 942 Est
1372 887 1463 957 qui
1493 903 1600 941 non
1623 885 1839 950 dormit,
1879 884 1974 940 sed
2006 883 2134 938 dor-

565 984 720 1040 mitat
747 1002 762 1040 :
795 985 954 1040 modo
983 983 1279 1038 retrahitur
1310 997 1340 1034 a
1373 981 1625 1046 terrenis,
1663 979 1823 1036 modo
1850 978 1941 1034 illo
1965 976 2138 1034 revol—

562 1075 729 1140 vitur,
758 1073 951 1132 crebro
977 1072 1200 1130 inclinat
1224 1079 1400 1142 caput.

632 1165 796 1224 Vens.
841 1165 894 1220 5.
955 1195 1025 1204 —
1078 1163 1145 1218 Et
1193 1163 1436 1234 requiem.
1495 1162 1541 1216 A
1586 1162 1773 1233 requie
1834 1171 2136 1229 temporum

563 1270 786 1312 somnus
833 1255 980 1311 venit
1028 1254 1094 1308 ad
1137 1254 1322 1310 oculos
1364 1253 1488 1322 quia
1537 1252 1849 1307 dormituris
1900 1259 2139 1320 tempora

565 1347 847 1418 incipiunt.
887 1347 1021 1403 Cum
1068 1360 1200 1417 ergo
1231 1345 1420 1414 incipit
1458 1343 1727 1400 delectare
1756 1343 1822 1397 ad
1853 1351 2138 1413 peccatum

565 1439 767 1508 aliquid
799 1437 1111 1508 temporale,
1144 1444 1437 1507 gravantur
1459 1443 1723 1505 tempora,
1750 1435 1841 1489 sed
1872 1450 1937 1489 ne
1959 1433 2052 1487 des
2088 1441 2140 1488 te

564 1529 639 1583 illi
667 1528 1028 1594 delectationi,
1060 1536 1115 1584 et
1141 1542 1364 1582 somnus
1393 1541 1496 1580 non
1527 1526 1672 1580 venit
1702 1525 1768 1579 ad
1795 1524 2002 1588 oculos,
2033 1523 2140 1576 ista

563 1620 920 1689 cogitatione,
964 1619 1009 1675 si
1047 1619 1202 1691 quasi
1272 1616 1580 1674 confricaus
1642 1615 1875 1671 frontem
1932 1613 2141 1670 excutis

568 1728 816 1768 somnum
825 1753 839 1766 .

635 1803 906 1860 Inveniam
932 1821 951 1860 :
988 1804 1110 1876 (10.)
1147 1804 1298 1869 dicit,
1339 1803 1461 1872 quia
1501 1803 1589 1865 diu
1613 1801 1878 1872 quresivit.

2307 683 2530 754 Propter
2558 699 2577 738 :
2606 681 2800 738 deinde
2821 694 2890 734 ex
2933 692 3162 748 persona
3189 676 3352 746 ipsius
3391 675 3540 734 David
3575 697 3718 754 rogan-

2239 777 2309 832 tis
2347 775 2518 830 Deum
2549 773 2785 828 Patrem.

2309 866 2491 939 (Auc.)
2522 863 2656 930 Quia
2684 861 2827 917 enim
2853 859 3101 914 Christus
3131 871 3161 911 a
3185 856 3379 912 ludatis
3417 857 3581 920 faciem
3607 879 3723 922 aver.

2241 957 2303 1011 tit
2329 956 2396 1009 ad
2427 965 2637 1024 gentes,
2694 959 2914 1022 rogatur
2956 949 3118 1003 Pater
3162 957 3378 1018 prapter
3416 951 3648 1022 reliquias,
3682 965 3724 1014 ut

2239 1053 2399 1110 salvae
2423 1051 2574 1117 fiant,
2601 1049 2746 1120 quod
2791 1047 2846 1102 in
2886 1044 3142 1116 apostolis
3166 1052 3220 1098 et
3244 1044 3297 1098 in
3323 1044 3436 1101 aliis
3475 1048 3627 1104 multis
3650 1051 3725 1107 im.

2238 1145 2442 1214 pletum
2471 1151 2571 1198 est.
2603 1141 2668 1194 Et
2694 1141 2768 1194 ait
2800 1156 2813 1192 :
2839 1147 3048 1208 propter
3070 1135 3260 1200 David,
3291 1151 3352 1190 ac
3377 1124 3417 1190 si
3443 1138 3724 1199 diceretzllei

2241 1238 2402 1292 etiam
2430 1243 2720 1300 memento,
2743 1239 2802 1288 ut
2821 1238 3042 1301 propter
3079 1243 3168 1284 me
3186 1226 3392 1284 Judteos
3420 1229 3626 1288 funditus
3651 1250 3723 1290 non

2243 1325 2496 1395 repellas.

2315 1416 2475 1470 Vsus.
2525 1415 2610 1468 11.
2647 1444 2715 1453 -
2741 1412 2966 1467 Iuravit.
3001 1409 3202 1482 (Cass.)
3228 1409 3401 1466 Tertia
3427 1414 3645 1480 μετεμήὴ
3670 1414 3726 1470 di-

2241 1509 2319 1563 cit
2363 1505 2743 1577 promissioues
2779 1503 2872 1558 Dei
2923 1503 3094 1558 factas
3141 1502 3414 1556 aediﬁcata:
3449 1500 3580 1567 Sion,
3616 1505 3657 1558 id
3674 1513 3730 1562 est

2243 1596 2520 1652 Ecclesim.
2547 1595 2613 1648 Et
2635 1592 2873 1663 loquitur
2893 1592 3060 1645 David
3085 1592 3138 1645 in
3169 1607 3262 1645 sua
3284 1591 3363 1645 vel
3391 1591 3436 1648 iu
3469 1593 3606 1647 totius
3623 1593 3730 1651 Cliti-

2243 1690 2312 1745 sti
2361 1702 2614 1758 persona.
2659 1686 2724 1739 Et
2758 1702 2860 1740 non
2893 1685 3236 1754 frustrabitur
3261 1682 3429 1755 (alias)
3461 1702 3551 1740 non
3577 1688 3731 1755 ραηίιι.

2246 1780 2337 1833 bit.
2368 1780 2552 1849 (Αυο.)
2595 1777 2852 1831 Pcnniteri
2879 1777 3072 1832 dicitur
3099 1775 3266 1841 Deus,
3297 1785 3420 1840 etc.,
3452 1779 3655 1846 usquead
3692 1787 3730 1832 tu

637 1894 837 1952 Locum
859 1863 1080 1950 Domino
1097 1863 1122 1950 ἐ
1157 1895 1208 1950 in
1252 1911 1310 1950 se
1335 1863 1746 1964 q-uzerebat;qui
1777 1907 1940 1963 super
1963 1889 2141 1947 humi-
2167 1863 2215 1930 Β

2167 1863 2215 1930 Β
2242 1872 2388 1928 enim
2426 1871 2561 1926 facis
2597 1870 2721 1941 quia
2749 1884 3031 1924 erraveras
3058 1889 3070 1922 :
3106 1867 3200 1923 ille
3244 1866 3387 1931 facit,
3411 1876 3463 1923 et
3485 1866 3654 1922 liberat
3681 1867 3729 1921 De

573 1985 676 2040 lcm
699 1992 756 2040 et
791 1985 1032 2055 quietum
1061 1975 1373 2053 requiescit.
1403 1983 1575 2038 Locus
1605 1991 1786 2038 autem
1835 1982 1929 2036 Dei
1957 1990 2059 2047 est,
2097 1982 2141 2036 si

567 2087 696 2128 suas
733 2072 936 2129 deserit
982 2088 1100 2141 res;
1146 2073 1231 2129 vel
1271 2073 1485 2140 saltem,
1511 2073 1556 2128 si
1586 2088 1645 2128 se
1683 2087 1790 2127 non
1837 2080 2000 2137 amat,
2050 2071 2143 2128 sed

569 2162 758 2218 Deum.

642 2252 1077 2308 Tuber-meatum.
1125 2253 1269 2325 (ln.)
1317 2253 1507 2310 Adhuc
1559 2254 1841 2324 gemimus.
1881 2253 1938 2309 lu
1986 2253 2144 2308 domo

570 2344 929 2410 laudabimus,
960 2345 1084 2414 quia
1135 2346 1366 2416 gemitus
1390 2353 1474 2400 est
1497 2345 1987 2415 peregrinantium;
2031 2342 2146 2397 lau-

569 2437 716 2494 datio
733 2435 846 2506 jam
868 2437 922 2490 in
955 2437 1127 2507 patria
1147 2437 1616 2492 commorantium.
1649 2436 1757 2490 Deo
1785 2435 1969 2490 Jacob.
2007 2434 2147 2490 Dicit

571 2528 814 2592 solvisse,
847 2528 990 2584 sicut
1016 2545 1178 2598 supra
1210 2529 1343 2583 dixit
1369 2528 1702 2598 promisisse.

644 2619 803 2676 Vens.
826 2619 878 2675 6.
908 2650 980 2660 —
1001 2617 1136 2674 Ecce
1166 2620 1482 2674 audivimus.
1511 2617 1684 2690 (Cass.
1737 2616 1985 2672 Secunda
2014 2632 2143 2686 pars

571 2711 664 2767 ubi
709 2710 1014 2766 ostenditur
1054 2709 1318 2765 aedificata
1358 2709 1570 2772 domus,
1614 2719 1669 2764 et
1695 2707 1784 2763 ubi
1811 2716 1865 2763 et
1893 2717 2148 2777 precatur

569 2805 662 2874 qui
688 2802 1011 2867 exaltentur,
1037 2810 1176 2856 etne
1197 2801 1366 2856 Judaei
1392 2801 1498 2855 sint
1531 2803 1746 2872 penitus
1781 2801 1960 2854 alieni.
2009 2800 2146 2853 Eam

573 2895 628 2947 in
661 2893 920 2962 Ephrata,
945 2891 1126 2963 (Aue.)
1151 2891 1233 2946 vel
1255 2907 1391 2956 eam,
1415 2899 1549 2957 etc.,
1598 2907 1758 2961 usque
1780 2890 1850 2944 ad
1872 2891 1962 2945 ubi
1989 2899 2147 2945 erant

573 2999 766 3054 vepres
795 2983 1132 3038 idololatriae.

644 3072 844 3145 (Cass)
877 3073 1017 3128 Ecce
1040 3073 1186 3136 audi,
1230 3072 1436 3128 scilicet
1477 3072 1762 3128 Dominum
1808 3071 2145 3126 nasciturum

574 3167 628 3222 in
663 3165 901 3238 Ephrata
927 3166 1238 3222 Bethlehem
1264 3207 1278 3231 ,
1306 3165 1396 3220 ubi
1421 3174 1580 3221 natus
1617 3173 1704 3222 est
1719 3164 1976 3220 Dominus
2002 3181 2014 3216 :
2048 3180 2146 3220 au-

2243 1965 2420 2034 fructu
2445 1963 2634 2016 ventris
2675 1961 2771 2015 tui.
2805 1959 3024 2015 Poterat
3050 1959 3232 2013 dicere
3269 1973 3336 2012 ex
3378 1955 3538 2014 fructu
3573 1957 3732 2014 femoris

2245 2055 2346 2122 tui,
2393 2064 2523 2120 etc.,
2567 2070 2726 2124 usque
2766 2053 2834 2105 ad
2885 2053 3010 2122 quia
3059 2065 3200 2120 quos
3245 2049 3407 2106 David
3450 2050 3734 2121 temporaliter

2245 2149 2406 2214 rexit,
2438 2147 2688 2202 Christus
2709 2145 3080 2216 spiritualiter.

2317 2239 2478 2294 Vens.
2510 2237 2593 2292 12.
2627 2267 2696 2279 ——
2727 2235 2786 2292 Si
2812 2236 3176 2291 custodierint.
3216 2234 3336 2306 (lu.)
3366 2233 3584 2290 Meritum
3601 2233 3730 2288 viden-

2246 2339 2332 2385 tur
2373 2330 2574 2394 facere,
2618 2337 2750 2391 etc.,
2796 2343 2957 2397 usque
2989 2327 3057 2380 ad
3107 2327 3213 2382 hoc
3273 2343 3379 2382 non
3441 2334 3654 2380 mutatur.
3686 2324 3730 2378 Et

2244 2423 2344 2492 ﬁlii
2373 2439 2574 2476 eorum.
2610 2411 2812 2492 (Cass)
2844 2418 2902 2474 Si
2947 2419 3287 2474 custodierint
3319 2429 3649 2494 testamentum.
3671 2416 3736 2472 Ss-

2245 2515 2434 2569 debunt
2464 2530 2620 2584 super
2666 2513 2836 2566 sedem
2885 2527 3054 2576 tuam,
3092 2509 3146 2565 id
3183 2520 3286 2576 est,
3327 2511 3588 2582 participes
3625 2517 3736 2563 emat

2248 2615 2352 2659 tuae
2393 2603 2744 2660 beatitudinis
2771 2621 2782 2655 :
2813 2600 2882 2656 Ut
2903 2603 3040 2657 sicut
3061 2617 3118 2656 es
3147 2603 3307 2672 regia:
3329 2600 3599 2673 potestatis,
3623 2599 3676 2654 ita
3698 2604 3736 2653 et

2248 2694 2370 2764 ipsi,
2394 2685 2673 2764 pro'm'odo
2697 2709 2817 2759 suo,
2864 2701 2918 2747 et
2957 2694 3080 2756 hoc,
3138 2690 3311 2764 Usque
3347 2695 3399 2746 in
3434 2689 3645 2747 swculum
3670 2704 3736 2743 se-

2247 2782 2375 2847 culi,
2401 2782 2453 2837 id
2479 2783 2635 2837 estin
2681 2791 2963 2838 aeternum.

2318 2873 2481 2930 Vens.
2527 2875 2613 2929 M.
2657 2905 2727 2915 -—
2769 2873 2898 2929 Haec
2944 2875 3146 2945 requies
3199 2892 3331 2930 mea.
3372 2874 3488 2947 (lu.)
3531 2873 3604 2929 Sic
3637 2881 3736 2925 amat

2248 2984 2347 3023 nos
2363 2970 2525 3034 Deus,
2549 2977 2608 3024 ut
2632 2969 2772 3024 dicat
2798 2985 2855 3024 sc
2872 2969 3239 3040 requiescere,
3257 2971 3410 3028 sinos
3434 2971 3736 3044 requiescimus

2251 3064 2304 3117 in
2330 3061 2441 3117 illo.

2321 3155 2483 3211 Vsus.
2529 3156 2613 3211 15.
2658 3187 2723 3196 -
2779 3153 3024 3210 Viduam.
3079 3154 3230 3230 (11).)
3275 3155 3440 3212 Vidua
3479 3164 3551 3212 est
3591 3154 3738 3219 anima,

573 3223 745 3316 ditutit
791 3266 875 3314 est
905 3257 1054 3314 nasci
1101 3257 1154 3312 in
1205 3223 1542 3322 Bethlehem,
1596 3256 1690 3312 sed
1737 3264 1956 3326 pr0pter
1985 3255 2146 3312 ﬁdem
2172 3223 2222 3290 ο
2249 3267 2368 3320 qua:
2413 3266 2472 3304 se
2517 3250 2766 3320 intelligit
2806 3223 3250 3305 desertam'omni
3276 3249 3486 3315 auxilio,
3513 3249 3598 3303 nisi
3623 3247 3738 3302 solius

572 3348 808 3420 gentium
837 3349 894 3402 in
919 3348 1114 3417 campis
1137 3346 1294 3416 sylva:
1323 3355 1632 3416 compertus
1658 3355 1760 3402 est.

645 3441 808 3496 Vsus.
836 3439 890 3495 7.
914 3470 986 3481 —
1023 3437 1385 3494 Introibimus.
1432 3438 1618 3509 (Auc.)
1648 3437 1756 3493 Nos
1775 3452 1990 3507 quoque
2017 3451 2146 3507 per-

571 3529 868 3585 severando
899 3529 952 3583 in
976 3528 1168 3584 militia
1199 3537 1388 3584 nostra
1430 3536 1608 3584 tamen
1657 3527 2035 3599 introivimus(
2061 3527 2147 3582 vel

574 3622 939 3692 introibimus)
985 3622 1038 3676 in
1070 3622 1468 3677 tabernaculum
1489 3620 1628 3690 ejus,
1667 3622 1761 3677 Dei
1802 3619 1968 3676 Jacob
2019 3639 2032 3674 :
2079 3619 2146 3674 ad

572 3716 715 3771 hanc
750 3715 967 3770 domum
992 3715 1243 3785 pertinet,
1275 3715 1366 3784 qui
1400 3713 1521 3770 aliis
1549 3723 1802 3784 tanquam
1829 3713 1967 3768 vivis
2006 3712 2146 3782 lapi-

572 3808 728 3864 dibus
767 3810 1029 3868 charitate
1065 3810 1472 3883 compaginatus
1520 3819 1623 3866 est.
1673 3811 1841 3865 lntrat
1881 3824 2010 3880 ergo
2055 3809 2146 3878 qui

572 3899 767 3968 diligit,
804 3909 860 3954 et
899 3901 993 3970 qui
1037 3900 1233 3964 intrat,
1256 3902 1445 3958 domus
1475 3903 1570 3958 Dei
1607 3899 1855 3957 edicitur.
1902 3900 1970 3955 In
2009 3900 2142 3954 loco.

573 3987 777 4044 Domus
807 3989 897 4044 Dei
932 3999 1052 4055 est,
1094 3992 1184 4046 ubi
1222 3990 1383 4046 debet
1423 3992 1634 4046 adorari
1681 4009 1694 4045 :
1742 4000 1942 4061 praeter
1983 4006 2146 4060 quam

574 4096 681 4137 non
731 4081 879 4136 audit
923 4081 1066 4140 Deus
1111 4083 1179 4137 ad
1203 4082 1372 4138 vitam
1401 4093 1676 4138 sternam.
1713 4083 1808 4138 Ille
1835 4085 1902 4140 ad
1928 4069 2146 4139 domum

573 4171 824 4241 pertinet,
855 4170 948 4242 qui
990 4179 1073 4228 est
1115 4172 1381 4228 eharitate
1409 4173 1816 4250 compaginatus
1854 4173 1993 4229 aliis.
2048 4174 2146 4229 Vel

573 4259 724 4318 locus
752 4262 804 4317 in
837 4278 945 4334 quo
973 4272 1119 4320 stant
1163 4263 1328 4334 pedes
1377 4266 1570 4324 domus
1616 4263 1848 4330 Domini,
1894 4264 2145 4322 Christus

573 4364 674 4422 est,
704 4357 758 4411 in
784 4373 890 4427 quo
914 4366 1285 4428 perseverant.
1433 4391 1436 4396 -

644 4445 806 4500 Vens.
848 4445 901 4501 8.
948 4475 1018 4490 —-
1062 4445 1251 4518 Surge.
1310 4445 1444 4519 (11).)
1484 4446 1553 4504 Et
1593 4447 1809 4513 dicitur,
1863 4449 1954 4519 qui
1989 4450 2140 4516 dicit,

2250 3342 2366 3396 Dei.
2396 3339 2649 3395 Panibus.
2694 3341 2837 3396 Deus
2877 3348 2960 3395 est
3001 3341 3176 3410 panis,
3219 3342 3310 3413 qui
3366 3341 3414 3396 iu
3440 3355 3584 3397 carne
3614 3354 3658 3395 se
3686 3337 3741 3392 lac

2253 3431 2396 3488 fecit.

2320 3529 2483 3584 Vens.
2513 3529 2597 3583 16.
2628 3528 2936 3586 Sacerdotes
2965 3533 3098 3602 ejus.
3123 3530 3221 3586 Vel
3259 3530 3646 3603 distinguendum
3687 3527 3742 3580 iu-

2251 3629 2333 3672 ter
2371 3620 2679 3673 sacerdotes
2713 3629 2765 3674 et
2799 3630 3036 3686 sanctos,
3090 3622 3234 3677 sicut
3265 3639 3441 3693 supra.
3473 3622 3529 3674 Et
3554 3615 3739 3682 est,Sa-

2248 3711 2478 3765 cerdotes
2513 3711 2659 3782 ejus,
2697 3713 2746 3766 id
2777 3721 2887 3777 est,
2920 3713 3200 3784 praelatos,
3237 3714 3456 3769 Induam
3479 3712 3687 3776 salutari,
3708 3707 3743 3762 id

2247 3813 2330 3859 est
2371 3803 2620 3870 Christo,
2653 3805 2705 3860 id
2741 3816 2850 3872 est,
2904 3815 2963 3861 ut
3001 3808 3214 3882 honesti
3253 3809 3362 3866 sint
3392 3809 3454 3863 ad
3489 3803 3738 3862 docendum.

2249 3893 2316 3949 Et
2356 3897 2551 3961 sancti,
2598 3896 2651 3952 id
2693 3906 2777 3954 est
2814 3897 3031 3954 subditi.
3076 3899 3438 3956 Exsultatione
3483 3895 3742 3955 exsultabant

2249 3984 2315 4040 de
2343 3984 2578 4041 Christo.

2319 4074 2684 4132 Exsultatione
2725 4079 3075 4134 exsultabant.
3109 4079 3252 4152 (10.)
3287 4081 3418 4150 Quia
3465 4078 3615 4136 induti
3653 4081 3742 4130 sunt

2248 4169 2487 4236 salutari,
2513 4179 2642 4238 etc.,
2667 4189 2826 4243 usque
2849 4173 2918 4227 ad
2939 4175 3030 4246 qui
3053 4175 3261 4230 habitat
3281 4176 3334 4234 in
3355 4191 3435 4242 eo,
3457 4189 3588 4246 ergo,
3607 4183 3743 4228 sccure

2247 4262 2525 4318 exultavit.

2318 4352 2484 4408 Vens.
2525 4355 2607 4409 17.
2642 4387 2703 4396 -
2737 4353 2917 4411 Cornu
2943 4357 3134 4424 David,
3163 4360 3346 4430 paravi
3378 4359 3615 4414 lucernam
3636 4351 3743 4408 Chri-

2246 4455 2342 4500 sto.
2388 4445 2510 4516 (ln.)
2542 4447 2797 4503 Ecclesiae
2822 4449 3046 4504 altitudo
3073 4451 3396 4522 spiritualis,
3417 4460 3537 4517 etc.,
3555 4440 3742 4520 usquead

574 4534 809 4590 Dormivi
851 4536 1184 4592 conturbatus
1224 4553 1244 4592 :
1275 4535 1448 4608 Surge
1483 4552 1516 4592 a
1561 4547 1760 4605 morte,
1807 4539 1862 4594 in
1902 4541 2146 4610 requiem
2173 4578 2228 4638 Β
2251 4545 2376 4590 ante
2416 4537 2617 4593 Christi
2646 4551 2872 4595 mortem
2900 4550 2954 4596 et
2985 4544 3449 4600 resurrectionem.

575 4633 742 4691 tuam,
765 4635 824 4679 ut
840 4625 952 4696 jam
977 4642 1086 4684 non
1122 4627 1488 4698 conturberis,
1515 4631 1641 4701 quia
1683 4646 1824 4688 mors
1849 4631 1992 4687 ultra
2040 4650 2145 4688 non

573 4717 946 4772 dominabitur.

644 4805 804 4863 Vens.
837 4808 892 4864 9.
928 4838 998 4850 —
1025 4807 1348 4867 Sacerdotes.
1378 4811 1511 4884 (ln.)
1537 4811 1748 4884 Accipit
1793 4814 2010 4870 eosdem
2058 4829 2145 4871 sa-

573 4903 818 4958 cerdotes
849 4909 905 4957 et
932 4911 1167 4969 sanctos,
1209 4903 1418 4960 scilicet
1437 4919 1624 4960 omnes
1649 4903 1851 4960 ﬁdeles.
1899 4903 2018 4971 Vel,
2045 4919 2144 4976 per

571 4993 885 5058 sacerdotes,
927 4992 1192 5064 significat
1214 4993 1464 5065 praelatos
1485 4995 1762 5063 Ecclesiae;
1785 5010 1882 5066 per
1909 5006 2142 5064 sanctos,

573 5081 845 5152 subjectos
870 5077 1073 5140 ﬁdeles.
1097 5082 1293 5140 Arcam
1337 5101 1488 5158 ergo,
1522 5101 1682 5158 quam
1713 5103 1934 5160 surgere
1953 5103 2141 5159 preca-

575 5186 660 5232 tus
685 5184 824 5241 erat,
864 5189 961 5246 per
1001 5183 1186 5247 partes
1208 5175 1462 5232 Ecclesiae
1485 5177 1785 5248 distinguit.

646 5263 977 5332 Sacerdotes,
1017 5275 1078 5322 ut
1117 5266 1172 5322 in
1228 5267 1406 5324 Veteri
1449 5265 1799 5324 Testamento
1833 5270 2142 5328 sacerdotes

572 5356 800 5412 diversis
821 5359 1192 5425 ornamentis,
1238 5359 1310 5414 ita
1349 5359 1642 5430 evangelici
1699 5362 2008 5418 sacerdotes
2052 5363 2136 5420 di-

571 5448 744 5505 versis
771 5449 1058 5506 virtutibus
1083 5451 1416 5506 adornantur
1445 5469 1456 5504 :
1493 5449 1608 5507 haec
1635 5460 1762 5507 sunt
1797 5464 2139 5522 ornamenta,

573 5555 693 5611 qua:
715 5540 856 5596 Deus
880 5541 1065 5612 exigit.
1099 5540 1228 5610 Qua:
1247 5543 1390 5597 enim
1417 5541 1614 5612 legales
1641 5544 1923 5612 pontiﬁces
1961 5546 2014 5600 in
2050 5563 2144 5604 ve-

574 5634 747 5686 subus
773 5635 1074 5703 gestabant,
1123 5633 1209 5687 illa
1235 5635 1528 5705 evangelici
1553 5636 1862 5693 sacerdotes
1889 5639 1942 5695 in
1965 5640 2142 5698 cordi-

574 5721 674 5777 bus
705 5722 905 5776 babere
942 5722 1160 5778 debent.

645 5807 810 5868 Vens.
843 5811 932 5868 10.
953 5841 1028 5900 -ῗ
1069 5811 1300 5901 Propter
1340 5815 1512 5880 David
1541 5835 1766 5878 servum.
1791 5821 1995 5896 (Cass)
2031 5824 2144 5888 Με-

2325 4627 2488 4684 VEus.
2525 4629 2608 4686 18.
2639 4630 2864 4684 Induam
2892 4633 3216 4702 confusione,
3240 4644 3346 4691 etc.
3375 4631 3559 4706 (CAss.)
3581 4629 3671 4686 Hoc
3692 4625 3745 4680 [ει-

2251 4719 2357 4773 ciet
2378 4718 2565 4786 Filius,
2599 4719 2683 4775 cui
2709 4736 2867 4776 omne
2886 4720 3147 4790 judicium
3178 4725 3379 4778 datum.
3405 4721 3504 4779 Sed
3528 4728 3633 4776 uota
3669 4714 3742 4770 Pa-

2250 4818 2407 4880 trem,
2435 4812 2524 4883 qui
2552 4812 2641 4868 hic
2670 4811 2922 4884 loquitur,
2954 4813 3132 4871 facere
3155 4817 3298 4886 quod
3333 4815 3492 4872 Filius
3515 4811 3639 4868 facit.

2731 4951 3050 5010 PSALMUS
3085 4951 3338 5009 CXXXII.

2319 5084 2483 5141 Vens.
2531 5085 2580 5140 1.
2620 5117 2684 5126 -
2720 5083 2995 5142 Canticum
3055 5088 3330 5160 graduum.
3393 5083 3514 5158 (11).)
3563 5080 3740 5150 Quartus

2247 5177 2488 5233 decimus
2515 5178 2711 5248 gradus
2735 5196 2747 5232 :
2776 5176 3027 5234 Charitas
3050 5195 3168 5248 quae
3196 5178 3322 5234 facit
3351 5178 3534 5234 fratres
3555 5170 3741 5229 habitat?

2246 5267 2300 5322 in
2327 5283 2512 5336 unum,
2538 5268 2677 5323 unde
2704 5269 3008 5324 benedictio
3033 5278 3086 5326 et
3110 5271 3238 5326 vita.
3263 5270 3396 5325 Ecce
3417 5283 3558 5340 quam
3578 5265 3737 5317 bam.

2248 5358 2314 5414 Et
2339 5368 2423 5414 est
2452 5359 2541 5415 hic
2575 5360 2812 5429 psalmus
2837 5370 3075 5428 atomus,
3103 5372 3233 5426 etc.,
3264 5379 3420 5433 usque
3452 5358 3514 5416 ad
3548 5355 3623 5411 hic
3645 5358 3741 5416 ergo

2245 5454 2333 5510 vir
2361 5449 2542 5521 justus
2579 5454 2644 5508 de
2679 5453 3076 5508 cohabitatione
3112 5453 3335 5510 fratrum
3375 5445 3618 5508 exsultans
3644 5440 3736 5495 ait!

2244 5547 2380 5602 Ecce
2411 5563 2587 5618 quam.
2623 5543 2756 5600 Ecce
2784 5563 2960 5616 quam.
2991 5545 3171 5618 (Auc.)
3199 5545 3301 5601 lste
3326 5559 3503 5599 versus
3531 5548 3623 5594 toto
3643 5532 3741 5588 Orba

2245 5640 2576 5703 notissimus,
2594 5647 2652 5692 ut
2681 5639 2802 5692 tuba
2829 5637 3061 5707 Spiritus
3089 5637 3267 5692 Sancti
3293 5636 3481 5690 divisos
3506 5636 3736 5699 congrega-

2245 5735 2358 5789 vit:
2386 5731 2714 5788 monasteria
2736 5730 2964 5800 plurima
2991 5731 3214 5799 peperit.
3243 5726 3436 5798 (Cass)
3462 5723 3594 5777 Ecce.
3615 5710 3735 5812 Quasi

2243 5826 2366 5899 plus
2394 5824 2724 5893 ostensione,
2743 5837 2908 5895 quam
2935 5822 3114 5896 lingua
3141 5819 3446 5893 explicetur.
3463 5813 3679 5871 Habitare
3697 5818 3737 5856 tu
