4008 6348
263 360 403 420 1055

1247 361 1514 419 GLOSSA
1552 363 1948 420 ORDINARIA.
1985 395 2054 406 --
2092 363 2217 421 LIB.
2258 365 2520 422 PSALM.

3393 369 3530 428 1054

262 490 446 528 unum.
476 472 659 548 (Auo.)
694 473 808 532 Hoc
833 476 900 533 de
928 477 1178 534 omnibus
1203 476 1527 535 Christianis
1546 521 1560 546 ,
1593 481 1684 536 sed
1711 495 1833 552 pt‘o—
1867 481 1917 542 Α
1949 477 2200 536 Laudate.
2227 481 2408 536 Primo
2432 479 2853 536 demonstrativa
2883 481 3130 539 oratione
3164 491 3368 550 monet,
3395 492 3534 554 etc.,

262 566 379 636 prie
427 565 675 622 convenit
703 569 1062 634 monasteriis,
1095 586 1126 624 a
1155 571 1350 640 quibus
1379 580 1556 626 tamen
1587 572 1654 626 ad
1689 581 1844 626 caete-

261 673 353 714 ros
387 657 693 714 benedictio
718 660 1024 726 descendit,
1052 669 1110 716 ut
1141 663 1306 716 etiam
1350 662 1454 718 illis
1492 663 1751 718 fratribus
1779 661 1845 717 de

261 747 470 816 Judtea,
505 750 572 806 de
609 750 807 820 quibus
839 751 1056 808 dicitur.
1096 751 1230 807 Erat
1259 751 1378 824 _illis
1427 769 1516 808 cor
1555 769 1749 818 unum,
1791 761 1847 808 et.

261 857 442 896 anima
467 857 595 896 una.

334 931 496 989 Vens.
529 934 584 989 2.
618 965 688 975 —
715 932 864 992 Sicut
895 946 1234 1006 unguentum.
1262 935 1514 1010 (Tm-:00.)
1543 937 1730 994 Oleum
1758 951 1845 992 sa-

261 1025 570 1092 cerdotale,
601 1036 732 1094 etc.,
770 1045 934 1100 usque
973 1029 1041 1084 ad
1079 1030 1330 1100 perfectae
1370 1032 1585 1086 virtutis
1625 1031 1846 1086 odorem

258 1120 490 1189 perﬁcit.
517 1120 768 1184 Barbam.
819 1121 1000 1194 (Aue.)
1044 1123 1182 1180 Ecce
1220 1125 1618 1189 determinatio,
1662 1124 1715 1178 id
1763 1131 1849 1178 est

263 1211 317 1265 in
347 1213 621 1282 apostolos
656 1222 712 1270 et
745 1213 879 1269 alios
911 1215 1214 1285 primitivos
1253 1225 1502 1284 sanctos,
1537 1215 1629 1287 qui
1671 1215 1848 1286 primo

262 1302 368 1358 ﬁde
392 1313 769 1371 certaverunt,
802 1306 896 1361 sed
921 1307 1064 1362 vinci
1093 1323 1200 1361 non
1229 1317 1553 1376 potuerunt,
1585 1305 1710 1376 quia
1734 1304 1850 1374 jam

262 1406 424 1466 caput
451 1412 668 1467 passum
696 1407 1112 1468 praecesserunt.
1139 1399 1336 1452 Aaron.
1365 1398 1653 1464 Sacerdos,
1679 1399 1770 1468 qui
1793 1412 1850 1452 se

263 1488 442 1560 ipsum
472 1489 703 1555 obtulit,
734 1499 864 1556 etc.,
903 1507 1062 1560 usque
1100 1490 1168 1543 ad
1212 1490 1304 1546 sed
1343 1489 1481 1544 vinci
1523 1505 1626 1544 non
1657 1498 1848 1558 potue-

263 1588 412 1634 runt.
452 1580 534 1635 Ab
572 1581 694 1636 illis.
737 1581 804 1636 In
835 1597 1003 1636 oram.
1043 1579 1247 1652 (Cass)
1279 1579 1372 1636 Vel
1405 1596 1501 1651 per
1531 1596 1702 1642 oram,
1731 1591 1851 1646 qua:

262 1679 349 1727 est
378 1671 502 1728 ﬁnis
531 1674 730 1740 vestis,
759 1681 863 1730 etc.
886 1714 900 1738 ,
945 1690 1108 1744 usque
1145 1674 1215 1730 ad
1246 1673 1490 1730 subditos
1519 1686 1689 1742 usque
1716 1685 1848 1726 con-

263 1765 466 1820 cordia:
490 1765 698 1821 utilitas
723 1768 988 1838 pervenit.

1944 590 2103 644 usque
2129 575 2198 628 ad
2228 575 2318 647 qui
2347 583 2401 630 et
2430 589 2598 646 quare
2623 574 2842 632 laudare
2869 574 3102 632 debeant
3130 577 3310 636 subdit
3339 595 3352 631 :
3385 575 3532 634 Lau-

1945 665 2088 731 date,
2104 667 2254 722 servi.

2015 756 2179 812 Vens.
2209 757 2263 810 5.
2281 755 2600 812 —Laudate
2625 756 2930 825 Dominum,
2947 769 3054 814 etc.
3071 758 3252 832 (Αυσ.)
3269 758 3328 816 Si
3347 759 3531 818 omnia

1947 845 2254 912 laudantur,
2276 848 2402 918 quia
2430 849 2593 914 bona,
2618 857 2747 915 etc.,
2775 865 2936 919 usque
2961 850 3028 904 ad
3059 849 3114 906 in
3142 849 3339 922 quibus
3357 857 3532 910 totum

1947 950 2129 990 semen
2158 935 2321 992 Israel
2351 938 2687 1009 intelligitur,
2711 947 2822 992 tota
2849 938 3089 996 Ecclesia
3117 939 3412 1012 cogitatur.

2021 1024 2240 1082 Psallite
2265 1029 2461 1082 nomini
2490 1030 2624 1099 ejus,
2657 1030 2708 1084 id
2742 1039 2846 1096 est,
2871 1030 3084 1085 laudate
3115 1046 3256 1096 eum,
3290 1047 3356 1088 eo
3386 1031 3531 1102 quod

1949 1117 2002 1176 id
2034 1118 2184 1188 fecit,
2217 1119 2358 1192 quod
2388 1135 2475 1175 res
2513 1121 2596 1176 sui
2627 1120 2863 1178 nominis
2891 1122 3082 1196 exigit,
3114 1138 3238 1180 cum
3267 1137 3325 1180 se
3352 1123 3533 1179 incar-

1949 1220 2134 1266 natum
2166 1211 2314 1266 dedit
2339 1211 2649 1267 hominibus
2674 1212 2902 1284 gustari.

2019 1302 2182 1358 Vens.
2236 1304 2588 1359 4.——Jacob.
2624 1304 2762 1376 (11).)
2816 1304 3076 1360 Luctator
3122 1305 3530 1376 interpretatur,

1949 1402 2003 1448 et
2029 1393 2299 1464 signiﬁcat
2325 1394 2444 1449 illos
2468 1395 2558 1464 qui
2588 1404 2773 1451 contra
2805 1395 3110 1466 spirituales
3138 1397 3412 1468 nequitias
3441 1393 3528 1448 lu—

1949 1493 2184 1538 ctantur.
2203 1484 2374 1540 Israel
2401 1487 2454 1540 in
2467 1486 2867 1556 possessionem.
2897 1485 2978 1540 Ad
3001 1486 3258 1542 litteram.
3289 1486 3530 1542 Caeteras

1950 1583 2136 1642 gentes
2180 1575 2280 1629 sub
2327 1575 2531 1646 angelis
2583 1575 2966 1632 custodiendas
3004 1575 3263 1630 Dominus
3313 1574 3523 1646 posuit:

1949 1664 2116 1720 Jacoh
2144 1666 2245 1720 sibi
2269 1665 2451 1737 elegit,
2480 1682 2638 1738 quem
2663 1675 2720 1722 ut
2742 1682 2933 1738 agrum
2960 1667 3180 1732 coleret,
3213 1666 3531 1732 seminaret.

1949 1759 2272 1828 possideret,
2299 1769 2561 1815 servaret.

336 1853 496 1910 Vens.
539 1856 592 1910 5.
631 1887 701 1898 -—-
741 1856 888 1912 Sicut
957 1874 1062 1912 ros.
1104 1858 1226 1930 (ln.)
1274 1858 1382 1913 Ros
1439 1857 1616 1913 tenuis
1671 1872 1841 1926 aqua,
1871 1841 1921 1906 Β
2018 1853 2182 1908 Vens.
2211 1851 2338 1906 6.—
2363 1851 2552 1906 Omnia
2573 1867 2912 1924 quwcunque.
2947 1851 3070 1923 (In.)
3098 1850 3263 1919 Quasi
3291 1849 3531 1906 diceret:

261 1950 404 2004 unde
433 1958 573 2005 terra
601 1952 889 2023 germinat,
917 1959 972 2007 et
1006 1953 1274 2023 signiﬁcat
1300 1952 1554 2023 gratiam,
1580 1966 1684 2020 qua
1715 1965 1844 2019 pec-

261 2051 474 2098 eatores
508 2053 920 2099 convertuntur.
967 2043 1220 2098 Hermon.
1265 2044 1446 2115 (Αυσ.)
1489 2043 1569 2097 Ad
1606 2042 1846 2096 litteram

261 2151 417 2192 mons
444 2145 594 2193 trans
632 2135 922 2193 Iordanem
943 2178 958 2203 ,
991 2146 1098 2192 etc.
1119 2179 1134 2203 ,
1175 2155 1334 2208 usque
1369 2138 1436 2192 ad
1472 2135 1654 2192 caeteri
1687 2150 1845 2190 assu-

261 2236 503 2295 muntur,
531 2228 622 2298 qui
653 2227 708 2282 in
735 2245 898 2282 unum
927 2229 1092 2283 corde
1118 2236 1261 2283 sunt.

737 2338 1059 2396 PSALMUS
1096 2337 1378 2395 CXXXIII.

336 2450 493 2507 Vens.
533 2453 584 2506 1.
614 2483 685 2493 -
720 2451 994 2506 Canticum
1029 2452 1308 2522 graduum.
1352 2451 1581 2523 (CASS.)
1614 2450 1846 2518 Quintus

265 2545 508 2601 decimus
538 2546 737 2616 gradus
770 2563 781 2598 :
816 2544 1068 2600 Charitas
1101 2543 1301 2600 saeculi.
1339 2545 1406 2599 Et
1429 2553 1512 2599 est
1539 2544 1628 2598 hic
1654 2544 1847 2599 tertius

260 2637 499 2708 psalmus
529 2637 595 2692 de
625 2637 890 2692 cbaritate
926 2637 1042 2702 Dei,
1075 2637 1140 2691 de
1165 2652 1270 2706 qua
1307 2637 1395 2692 hic
1428 2638 1557 2708 agit,
1590 2638 1730 2692 sicut
1759 2653 1846 2691 su-

263 2743 360 2798 pra
391 2728 459 2782 de
488 2728 756 2782 cbaritate
783 2728 1035 2798 proximi.
1071 2726 1188 2782 Non
1229 2729 1371 2796 quod
1412 2727 1517 2782 alia
1558 2729 1728 2799 gratia
1777 2729 1848 2783 sit

260 2832 366 2886 qua
393 2817 630 2889 diligitur
664 2817 826 2882 Deus,
869 2826 925 2872 et
965 2817 1067 2871 alia
1107 2833 1213 2890 qua
1252 2819 1550 2887 proximus.
1585 2817 1691 2874 Sed
1721 2819 1846 2889 quia

261 2907 506 2966 diversos
529 2917 682 2965 actus
707 2911 873 2964 habet
897 2911 1089 2980 gratia,
1117 2919 1170 2964 et
1198 2911 1410 2966 diversa
1437 2911 1734 2982 diliguntur
1758 2926 1838 2965 ea.

260 3001 439 3057 Monet
463 3017 593 3074 ergo
612 3003 679 3056 ad
706 3001 1030 3070 diligendum
1054 3001 1245 3055 Deum.
1276 2999 1478 3065 Primo,
1511 3002 1704 3055 invitat
1729 3001 1846 3071 plu-

259 3096 447 3150 raliter
476 3094 796 3149 benedicere
839 3093 1044 3159 Deum;
1079 3094 1342 3159 secundo,
1375 3102 1524 3164 optat
1563 3093 1840 3159 benedici,

258 3186 354 3250 ibi,
386 3185 689 3239 Benedicat.

329 3274 497 3341 Ecce,
541 3277 957 3331 demonstrantis
1013 3283 1116 3332 est.
1161 3275 1229 3332 Et
1267 3276 1665 3348 quibusfaciat
1701 3275 1845 3332 hanc

259 3367 799 3432 demonstrationem,
833 3368 1178 3434 determinat,
1209 3383 1307 3423 vos
1333 3368 1466 3422 servi
1497 3365 1730 3420 Domini.

328 3458 510 3515 Statis.
539 3457 827 3514 Servorum
853 3468 956 3523 est,
981 3474 1088 3514 non
1118 3461 1307 3515 sedere
1333 3461 1386 3514 in
1423 3461 1585 3516 domo
1616 3458 1842 3514 domini.

256 3551 375 3618 Vel,
404 3553 470 3607 de
497 3552 700 3608 eisdem
734 3551 1051 3623 intelligitur
1077 3569 1088 3606 :
1115 3552 1181 3607 Et
1210 3567 1308 3622 per
1327 3552 1561 3616 domum,
1586 3550 1845 3622 intelligi-

257 3653 346 3700 tur
375 3645 641 3706 Ecclesia,
669 3659 767 3713 per
795 3645 953 3708 atria,
991 3643 1218 3698 latitudo
1247 3643 1544 3699 charitatis.
1580 3644 1637 3699 In
1667 3644 1848 3700 chari-

255 3746 366 3794 tate
387 3737 554 3801 enim,
574 3751 692 3807 qua:
713 3735 1023 3790 extenditur
1045 3751 1213 3806 usque
1235 3736 1300 3790 ad
1324 3737 1596 3802 inimicos,
1619 3736 1847 3792 latitudo

253 3838 336 3884 est
355 3871 370 3896 ,
405 3829 457 3884 in
488 3829 611 3884 odio
639 3828 904 3899 angustia.
940 3827 1104 3895 Quasi
1139 3829 1377 3894 diceret,
1405 3843 1499 3883 vos
1530 3828 1842 3896 benedicite,

252 3922 342 3990 qui
365 3922 532 3983 statis,
562 3920 612 3974 id
639 3929 722 3974 est
745 3920 1128 3990 perseveratis,
1155 3919 1220 3973 In
1242 3920 1396 3974 domo
1417 3919 1650 3986 Domini,
1681 3921 1734 3975 id
1763 3928 1849 3977 est

261 4009 316 4064 in
347 4009 634 4076 Ecclesiis;
665 4019 720 4064 et
746 4011 836 4081 qui
857 4011 1024 4073 statis,
1054 4008 1119 4063 In
1148 4010 1299 4064 atriis
1320 4010 1506 4065 domus
1530 4010 1628 4065 Dei
1658 4014 1844 4079 nostri,

255 4102 308 4160 id
333 4113 414 4157 est
441 4101 496 4157 in
522 4101 804 4158 latitudine
824 4102 1127 4167 cbaritatis,
1162 4102 1250 4157 ubi
1277 4101 1456 4157 nullus
1480 4104 1841 4173 angustiatur.

325 4194 492 4250 Vens.
529 4195 583 4250 2.
616 4225 688 4236 -
715 4193 967 4249 Extollite
999 4210 1187 4248 manus
1212 4204 1428 4249 vestras.
1455 4194 1608 4250 Sicut
1636 4195 1845 4268 Moyses

253 4302 444 4344 manus
482 4302 608 4342 suas
652 4286 847 4341 levavit
884 4294 1157 4358 pugnante
1200 4286 1398 4356 populo
1440 4286 1604 4342 Israel
1650 4297 1842 4343 contra

252 4379 495 4447 Amalec,
523 4379 776 4434 Extollite
800 4379 942 4445 dico,
961 4380 1018 4432 in
1037 4389 1220 4433 sancta
1244 4394 1261 4430 :
1290 4389 1348 4434 ut
1373 4379 1668 4436 intentione
1691 4388 1843 4436 aiter-

251 4490 380 4529 num
407 4475 604 4528 bonum
633 4471 953 4541 operemini,
980 4471 1134 4528 aliter
1159 4471 1298 4526 enim
1330 4487 1437 4526 non
1465 4472 1626 4526 valet.

322 4564 602 4619 Benedicat
631 4571 678 4616 te
705 4562 983 4616 Dominus.
1011 4561 1256 4618 Secunda
1283 4577 1430 4631 pars,
1453 4564 1544 4618 ubi
1569 4569 1717 4632 optat
1749 4563 1841 4616 be-
1867 4566 1920 4628 Β

252 4657 428 4712 nedici
452 4656 655 4711 ﬁdeles.
680 4654 844 4722 Quasi
868 4654 1092 4719 diceret,
1116 4653 1416 4716 benedicite,
1439 4663 1494 4708 et
1515 4661 1574 4707 ut
1598 4655 1698 4707 hoc
1719 4668 1842 4722 pos-

251 4750 392 4814 sitis,
426 4747 708 4803 Benedicat
737 4756 785 4801 te
814 4746 1092 4810 Dominus,
1125 4744 1494 4799 benedictione
1516 4761 1634 4814 quae
1666 4753 1749 4799 est
1779 4760 1843 4798 ea:

253 4839 404 4895 Sion.
430 4839 532 4905 Qui
571 4845 776 4908 potest,
813 4836 938 4906 quia
977 4835 1092 4904 ipse
1131 4842 1245 4896 est.
1283 4834 1374 4903 qui
1410 4832 1541 4889 fecit
1565 4834 1761 4890 ccelum
1787 4842 1842 4889 et

254 4945 476 4990 terram.
505 4932 710 5003 (Cass)
741 4931 1040 4986 Benedicat.
1070 4929 1245 5000 Supra
1269 4931 1516 4984 hortatur
1541 4929 1724 5000 plures
1746 4932 1842 4985 be-

253 5025 508 5081 nedicere
547 5023 747 5092 Deum,
781 5024 895 5095 ipse
929 5038 1059 5078 vero
1097 5038 1259 5075 unum
1297 5022 1565 5076 benedicit
1602 5028 1840 5087 tantum,

252 5115 408 5186 quia,
437 5115 539 5170 etsi
571 5114 752 5184 plures
783 5113 922 5178 sint,
957 5120 1135 5167 tamen
1165 5112 1217 5168 in
1245 5127 1410 5166 unum
1437 5121 1592 5174 sunt,
1641 5119 1694 5165 et
1721 5112 1844 5166 uni-

254 5209 350 5263 tati
375 5207 629 5263 convenit
657 5206 979 5262 benedictio.
1009 5205 1160 5261 Unde
1189 5221 1328 5260 unus
1356 5204 1410 5259 in
1441 5205 1646 5275 piscina
1682 5219 1843 5258 sana-

252 5301 434 5366 batur,
456 5303 546 5372 qui
577 5302 727 5373 prior
753 5301 1128 5356 descendebat.
1157 5301 1285 5356 Esto
1305 5315 1434 5373 ergo
1462 5300 1516 5356 in
1540 5316 1665 5367 uno,
1692 5308 1747 5355 et
1775 5301 1845 5356 ad

255 5400 310 5446 te
339 5392 616 5462 perveniet
648 5391 968 5447 benedictio.

733 5502 1052 5560 PSALMUS
1088 5502 1368 5560 CXXXIV.

325 5619 491 5678 Vm.
523 5621 576 5676 1.
605 5650 676 5662 -
701 5619 947 5674 Alleluia.
984 5619 1188 5692 (Cass)
1221 5620 1350 5676 Post
1380 5621 1597 5690 gradus,
1627 5623 1719 5693 qui
1749 5623 1844 5679 du-

252 5719 384 5765 cunt
413 5713 481 5767 ad
510 5711 870 5767 aeternitatem
896 5711 1236 5778 componitur
1260 5710 1493 5777 alleluia,
1521 5721 1578 5765 ut
1602 5713 1841 5770 Ecclesia

253 5799 469 5864 fruatur
499 5802 749 5866 laudibus
785 5800 915 5868 Dei,
953 5800 1040 5856 cui
1079 5799 1187 5856 tale
1219 5815 1417 5858 munus
1453 5814 1703 5874 paratum
1739 5815 1838 5861 est.

1872 3197 1922 3266 C

1950 1941 2177 2012 Magnus
2224 1950 2308 1998 est
2353 1943 2408 1996 in
2461 1943 2717 2010 essentia,
2769 1958 2998 2014 magnus
3028 1943 3082 1998 in
3104 1942 3380 2014 operibus,
3404 1950 3535 2008 etc.,

1949 2049 2110 2102 usque
2145 2033 2215 2085 ad
2254 2033 2349 2088 sed
2387 2033 2611 2102 spiritus
2645 2032 2882 2088 hominis
2911 2031 3214 2103 ignoratur,
3246 2031 3386 2088 unde
3411 2044 3539 2089 eme

1949 2125 2112 2180 dicitu
2122 2139 2167 2178 r.

2021 2216 2186 2270 Vens.
2233 2213 2286 2268 7.
2313 2244 2385 2254 —
2407 2213 2511 2280 Qui
2553 2214 2793 2285 producit
2824 2224 2998 2269 ventos
3025 2215 3090 2272 de
3118 2215 3378 2271 thesauris
3403 2215 3534 2272 suis.

1951 2307 2053 2373 Qui
2075 2305 2326 2376 percussit
2348 2306 2715 2376 primogenita.
2736 2305 2857 2377 (ln.)
2885 2305 3044 2361 Fides
3061 2307 3198 2362 unde
3227 2307 3534 2378 incipimus,

1949 2414 2054 2470 qua
2081 2399 2203 2453 viva
2227 2397 2440 2470 proﬁcit
2469 2399 2634 2452 homo
2661 2399 2714 2452 in
2743 2399 2957 2465 melius,
2978 2398 3246 2472 {Egyptus
3279 2399 3525 2455 afﬂictio:

1949 2489 2258 2559 quicunque
2293 2503 2422 2558 ergo
2450 2487 2637 2558 allligit
2664 2488 2986 2556 Ecclesiam,
3019 2499 3074 2546 et
3101 2490 3354 2548 scandala
3375 2491 3530 2564 facit,

1950 2585 2052 2640 etsi
2080 2584 2432 2640 Christianus
2461 2584 2678 2649 dicitur,
2717 2585 2893 2656 perdit
2923 2584 3105 2641 fidem.

2018 2672 2095 2726 Ab
2151 2682 2405 2726 extremo.
2463 2671 2588 2726 Sive
2653 2673 2721 2726 ab
2772 2672 2880 2728 imo
2945 2682 3120 2740 terrae,
3189 2675 3302 2730 sive
3353 2689 3384 2728 a
3428 2675 3535 2729 cir-

1949 2766 2292 2822 cumdatione
2329 2764 2516 2819 ﬁnium
2561 2771 2738 2818 terrae.
2771 2761 3015 2834 Fulgura
3049 2774 3095 2818 et
3122 2764 3373 2834 pluviam.
3407 2763 3534 2819 Ful-

1949 2876 2051 2931 gur
2086 2867 2370 2923 terrorem,
2411 2856 2591 2927 pluvia
2625 2855 2882 2928 gaudium
2915 2855 3068 2912 facit.
3109 2857 3212 2925 Qui
3255 2873 3384 2930 ergo
3422 2865 3531 2913 ter-

1949 2951 2060 3007 ruit
2082 2950 2310 3021 fulgure,
2334 2950 2506 3004 reficit
2529 2949 2728 3019 pluvia.

2023 3047 2185 3100 Vens.
2216 3046 2271 3100 8.
2294 3076 2364 3084 —
2391 3044 2794 3114 Qui'percussit.
2823 3043 2945 3116 (11).)
3001 3043 3114 3100 Hoc
3143 3044 3197 3102 in
3231 3043 3540 3100 hominibus

1952 3134 2080 3190 fecit
2127 3143 2346 3206 propter
2391 3134 2642 3203 poculum
2685 3150 2862 3189 suum.
2909 3134 2964 3190 Si
2998 3135 3132 3190 dixit
3159 3151 3278 3206 quae
3301 3150 3533 3199 amares,

1949 3227 2075 3282 audi
2127 3236 2181 3282 et
2231 3243 2349 3297 qua:
2405 3228 2616 3282 timeas.
2667 3227 2745 3281 Ab
2789 3227 2998 3282 homine
3038 3245 3201 3300 usque
3241 3229 3310 3282 ad
3355 3245 3534 3300 pecus.

1948 3317 2151 3390 (Cass)
2198 3316 2312 3374 Hoc
2359 3333 2500 3388 szepe
2551 3318 2766 3388 repetit,
2805 3326 2939 3384 etc.,
2994 3335 3155 3392 usque
3181 3318 3250 3372 ad
3275 3334 3394 3390 qua:
3431 3317 3534 3374 de-

1947 3411 2111 3468 struit
2129 3411 2196 3466 -in
2221 3411 2578 3481 prudentibus
2607 3422 2662 3468 et
2691 3412 2892 3468 idiotis.

2019 3501 2183 3556 Vens.
2218 3500 2396 3557 10.—
2439 3499 2602 3574 Reges
2629 3503 2808 3573 fortes.
2857 3501 2989 3576 (11).)
3042 3503 3222 3562 Mundi
3278 3505 3535 3576 spiritus:

1948 3594 2040 3664 qui
2093 3602 2220 3650 sunt
2269 3594 2480 3662 occisi,
2560 3595 2686 3650 dum
2742 3605 3018 3666 nequeunt
3082 3596 3136 3651 in
3188 3596 3343 3654 nobis
3395 3597 3538 3668 quod

1947 3690 2158 3745 volunt.

2019 3782 2184 3839 Vens.
2231 3784 2316 3839 ll.
2373 3814 2439 3824 —
2483 3783 2661 3840 Sehon
2716 3802 2886 3858 regem
2917 3786 3377 3854 Amorrhworum,
3423 3797 3531 3844 etc.

1947 3871 2064 3928 Hoc
2092 3873 2191 3928 sub
2219 3872 2402 3946 Moyse
2433 3873 2634 3931 factum
2669 3892 2684 3930 :
2729 3877 2793 3932 de
2824 3877 2925 3932 hoc
2955 3878 3012 3932 in
3039 3876 3177 3932 libro
3205 3876 3426 3932 Numeri
3459 3877 3538 3933 le-

1948 3967 2112 4038 gitur,
2141 3967 2284 4038 quod
2325 3982 2448 4022 cum
2496 3969 2853 4040 prohiberent
2901 3968 3044 4026 ﬁlios
3087 3963 3252 4026 Israel
3282 3984 3377 4040 per
3403 3968 3540 4025 ﬁnes

1947 4075 2076 4116 suos
2117 4061 2374 4128 transire,
2403 4063 2648 4132 percussi
2687 4070 2814 4118 sunt
2842 4063 2910 4120 ab
2941 4078 3026 4130 eo,
3071 4069 3126 4120 el
3161 4059 3398 4136 possedit
3439 4076 3536 4134 po-

1949 4151 2108 4222 pulus
2131 4151 2297 4207 Israel
2327 4158 2531 4206 terram
2561 4167 2769 4207 eorum.

2016 4241 2290 4298 Chanaan.
2366 4241 2531 4315 (11).)
2607 4242 2963 4308 Humiliatio,
3034 4241 3218 4309 mala,
3291 4241 3534 4310 scilicet,

1947 4334 2165 4407 quando
2202 4335 2270 4390 ab
2295 4335 2504 4390 honore
2535 4336 2711 4390 sancti
2739 4335 3012 4391 decidunt.

2016 4426 2180 4481 Vens.
2233 4426 2317 4480 l2.
2363 4457 2435 4467 -—-
2486 4425 2554 4480 Et
2594 4426 2736 4480 dedit
2785 4435 2978 4481 terram
3026 4441 3209 4481 eorum
3250 4423 3532 4480 hwredita-

1944 4529 2067 4572 tem.
2122 4515 2353 4588 (In.)ld
2399 4524 2524 4583 est,
2568 4516 2842 4572 caelestem
2891 4515 3320 4582 beatitudinem,
3373 4531 3533 4586 quam

1944 4607 2216 4664 daemones
2237 4621 2334 4677 per
2356 4606 2662 4677 superbiam
2684 4608 3055 4672 deseruerunt,
3083 4607 3229 4662 dedit
3258 4606 3528 4664 ﬁdelibus.

1942 4697 2065 4756 llaec
2092 4707 2175 4751 est
2198 4712 2323 4752 vera
2363 4705 2505 4753 terra
2537 4697 2911 4766 promissionis
2932 4739 2946 4764 ,
2980 4714 3100 4768 qua:
3120 4699 3300 4755 verius
3325 4697 3525 4754 dicitur

1946 4787 2258 4852 haereditas,
2307 4803 2428 4860 qua:
2476 4788 2529 4842 in
2569 4802 2704 4858 pace
2749 4797 2866 4856 est,
2918 4806 3082 4861 quam
3134 4789 3226 4845 illa
3281 4789 3530 4856 actualis,

1945 4897 2107 4954 quam
2167 4895 2308 4950 smpe
2377 4881 2676 4936 amiserunt
2734 4881 2829 4938 ﬁlii
2895 4883 3080 4940 Israel.
3157 4881 3532 4940 Han-editatem

1946 4972 2135 5028 Israel.
2175 4973 2356 5043 (Αυθ.)
2389 4972 2705 5036 Ηίετθάἰῑαε,
2737 4985 2865 5029 sunt
2909 4984 3099 5050 gentes
3141 4975 3329 5045 Israel,
3356 4974 3532 5032 fidelis

1947 5064 2154 5122 scilicet
2184 5066 2388 5136 populi,
2425 5081 2585 5138 quem
2613 5081 2846 5138 pascunt
2877 5072 3244 5136 tribulatione,
3276 5070 3531 5126 docentes

1945 5157 2296 5228 patientiam,
2351 5157 2433 5215 vel
2481 5174 2618 5230 quas
2671 5160 2837 5218 Israel
2887 5162 3086 5218 excolit
3135 5159 3530 5218 conformando

1948 5251 2069 5306 sibi.
2971 5252 2974 5254 ⁷

2018 5343 2181 5398 Vens.
2237 5344 2322 5399 l3.
2364 5374 2434 5383 —
2473 5343 2540 5398 In
2579 5347 2965 5418 generationem
3015 5355 3063 5400 et
3115 5344 3524 5416 generationem.

1951 5435 2076 5508 (ln.)
2130 5434 2421 5490 Generatio
2463 5452 2570 5491 una
2620 5447 2734 5503 est,
2770 5451 2876 5508 qua
2921 5435 3254 5491 renascimur
3304 5450 3399 5507 per
3434 5434 3529 5490 ba-

1948 5528 2227 5598 ptismum,
2278 5527 2445 5583 altera
2484 5545 2590 5600 qua
2642 5544 3025 5600 resurgemus:
3063 5544 3170 5585 non
3216 5537 3300 5586 est
3327 5525 3526 5584 oblitus

1949 5620 2092 5675 Deus
2128 5621 2179 5675 in
2207 5621 2310 5677 hac
2340 5638 2550 5686 vocare,
2584 5624 2637 5677 in
2667 5622 2753 5677 illa
2785 5637 3064 5678 coronare.

2023 5714 2184 5770 Vens.
2223 5715 2307 5770 11.
2336 5715 2547 5781 -ριιὶα
2576 5715 2854 5785 judicabit.
2889 5715 3089 5788 (Cass)
3124 5715 3296 5772 Causa
3327 5715 3526 5783 laudis,

1950 5807 2076 5878 quia
2108 5807 2240 5864 vidit
2267 5808 2525 5864 Dominus
2548 5807 2804 5879 populum
2834 5807 2920 5865 cui
2953 5816 3030 5874 tot
3057 5807 3205 5878 fecit,
3235 5807 3529 5882 prophetas
