4008 6348
617 379 754 438 1055

1109 371 1498 432 WALAFRIDI
1537 368 1780 428 STRABI
1817 367 2018 424 FULD.
2061 365 2223 421 MON.
2264 365 2416 422 OPP.
2457 362 2633 418 PARS
2673 361 2712 416 l.
2753 391 2818 400 ——
2860 357 3305 415 TIlEOLOGlCA.

3646 373 3743 428 l05li

613 495 779 559 misit,
807 501 930 563 post
954 497 1008 548 et
1039 489 1251 544 Filium.
1291 487 1396 541 Sed
1439 485 1564 554 quia
1610 483 1728 538 duri
1766 483 2001 546 luerunt,
2023 479 2174 550 judi—
2200 481 2250 538 Α
2351 475 2443 529 Vel
2473 475 2664 546 typice,
2695 473 2860 528 Caelos
2901 475 2955 526 in
2992 472 3268 536 intellectu,
3313 473 3362 526 id
3397 483 3472 528 est
3512 477 3745 548 spirituales

613 586 748 642 cabit
784 600 876 641 eos
915 583 969 638 in
1006 582 1217 646 futuro,
1261 587 1307 633 et
1350 579 1405 632 in
1448 577 1639 642 seruis,
1680 575 1734 629 id
1771 582 1872 638 est,
1910 571 2177 634 ﬁdelibus,

613 675 984 741 consolabitur,
1033 687 1155 728 cum
1199 669 1422 740 praemia
1468 676 1670 722 aeterna
1715 665 1982 722 restituet.
2040 660 2180 716 Ecce

613 772 854 844 gradatio
891 769 1066 825 laudis
1100 768 1168 823 ad
1210 763 1471 834 judicium
1511 761 1768 833 perducta
1817 765 1918 813 est.
1965 749 2179 844 (Aue.)

612 843 734 928 Vel,
759 863 855 917 ita.
896 857 1025 916 Ideo
1062 858 1128 914 de
1168 853 1442 926 praesenti,
1468 860 1600 918 etc.,
1642 865 1802 920 usque
1838 846 1906 902 ad
1949 843 2176 906 videant,

613 964 664 1010 et
683 955 770 1026 qui
798 951 994 1018 vident,
1023 949 1148 1004 caeci
1177 947 1329 1017 ﬁant.

685 1044 846 1098 Vens.
885 1040 973 1095 15.
998 1035 1409 1092 —Simnlacra.
1450 1030 1650 1104 (sts.)
1695 1026 1940 1084 Secunda
1994 1037 2119 1094 pars
2161 1038 2174 1073 :

611 1142 894 1206 postquam
917 1129 1163 1188 laudibus
1192 1141 1251 1182 se
1264 1124 1360 1180 Dei
1387 1122 1639 1192 explevit,
1655 1118 1920 1175 idolorum
1944 1114 2180 1170 cultores

614 1224 885 1281 irridendo
923 1218 1218 1290 redarguit,
1257 1217 1382 1288 quia
1409 1213 1648 1285 perfecta
1687 1211 1805 1265 laus
1828 1206 2073 1263 veritatis
2098 1211 2182 1259 est

613 1316 893 1372 destruere
936 1310 1246 1373 falsitatem,
1296 1321 1459 1376 supra
1505 1303 1725 1360 fuerunt
1772 1300 1963 1356 eadem
2008 1296 2174 1360 dicta,

611 1409 706 1464 sed
735 1405 962 1478 repetita
987 1400 1368 1460 verecundiam
1395 1405 1612 1468 augent.

681 1497 847 1553 Vens.
900 1495 988 1551 16.
1011 1525 1082 1536 --
1109 1493 1181 1548 Os
1208 1491 1396 1546 habent
1426 1491 1474 1544 et
1503 1505 1606 1543 non
1652 1486 1947 1558 loquentur.
1997 1479 2182 1553 (Auo.)

610 1589 707 1645 llla
762 1587 1033 1646 exteriora
1076 1582 1272 1639 artifex
1322 1581 1498 1652 potuit
1538 1578 1744 1643 facere;
1799 1576 1894 1631 sed
1929 1589 2037 1628 non
2073 1571 2183 1642 spi—

610 1679 773 1735 ritum
805 1679 954 1743 dare,
981 1690 1083 1732 nec
1105 1673 1349 1730 auditum
1389 1671 1629 1736 auribus,
1657 1682 1758 1723 nec
1785 1666 1958 1720 lucem
1989 1662 2178 1729 oculis,

611 1785 710 1827 nec
731 1783 918 1824 vocem
949 1767 1053 1822 ori.

2281 568 2624 637 sanctos,qui
2647 581 2750 622 non
2779 567 2937 621 modo
2960 565 3199 630 credere,
3227 565 3317 620 sed
3341 566 3598 638 intelligere
3617 574 3744 632 divina

2278 661 2442 715 dedit.
2484 660 2766 730 Simplices
2798 666 2977 713 autem
3007 657 3096 727 qui
3127 656 3296 712 solam
3323 656 3472 714 ﬁdem
3499 659 3667 720 ﬁrmam
3693 678 3746 726 te-

2275 759 2426 815 nent,
2459 751 2610 822 quasi
2653 749 2792 806 infra
2819 749 3003 814 caelos,
3045 759 3187 803 terra
3215 749 3467 817 dicuntur,
3491 755 3568 824 qui
3591 759 3687 827 quia
3710 763 3746 818 in

2275 843 2584 913 baptismo,
2639 858 2799 914 quem
2858 849 3221 911 acceperunt,
3274 843 3420 912 quasi
3464 861 3596 916 super
3629 868 3745 921 aquas

2277 932 2434 988 ﬁrma
2464 933 2567 989 [ide
2592 933 2914 998 consistunt,
2943 932 3098 1002 quasi
3147 949 3300 1003 super
3323 950 3474 1005 aquas
3510 943 3668 994 terram
3687 942 3748 997 ﬁr-

2278 1024 2462 1078 mavit.

2348 1115 2508 1170 Vens.
2554 1114 2606 1169 6.
2652 1145 2724 1155 —
2768 1112 2983 1168 Terram
3021 1128 3174 1183 super
3217 1129 3400 1182 aquas.-
3439 1114 3546 1186 (ln.)
3573 1117 3655 1174 Sed
3676 1137 3748 1190 quo

2280 1213 2426 1261 terra
2470 1205 2687 1278 gravior
2743 1205 2811 1259 ab
2859 1204 3016 1273 aquis
3076 1203 3364 1258 levioribus
3393 1213 3624 1274 portatur,
3658 1223 3746 1277 etc.,

2281 1313 2443 1368 usque
2486 1297 2553 1351 ad
2583 1297 2662 1352 sic
2687 1295 2946 1352 Dominus
2991 1308 3154 1364 super
3193 1302 3407 1364 puteum
3451 1296 3598 1362 sedit,
3636 1299 3749 1356 idest

2273 1387 2451 1458 juxta.

2352 1477 2515 1533 Vens.
2541 1477 2596 1532 7.
2618 1509 2685 1518 —
2712 1477 2816 1544 Qui
2846 1478 2966 1548 fecit
2985 1478 3270 1534 luminaria
3290 1496 3486 1551 magna.
3515 1479 3616 1553 (lo.)
3638 1482 3751 1538 idest

2281 1569 2418 1624 dona
2443 1569 2738 1640 gratiarum
2767 1569 3013 1625 ﬁdelibus
3037 1570 3152 1625 suis
3178 1570 3414 1624 contulit.

2352 1659 2515 1713 Vens.
2557 1659 2610 1714 9.
2633 1689 2702 1698 —
2724 1657 2926 1712 Lunam
2957 1670 3004 1713 et
3035 1658 3216 1713 stellas
3249 1660 3302 1712 in
3331 1669 3597 1729 potestatem
3620 1662 3747 1715 noctis.

2284 1750 2487 1823 (Cass)
2515 1751 2684 1806 Aliter
2711 1751 2875 1807 etiam
2905 1753 3008 1807 dici
3039 1759 3221 1822 potest
3264 1753 3495 1823 mystice,
3521 1761 3624 1818 etc.,
3645 1770 3750 1822 usth

681 1859 846 1916 Vens.
881 1857 968 1913 18.
989 1887 1062 1898 -
1084 1854 1292 1910 Similes
1328 1852 1434 1907 illis
1463 1852 1612 1921 ﬁant.
1645 1847 1766 1922 (lu.)
1792 1846 1917 1902 Haec
1946 1845 2180 1901 scientes
2206 1827 2256 1890 Β
2283 1845 2350 1898 ad
2377 1852 2436 1898 ut
2466 1859 2562 1914 per
2587 1845 2704 1900 haec
2731 1859 2957 1914 quaeque
2987 1843 3479 1899 minoresduceant.

609 1949 839 2005 irrident
886 1946 1050 2010 idola,
1096 1953 1226 2010 etc.,
1269 1958 1430 2014 usque
1470 1941 1538 1996 ad
1577 1953 1679 1996 nec
1717 1937 1958 1994 sentiunt
1983 1935 2184 1990 bonum

616 2043 836 2098 odorem
862 2039 1082 2096 Christi.

680 2131 844 2188 Vens.
888 2131 973 2187 19.
997 2129 1278 2184 —Domus
1307 2125 1475 2182 Israel
1503 2123 1802 2180 benedicite.
1831 2122 2033 2196 (Cass)
2059 2121 2184 2178 Haac

611 2233 694 2280 est
745 2223 904 2279 tertia
950 2236 1097 2294 pars,
1154 2220 1246 2276 ubi
1291 2226 1413 2289 post
1456 2217 1614 2272 irrisa
1665 2216 1828 2281 idola,
1877 2214 2061 2269 laudes
2089 2213 2184 2269 Dei

608 2317 884 2373 celebrare
916 2324 1096 2370 monet
1133 2328 1324 2370 omnes
1364 2312 1582 2368 ordines
1615 2329 1630 2365 :
1678 2309 1830 2380 quasi
1855 2309 2034 2364 dicat:
2063 2306 2189 2362 Cul-

609 2417 756 2465 torcs
789 2409 1054 2464 idolorum
1089 2406 1295 2463 similes
1329 2405 1434 2460 illis
1470 2404 1620 2459 ﬁant.
1655 2402 1758 2457 Sed
1787 2417 1900 2467 vos,
1934 2400 2025 2470 qui
2055 2399 2188 2454 estis

609 2501 792 2556 domus
818 2498 1008 2556 Israel.
1025 2499 1223 2554 Domus
1246 2497 1422 2551 Aaron
1439 2494 1734 2550 benedicile.
1761 2491 1944 2564 (Auc.)
1970 2491 2186 2559 Praepo-

611 2595 699 2650 siti
729 2601 854 2649 sunt
885 2593 1075 2648 domus
1101 2587 1579 2652 Aaronzministri,
1609 2586 1797 2640 domus
1823 2583 1974 2647 Levi,
2005 2581 2187 2652 populi

611 2699 797 2740 omnes
824 2682 916 2752 qui
957 2683 1178 2748 timent;
1226 2693 1414 2735 omnes
1457 2676 1782 2749 generaliter
1825 2683 1953 2730 sunt
2000 2674 2190 2728 domus

612 2773 792 2837 lsrael,
848 2787 1037 2827 omnes
1084 2785 1187 2824 una
1230 2785 1363 2824 voce
1403 2769 1687 2823 dicamus:
1717 2764 2047 2819 Benedictus.

685 2863 849 2918 Vens.
887 2863 976 2916 2i.
1001 2891 1066 2902 —
1089 2859 1399 2916 Benedictus
1430 2857 1704 2912 Dominus.
1749 2854 1870 2926 (lo.)
1911 2852 2004 2907 Vel
2034 2851 2192 2922 juxta

614 2953 1108 3025 interpretationem
1139 2949 1437 3016 nominum,
1464 2955 1590 3012 etc.,
1629 2961 1789 3025 usque
1814 2943 1883 2998 ad
1922 2941 2012 2998 ubi
2043 2941 2191 2999 vide-

613 3048 787 3103 bimus
820 3060 944 3101 eum
983 3043 1036 3099 in
1064 3051 1264 3098 aeterna
1287 3055 1440 3112 pace.
1770 3023 1778 3030 ’

1081 3151 1400 3210 PSALMUS
1445 3146 1708 3206 CXXXV.

685 3251 847 3308 Vens.
880 3249 930 3304 1.
955 3278 1024 3288 -
1050 3243 1299 3300 Alleluia.
1351 3241 1531 3313 (Aue.)
1558 3238 1805 3295 Psalmus
1835 3237 1937 3293 iste
1967 3234 2184 3291 laudern

619 3343 714 3400 Dei
744 3340 1006 3405 continet,
1037 3337 1130 3392 ubi
1167 3333 1267 3390 etsi
1305 3330 1472 3387 multa
1518 3330 1571 3385 in
1607 3327 1763 3397 laude
1789 3325 1886 3382 Dei
1913 3325 2183 3390 dicantur,

619 3433 854 3489 maxime
894 3438 1076 3486 tamen
1111 3428 1201 3484 hic
1238 3421 1610 3481 misericordia
1637 3420 1733 3477 Dei
1759 3419 2184 3476 commendatur.

619 3523 820 3597 (Cass)
853 3523 1072 3578 Diversa
1114 3519 1267 3575 initia
1306 3528 1580 3580 versuum,
1631 3521 1763 3578 etc.,
1805 3527 1966 3584 usque
2007 3509 2076 3565 ad
2113 3509 2190 3564 ita

619 3624 815 3688 praesto
852 3623 936 3671 est
974 3613 1154 3668 divina
1194 3608 1480 3682 praesentia
1513 3606 1557 3662 si
1587 3619 1720 3677 pure
1754 3611 2023 3658 cantatur.
2051 3603 2188 3657 Con-

619 3708 838 3779 ﬁtemini
883 3705 1127 3760 Domino.
1180 3700 1311 3772 (ιο.)
1360 3699 1562 3763 Primo,
1599 3692 2050 3766 magniﬁcentiam
2092 3689 2192 3745 Dei

619 3810 675 3858 et
727 3799 892 3856 totius
931 3797 1078 3853 orbis
1119 3793 1480 3851 conditionem
1517 3788 1758 3860 exponit.
1789 3784 2038 3842 Secundo
2065 3782 2196 3838 dicit

622 3905 742 3961 quae
772 3889 828 3943 in
851 3885 1087 3958 Egypto
1124 3892 1179 3939 et
1202 3890 1360 3955 gente
1380 3879 1685 3936 Iudaeorum
1714 3876 1842 3932 fecit
1883 3876 1938 3929 in
1965 3875 2195 3946 ﬁguram

622 3980 814 4045 nostri,
853 3978 947 4044 ibi,
978 3977 1082 4042 Qui
1123 3975 1392 4047 percussit.
1443 3972 1646 4045 Tertio,
1696 3969 1806 4041 agit
1851 3969 1918 4024 de
1941 3966 2201 4024 Christia-

625 4072 730 4137 nis,
757 4069 854 4135 ibi,
877 4078 924 4123 et
945 4066 1088 4122 dedit
1120 4075 1313 4121 terram
1349 4078 1526 4118 eorum
1547 4060 1922 4115 hccreditatem.
1965 4055 2198 4125 Conﬁte-

627 4163 754 4217 mini
787 4159 1030 4215 Domino.
1064 4155 1246 4230 (AUG.)
1273 4154 1428 4212 Modo
1463 4151 1760 4217 laudemus,
1786 4158 1917 4216 etc.,
1948 4165 2108 4220 usque
2129 4147 2198 4201 ad

630 4267 729 4322 per
756 4247 1181 4305 misericordiam
1206 4244 1478 4302 beatitudo
1505 4249 1706 4296 aeterna
1734 4249 1835 4296 est.

707 4342 866 4398 Vens.
917 4340 972 4394 2.
1001 4369 1071 4380 —-
1093 4334 1423 4407 Conﬁtemini
1464 4333 1576 4388 Deo
1612 4323 1854 4386 deorum.
1900 4330 2039 4384 Deos
2070 4328 2200 4385 dicit

631 4437 912 4498 homines,
961 4433 1030 4488 ad
1073 4445 1209 4502 quos
1256 4442 1436 4484 sermo
1487 4425 1581 4480 Dei
1635 4423 1810 4479 factus
1856 4430 1939 4478 est
1987 4421 2044 4476 in
2094 4419 2199 4476 alio

2354 1931 2520 1989 Vens.
2571 1935 2657 1989 l0.
2703 1965 2771 1975 —
2821 1933 2925 2001 Qui
2964 1934 3216 2005 percussit
3239 1934 3525 2005 zEgyptum.
3571 1933 3751 2004 (In.)Se-

2285 2027 2460 2083 cunda
2489 2042 2635 2096 pars,
2665 2025 2759 2081 ubi
2781 2026 2934 2093 dicit,
2962 2041 3080 2096 quae
3115 2027 3170 2080 in
3203 2025 3423 2096 Egypto
3451 2024 3559 2080 fecit
3582 2035 3624 2078 et
3645 2033 3750 2095 gente

2285 2115 2599 2172 Judazorum
2645 2117 2748 2172 sub
2778 2116 2948 2187 ﬁgura
2975 2116 3170 2171 nostri.
3201 2115 3318 2170 Jam
3367 2115 3549 2186 incipit,
3578 2129 3671 2184 qua:
3689 2128 3752 2183 per

2285 2211 2556 2276 homines,
2601 2207 2687 2263 vel
2720 2223 2818 2280 per
2856 2207 3072 2279 angelos
3122 2207 3274 2263 fecit.
3321 2205 3444 2262 Cum
3487 2207 3751 2278 primogenita

2284 2319 2482 2356 eorum.
2513 2299 2881 2372 Primogenita
2897 2299 3116 2372 Egypti
3143 2298 3422 2370 percussit,
3443 2307 3556 2364 etc.,
3575 2315 3693 2368 usque
3707 2297 3750 2349 ad

2285 2393 2380 2448 sed
2405 2391 2545 2447 Deus
2577 2407 2606 2446 a
2639 2406 2698 2446 se
2735 2391 2991 2446 excludit.

2357 2481 2521 2536 Vens.
2555 2480 2640 2538 12.
2663 2511 2734 2521 -
2752 2480 2819 2534 In
2852 2496 3011 2535 manu
3041 2479 3259 2549 potenti.
3287 2477 3402 2550 (ln.)
3433 2477 3592 2532 Manus
3613 2473 3752 2530 Deile-

2284 2573 2552 2630 vincibilis
2579 2573 2736 2636 actio,
2767 2588 2886 2643 qua:
2916 2589 2944 2626 a
2973 2570 3204 2626 brachio
3229 2569 3392 2635 venit,
3420 2569 3468 2624 id
3492 2577 3562 2624 est
3584 2569 3636 2623 ab
3655 2565 3751 2622 omni

2285 2667 2525 2737 potentia
2556 2667 2839 2738 singulari.

2359 2759 2520 2816 Vens.
2558 2761 2645 2817 15.
2687 2791 2756 2801 -
2797 2759 2984 2816 Diuisit
3037 2777 3187 2816 mare
3225 2758 3448 2815 Rubrum
3467 2760 3513 2814 in
3535 2758 3749 2812 divisiones.

2288 2849 2410 2923 (Ιυ.)
2435 2851 2517 2906 Ad
2544 2849 2780 2906 litteram
2816 2850 2871 2904 in
2897 2849 3178 2905 divisiones
3207 2850 3471 2906 duodecim
3494 2863 3576 2919 pro
3597 2857 3751 2900 numero

2288 2945 2544 3009 tribuum,
2578 2953 2640 3000 ut
2683 2944 2906 3017 singulae
2951 2945 3128 3001 tribus
3176 2960 3301 3000 suas
3330 2944 3439 2998 vias
3476 2941 3610 2997 eundi
3644 2937 3752 2992 habe-

2288 3045 2447 3104 rent;
2483 3036 2678 3108 typice,
2708 3037 2786 3093 sic
2813 3051 2910 3106 per
2935 3038 3051 3092 vias
3073 3037 3258 3091 varias
3287 3035 3351 3091 ad
3375 3034 3524 3090 Deum
3546 3032 3601 3088 de
3619 3027 3752 3085 mundo

2291 3127 2569 3183 transitur.
2600 3127 2705 3184 Per
2729 3143 2874 3182 mare
2895 3125 3135 3181 Rubrum
3167 3126 3409 3183 saeculum
3437 3123 3666 3194 accipitur.

2360 3219 2523 3276 Vens.
2569 3219 2656 3274 l5.
2695 3248 2767 3260 —
2806 3217 2875 3273 Et
2921 3219 3147 3274 excussit
3188 3216 3516 3274 Pharaonem.
3559 3210 3754 3286 (Ind-Dia-

2288 3311 2493 3379 bolum,
2541 3327 2666 3368 cum
2711 3311 2981 3367 ministris
3027 3311 3288 3376 excussit,
3335 3319 3393 3364 ut
3426 3307 3668 3380 pulverem,
3695 3297 3754 3369 qui

2289 3403 2542 3460 celeriter
2583 3403 2874 3460 excutitur.
2915 3403 2974 3458 ln
3003 3403 3106 3458 hac
3145 3402 3434 3467 celeritate,
3466 3407 3515 3455 et
3539 3389 3753 3452 virtusDei

2292 3495 2615 3562 ostenditur,
2657 3502 2712 3551 et
2753 3495 2860 3551 illa:
2888 3503 3116 3550 terrenae
3147 3495 3334 3552 sordes
3367 3491 3640 3549 indicantur,
3668 3495 3756 3553 quas

2291 3588 2526 3646 solemus
2571 3596 2840 3645 excutere.
2898 3587 3252 3644 Pharaonem.
3303 3585 3418 3659 (ιν.)
3460 3584 3661 3653 Cougrue
3695 3587 3757 3645 ller

2291 3679 2631 3736 Pharaonem
2680 3679 2922 3736 diabolus
2973 3679 3328 3752 intelligitur:
3356 3677 3548 3733 Pharao
3569 3665 3756 3727 mascalot

2295 3782 2478 3840 necat,
2522 3772 2752 3828 feminas
2795 3779 3004 3838 servat;
3039 3772 3112 3826 ita
3145 3769 3382 3828 diabolus
3406 3767 3600 3825 virtutes
3627 3755 3757 3832 pralo-

2297 3872 2406 3930 cat,
2435 3862 2925 3934 concupiscentiam
2959 3862 3154 3918 nutrit.

2368 3973 2532 4030 Vens.
2563 3973 2652 4027 21.
2677 4004 2746 4014 —
2769 3973 2837 4027 Et
2874 3971 3014 4027 dedit
3055 3980 3254 4027 terram
3278 3987 3447 4027 eorum
3477 3963 3755 4022 hereditatem.

2299 4066 2501 4141 (Cass)
2537 4066 2717 4122 Tertia
2763 4081 2912 4136 pars,
2947 4065 3038 4120 ubi
3088 4064 3365 4120 descendit
3395 4062 3458 4117 ad
3491 4053 3757 4116 Christianos,

2299 4173 2574 4230 exponens
2618 4157 2882 4212 beneﬁcia
2909 4157 2989 4214 eis
3017 4157 3161 4227 data,
3192 4167 3253 4214 ut
3289 4157 3366 4214 sic
3388 4168 3536 4212 unum
3563 4153 3756 4206 auctorem

2300 4241 2537 4306 omnium
2569 4249 2729 4306 scias.

2371 4340 2534 4396 Vens.
2564 4342 2656 4396 22.
2679 4372 2743 4382 -
2775 4340 2943 4396 Israel
2986 4359 3132 4397 servo
3172 4317 3286 4398 suo:
3337 4338 3528 4410 Accipit
3553 4347 3630 4406 per
3647 4319 3758 4383 lsml

2299 4448 2524 4499 servum,
2551 4430 2846 4498 Christum,
2877 4440 3003 4498 etc.,
3037 4449 3200 4504 usque
3222 4433 3290 4488 ad
3314 4430 3503 4488 nullum
3539 4422 3654 4480 dedit
3681 4427 3759 4486 pre-

632 4533 858 4607 psalmo,
902 4530 992 4587 ubi
1042 4529 1141 4594 ait,
1194 4524 1304 4596 Ego
1347 4525 1488 4590 dixi,
1540 4522 1627 4575 Dii
1675 4521 1796 4576 estis
1841 4529 1889 4574 et
1938 4518 2037 4589 ﬁlii
2089 4516 2436 4609 Ex-Dtium
2460 4522 2749 4596 Egyptiis.

635 4624 779 4690 celsi,
821 4632 926 4696 etc.
964 4622 1032 4676 Et
1080 4635 1184 4674 non
1229 4617 1349 4672 ideo
1397 4615 1646 4670 dicuntur
1693 4612 1787 4679 dii,
1829 4611 1972 4681 quod
2013 4623 2202 4664 omnes

635 4717 744 4772 sint
779 4713 940 4769 boni:
975 4711 1019 4768 si
1047 4711 1188 4766 enim
1226 4723 1416 4764 omnes
1450 4705 1577 4762 boni
1621 4711 1820 4769 essent,
1859 4718 1964 4757 non
2000 4702 2204 4760 diceret

637 4807 690 4863 in
717 4805 907 4862 eodem
936 4802 1142 4875 psalmo
1167 4818 1182 4854 :
1204 4799 1272 4854 In
1295 4797 1463 4853 medio
1490 4805 1664 4850 autem
1689 4794 1811 4848 deos
1837 4793 2116 4862 dijudicat,
2148 4793 2203 4848 id

2374 4588 2662 4670 Venena-5.
2707 4645 2779 4656 --
2816 4613 2922 4669 Dat
2967 4631 3156 4670 escam.
3211 4613 3452 4687 (Τιιεου.)
3498 4607 3537 4662 Α
3579 4588 3758 4693 εἰηευξέτί

2301 4707 2671 4774 Providentia,
2703 4717 2832 4772 etc.,
2881 4723 3041 4777 usque
3073 4705 3143 4760 ad
3194 4705 3246 4760 in
3290 4697 3566 4772 Evangeliis
3603 4691 3756 4757 inquii!

2305 4797 2560 4868 Respicite
2595 4796 2825 4852 volatilia
2859 4795 2994 4862 coeli,
3016 4812 3133 4867 quae
3157 4811 3313 4865 neque
3333 4796 3516 4852 serunt,
3543 4786 3760 4868 aequetur

640 4907 724 4954 est
752 4861 1031 4960 discernit,
1061 4891 1128 4947 de
1173 4891 1367 4960 quibus
1394 4888 1560 4946 etiam
1583 4883 1785 4942 "subdit
1818 4901 1832 4939 ε
1872 4861 2206 4952 Conﬁtemini

2174 4884 2206 4938 πί
2305 4898 2519 4960 gregant
2559 4890 2614 4942 in
2642 4889 2850 4954 horrea,
2887 4897 2934 4942 et
2957 4861 3120 4942 Pater
3143 4861 3304 4941 vester
3326 4881 3522 4939 caelestis
3538 4871 3666 4960 pascit
3685 4861 3757 4960 ills:

638 4988 860 5044 Domino
886 4985 1239 5040 dominorum.

710 5081 874 5136 Vens.
903 5079 1043 5133 5.-
1065 5073 1168 5141 Qui
1201 5073 1326 5144 facit
1358 5069 1640 5124 mirabilia.
1670 5066 1794 5142 (10.)
1825 5066 1976 5124 Sicut
2010 5066 2063 5121 in
2097 5065 2205 5122 ﬁne

639 5173 839 5242 ubique
869 5169 1254 5242 ponitur,etc.,
1282 5179 1442 5234 usque
1471 5163 1539 5218 ad
1564 5163 1684 5218 ideo
1710 5162 2048 5231 conﬁtemini,
2069 5178 2203 5232 quo-

641 5264 783 5317 niam
807 5263 864 5316 in
885 5271 1134 5316 wternnm
1155 5253 1510 5310 misericordia
1529 5253 1663 5324 ejus.

713 5351 874 5408 Vens.
907 5351 962 5405 4.
996 5381 1066 5392 -
1097 5345 1366 5404 Mirabilia
1399 5360 1588 5416 magna
1619 5344 1782 5400 solus.
1829 5344 1952 5417 (10.)
1987 5343 2123 5412 Quia
2151 5351 2208 5400 et

2309 4978 2466 5031 Ouini
2507 4979 2674 5033 carni.
2725 4976 2905 5050 (Auc.)
2943 4976 3100 5033 Omni
3148 4975 3327 5048 generi
3373 4945 3760 5038 hominum,Israel

2305 5077 2360 5125 et
2386 5069 2646 5140 gentium,
2672 5084 2780 5124 non
2810 5069 2950 5124 sicut
2979 5083 3173 5122 manna
3200 5065 3295 5122 soli
3316 5062 3502 5119 Iudaeo.

2760 5199 2996 5257 PSALM
3005 5199 3088 5258 US
3125 5193 3401 5256 CXXXVI.

2379 5337 2622 5395 Psalmus
2647 5337 2833 5392 David.
2851 5335 3055 5408 (CAss.)
3083 5333 3294 5391 Tertius
3314 5326 3530 5402 psalmus
3551 5320 3603 5373 de
3623 5311 3761 5408 ίξίηθξν

641 5443 885 5517 quaedam
915 5457 1011 5513 per
1043 5439 1288 5496 homines
1311 5436 1396 5494 vel
1435 5401 1652 5508 angelos
1697 5401 1848 5502 facit,
1876 5401 2207 5506 et’quaedam
2315 5431 2513 5486 talione
2541 5401 2871 5494 Jerusalem,
2899 5401 3216 5496 etc.,ﬁquc
3254 5421 3319 5476 ad
3355 5418 3435 5474 hic
3461 5419 3610 5517 aute'l‘ll
3632 5401 3680 5453 de

641 5551 833 5608 magna
859 5536 972 5602 ipse
1000 5533 1165 5599 solus,
1190 5548 1308 5602 qua:
1335 5539 1390 5586 et
1417 5532 1566 5600 prius
1589 5530 1924 5599 exsequitur.

717 5605 875 5681 Vens.
903 5622 1175 5689 5.—Qui
1213 5623 1332 5691 fecit
1372 5619 1545 5676 cmlos.
1588 5617 1708 5690 (1ο.)
1739 5618 2054 5674 Universum
2083 5633 2210 5691 ergo
2312 5623 2450 5670 tates
2499 5622 2623 5669 sunt
2671 5611 2944 5682 permistae
2990 5620 3236 5678 corpore,
3280 5609 3402 5661 etc.,
3448 5605 3558 5660 uili“

2313 5523 2556 5595 ptivitate
2592 5521 2731 5576 facta
2776 5535 2806 5574 a
2836 5477 3336 5574 Nabuchodonosor.
3368 5500 3528 5580 (Ana)
3554 5495 3653 5551 Dme
3673 5477 3760 5572 δί”ίῖ

2313 5623 2446 5639 .-.η
2499 5622 2619 5639 ,....-.
2671 5611 2943 5639 ...ι-...εηιηη
2991 5620 3214 5639 nni-unm
3280 5609 3399 5639 ριρ.
3448 5601 3582 5639 malta
3617 5575 3668 5632 ad
3700 5579 3759 5637 ‘1‘”

644 5726 947 5774 creaturam
979 5730 1075 5785 per
1109 5729 1168 5768 se
1204 5711 1349 5778 fecit,
1380 5722 1478 5766 etc.
1498 5751 1515 5778 ,
1541 5689 1704 5782 usque
1728 5709 1798 5763 ad
1829 5707 1989 5776 unde,
2017 5689 2210 5764 Omnia
2315 5715 2493 5762 mente
2520 5713 2576 5760 et
2601 5703 2866 5759 desiderio
2891 5710 3020 5756 sunt
3043 5699 3187 5754 cives
3209 5689 3504 5750 Jerusalem.

643 5809 702 5874 in
726 5808 980 5882 sapientia
1010 5808 1199 5878 fecisti,
1221 5807 1378 5862 Deus.

2385 5747 2576 5853 iiii."
2598 5747 3228 5868 ifi‘éiiii'ﬁuiiéiii
3249 5747 3440 5860 (Cass)
3458 5772 3622 5832 Primo,
3645 5747 3759 5829 ωριί·
