4008 6348
242 431 382 490 1057

1260 427 1528 486 GLOSSA
1561 425 1956 484 ORDINARIA.
1996 459 2062 470 —
2099 427 2224 484 LIB.
2263 427 2510 486 PSALM.
2545 505 2548 510 _

3336 431 3476 490 £058

241 543 450 608 vandos
494 541 653 614 longe
699 550 838 612 post,
869 550 1000 609 etc.,
1036 558 1197 614 usque
1227 541 1293 595 ad
1324 540 1508 610 incipit
1538 539 1806 596 desiderio
1833 541 1879 602 Α
1907 538 2130 606 elidunt,
2165 539 2217 595 id
2245 548 2328 596 est
2357 549 2641 596 nascentes
2691 539 3033 611 cupiditates,
3064 547 3354 614 antequam
3382 558 3472 598 ro-

241 637 452 708 patriae,
491 634 710 689 dicens:
757 634 925 704 Super
951 635 1190 704 flumina,
1227 641 1332 688 etc.
1382 631 1519 684 Dum
1570 630 1810 684 recorda-

241 742 439 782 remur.
487 723 667 796 (Auc.)
707 725 764 780 ln
791 725 971 780 hostili
1011 734 1153 780 terra
1180 722 1352 778 dulcis
1388 721 1689 777 recordatio
1716 737 1812 792 pa-

243 818 378 882 triar,
412 826 544 884 etc.,
572 834 733 888 usque
761 817 830 870 ad
857 825 1146 888 utrumque
1175 817 1242 872 de
1275 815 1568 887 Babylonia
1600 823 1703 871 est.

312 931 476 987 Vens.
511 934 565 986 2.
585 962 657 972 —
679 930 746 985 In
766 931 1031 986 salicibus.
1064 930 1187 1003 (ln.)
1209 929 1340 999 Quae
1367 930 1613 999 rigantur
1631 926 1809 983 ﬂumi-

239 1022 401 1078 nibus
423 1021 729 1093 Babylonis,
771 1032 903 1087 etc.,
930 1039 1090 1094 usque
1133 1024 1202 1077 ad
1228 1023 1322 1078 sed
1363 1021 1654 1078 diﬂ’erendo
1693 1034 1812 1075 sus-

237 1095 544 1187 pendimus.
585 1113 786 1186 (Cass.)
809 1114 904 1170 Vis
947 1115 1147 1172 doloris
1175 1124 1547 1187 exaggerator,
1594 1114 1810 1185 quando

241 1204 550 1272 delectatio,
577 1219 684 1275 qua
715 1220 774 1260 se
801 1205 1047 1262 solebant
1080 1205 1370 1270 consolari,
1405 1204 1769 1276 suspenditur.

313 1302 452 1369 Quia
501 1302 611 1358 illic
656 1304 1100 1376 interrogaverunt
1142 1321 1256 1359 nos.
1303 1301 1528 1377 (Basu..)
1579 1303 1645 1359 Et
1684 1304 1814 1360 hinc

238 1393 383 1449 haud
428 1407 616 1463 parum
660 1395 1010 1451 emolumenti
1044 1404 1340 1467 cmperunt,
1379 1405 1508 1463 etc.,
1541 1413 1701 1467 usque
1739 1397 1809 1451 ad

245 1491 306 1539 ut
330 1492 386 1540 et
410 1484 622 1540 cantica
653 1494 837 1542 nostra
864 1486 1053 1543 audire
1075 1486 1366 1543 voluerint.

311 1593 476 1651 Vens.
514 1597 568 1652 5.
593 1627 664 1637 -
702 1597 872 1653 Verba
904 1599 1224 1654 cantionum.
1276 1599 1457 1672 (Auc.)
1483 1598 1605 1667 Vel,
1643 1599 1812 1656 canti-

242 1700 456 1752 corum,
488 1687 696 1757 utquid
725 1688 944 1756 prodest
970 1687 1254 1745 Christus?
1298 1691 1406 1757 vel,
1448 1706 1568 1761 qua:
1596 1699 1681 1747 est
1707 1690 1813 1746 alia

240 1776 389 1831 vita?
433 1775 560 1844 Sed,
595 1777 683 1832 hic
707 1779 799 1848 qui
836 1778 978 1848 pleni
1029 1787 1156 1835 sunt
1185 1781 1364 1848 malis,
1401 1797 1510 1837 non
1553 1782 1814 1838 debemus

1908 629 2010 685 bur
2031 632 2316 701 accipiant,
2346 633 2424 688 sic
2451 632 2660 689 facilius
2691 633 2997 701 vincuntur,
3028 635 3121 691 sed
3159 643 3214 691 et
3240 635 3475 707 majores

1909 718 1978 774 ad
2020 728 2229 791 petram
2267 721 2573 778 occidendae
2614 734 2754 777 sunt.

2372 853 2691 911 PSALMUS
2713 852 3016 909 CXXXVII.

1980 967 2144 1024 Vens.
2175 969 2228 1024 l.
2254 967 2585 1023 --Psalmus
2618 969 2717 1038 ipsi
2755 969 2944 1022 David.
2971 965 3172 1040 (Cass.)
3194 963 3476 1038 Captivus,

1910 1061 2002 1130 qui
2028 1060 2266 1128 ﬂeverat,
2298 1061 2450 1130 quasi
2475 1059 2796 1116 reaedificata
2834 1060 3131 1116 Jerusalem
3155 1067 3212 1114 et
3255 1058 3473 1130 templo,

1913 1159 1970 1205 et
1997 1151 2151 1221 quasi
2191 1149 2429 1206 concivis
2468 1149 2542 1203 illi
2571 1149 2710 1219 parti
2739 1147 3055 1214 Jerusalem,
3089 1161 3210 1219 quae
3238 1162 3344 1201 non
3372 1145 3479 1204 fuit

1907 1243 2141 1314 captiva,
2167 1243 2219 1297 id
2244 1252 2345 1309 est,
2375 1242 2600 1313 angelis,
2630 1241 2863 1297 exsultat
2889 1250 2944 1296 et
2967 1241 3148 1296 laudat
3175 1242 3354 1312 primo
3379 1241 3477 1296 be-

1907 1334 2098 1390 neﬁcia
2127 1334 2228 1389 sibi
2273 1334 2417 1389 data.
2443 1333 2522 1388 Ex
2570 1347 2800 1404 persona
2833 1331 2997 1403 igitur
3044 1331 3318 1398 Ecclesiae,
3361 1345 3484 1402 qua:

1907 1423 1964 1479 in
1989 1425 2354 1494 superioribus
2386 1433 2469 1480 est
2497 1438 2612 1494 spe,
2660 1431 2982 1494 exspectans
3011 1421 3085 1478 ibi
3129 1436 3248 1478 esse
3295 1421 3352 1476 in
3399 1435 3478 1484 re,

1909 1513 2007 1580 ait,
2051 1515 2350 1584 conﬁtebor.

1931 1609 1936 1614 '
1965 1601 2384 1672 Conﬁtebortibi,
2402 1603 2848 1670 Domine.Primo,
2863 1601 3206 1659 commendat
3221 1600 3482 1656 beneﬁcia

1910 1691 2012 1746 sibi
2040 1692 2204 1746 data‘:
2232 1693 2490 1760 secundo,
2515 1693 2646 1748 dicit
2665 1692 2931 1762 quomodo
2959 1691 3076 1746 hmc
3097 1690 3164 1745 ad
3189 1703 3377 1745 omnes
3403 1688 3485 1744 di-
3587 1697 3590 1700 ’

1910 1782 2174 1850 latentur,
2198 1783 2293 1850 ibi,
2324 1781 2686 1854 Conﬁteantur
2713 1784 2828 1850 tibi,
2853 1783 3094 1850 Domine,
3117 1791 3222 1839 etc.
3254 1782 3322 1837 In
3362 1798 3486 1836 con-

244 1878 529 1940 percutere
592 1887 875 1944 organum,
942 1880 1003 1928 ut
1061 1882 1236 1941 sonet,
1301 1874 1396 1930 sed
1458 1873 1808 1944 suspendere.
1837 1884 1886 1946 Β
1912 1885 2104 1945 spectu.
2157 1873 2430 1947 (Auc.)ln
2477 1873 2742 1930 laudando
2781 1889 3020 1944 propono
3071 1872 3204 1930 mihi
3241 1871 3480 1944 angelos,

243 1957 401 2029 (ln.)
450 1957 703 2016 Diabolus
755 1967 932 2016 astute
988 1962 1180 2032 quaerit
1245 1970 1306 2017 ut
1361 1962 1614 2028 irrideat,
1669 1971 1808 2029 etc.,

239 2065 402 2121 usque
437 2050 507 2104 ad
548 2058 604 2104 et
648 2051 974 2108 constrinxit
1013 2068 1072 2108 sc
1111 2050 1441 2122 juramento,
1484 2053 1712 2108 dicens:
1753 2050 1812 2107 Si

241 2143 432 2199 oblitus
462 2144 630 2215 fuero,
656 2151 760 2200 etc.

311 2252 478 2310 Vens.
506 2254 563 2309 4.
589 2285 658 2296 -
680 2254 952 2321 Quomodo
976 2255 1322 2311 cantabimus.
1354 2253 1476 2328 (ιο.)
1503 2253 1811 2311 Cavendum

241 2352 344 2412 est,
375 2361 444 2401 ne
469 2345 592 2416 quis
619 2347 814 2401 timens
861 2346 1058 2402 talibus
1094 2346 1402 2416 displicere,
1429 2345 1646 2401 allectet
1679 2345 1814 2399 ami-

243 2434 400 2490 citias
428 2450 637 2502 eorum,
668 2444 724 2492 et
748 2435 971 2508 incipiat
1000 2437 1253 2492 delectari
1283 2437 1335 2492 in
1357 2436 1668 2509 Babylonia.

312 2546 478 2603 Vens.
509 2548 562 2603 5.
589 2579 659 2588 —
682 2547 910 2604 Dextera
935 2565 1069 2603 mea.
1096 2549 1219 2622 (ln.)
1246 2549 1515 2620 Quidquid
1543 2548 1678 2605 facis
1712 2562 1810 2619 pro

243 2641 480 2706 mternis,
529 2640 749 2696 dextera
794 2650 1076 2712 operatur;
1135 2642 1182 2696 si
1231 2649 1286 2697 et
1340 2641 1446 2696 alio
1495 2641 1811 2707 intenderis,

243 2735 462 2793 sinistra
495 2749 554 2790 se
582 2734 906 2803 immiscuit;
949 2745 1005 2792 et
1043 2736 1098 2802 in
1135 2751 1199 2793 ea
1237 2734 1534 2792 delectatus
1561 2735 1718 2808 quasi
1756 2735 1812 2791 in

242 2824 464 2882 dextera
493 2825 676 2896 perdis
712 2833 933 2882 aeterna.

313 2938 476 2994 Vens.
511 2938 564 2992 6.
590 2969 661 2979 —
681 2938 975 2993 Adhtereat.
1023 2936 1223 3009 (Cass.)
1251 2937 1428 2994 Mutus
1457 2937 1581 2991 llam
1609 2936 1664 2992 in
1693 2935 1814 2992 lau-

244 3028 399 3084 dibus
425 3027 545 3093 Dei,
574 3027 718 3098 quod
747 3039 829 3082 est
859 3027 1154 3082 consolatio
1181 3026 1337 3081 ﬂetus
1365 3035 1420 3082 et
1447 3026 1809 3082 miseriarum.

243 3118 450 3189 Lingua
498 3136 632 3173 mea.
681 3118 860 3190 (Auc.)
913 3119 1194 3175 Canticum
1243 3117 1573 3183 Jerusalem,
1631 3117 1812 3212 lingua

245 3219 453 3278 nostra,
493 3211 761 3266 canticum
804 3211 1005 3276 saeculi,
1037 3210 1216 3282 lingua
1241 3211 1495 3267 barbara.
1529 3209 1711 3267 Mutus
1729 3218 1812 3266 est

246 3300 378 3366 Deo,
405 3300 497 3371 qui
530 3301 728 3357 oblitus
755 3309 840 3356 est
863 3300 1183 3357 Jerusalem.

317 3410 479 3468 Vens.
534 3413 586 3467 7.
611 3443 680 3454 —
704 3411 909 3468 Memor
946 3423 1075 3469 esto.
1113 3411 1317 3486 (Cass)
1371 3412 1616 3471 Secunda
1666 3429 1812 3486 pars,

246 3503 337 3559 ubi
387 3511 575 3559 contra
623 3505 807 3560 hostes
851 3505 920 3559 ad
945 3505 1113 3560 Deum
1161 3505 1222 3560 ﬁt
1261 3506 1564 3563 conversio.
1612 3506 1816 3562 Memor

245 3602 377 3659 esto,
406 3593 460 3646 in
491 3593 577 3646 die
606 3593 1049 3662 sequestrationis
1070 3633 1086 3660 ,
1123 3602 1182 3649 ut
1211 3595 1522 3666 puniantur.
1553 3594 1815 3650 Filiorum

248 3683 439 3739 Edam.
484 3684 666 3757 (Auc.)
706 3685 830 3741 Filii
857 3686 1044 3752 Edom,
1096 3688 1150 3744 id
1178 3696 1260 3744 est
1305 3687 1546 3756 ldummi,
1590 3689 1816 3760 impedi-

247 3785 431 3833 mento
480 3777 702 3834 fuerunt
745 3780 1196 3837 reaadiiicantibus
1235 3780 1563 3851 Jerusalem;
1607 3784 1713 3851 vel,
1760 3785 1816 3840 in

247 3868 615 3924 destructione
647 3868 922 3939 conjuncti
946 3870 1267 3942 Babylonis,
1310 3873 1450 3928 unde
1495 3873 1643 3938 dicit,
1672 3871 1816 3929 Filia

245 3959 529 4030 Babylonis
575 3962 786 4017 misera.
831 3961 1002 4016 Edam
1053 3964 1322 4035 moraliter
1367 3973 1450 4022 est
1501 3966 1813 4034 carnalitas,

246 4065 366 4119 quae
414 4051 482 4106 ad
533 4051 748 4108 illicitos
797 4061 976 4108 motus
1019 4067 1118 4109 nos
1165 4054 1387 4110 seducit.
1442 4054 1634 4110 Edam.
1691 4057 1813 4130 (lo.)

247 4141 391 4197 Esau
444 4158 634 4198 omnes
677 4143 967 4210 carnales;
1019 4143 1186 4199 Jacob
1235 4145 1583 4216 spirituales;
1645 4149 1818 4219 major

245 4232 477 4289 carnalis
505 4233 686 4301 homo,
711 4236 891 4290 minor
917 4236 1233 4306 spiritualis,
1265 4238 1388 4306 quia
1420 4239 1570 4308 prius
1598 4241 1815 4310 quidem

246 4325 502 4391 animale,
551 4334 738 4396 postea
785 4328 929 4398 quod
974 4328 1273 4400 spirituale.
1325 4328 1522 4386 Omnes
1570 4332 1815 4389 carnales

245 4414 452 4470 inimici
479 4423 602 4470 sunt
623 4416 1014 4488 spiritualibus,
1044 4419 1186 4474 unde
1213 4418 1290 4474 ait
1317 4437 1332 4475 :
1366 4418 1570 4476 Memor
1590 4431 1718 4488 esto,
1745 4422 1815 4476 li-

243 4507 372 4563 bera
412 4523 510 4564 nos
549 4510 617 4564 ab
646 4508 771 4565 illis.
801 4510 1107 4566 Exinant'te.
1133 4509 1335 4584 (Cass)
1374 4510 1421 4566 A
1464 4513 1816 4568 similitudine

245 4598 516 4664 cisternae,
548 4600 692 4656 unde
737 4601 783 4655 si
821 4616 960 4671 aqua
1003 4601 1270 4667 hauritur,
1315 4603 1383 4656 ad
1411 4601 1814 4658 fundamentum
1839 4613 1892 4675 ι)

244 4691 575 4761 pervenitur.
603 4690 710 4746 Sed
735 4691 862 4761 quid
881 4691 1101 4761 prodest
1125 4700 1179 4746 et
1200 4692 1365 4746 vitam
1394 4691 1588 4746 talibus
1609 4692 1814 4759 tollere,

245 4780 440 4850 quibus
506 4779 561 4835 in
623 4779 972 4834 fundamento
1033 4778 1172 4852 (qui
1223 4789 1306 4835 est
1364 4779 1657 4853 Christus)
1707 4782 1817 4836 vita

243 4881 446 4928 aeterna
472 4873 591 4929 est?
631 4872 758 4927 dum
784 4881 975 4942 putant
996 4887 1194 4928 nocere
1233 4872 1383 4940 mali,
1412 4888 1639 4936 coronas
1664 4875 1815 4930 dant.

317 4981 482 5038 Vens.
516 4984 570 5040 8.
591 5013 663 5024 -
684 4981 848 5037 Filia.
881 4983 1064 5056 (Aus.)
1112 4982 1217 5040 Per
1247 4985 1642 5041 successionem
1671 4985 1815 5043 facta

246 5083 330 5132 est
369 5076 479 5132 lilia
502 5077 790 5149 Babylonis
819 5078 1012 5134 civitas
1047 5078 1332 5146 malorum,
1363 5081 1503 5136 sicut
1531 5081 1811 5151 Ecclesia;

245 5170 547 5227 Jerusalem
593 5171 821 5238 scilicet,
853 5171 1045 5228 civitas
1075 5173 1338 5229 bonorum
1367 5190 1466 5246 per
1513 5176 1814 5232 successio-

247 5278 372 5318 nem
414 5263 523 5318 ﬁlia
556 5262 706 5319 Sion.
740 5263 942 5336 (Cass.)
986 5262 1132 5319 Filia
1170 5264 1456 5337 Babylonis
1514 5267 1813 5324 moraliter.

247 5353 388 5412 Caro
415 5364 522 5423 est,
549 5371 670 5428 qum
703 5355 1094 5424 confusionem,
1131 5367 1261 5426 etc.,
1297 5376 1458 5431 usque
1497 5362 1566 5414 ad
1593 5360 1819 5417 allidunt

245 5447 314 5501 ad
341 5454 549 5517 petram
578 5447 872 5515 Christum,
906 5456 964 5502 ut
990 5449 1253 5504 confracti
1283 5450 1610 5520 dispereunt.
1709 5483 1712 5486 ~

304 5564 470 5619 Vens.
503 5564 557 5620 9.
585 5564 851 5618 —Beatus
863 5566 951 5636 qui
967 5565 1179 5620 tenebit.
1203 5565 1264 5636 (A
1274 5565 1385 5636 uc.)
1403 5565 1574 5632 Quam
1593 5568 1822 5622 retribu-

247 5655 572 5711 tionemiut
608 5655 898 5726 Babylonia
947 5665 1104 5711 natos
1127 5656 1183 5711 in
1231 5657 1450 5721 mundo,
1499 5657 1626 5711 dum
1668 5659 1818 5727 parvi

247 5758 397 5812 sunt,
427 5756 711 5819 parentum
741 5759 796 5803 et
819 5747 997 5803 seculi
1020 5747 1247 5802 sullocat
1283 5748 1559 5804 erroribus
1587 5765 1598 5800 :
1628 5749 1698 5802 ita
1727 5749 1816 5817 qui

241 5838 355 5909 jam
375 5837 617 5908 juvenes,
643 5839 766 5895 data
799 5837 1071 5910 agnitione
1092 5838 1207 5905 Dei,
1245 5838 1503 5910 parvulos
1523 5838 1814 5909 Babylonis

1911 1964 2106 2036 quibus
2116 1964 2316 2035 aequari
2329 1965 2468 2022 sicut
2492 1981 2654 2031 nunc,
2673 1965 2746 2019 ita
2760 1972 2900 2034 post,
2917 1963 3179 2035 dignitate
3201 1969 3476 2032 exspecto.

1913 2053 1979 2109 lli
2006 2062 2185 2108 autem
2217 2055 2270 2108 in
2295 2054 2452 2110 laude
2479 2054 2573 2110 Dei
2611 2053 2745 2110 nihil
2793 2053 2937 2108 aliud
2964 2059 3294 2123 proponunt,
3321 2067 3486 2122 quam

1913 2147 2106 2216 ipsum.
2141 2144 2210 2200 In
2230 2155 2499 2216 conspectu
2522 2160 2650 2216 ergo
2675 2143 3004 2216 angelorum,
3034 2143 3090 2197 in
3139 2157 3204 2198 ea
3228 2142 3486 2214 puritate,

1911 2254 2019 2312 qua
2062 2247 2113 2295 te
2134 2238 2470 2311 conspiciunt
2493 2237 2691 2310 angeli,
2717 2246 2774 2294 ut
2793 2237 2850 2293 in
2893 2245 2944 2292 te
2971 2235 3087 2293 solo
3111 2235 3216 2292 sibi
3259 2234 3480 2306 acquie-

1913 2343 2086 2401 scant,
2113 2347 2212 2404 ego
2236 2329 2471 2387 Psallam
2502 2331 2618 2386 tibi.

1981 2454 2147 2509 Vens.
2203 2449 2551 2522 2.—Super
2596 2449 2973 2505 misericordia.
3018 2446 3172 2520 (ln.)
3224 2444 3489 2502 Universte

1913 2545 2009 2599 vite
2038 2542 2249 2598 Domini
2275 2540 2632 2597 misericordia
2669 2550 2717 2594 et
2757 2539 2945 2595 ueritas
2983 2555 3001 2594 :
3047 2538 3167 2594 Non
3209 2544 3334 2594 sunt
3372 2536 3492 2593 alia!

1913 2635 2033 2701 viae,
2065 2634 2260 2706 quibus
2283 2633 2350 2688 ad
2381 2647 2478 2688 nos
2501 2632 2671 2698 venit,
2703 2630 2820 2687 Non
2842 2639 2970 2686 sunt
3010 2629 3148 2696 alite,
3177 2629 3372 2701 quibus
3418 2627 3488 2684 ad

1915 2740 2039 2781 eum
2063 2725 2342 2782 veniamus
2373 2740 2386 2777 :
2422 2723 2519 2778 has
2559 2721 2670 2778 Deo
2715 2721 3021 2788 reddamus,
3058 2719 3490 2777 misericordiam

1914 2815 1970 2872 in
1991 2813 2378 2879 subveniendo,
2419 2813 2701 2868 veritatem
2732 2813 2785 2867 in
2811 2810 3124 2881 judicando.
3153 2810 3321 2882 Super
3341 2825 3492 2865 omne

1914 2923 2099 2962 nomen
2139 2915 2377 2961 sanctum
2425 2914 2590 2959 tuum.
2635 2902 2862 2976 (Cass.)
2924 2903 3021 2960 Vel
3068 2919 3228 2975 super
3290 2916 3489 2958 nomen

1915 3007 2159 3054 sanctum
2189 3008 2362 3062 tuum,
2391 3012 2516 3052 cum
2569 2998 2724 3054 nobis
2745 2996 2955 3052 cultura
2978 3005 3069 3052 tua
3095 2995 3348 3052 innotuit.

1986 3087 2151 3144 Vens.
2186 3088 2334 3142 5.-
2363 3088 2431 3142 In
2452 3088 2648 3143 anima.
2693 3089 2762 3143 Et
2809 3088 2934 3159 quia
2979 3089 3035 3143 in
3089 3090 3267 3144 anima
3307 3096 3491 3160 potest

1915 3179 2033 3237 ﬁeri
2064 3179 2297 3235 carnalis
2324 3178 2718 3250 multiplicatio,
2741 3180 2910 3244 addit,
2937 3180 3178 3234 uirtutem
3199 3181 3356 3250 quasi
3381 3195 3493 3236 non

1840 3255 1887 3319 (ἶ
1917 3272 2060 3328 aliud
2087 3273 2142 3326 in
2171 3272 2349 3326 anima
2370 3279 2518 3342 peto,
2546 3271 2651 3327 nisi
2673 3270 2952 3327 virtutem.

1987 3364 2153 3420 Vens.
2179 3363 2234 3418 4.
2267 3393 2341 3405 -
2362 3363 2738 3434 Confiteantur.
2766 3363 2889 3436 (Ιυ.)
2919 3362 3166 3420 Secunda
3209 3378 3356 3434 pars,
3399 3363 3495 3421 ubi

1915 3456 2047 3512 dicit
2068 3447 2338 3526 quomodo
2372 3456 2488 3510 haec
2534 3457 2675 3510 bona
2714 3456 2781 3510 ad
2802 3469 2991 3511 omnes
3038 3455 3147 3510 sint
3195 3452 3489 3510 dilatanda.

1915 3547 2078 3614 Quasi
2106 3561 2228 3603 meo
2257 3545 2502 3617 exemplo
2529 3563 2543 3600 :
2568 3545 2949 3616 Conﬁteantur,
2977 3553 3082 3602 etc.
3116 3543 3307 3600 Omnia
3334 3545 3489 3600 verba

1915 3639 2022 3693 oris
2042 3639 2138 3692 tui.
2165 3636 2347 3711 (Αυθ.)
2377 3636 2507 3704 Quae
2535 3638 2695 3692 modo
2719 3637 2918 3708 ubique
2959 3636 3195 3693 revelata
3234 3644 3381 3700 sunt,
3427 3643 3485 3691 et

1917 3734 1985 3789 ad
2009 3747 2196 3790 omnes
2231 3741 2418 3805 gentes
2451 3732 2636 3799 missa,
2661 3739 2794 3796 etc.,
2819 3747 2983 3803 usque
3009 3733 3079 3787 ad
3103 3739 3159 3787 et
3177 3731 3252 3787 ita
3287 3729 3491 3787 vellere

1916 3827 2138 3892 siccato,
2166 3825 2443 3879 audierunt
2479 3825 2654 3879 omnia
2695 3823 2865 3886 verba,
2889 3832 2994 3877 etc.

1986 3917 2148 3973 Vens.
2183 3916 2312 3971 5.—
2334 3913 2528 3986 Magna
2549 3924 2623 3969 est
2644 3913 2835 3984 gloria.
2859 3913 2981 3986 (ln.)
3007 3911 3064 3969 Si
3086 3913 3317 3968 humiles
3337 3920 3489 3980 sunt,

1914 4010 2018 4066 hoc
2050 4017 2235 4064 amant
2255 4018 2310 4063 et
2335 4015 2574 4070 cantant,
2605 4022 2731 4060 nam
2768 4005 2813 4060 si
2839 4019 2898 4060 se
2929 4003 3242 4070 extulerint,
3271 4005 3494 4061 timeant

1916 4099 2059 4170 quod
2087 4099 2351 4168 sequitur,
2391 4096 2656 4162 Quoniam
2677 4095 2910 4150 excelsus
2941 4093 3214 4149 Dominus.
3249 4093 3489 4150 Humilia

1915 4192 2144 4260 respicit.
2175 4189 2376 4263 (Cass)
2418 4189 2535 4244 Non
2582 4196 2665 4244 est
2702 4189 2791 4243 hic
2825 4189 3059 4243 humana
3095 4187 3350 4251 conditio,
3394 4186 3486 4241 ubi

1916 4283 2136 4339 humilis
2164 4282 2479 4353 despicitur,
2507 4281 2771 4350 superbus
2813 4279 3133 4349 respicitur;
3177 4277 3269 4333 sed
3308 4277 3490 4332 Domi-

1915 4391 2018 4431 nus
2053 4375 2285 4431 humiles
2318 4372 2559 4442 respicit.

1984 4466 2168 4521 Alta’a
2198 4463 2348 4533 longe
2372 4460 2653 4532 cognoscit.
2690 4457 2873 4532 (Αοσ.)
2901 4458 3017 4515 Νοη
3047 4459 3152 4516 hoc
3173 4459 3283 4532 agit
3305 4474 3493 4530 super-

1915 4555 2038 4622 bus,
2061 4563 2190 4620 etc.,
2223 4569 2386 4623 usque
2413 4552 2483 4604 ad
2526 4551 2769 4619 lugentes
2799 4551 2944 4607 hunc
2994 4551 3308 4620 incolatum,
3349 4552 3492 4608 unde

1919 4645 2182 4702 subditur.

1990 4734 2153 4790 Vens.
2191 4735 2244 4788 7.
2261 4732 2395 4790 —Si
2451 4731 2784 4788 ambulavero
2821 4732 2879 4787 in
2907 4731 3076 4788 medio
3113 4731 3488 4790 tribulationis.

1915 4827 2086 4884 Aliter
2111 4843 2218 4883 non
2245 4826 2502 4889 viviﬁcat,
2521 4825 2624 4881 nisi
2652 4826 2708 4879 in
2737 4825 2906 4879 medio
2927 4824 3298 4893 tribulationis,
3322 4827 3488 4894 unde,

1915 4921 2068 4977 Beati
2088 4924 2178 4993 qui
2210 4920 2404 4990 lugent,
2431 4935 2506 4974 va:
2543 4917 2849 4973 ridentibus.

1990 5012 2162 5083 Super
2215 5014 2372 5066 iram.
2424 5011 2554 5083 (ln.)
2586 5009 2701 5066 Hoc
2755 5010 2952 5080 ipsum,
2996 5011 3141 5082 quod
3181 5010 3491 5066 irascuntur

1919 5105 2074 5172 mihi,
2108 5113 2196 5159 tua
2225 5112 2309 5160 est
2343 5104 2396 5158 in
2430 5104 2550 5159 illos
2595 5103 3012 5169 animadversio,
3062 5101 3115 5157 id
3136 5109 3218 5156 est
3257 5100 3488 5171 punitio.

1919 5197 2017 5252 Est
2043 5197 2189 5251 enim
2209 5197 2290 5252 eis
2320 5196 2480 5251 irasci
2508 5209 2686 5267 pinna,
2727 5212 2836 5252 non
2881 5202 3089 5250 tantum
3133 5193 3308 5265 culpa.
3352 5193 3489 5249 Dum

1919 5304 2048 5362 ergo
2071 5289 2173 5344 hoc
2197 5287 2484 5358 permittis,
2539 5302 2702 5360 super
2747 5300 2937 5345 omnes
2970 5284 3223 5341 vindicta:
3271 5299 3492 5340 manum

1921 5380 2186 5436 extendis.

1995 5471 2220 5527 Dextera
2240 5482 2350 5525 tua.
2376 5469 2493 5526 Non
2518 5470 2680 5527 habet
2729 5471 2870 5525 Deus
2897 5470 3169 5524 dexteram
3215 5466 3302 5524 vel
3335 5467 3497 5527 sinis-

1924 5572 2082 5626 tram,
2111 5562 2207 5618 sed
2231 5563 2450 5618 dextera
2487 5561 2582 5617 Dei
2611 5561 2807 5616 dicitur
2832 5560 3060 5615 felicitas
3089 5568 3312 5625 aeterna,
3357 5559 3494 5617 sini-

1921 5661 2034 5706 stra
2063 5651 2290 5707 felicitas
2322 5653 2650 5724 temporalis.
2676 5651 2978 5721 Aliquando
3021 5665 3151 5721 ergo
3188 5665 3292 5705 non
3323 5648 3501 5707 salvat

1921 5746 1974 5798 in
2005 5743 2224 5800 sinistra
2255 5754 2470 5802 sanctos
2502 5759 2648 5810 suos,
2689 5741 2783 5798 sed
2826 5757 3040 5814 semper
3085 5742 3259 5798 salvat
3289 5756 3391 5800 eos
3439 5742 3497 5801 iu

1919 5837 2164 5895 dextera.
