4008 6348
587 456 733 519 1059

1085 450 1481 511 WALAFRIDI
1519 447 1767 507 STRABI
1804 444 2008 505 FULD.
2050 439 2185 499 MON

2194 440 2217 498 '.
2257 440 2406 500 ore.
2444 442 2625 501 rans
2659 443 2704 501 1.
2739 441 3302 533 ⁸...ΤΗΙεοιοίιιίιιι

3642 448 3747 515 ίῢω

657 570 823 631 Vens.
854 564 909 626 8.
932 597 1002 609 —
1030 565 1312 622 Retribuat.
1360 562 1541 636 (Αυο.)
1565 560 1717 630 Quod
1747 574 1846 631 ego
1890 574 1997 614 non
2034 571 2159 627 pos-
2184 558 2235 623 Α
2261 573 2406 624 num,
2436 556 2518 613 vel
2548 557 2601 613 in
2630 556 2976 628 profundum,
3013 564 3070 613 et
3096 558 3284 614 nolens
3309 555 3570 616 conﬁteri:
3593 560 3750 639 dicam,

589 676 733 730 sum,
758 668 890 727 etc.,
921 674 1081 730 usque
1105 657 1175 711 ad
1202 657 1255 710 in
1275 670 1382 726 quo
1405 654 1656 726 princeps
1684 650 1871 707 mundi
1886 655 2170 721 peccatum

589 772 699 816 non
743 753 969 821 invenit,
998 765 1165 823 quare
1192 748 1482 804 occideret.

1036 884 1360 944 PSALMUS
1402 880 1733 939 CXXXVIII.

665 1025 830 1083 Vitas.
854 1020 1015 1079 1.-1
1018 1038 1051 1076 n
1075 1020 1233 1091 finem
1251 1017 1483 1091 psalmus
1505 1015 1697 1071 David.
1716 1011 1914 1089 (Cass)
1929 1011 2175 1069 Psalmus

593 1115 960 1189 profunditate
996 1110 1376 1183 mysteriorum
1415 1107 1624 1178 plenus,
1657 1113 1786 1172 etc.,
1818 1121 1980 1176 usque
2007 1103 2076 1158 ad
2116 1102 2176 1157 in

596 1208 873 1280 prophetis
909 1204 1135 1270 velatus,
1183 1203 1238 1259 in
1265 1201 1554 1274 Evangelio
1602 1198 1943 1255 manifestus.
1990 1194 2174 1270 (Auo.)

594 1297 861 1370 Loquitur
903 1300 1051 1352 totus
1075 1295 1344 1359 Christus,
1380 1303 1634 1365 tanquam
1676 1307 1816 1348 unus
1863 1299 1920 1347 et
1968 1291 2180 1363 integer

595 1387 703 1455 vir,
724 1397 854 1454 etc.,
888 1403 1051 1459 usque
1076 1386 1145 1439 ad
1177 1385 1317 1440 sicut
1345 1384 1451 1439 duo
1473 1384 1526 1438 in
1568 1398 1733 1438 carne
1759 1396 1884 1437 una.
1934 1379 2177 1441 Domine,

597 1477 826 1550 probasti
842 1492 940 1531 me.
965 1474 1167 1549 (Cass)
1186 1474 1386 1540 Primo,
1406 1474 1472 1529 de
1500 1474 1689 1529 notitia
1711 1473 1831 1539 Dei,
1859 1481 1990 1537 etc.,
2017 1486 2180 1542 usque

599 1570 671 1627 ad
690 1576 909 1641 quarto,
923 1567 1190 1639 quomodo
1207 1567 1334 1623 mali
1355 1568 1405 1622 ei
1427 1582 1533 1623 non
1554 1573 1806 1632 noceant,
1829 1565 1924 1631 ibi,
1953 1563 2011 1619 Si
2041 1563 2178 1618 oeci-

602 1662 769 1729 deris,
806 1662 969 1727 Deus,
1009 1669 1115 1717 etc.
1142 1660 1382 1723 Domine,
1425 1660 1677 1731 probasti.
1726 1658 1909 1730 (AUG.)
1950 1655 2071 1712 Iam
2122 1655 2180 1710 in

596 1751 899 1811 Jerusalem
932 1754 1233 1819 restitutus,
1259 1760 1390 1816 etc.,
1424 1769 1586 1823 usque
1604 1751 1672 1805 ad
1695 1751 1811 1806 haec
1830 1758 1917 1806 est
1942 1762 2179 1821 persona

599 1846 767 1903 totius
792 1845 1041 1900 humana:
1070 1852 1273 1899 natura:
1321 1842 1661 1899 revertentis.

2269 649 2392 720 quis
2419 665 2504 704 me
2522 648 2710 704 videt?
2736 649 2894 715 Ades,
2923 656 2984 704 ut
3007 648 3267 705 vindices.
3290 647 3489 739 invenit
3512 651 3751 727 consilium,

2270 737 2365 795 sed
2391 738 2470 793 sic
2494 746 2681 809 potero
2706 737 2891 810 fugere
2915 739 3134 793 iratum.

2342 831 2507 887 Vens.
2537 829 2592 886 9.
2616 861 2689 871 —
2734 828 2795 886 Si
2822 845 3090 901 sumpsero
3117 844 3332 900 pennas,
3360 828 3486 886 duas
3506 829 3603 889 alas
3624 832 3754 893 chari-

2272 922 2416 988 tatis,
2444 932 2580 993 quas
2606 921 2964 992 perdideram.

2346 1014 2573 1070 Pennas.
2611 1013 2816 1086 (Cass)
2845 1012 2975 1081 Quae
3010 1024 3145 1068 meae
3176 1012 3478 1083 potestatis,
3516 1013 3562 1070 id
3583 1022 3651 1071 est
3674 1016 3755 1073 ed-

2274 1108 2480 1162 oaciam
2516 1105 2751 1171 deitatis,
2778 1120 2883 1176 qua
2912 1118 3110 1174 corpus
3136 1103 3205 1159 de
3225 1102 3661 1174 sepulcroievavit.
3681 1107 3758 1165 llas

2275 1196 2503 1267 sumpsit
2527 1193 2782 1262 diluculo,
2811 1202 2936 1250 ante
2963 1195 3156 1259 lucem,
3189 1192 3245 1249 id
3269 1200 3372 1259 est,
3398 1203 3614 1266 tempore
3631 1212 3759 1254 resur-

2275 1288 2569 1344 rectionis:
2614 1295 2669 1344 et
2706 1287 2958 1342 habitarit
2990 1287 3047 1341 in
3078 1286 3325 1341 extremis
3358 1288 3528 1355 maris,
3568 1287 3651 1343 hoc
3678 1299 3757 1357 est,

2276 1392 2439 1448 super
2470 1376 2651 1432 smculi
2686 1376 3081 1447 amplissimum
3116 1374 3300 1431 ﬁnem.
3351 1374 3419 1430 Et
3453 1376 3697 1433 habitavere
3721 1384 3760 1436 is

2276 1469 2537 1525 extremis.
2572 1466 2752 1539 (Aue.)
2788 1466 2986 1533 Mente,
3014 1467 3071 1522 in
3099 1465 3208 1522 line
3234 1467 3433 1535 saeculi,
3460 1476 3513 1523 ut
3532 1482 3623 1524 non
3643 1484 3762 1526 stetu-

2276 1560 2386 1616 lum
2417 1574 2622 1625 amem,
2652 1557 2746 1614 sed
2772 1558 2887 1629 ejus
2915 1558 3077 1614 linem
3094 1597 3113 1626 ,
3142 1558 3199 1613 in
3224 1574 3332 1630 quo
3359 1558 3427 1615 sit
3450 1559 3570 1615 mihi
3590 1560 3758 1632 requies.

2278 1649 2385 1707 Sed
2413 1659 2468 1706 et
2495 1650 2610 1719 ipse
2639 1646 2767 1705 illuc
2793 1648 2962 1717 ducit,
2988 1652 3131 1706 unde
3155 1651 3343 1706 subdit
3369 1668 3383 1705 :

2336 1743 2514 1800 Vens.
2546 1741 2722 1797 10.-
2750 1741 2959 1797 Etenim
2986 1742 3111 1799 illuc
3137 1760 3327 1800 manus
3353 1753 3458 1799 tua.
3487 1743 3765 1801 Considera»

2277 1843 2457 1892 autem
2483 1833 2937 1907 longinquitatem
2962 1835 3079 1900 vite,
3111 1834 3326 1892 subdit:

668 1932 832 1989 Vens.
862 1931 1011 1987 5.-
1049 1930 1382 1985 Intellexisti.
1426 1929 1625 2002 (Cass)
1668 1928 2021 1986 Praescientia
2062 1928 2176 1985 dei-
2203 1907 2253 1970 Β
2348 1928 2513 1984 Vnns.
2547 1926 2730 1982 li.-—
2756 1925 2827 1981 Et
2865 1926 3011 1993 dixi,
3051 1925 3281 1997 forsitan
3330 1925 3536 1982 tenebrat
3565 1931 3764 1981 emulct-

601 2025 730 2080 tatis
754 2023 849 2080 hic
871 2022 1200 2089 ostenditur,
1250 2030 1381 2087 etc.,
1429 2039 1588 2093 usque
1630 2022 1699 2076 ad
1746 2021 1871 2091 quia
1897 2021 2061 2077 homo
2092 2034 2179 2076 as-

597 2123 843 2186 sumptus
869 2113 1067 2171 divinae
1106 2112 1418 2168 substantiae
1466 2127 1573 2167 non
1612 2118 1789 2183 potest
1832 2109 2055 2181 aequari.
2101 2107 2177 2164 De

598 2204 768 2277 longe.
796 2203 981 2277 (Αυς.)
1002 2203 1137 2261 Cum
1160 2203 1338 2259 adhuc
1362 2203 1417 2258 in
1439 2202 1877 2274 peregrinatione
1916 2216 2056 2267 sum,
2088 2216 2182 2256 an-

599 2304 816 2366 tequam
838 2295 907 2350 ad
943 2294 1176 2366 patriam
1202 2294 1437 2359 veniam,
1465 2302 1524 2348 ut
1544 2291 1652 2348 lilio
1688 2291 1883 2346 minori
1931 2289 2179 2347 redeunti

596 2387 809 2445 occurit
828 2394 1007 2459 pater,
1023 2385 1150 2457 quia
1174 2384 1432 2441 intellexit
1462 2384 1578 2455 ejus
1601 2382 1954 2458 cogitationes
1975 2383 2041 2441 de
2063 2382 2181 2436 lon-

596 2477 815 2553 ginqua,
846 2476 968 2547 quia
1021 2477 1162 2548 apud
1198 2489 1258 2532 se
1306 2475 1515 2531 dixerat
1568 2484 1813 2547 egestare
1852 2474 2128 2531 conlectus
2162 2493 2175 2528 :

607 2560 833 2639 Surgam
858 2577 905 2623 et
934 2566 1017 2623 ibo
1041 2567 1112 2623 ad
1148 2578 1349 2641 patrem
1382 2580 1573 2622 meum.

683 2655 934 2713 Semitam
961 2672 1152 2725 meam,
1186 2656 1393 2715 scilicet
1444 2656 1665 2725 malam,
1709 2672 1815 2728 qua
1846 2656 1938 2723 ivi,
1968 2665 2179 2727 patrem

598 2746 872 2805 deserens.
1514 2767 1518 2771 ’

672 2834 743 2895 Et
768 2840 1081 2912 funiculum.
1112 2840 1303 2915 (Alias)
1344 2840 1591 2909 limitem,
1616 2856 1895 2914 quousque
1916 2840 2135 2913 perveni
2164 2858 2177 2893 :

601 2931 763 3005 longe
783 2932 998 3005 quidem
1030 2932 1223 3000 ieram,
1250 2930 1346 2989 sed
1370 2940 1427 2987 tu
1452 2932 1545 2989 ibi.
1582 2930 1655 2989 Ut
1692 2933 2058 3005 deprehensus
2106 2930 2185 2987 lu-

608 3022 814 3095 gitivus
838 3020 1091 3092 loquitur,
1126 3031 1385 3093 sequente
1415 3034 1474 3079 se
1502 3020 1739 3079 vindicta
1779 3022 1895 3079 Dei.

672 3110 840 3170 Vens.
863 3113 918 3169 4.
942 3143 1012 3154 —-
1048 3110 1120 3168 Et
1154 3128 1330 3169 omnes
1354 3114 1465 3168 vias
1492 3128 1634 3169 meas
1673 3130 1693 3169 :
1722 3122 2015 3185 antequam
2042 3113 2180 3168 irem

601 3222 717 3279 eas,
743 3207 1114 3280 etpermisisti
1146 3220 1232 3263 me
1284 3207 1339 3261 in
1371 3204 1554 3263 labore
1601 3206 1701 3273 ire,
1752 3215 1812 3261 ut
1854 3205 2089 3262 redirem
2136 3204 2180 3259 si
2208 3249 2259 3323 ϐ

604 3301 797 3323 ...Α11....Δ
832 3300 1076 3323 ι-ι.,.......,.
1131 3295 1427 3323 ιιληέηερηι..
1490 3297 1625 3323 n..:-
1669 3314 1770 3323 μ-..
1819 3306 1884 3323 --ε
1929 3296 2076 3323 ΔΑΙ..-
2126 3298 2179 3323 2...

603 3301 802 3359 nollem
832 3300 1097 3367 laborare,
1131 3299 1235 3355 hoc
1253 3295 1446 3354 fateor.
1489 3297 1625 3365 Quia
1668 3314 1772 3352 non
1811 3306 1884 3352 est
1924 3296 2076 3352 dolus
2126 3298 2181 3351 in

609 3389 792 3463 lingua
819 3404 936 3445 mea
958 3401 978 3442 :
1000 3389 1114 3461 jam
1144 3388 1199 3443 in
1232 3396 1322 3444 tua
1364 3388 1536 3461 gratia
1560 3387 1861 3461 justiﬁcati.

675 3477 842 3534 Vens.
858 3474 1289 3536 5.—Novissitna
1314 3494 1454 3547 mea,
1480 3480 1692 3551 quando
1704 3494 1900 3551 porcos
1918 3479 2062 3552 pavi,
2077 3478 2185 3535 An-

605 3568 773 3645 tiqua,
789 3572 1003 3645 quando
1028 3578 1231 3645 partem
1256 3573 1569 3630 substantia:
1586 3575 1736 3646 petii,
1765 3577 1865 3632 hoc
1890 3576 2185 3637 secundum

603 3663 937 3735 parabolam.
970 3662 1075 3720 Sed
1102 3665 1346 3736 mystice,
1371 3664 1620 3736 Antiqua,
1649 3667 1865 3736 quando
1902 3680 2001 3736 per
2051 3667 2188 3722 anti-

608 3766 775 3827 quum
796 3746 1075 3826 peccatum
1087 3752 1224 3828 lapsi
1247 3762 1460 3813 sumus:
1479 3756 1803 3819 Novissima,
1814 3770 1998 3830 ptena,
2011 3772 2185 3829 quan-

607 3846 677 3903 do
700 3848 754 3902 in
780 3848 921 3903 hanc
945 3848 1325 3904 mortalitatem
1356 3849 1622 3916 venimus,
1646 3864 1766 3921 quze
1793 3858 1876 3906 est
1905 3850 2110 3917 ultima,
2139 3851 2184 3906 si

610 3939 791 3994 redire
815 3938 1064 3996 volumus
1090 3940 1325 4010 alioquin
1348 3948 1517 3999 restat
1538 3951 1761 3997 aeterna.
1792 3938 2061 3996 Formasti
2081 3959 2187 4011 me,

614 4030 686 4085 ad
705 4028 932 4095 labores,
952 4029 1018 4084 ad
1032 4042 1170 4101 quos
1187 4045 1375 4086 omnes
1386 4031 1499 4085 nati
1513 4046 1719 4086 sumus.
1736 4028 2188 4105 Posuisti.(Alias)

614 4114 863 4180 Gravasti
911 4136 1151 4191 manum,
1201 4122 1492 4189 vindicem,
1547 4132 1859 4196 gravantem
1897 4124 2189 4195 superbum

613 4214 925 4283 salubriter,
948 4220 1008 4271 ut
1033 4214 1208 4286 erigat
1238 4214 1515 4284 humilem,
1540 4215 1593 4271 in
1622 4222 1843 4284 gravata
1876 4232 2057 4272 manu.

678 4306 845 4362 Vens.
873 4306 926 4362 6.
952 4334 1022 4347 —-
1049 4305 1336 4374 lirabilit,
1361 4315 1416 4362 et
1441 4307 2003 4380 incomprehensibilis
2031 4309 2185 4365 mihi.

612 4393 784 4452 Facta
811 4406 887 4452 est
914 4398 1151 4453 scientia.
1199 4396 1315 4454 Non
1354 4409 1438 4455 est
1470 4397 1605 4454 mihi
1643 4396 1801 4454 facile
1831 4398 2189 4472 contemplari

612 4496 689 4553 te,
720 4500 880 4556 quem
904 4490 1170 4560 superbus
1194 4488 1385 4561 reliqui
1403 4530 1419 4557 ,
1449 4492 1511 4546 ut
1536 4490 1689 4563 prius
1718 4499 1983 4548 eratcum
2013 4508 2189 4550 essem

2278 2021 2427 2087 bunt,
2448 2032 2556 2076 etc.
2587 2019 2841 2075 Abundat
2868 2019 3128 2089 iniquitas
3150 2018 3359 2086 saeculi,
3385 2034 3484 2090 qua
3506 2032 3661 2089 penne:
3679 2018 3766 2074 cis-

2280 2113 2460 2170 ritatis
2491 2111 2845 2184 refrigescere
2870 2120 3116 2183 possunt.
3150 2113 3223 2167 Et
3250 2112 3375 2183 quia
3400 2112 3455 2167 in
3481 2109 3765 2181 noetcdespe-

2280 2207 2397 2263 ravi
2425 2206 2661 2262 transire
2688 2221 2863 2272 mare,
2895 2221 3003 2261 nox
3031 2206 3167 2262 mihi
3199 2205 3342 2262 facta
3377 2212 3458 2261 est
3491 2202 3763 2259 illuminatio;

2280 2297 2442 2353 Venit
2470 2296 2680 2363 mulier,
2714 2297 2980 2367 sapientia
3007 2296 3124 2364 Dei,
3152 2312 3277 2368 quae
3304 2296 3608 2359 drachmam,
3627 2294 3693 2348 ubi
3712 2301 3766 2348 est

2281 2389 2460 2460 imago
2494 2388 2670 2460 regis,
2709 2388 2763 2444 id
2798 2396 2882 2444 est
2918 2388 3217 2453 hominem,
3250 2383 3767 2459 perdideratnccendit

2283 2479 2348 2536 de
2378 2495 2436 2536 se
2463 2478 2763 2545 lucernam,
2795 2494 2917 2550 qua:
2942 2479 3008 2534 de
3038 2478 3152 2534 luto
3180 2490 3300 2544 est,
3339 2476 3393 2533 id
3417 2484 3496 2534 est
3514 2488 3705 2539 carnem,
3731 2480 3766 2526 et

2281 2579 2441 2627 nocte
2465 2570 2765 2626 illuminata
2793 2570 2997 2626 invenit
3022 2570 3356 2626 drachmam.

2353 2656 2423 2717 Et
2449 2661 2581 2717 dixi.
2611 2662 2790 2735 (Auc.)
2822 2661 3143 2718 Deliberavi.

2355 2752 2610 2808 Forsitan
2637 2763 2704 2807 te.
2754 2752 3030 2809 Tenebras
3059 2752 3193 2808 dicit
3223 2749 3368 2806 illam
3397 2746 3660 2805 inferiorem
3681 2754 3765 2815 pat-

2282 2850 2393 2899 tem
2442 2843 2723 2899 rationalis
2764 2851 3063 2909 creatum,
3113 2842 3445 2899 contrariam
3476 2839 3763 2900 insistentem,

2282 2934 2489 2991 scilicet
2532 2935 2745 3006 iniquos
2776 2933 3021 2990 homines
3040 2932 3123 2989 vel
3147 2942 3388 2999 carnem,
3410 2931 3540 2987 unde
3561 2929 3705 2985 timet:
3722 2925 3766 2981 Et

2282 3026 2389 3092 est,
2422 3025 2686 3094 Tenebris,
2719 3026 2771 3083 id
2816 3035 2901 3083 est
2944 3025 3170 3083 inferior
3202 3024 3474 3083 rationalis
3499 3028 3696 3081 creatura
3715 3018 3765 3074 si-

2282 3119 2511 3175 nistram
2539 3128 2731 3175 tenens
2756 3118 2920 3174 viam.

2356 3208 2800 3268 Conculcaverunt
2834 3230 2938 3268 me.
2988 3211 3112 3284 (1ο.)
3155 3211 3241 3267 Ita
3294 3210 3551 3276 timebam,
3591 3204 3667 3262 sed
3698 3216 3767 3257 κω

2284 3303 2427 3375 facta
2454 3313 2531 3358 est
2560 3301 2899 3370 illuminatio,
2934 3305 2990 3359 in
3016 3303 3222 3359 deliciis
3250 3302 3395 3369 meis,
3419 3301 3469 3357 id
3492 3306 3567 3355 est
3588 3294 3670 3352 illi
3688 3290 3764 3363 qui.

2282 3396 2433 3468 P1503
2479 3410 2625 3462 ηοι,
2672 3395 2958 3451 illuminati
3001 3403 3165 3452 erunt
3210 3394 3268 3451 in
3308 3391 3522 3451 deliciis.
3577 3386 3685 3454 Quis
3720 3392 3763 3435 te.

2283 3486 2621 3544 Peccatores.

2356 3577 2521 3635 Vens.
2553 3578 2643 3634 12.
2669 3604 2741 3620 -ι
2768 3577 2896 3635 Non
2930 3578 3371 3645 obscurabuntur,
3398 3584 3520 3642 αα,
3552 3583 3595 3629 et
3622 3585 3722 3628 τηε.
3746 3578 3768 3619 ³

2283 3670 2663 3743 peccatoribus
2716 3668 3059 3740 degentibus.
3106 3667 3265 3725 Sicut
3300 3669 3425 3734 dies,
3470 3666 3523 3721 id
3551 3669 3621 3719 est
3650 3654 3769 3715 uncti

2285 3760 2353 3816 de
2391 3759 2609 3815 Iudaeis.
2662 3756 2810 3815 Sicut
2851 3761 3075 3814 tenebrte
3100 3758 3249 3829 ejus,
3286 3758 3361 3813 ita
3397 3765 3443 3811 et
3477 3753 3655 3815 Mss,
3685 3744 3769 3816 qui!

2286 3860 2555 3923 quatenus
2594 3850 2867 3923 agnoscis,
2908 3858 3136 3906 eatenus
3164 3849 3414 3920 ignoscit.
3463 3838 3773 3903 Sedundelu

2285 3943 2465 4001 mihi?
2501 3945 2626 4013 quia
2655 3935 2712 3996 tu
2741 3941 3014 4013 possedisti
3054 3956 3203 3996 renes
3238 3957 3398 3996 meos.
3448 3935 3571 4004 Quia
3594 3928 3771 3988 testim

2288 4034 2473 4109 (AUG.)
2519 4033 2621 4103 Qui
2669 4049 2776 4089 non
2820 4032 3113 4090 conﬁtetur
3151 4041 3407 4104 peccata,
3450 4034 3565 4086 suas
3597 4021 3775 4079 tenebat

2287 4126 2577 4193 tenebras;
2623 4124 2718 4181 sed
2761 4124 2807 4181 si
2852 4124 3163 4190 conﬁtetur,
3207 4124 3351 4180 Deus
3380 4122 3633 4179 illuminat.
3671 4112 3773 4169 Sita!

2288 4215 2512 4271 tenebraz
2547 4215 2682 4286 ejus.
2734 4213 2943 4271 Nostrae
2967 4215 3174 4281 noctis,
3223 4215 3279 4271 id
3315 4222 3424 4281 est,
3466 4213 3675 4268 humana
3692 4202 3775 4255 vita

2291 4309 2544 4374 miseriae,
2569 4316 2698 4374 etc.,
2726 4325 2889 4381 usque
2913 4309 2982 4362 ad
3006 4323 3168 4379 quem
3195 4306 3376 4364 lumen
3400 4320 3503 4362 non
3522 4296 3703 4357 extollit

2362 4400 2533 4458 Vens.
2582 4400 2670 4455 i3.
2694 4430 2766 4441 -—
2798 4377 2937 4466 Quia
2973 4377 3040 4455 tu?
3066 4399 3339 4471 possedisti
3376 4412 3512 4453 rm
3542 4405 3671 4445 meos.
3691 4377 3775 4455 (“bl

2295 4495 2451 4552 Unde
2488 4495 2605 4550 limo
2635 4493 2941 4551 dillhremis'
2977 4494 3074 4550 tibi
3096 4494 3125 4549 ἓ
3163 4494 3292 4565 quia
3331 4488 3543 4549 interior
3572 4485 3775 4556 posse“

617 4578 758 4682 apud
786 4586 872 4682 te,
896 4581 1131 4682 quando
1152 4581 1264 4636 dixi
1284 4622 1300 4649 ,
1343 4580 1411 4638 da
1450 4582 1584 4639 mihi
1613 4592 1826 4655 partem
1853 4587 2187 4644 substantiae.
2216 4603 2404 4682 Dnon
2432 4587 2603 4644 solum
2631 4601 2746 4650 cor,
2788 4587 2840 4642 id
2868 4594 2955 4641 est
2981 4586 3341 4656 mgitationes
3370 4574 3777 4682 ἱεροῖο-8⁸η

614 4666 703 4723 Ea:
728 4685 830 4735 me,
858 4670 913 4725 id
937 4679 1108 4727 estex
1134 4682 1354 4743 peccato
1376 4683 1514 4729 meo.

687 4758 995 4847 Confortata
1022 4772 1118 4828 est,
1152 4762 1326 4835 (alias)
1355 4762 1599 4821 invaluit.
1645 4763 1716 4821 Et
1753 4784 1855 4824 non
1888 4778 2066 4841 potero
2104 4778 2189 4825 at-

616 4854 824 4924 tingere
842 4866 909 4908 ex
926 4868 1033 4908 me.
1053 4853 1114 4926 (A
1123 4856 1232 4926 ue.)
1248 4853 1308 4911 In
1322 4854 1508 4912 Exodo
1523 4856 1723 4928 legitur
1738 4858 2042 4928 Dominum,
2058 4870 2188 4929 etc.,

614 4960 778 5015 usque
806 4944 876 4998 ad
904 4952 957 4999 te
982 4959 1089 5001 non
1116 4945 1278 5012 lateo,
1306 4945 1461 5017 cujus
1486 4946 1711 5004 limitem
1738 4949 1905 5005 vides.

684 5035 850 5092 Vens.
882 5036 1148 5107 7.—Quo
1171 5040 1256 5095 ibo
1283 5058 1315 5095 a
1342 5042 1529 5113 spiritu
1556 5053 1644 5097 tuo
1661 5043 1687 5097 ?
1710 5042 1911 5117 (Cass)
1941 5045 2189 5102 Secunda

616 5142 768 5200 pars,
802 5130 894 5186 ubi
923 5131 1039 5203 jam
1070 5124 1328 5189 deliberat
1378 5148 1483 5188 non
1515 5149 1638 5190 esse
1672 5137 1741 5191 ab
1768 5148 1834 5193 eo
1858 5136 2190 5209 fugiendum,

614 5222 710 5276 sed
739 5223 805 5277 ad
835 5234 989 5292 eum,
1034 5227 1102 5282 ab
1138 5224 1281 5283 irato
1320 5229 1388 5283 ad
1430 5224 1735 5305 placatum,
1778 5232 1919 5301 quod
1957 5233 2060 5288 erit
2095 5248 2194 5305 per

613 5306 816 5382 ipsum,
839 5324 949 5386 quo
969 5312 1160 5388 plenus
1181 5322 1267 5373 est
1288 5306 1546 5373 mundus:
1576 5316 1802 5386 Spiritus
1824 5322 1960 5376 enim
1978 5318 2195 5380 Domini

615 5403 774 5476 replet
795 5407 989 5461 omnia.
1019 5406 1136 5475 Quo
1156 5425 1188 5463 a
1207 5409 1344 5480 facie
1365 5417 1456 5463 tua
1478 5408 1678 5481 fugiam
1698 5410 1725 5463 7
1748 5412 1910 5468 vertit
1930 5428 1988 5471 se
2010 5414 2115 5471 hac.
2138 5424 2194 5471 ct

618 5494 764 5562 i‘llac,
790 5499 945 5568 quasi
971 5514 1218 5571 quaerens
1240 5500 1419 5556 locum
1444 5500 1603 5573 fugae.
1820 5561 1824 5565 ,

690 5586 855 5645 Vens.
884 5588 937 5647 8.
961 5622 1031 5631 —
1060 5590 1121 5647 Si
1147 5591 1427 5649 ascendere
1454 5595 1509 5648 in
1538 5594 1741 5661 emtum,
1773 5606 1831 5651 tu
1856 5596 1964 5653 illic
1986 5616 2061 5667 es,
2085 5612 2191 5659 etc.

623 5676 806 5754 (Auc.)
850 5679 908 5737 Si
937 5696 1024 5739 me
1049 5682 1317 5751 extulero,
1348 5684 1563 5742 invenio
1592 5702 1991 5759 repressorem;
2039 5692 2086 5747 si
2128 5692 2196 5750 de

616 5768 829 5840 jnstitia
868 5786 989 5828 mea
1016 5770 1359 5842 superbiero,
1402 5772 1480 5830 Tu
1524 5776 1599 5831 ibi
1635 5794 1709 5844 es,
1753 5775 1906 5847 cujus
1944 5792 2071 5837 vere
2113 5791 2197 5838 est

615 5855 847 5927 iustitia.
902 5857 960 5918 Si
997 5860 1329 5929 descendero,
1360 5867 1635 5933 peccando
1660 5881 1882 5935 venero,
1913 5867 1997 5923 Ad
2026 5868 2190 5940 infer-

2293 4694 2418 4746 nes,
2438 4678 2491 4732 id
2518 4687 2603 4732 est
2626 4677 3054 4733 delectationes:
3086 4684 3149 4732 ut
3172 4691 3280 4734 non
3307 4674 3524 4732 delectet
3542 4669 3618 4724 lex
3635 4658 3775 4722 καίει

2294 4771 2390 4828 sed
2418 4770 2509 4825 lux
2533 4769 2811 4840 sapientia:
2836 4785 2967 4826 suae.

2366 4861 2531 4917 Vens.
2564 4861 2652 4918 14.
2681 4890 2752 4903 --
2789 4860 3091 4933 Confitebor
3114 4861 3230 4917 tibi.
3261 4857 3460 4932 (Ctss.)
3494 4850 3645 4911 Tertia
3671 4854 3772 4919 μην

2194 4954 2203 4959 ’
2293 4954 2385 5011 ubi
2416 4955 2567 5022 dicit,
2591 4954 2854 5011 revolanti
2878 4955 2945 5010 ad
2968 4954 3160 5020 Deum,
3189 4953 3298 5013 Deo
3327 4949 3645 5007 illamillam,
3665 4945 3775 4994 1⁸⁸³⁸⁸

2295 5052 2628 5124 possidente,
2677 5058 2880 5122 quanta
2924 5059 3014 5107 est
3054 5049 3342 5107 exsultatio
3378 5054 3431 5103 et
3464 5028 3773 5130 multiplicia:

2297 5122 2488 5199 dnima
2526 5159 2643 5199 mea
2681 5152 2951 5216 cognoscet
2987 5143 3164 5199 nimis.
3215 5139 3394 5215 (AUG.)
3429 5135 3538 5194 1am

2299 5235 2479 5290 anima
2500 5249 2620 5291 mea
2642 5233 2799 5290 valde
2822 5252 2835 5288 :
2868 5242 2992 5291 ante
3018 5242 3140 5293 erat
3165 5233 3301 5290 mira
3324 5227 3529 5286 scientia
3546 5232 3624 5279 tua
3639 5232 3688 5274 at
3703 5224 3774 5271 κο

2297 5342 2391 5382 nec
2413 5336 2647 5397 poteram
2669 5324 2738 5380 ad
2761 5341 2911 5391 eam;
2943 5324 3039 5381 sed
3066 5325 3229 5383 modo
3249 5336 3479 5399 ροεευιη,
3495 5314 3603 5389 Wa

2299 5418 2650 5484 illuminasti,
2692 5432 2852 5475 renes
2889 5419 3213 5490 possedisti,
3253 5417 3320 5474 de
3356 5397 3500 5472 utero

2301 5508 2356 5565 id
2394 5516 2514 5576 est,
2554 5508 2683 5580 quia
2718 5509 2868 5564 venit
2892 5486 3042 5566 mihi
3080 5510 3250 5580 gratia
3288 5515 3409 5574 tua,
3450 5511 3501 5560 et
3532 5486 3774 5558 illuminﬂi‘

2296 5616 2406 5657 me.

2369 5691 2536 5748 Vens.
2560 5691 2646 5748 15.
2662 5723 2733 5736 -—
2756 5691 2880 5749 Non
2905 5702 2981 5748 est
3002 5691 3315 5748 occultatum
3339 5705 3393 5745 os
3413 5697 3566 5742 meum
3582 5696 3609 5734 α
3626 5660 3774 5743 ut“

2298 5783 2468 5855 fecisti
2515 5784 2567 5839 in
2603 5782 2824 5839 occulto.
2873 5783 2998 5857 (ln.)
3019 5778 3094 5841 Os
3118 5784 3186 5839 ab
3211 5795 3347 5848 osse,
3376 5792 3472 5834 non
3496 5773 3555 5829 ab
3571 5782 3663 5831 ore.
3683 5766 3770 5816 θίαν

2299 5892 2462 5947 usque
2484 5872 2554 5928 ad
2579 5874 2722 5931 unde
2740 5875 3060 5949 Apostolus;
3088 5866 3254 5942 Quasi
3274 5873 3451 5934 tristes,
3473 5874 3637 5933 seraper
3650 5858 3769 5907 aut!!!
