4008 6348
301 403 434 471 rost
455 489 459 495 ,

1324 401 1590 464 GLOSSA
1625 396 2016 459 0RDINARIA.
2052 427 2124 440 —
2158 399 2287 455 LIB.
2321 397 2572 457 PSALM.

3395 387 3542 454 1062

297 523 602 599 gaudentes.
633 515 862 597 (Busan)
888 519 1088 578 lterum
1115 519 1183 575 de
1208 515 1546 590 prtescientia
1573 514 1669 571 Dei
1695 512 1862 582 loqui-
1889 515 1944 575 Α
2037 511 2200 566 Vens.
2231 511 2369 566 5.-
2391 511 2495 578 Qui
2522 511 2897 583 cogitaverunt.
2919 509 3124 584 (Cum)
3148 508 3390 580 Qualiter
3408 509 3540 566 mali

299 623 411 679 tur,
457 619 550 667 aut
590 611 769 666 omnia
815 610 957 665 illius
997 623 1196 665 arcana
1230 622 1353 662 esse
1388 605 1548 670 dicit,
1595 612 1688 659 aut
1719 603 1864 656 aliud

298 704 443 776 quod
471 703 618 768 dicit,
643 703 918 774 opiﬁcium
941 699 1192 756 videlicet
1219 707 1274 753 et
1299 696 1698 768 ﬁgurationem.
1728 693 1866 748 Sub-

297 798 494 855 stantia
520 811 638 852 mea
663 796 718 850 in
744 793 1076 864 inferioribus
1106 802 1278 846 terrte.
1311 787 1493 862 (Auc.)
1524 786 1583 841 1n
1611 799 1778 841 carne
1809 791 1868 839 et

297 896 478 942 tamen
501 901 563 942 os
581 901 690 942 non
715 885 858 940 cedit
880 883 1036 938 malis
1056 880 1214 951 huius
1235 879 1532 944 inferioris,
1549 885 1680 943 etc.,
1703 890 1866 946 usque

297 979 366 1034 ad
393 993 500 1033 non
525 992 654 1047 ergo
679 977 985 1046 desperent.

366 1069 531 1125 Vsus.
558 1067 644 1123 16.
666 1099 737 1110 —-
767 1067 1131 1138 Imperfectum
1157 1080 1330 1120 meum
1346 1065 1586 1120 viderunt
1606 1061 1745 1118 oculi
1765 1062 1863 1129 tui,

294 1158 424 1214 etin
453 1157 585 1211 libro
619 1167 708 1210 tuo
753 1172 948 1221 omnes,
973 1166 1076 1211 etc.
1107 1153 1230 1226 (10.)
1257 1155 1358 1222 Qui
1400 1155 1678 1222 hucusque
1720 1151 1867 1206 locu-

292 1254 384 1304 tus
419 1255 506 1302 est
538 1261 606 1301 ex
643 1261 872 1316 persona
915 1245 1189 1315 corporis,
1235 1245 1324 1298 hic
1363 1241 1476 1312 jam
1521 1242 1756 1313 loquitur
1798 1257 1865 1297 ex

292 1353 523 1409 persona
555 1338 765 1408 capitis.
811 1338 934 1392 Dies
963 1337 1348 1407 formabuntur.
1379 1335 1566 1407 (Alias)
1596 1335 1700 1390 Per
1727 1336 1866 1390 diem

293 1431 564 1485 errabant.
598 1429 722 1483 Dies
745 1429 833 1483 hic
855 1443 1081 1482 manens
1104 1425 1278 1481 adhuc
1303 1435 1421 1480 erat
1441 1425 1708 1491 Christus,
1730 1434 1864 1492 etc.,

294 1537 455 1591 usque
491 1519 561 1576 ad
597 1520 722 1590 quia
757 1519 885 1573 facti
920 1518 1144 1588 apostoli
1173 1519 1339 1572 duces
1379 1525 1434 1572 et
1473 1527 1718 1588 pastores
1758 1516 1861 1571 Ec-

295 1610 490 1666 clesiae.
523 1608 686 1676 Quasi
716 1609 912 1664 merito
933 1607 1180 1679 egoillos
1200 1607 1522 1673 confortavi,
1543 1615 1674 1672 etc.,
1703 1621 1866 1676 usque

293 1699 364 1754 ad
394 1707 448 1755 et
478 1699 533 1754 in
570 1698 930 1769 promissione
957 1698 1163 1753 dictum
1195 1707 1278 1753 est
1303 1698 1535 1753 Abrahae
1559 1714 1572 1750 :
1608 1694 1865 1766 Multipli-

295 1794 426 1848 cabo
461 1809 638 1848 ssmcn
673 1803 821 1848 tuum
858 1794 991 1848 sicut
1024 1792 1204 1848 stellas
1241 1793 1360 1848 caeli
1385 1803 1433 1848 et
1485 1794 1620 1848 sicut
1647 1808 1866 1847 arenam

291 1885 478 1938 maris.

364 1971 530 2029 Vens.
562 1973 647 2030 18.
691 2003 764 2016 ——
806 1973 991 2029 Adhuc
1025 1989 1142 2029 sum
1172 1983 1364 2041 tecum,
1388 1983 1496 2031 etc.
1548 1973 1700 2030 Sicut
1739 1982 1868 2029 ante

293 2074 547 2132 mortem,
576 2066 722 2136 quod
747 2074 1072 2136 putaverunt
1096 2080 1155 2121 se
1185 2065 1372 2121 tulisse
1392 2064 1582 2120 Judaei.
1615 2065 1745 2132 Vel,
1771 2065 1870 2121 ad-

290 2155 414 2222 huc,
439 2155 494 2211 id
518 2164 622 2220 est,
649 2157 764 2226 ipsa
789 2166 982 2221 morte,
1005 2157 1145 2226 quod
1170 2171 1276 2212 non
1301 2155 1520 2211 videtur
1539 2157 1606 2212 de
1629 2166 1864 2215 mortuo.

292 2246 411 2314 Vel,
432 2247 536 2303 etsi
557 2247 886 2303 resurrectio
905 2248 976 2303 sit
993 2247 1206 2318 signum
1227 2247 1469 2313 deitatis,
1493 2258 1672 2302 tamen
1695 2248 1868 2303 adhuc

291 2353 410 2392 ssnn
434 2336 684 2393 occultus
707 2337 972 2408 pluribus,
1001 2345 1190 2403 tecum,
1222 2339 1274 2392 id
1301 2347 1406 2404 est,
1435 2347 1496 2393 ut
1519 2347 1596 2393 tu.

361 2423 546 2497 (Αυῦ.)
586 2425 773 2480 Adhuc
801 2442 916 2480 sum
963 2435 1153 2482 tecum.
1180 2426 1424 2482 Nondum
1460 2445 1582 2484 cum
1615 2428 1746 2499 ipsis
1773 2444 1871 2499 per

294 2514 576 2580 notitiam,
626 2516 752 2584 quia
792 2516 1028 2576 nondum
1066 2526 1395 2589 agnoscunt,
1442 2519 1568 2589 quia
1597 2535 1704 2574 non
1741 2535 1872 2575 mox.

293 2612 416 2674 post
441 2605 894 2660 resurrectionem
916 2605 1190 2660 Christum
1219 2615 1573 2674 agnoverunt.
1607 2607 1727 2674 Vel,
1757 2618 1874 2666 toto

292 2691 398 2754 hoc
424 2701 662 2764 tempore
693 2703 870 2750 tecum
901 2711 1020 2750 sum
1053 2695 1104 2750 in
1132 2696 1345 2751 occulto
1372 2697 1440 2751 ad
1465 2698 1742 2754 dexteram
1767 2698 1869 2753 Pa—

293 2782 421 2850 tris,
462 2790 754 2853 antequam
787 2783 1057 2840 reveletur
1081 2785 1137 2842 in
1167 2801 1228 2840 ea
1259 2785 1508 2843 claritate
1545 2802 1652 2857 qua
1680 2797 1870 2844 ventu-

291 2889 387 2930 1⁵118
419 2883 522 2931 851..

363 2966 527 3022 Vens.
559 2967 648 3023 19.
688 2997 760 3008 -
803 2967 864 3023 Si
903 2969 1176 3034 occideris,
1211 2970 1373 3035 Deus,
1415 2981 1728 3041 peceatores,
1757 2981 1862 3029 etc.

292 3056 496 3128 (Casa)
537 3057 738 3124 Quarta
773 3071 906 3126 pars
931 3059 1202 3126 quomodo
1233 3074 1266 3112 a
1293 3060 1452 3114 malis
1475 3076 1582 3114 non
1610 3071 1869 3116 noceatur

291 3149 364 3204 ei.
406 3146 590 3219 (Δυο.)
637 3145 700 3208 Si
744 3148 1013 3203 occideris.
1066 3148 1260 3204 Subdit
1303 3149 1430 3218 quid
1477 3149 1683 3205 interea
1721 3149 1864 3219 pati-

1963 610 2361 672 persequuntur
2385 603 2719 672 exsequitur,
2735 603 3053 673 impugnant
3066 601 3209 657 enim
3237 603 3408 660 bonos
3434 601 3538 658 tri-

1963 691 2066 746 bus
2099 691 2303 757 modis,
2336 692 2542 748 scilicet
2579 693 2792 765 lingua,
2838 708 3000 746 manu
3047 701 3103 746 et
3144 693 3347 749 corde:
3385 701 3443 749 et
3473 693 3540 750 de

1963 781 2127 838 corde
2152 781 2458 851 praimittit,
2485 783 2703 850 dicens,
2737 783 2839 849 Qui
2867 784 3241 855 cogitaverunt,
3274 784 3430 856 quasi
3458 785 3540 840 di-

1965 880 2135 937 ceret,
2147 871 2306 942 Eripe
2330 889 2416 929 me
2438 889 2467 928 a
2489 873 2686 944 populo
2711 874 2996 929 malorum.
3021 874 3204 947 (Auc.)
3226 874 3328 943 Qui
3355 875 3454 930 etsi
3483 875 3538 930 in

1964 961 2120 1018 labiis
2145 963 2460 1033 plerumque
2492 965 2632 1020 bona
2658 965 3012 1035 praetendant,
3045 973 3227 1022 tamen
3259 968 3534 1038 cogitave-

1965 1060 2092 1107 runt
2119 1052 2456 1123 iniquitatem
2484 1053 2536 1107 in
2565 1054 2745 1108 corde.

2037 1141 2201 1198 Vsus.
2229 1142 2283 1197 4.
2321 1173 2392 1183 -
2425 1144 2712 1198 Acuerunt.
2757 1141 2999 1213 Qualiter
3036 1144 3094 1202 in
3131 1143 3312 1217 lingua
3352 1158 3539 1216 persc-

1966 1241 2225 1303 quuntur,
2253 1234 2510 1290 ostendit.

2038 1326 2186 1382 Sicut
2229 1327 2498 1399 serpentis.
2545 1323 2688 1398 (11).)
2727 1325 2786 1382 1n
2825 1333 3072 1397 serpente
3120 1335 3205 1382 est
3252 1325 3448 1382 astutia
3489 1336 3546 1384 et

1967 1418 2120 1474 dolus
2147 1419 2378 1475 nocendi
2403 1419 2432 1472 ε’
2454 1419 2576 1474 ideo
2602 1427 2658 1474 et
2681 1418 2873 1490 serpit,
2903 1434 3012 1474 non
3041 1419 3247 1475 habens
3269 1420 3452 1491 pedes,
3482 1431 3543 1476 ut

1966 1523 2077 1563 non
2106 1511 2378 1575 audiatur,
2407 1525 2530 1564 cum
2555 1510 2737 1576 venit;
2775 1509 2910 1565 lenis
2937 1519 3020 1566 est
3047 1509 3164 1579 ejus
3194 1518 3418 1578 tractus,
3449 1511 3544 1568 sed

1966 1616 2074 1655 non
2105 1609 2284 1657 rectus
2309 1619 2322 1657 :
2357 1603 2437 1657 sic
2461 1602 2588 1657 mali
2619 1611 2842 1674 serpunt
2867 1603 2937 1660 ad
2959 1601 3286 1670 nocendum,
3313 1606 3411 1660 sub
3438 1603 3542 1659 levi

1967 1697 2141 1745 tractu
2184 1691 2443 1746 habentes
2482 1691 2752 1746 occultum
2792 1709 3096 1761 venenum,
3143 1695 3286 1752 unde
3329 1695 3542 1761 subdit,

1977 1779 2240 1835 Venenum
2267 1782 2507 1850 aspidum
2537 1784 2630 1837 sub
2660 1783 2812 1838 labiis
2840 1801 3040 1838 eorum.

1892 1880 1946 1940 Β
2041 1871 2206 1928 Vsus.
2235 1873 2289 1928 5.
2313 1904 2384 1914 —
2414 1873 2632 1930 Custodi
2659 1892 2759 1942 me,
2786 1875 3027 1932 Domine.
3076 1875 3282 1952 (Cass)
3311 1878 3388 1934 De
3416 1893 3543 1948 per-

1969 1962 2268 2029 secutione,
2316 1979 2437 2034 quae
2483 1963 2544 2019 ﬁt
2589 1980 2786 2031 manu,
2837 1967 2892 2022 id
2937 1975 3054 2034 est,
3101 1982 3294 2037 opere,
3343 1969 3541 2026 subdit.

1970 2053 2194 2110 Custodi
2224 2069 2334 2121 me,
2365 2055 2493 2124 quia
2521 2070 2619 2127 per
2642 2056 2810 2112 multa
2835 2054 3004 2125 fallit,
3051 2073 3174 2128 quae
3196 2059 3384 2134 nequit
3409 2075 3547 2132 prae-

1969 2159 2182 2200 cavere.

2041 2238 2206 2292 Vnus.
2238 2235 2291 2292 6.
2313 2267 2386 2278 —
2413 2235 2654 2308 Superbi.
2698 2237 2880 2311 (AUG.)
2918 2238 3032 2298 Hoc
3063 2239 3281 2298 nomine
3309 2242 3547 2298 breviter

1969 2337 2140 2384 totum
2179 2344 2378 2400 corpus
2413 2329 2614 2386 diaboli
2651 2331 2978 2402 explicavit:
3025 2331 3150 2388 inde
3190 2340 3277 2388 est
3311 2333 3452 2404 quod
3493 2342 3552 2389 et

1963 2417 2140 2488 iustos
2165 2435 2223 2478 se
2249 2420 2439 2475 dicunt
2463 2429 2517 2476 et
2541 2421 2731 2477 nolunt
2758 2422 3036 2491 conﬁteri;
3075 2424 3251 2480 omnis
3280 2427 3545 2495 superbus

1969 2512 2134 2568 etiam
2160 2512 2373 2566 invidus
2393 2523 2497 2578 est,
2521 2512 2660 2568 sicut
2687 2513 2948 2582 diabolus,
2976 2515 3068 2584 qui
3097 2514 3286 2570 invidit
3316 2516 3548 2584 homini,

1969 2603 2112 2674 quod
2137 2601 2390 2672 perdidit.
2423 2603 2491 2656 Et
2520 2603 2671 2672 funes
2698 2605 3036 2660 extenderunt
3067 2606 3122 2660 in
3147 2605 3409 2678 laqueum,
3434 2617 3543 2662 etc.

1971 2695 2126 2751 Unde
2144 2696 2347 2752 Isaias:
2382 2695 2472 2752 Va:
2495 2697 2574 2769 his
2599 2698 2686 2768 qui
2708 2697 2920 2752 trahunt
2945 2706 3158 2768 peccata
3195 2697 3329 2752 sicut
3359 2706 3547 2752 vestem

1968 2785 2205 2857 longam,
2228 2788 2352 2859 quia
2380 2789 2584 2844 addunt
2605 2798 2824 2860 peccata
2849 2789 3108 2860 peccatis,
3127 2797 3262 2856 etc.,
3289 2807 3451 2861 usque
3473 2791 3544 2846 ad

1969 2886 2024 2932 et
2053 2879 2294 2933 mittatur
2319 2879 2372 2933 in
2401 2881 2650 2936 tenebras
2675 2881 2990 2936 exteriores.

2041 2968 2204 3024 Vens.
2229 2969 2365 3022 7.-
2383 2968 2510 3022 Dixi
2525 2969 2772 3025 Domino.
2796 2970 2920 3044 (10.)
2942 2972 3265 3042 Diapsalma.
3299 2971 3546 3029 Secunda

1968 3071 2121 3126 pars,
2163 3059 2304 3126 quod
2333 3059 2589 3114 auxilium
2622 3070 2813 3116 contra
2849 3061 3020 3128 mala,
3056 3064 3210 3134 quasi
3241 3063 3420 3131 dicat,
3467 3071 3546 3120 tot

1967 3147 2142 3202 modis
2173 3147 2300 3201 mali
2326 3148 2667 3220 impugnant,
2707 3159 2763 3206 et
2789 3152 2935 3222 quod
2963 3161 3045 3208 est
3074 3154 3372 3210 remedium
3403 3154 3545 3210 inter

293 3249 400 3306 tur,
425 3250 555 3308 etc.,
581 3258 741 3313 usque
763 3243 830 3296 ad
857 3243 910 3296 in
933 3240 1136 3310 judicio
1160 3243 1300 3297 dicet
1323 3250 1536 3312 aperte:
1562 3241 1725 3296 Amen
1745 3243 1862 3296 dico
1891 3233 1946 3298 Ο
1968 3248 2048 3295 tot
2073 3248 2129 3294 et
2153 3248 2303 3296 tanta
2329 3241 2508 3296 mala?

289 3330 448 3395 nobis,
479 3348 582 3387 non
611 3333 726 3390 novi
751 3348 858 3399 vos,
884 3332 1130 3400 discedite
1155 3350 1188 3386 a
1213 3349 1313 3388 me.

361 3419 525 3476 Vens.
548 3421 721 3476 21.-—
745 3421 932 3477 Nonne
955 3424 1042 3492 qui
1069 3407 1287 3476 oderunt
1315 3433 1378 3488 te,
1403 3422 1644 3478 Domine.
1675 3423 1860 3492 Quasi,

289 3508 349 3568 Si
383 3512 663 3578 occideris,
706 3511 894 3568 Nonne
917 3513 1008 3584 qui
1034 3513 1252 3567 oderunt
1282 3524 1331 3568 te
1361 3515 1607 3569 oderam?
1626 3515 1768 3583 1110s,
1809 3525 1863 3572 et

289 3620 391 3678 ego
415 3605 678 3662 occidam.

301 3765 304 3768 ἢ
361 3694 544 3768 (Ana)
598 3695 766 3764 Quasi
811 3697 1051 3754 haeretici
1093 3714 1200 3754 non
1271 3700 1660 3772 intelligentes,
1716 3711 1821 3760 etc.
1845 3746 1860 3771 ,

289 3801 452 3858 usque
488 3787 556 3844 ad
585 3787 855 3858 quomodo
893 3803 1022 3861 ergo
1055 3790 1410 3860 permistioue
1445 3807 1634 3848 eorum
1673 3803 1862 3850 conta-

289 3863 512 3948 annor?

359 3965 538 4022 Proba
565 3985 664 4035 me,
694 3969 934 4026 Domine.
986 3970 1120 4043 (10.)
1153 3971 1442 4042 Hucusque
1482 3973 1550 4026 de
1593 3972 1868 4029 haereticis

288 4067 344 4126 et
368 4058 491 4114 aliis
515 4074 610 4115 eos
635 4061 988 4131 sequentibus
1019 4057 1086 4117 ab
1114 4063 1354 4120 Ecclesia
1389 4063 1682 4136 separatis,
1720 4081 1864 4121 nunc

285 4152 452 4232 etiam
481 4151 593 4222 agit
617 4151 683 4207 de
715 4151 892 4218 malis,
927 4153 1011 4208 vel
1045 4153 1188 4208 ﬁctis
1225 4155 1328 4210 sibi
1366 4155 1688 4224 conjunctis,
1727 4171 1864 4228 quos

285 4225 489 4325 patitur
515 4243 778 4309 Ecclesia,
801 4254 856 4300 et
878 4246 1060 4316 gemit.
1095 4245 1258 4314 Quasi
1281 4248 1518 4304 haeretici
1544 4263 1620 4314 se,
1649 4259 1706 4304 et
1729 4225 1866 4306 alios

285 4340 559 4404 separant,
589 4341 718 4401 etc.,
759 4350 921 4406 usque
948 4335 1017 4390 ad
1046 4345 1102 4392 tu
1125 4352 1254 4394 vero
1283 4337 1454 4407 Deus,
1494 4337 1670 4394 Proba
1701 4355 1782 4394 me
1815 4349 1862 4396 et

284 4433 436 4495 ΨΜ
593 4505 596 4510 ·
729 4493 1070 4552 ‘PSALMUS
1112 4495 1396 4552 CXXXIX.

2036 3331 2163 3385 Dixi
2205 3332 2476 3388 Domino:
2523 3333 2665 3388 Deus
2710 3352 2878 3390 meus.
2931 3335 3120 3408 Magna
3167 3335 3396 3403 ﬁducia,
3445 3338 3550 3396 etsi

1965 3426 2205 3483 omnium
2228 3426 2391 3493 Deus,
2409 3428 2622 3498 proprie
2651 3415 2829 3484 tamen
2853 3443 3041 3484 eorum
3068 3427 3158 3498 qui
3184 3442 3248 3485 eo
3271 3427 3546 3484 fruuntur.

2036 3517 2273 3586 Exaudi,
2324 3519 2564 3586 Domine,
2619 3537 2791 3578 vocem
2825 3521 3199 3591 deprecationis
3242 3537 3390 3576 mete.
3423 3519 3546 3592 (10.)

1965 3612 2084 3668 Vox
2113 3611 2390 3668 hominum
2427 3621 2482 3667 et
2515 3613 2698 3670 anima
2731 3629 2942 3681 eorum,
2972 3622 3102 3681 etc.,
3147 3630 3310 3685 usque
3338 3613 3408 3670 ad
3437 3628 3548 3669 non

1965 3711 2028 3768 ut
2071 3701 2318 3756 homines
2359 3701 2592 3768 Domini,
2643 3703 2735 3774 qui
2781 3712 2968 3762 emunt
3013 3703 3266 3771 saccello,
3317 3711 3372 3758 tu
3416 3719 3542 3771 san-

1965 3796 2146 3863 quine.

2037 3883 2203 3939 Vsus.
2235 3884 2290 3940 8.
2312 3914 2385 3926 —-
2419 3883 2596 3941 Virtus
2634 3885 2820 3942 salutis
2861 3903 2989 3942 mea:
3033 3887 3352 3942 obumbrasti
3394 3904 3552 3959 super

1965 3986 2120 4048 caput
2155 3994 2345 4033 meum.
2387 3978 2524 4051 (11).)
2563 3978 2663 4047 Qui
2692 3981 2788 4035 das
2812 3980 2958 4036 vires
2990 3979 3178 4038 salutis
3211 3996 3376 4048 mea},
3418 3990 3554 4048 etc.,

1965 4083 2128 4138 usque
2153 4067 2221 4124 ad
2247 4078 2728 4139 quantumcunque
2753 4070 2940 4125 saeviat
2963 4071 3156 4126 hostis.

2036 4157 2200 4214 Vsus.
2233 4158 2287 4214 9.
2309 4189 2381 4199 —
2419 4157 2543 4214 Non
2572 4160 2754 4214 tradas
2782 4177 2886 4226 me,
2916 4159 3156 4226 Domine,
3195 4177 3227 4214 a
3264 4159 3544 4215 desiderio.

1965 4249 2088 4322 ειν.)
2116 4252 2368 4308 Diabolus
2393 4254 2646 4324 proponit
2697 4253 2924 4318 lucrum,
2973 4261 3105 4318 etc.,
3163 4268 3323 4322 usque
3347 4252 3416 4306 ad
3443 4252 3550 4309 nisi

1963 4359 2031 4399 ex
2060 4354 2154 4399 tuo
2185 4346 2472 4402 desiderio.

2037 4434 2202 4488 Vens.
2243 4435 2327 4487 10.
2360 4463 2429 4472 —
2467 4432 2634 4503 Caput
2671 4433 2940 4488 circuitus.
2980 4432 3186 4506 (Casa)
3223 4433 3547 4505 Diapsalma.

1967 4521 2150 4578 Tertia
2182 4539 2342 4594 pars,
2388 4523 2480 4577 ubi
2511 4524 2678 4591 dicit,
2722 4540 2840 4594 quae
2868 4528 2978 4580 sint
3007 4525 3149 4580 mala
3179 4526 3545 4583 inimicorum.

307 4590 310 4592 Ὺ
357 4608 520 4665 Vsus.
557 4609 608 4664 1.
629 4639 700 4650 —
733 4608 803 4664 In
835 4610 992 4678 ﬁnem
1021 4609 1264 4666 Psalmus
1303 4612 1494 4666 David.
1551 4613 1672 4686 (10.)
1721 4613 1863 4668 Con-
1891 4601 1946 4662 Π
1972 4613 2155 4687 (Αυο.)
2184 4590 2358 4682 Ὠυδεὶ
2389 4615 2563 4681 dicat,
2595 4590 2677 4670 Me
2703 4590 2838 4687 tegit
2864 4617 3056 4674 umbra
3088 4626 3198 4683 tua,
3229 4626 3359 4683 etc.,
3389 4635 3550 4692 usque

284 4704 518 4774 questio,
543 4702 794 4776 gemitus,
836 4702 1010 4756 oratio
1037 4703 1279 4770 corporis
1300 4704 1502 4759 Christi
1529 4705 1671 4761 inter
1695 4705 1866 4762 malos

285 4796 588 4862 constituti,
619 4795 857 4851 nondum
877 4794 1126 4850 habentis
1148 4795 1200 4849 in
1226 4811 1305 4860 re,
1330 4799 1423 4851 sed
1449 4797 1502 4850 in
1525 4811 1620 4868 Spe
1639 4797 1860 4865 bonum,

285 4887 379 4944 ubi
400 4897 482 4945 est
502 4887 656 4957 plena
683 4886 992 4943 exsultatio.
1023 4885 1204 4942 Monet
1227 4896 1286 4943 ut
1311 4896 1500 4944 contra
1523 4889 1662 4946 mala
1684 4889 1864 4946 seaculi

286 4976 458 5034 Deum
481 4993 716 5035 oremus.
993 5019 1000 5026 .
1289 5051 1294 5056 .

359 5069 522 5125 Vnus.
552 5069 604 5124 2.
628 5100 698 5110 -—
723 5069 882 5142 Eripe
909 5087 1010 5135 me,
1040 5070 1280 5137 Domine,
1309 5072 1374 5126 ab
1399 5073 1626 5128 homine.
1658 5073 1862 5146 (Cass)

286 5150 446 5238 Prius
475 5163 758 5233 proponit,
797 5163 888 5234 qui
915 5163 1125 5230 hostes,
1165 5179 1284 5234 qua:
1314 5163 1453 5220 mala
1483 5175 1732 5232 movent,
1763 5183 1860 5236 0p-

285 5265 492 5320 ponens
534 5253 613 5307 eis
654 5268 862 5322 preces.
919 5253 1184 5320 Secundo,
1237 5255 1367 5309 dicit
1414 5257 1554 5326 quod
1603 5257 1862 5312 auxilium

286 5342 482 5398 habeat
510 5351 698 5400 contra
725 5344 884 5411 mala,
916 5343 1020 5411 ibi,
1051 5345 1178 5399 Dixi
1209 5345 1433 5404 Domine
1455 5361 1474 5399 .'
1507 5347 1711 5414 Tertio,
1742 5365 1860 5422 qum

285 5435 396 5512 sint
438 5435 578 5490 mala
622 5436 960 5492 inimicorum
1001 5437 1202 5508 aperit,
1244 5438 1346 5502 ibi,
1380 5437 1567 5507 Caput.
1621 5440 1856 5498 Ecclesia

286 5545 416 5608 ergo
457 5531 599 5586 inter
638 5530 807 5586 malos
847 5531 1117 5594 laborans,
1165 5531 1381 5586 clamat.
1436 5532 1480 5584 A
1518 5533 1624 5586 viro
1657 5534 1854 5604 iniquo.

286 5619 471 5698 (And)
509 5623 728 5693 Iniquus
767 5633 851 5678 est
889 5623 978 5693 qui
1020 5632 1207 5688 nocet,
1253 5624 1393 5678 unde
1437 5638 1560 5678 cum
1603 5625 1857 5689 dixisset,

285 5713 364 5785 4b
396 5715 601 5770 homine
629 5715 787 5782 malo,
820 5714 970 5786 quasi
1001 5730 1295 5784 exponens,
1330 5714 1602 5783 snlijunxit
1626 5758 1640 5782 ,
1680 5717 1720 5770 Α
1750 5719 1858 5771 viro

285 5823 484 5872 tntquo.

1969 4703 2038 4756 ad
2083 4703 2164 4758 vel
2215 4705 2280 4758 de
2328 4704 2628 4758 assertione
2675 4713 3017 4776 superantur.
3072 4704 3248 4760 Labor
3290 4706 3548 4761 labiorum

1967 4793 2200 4862 ipsorum
2229 4794 2420 4863 aperiet
2449 4810 2555 4847 eos.
2594 4791 2797 4868 (Cass)
2840 4793 2899 4850 1d
2923 4802 3042 4870 est,
3067 4793 3204 4850 falsa
3230 4803 3285 4851 et
3313 4797 3546 4850 mendax

1966 4884 2196 4937 assertio
2223 4897 2434 4949 eorum,
2463 4885 2670 4953 operiet
2699 4898 2812 4953 eos,
2841 4885 2968 4956 quia
2997 4887 3063 4942 de
3091 4902 3188 4942 sua
3212 4886 3349 4942 falsa
3373 4901 3549 4942 asser-

1965 4975 2113 5032 tione
2143 4982 2485 5050 superantur.

2040 5065 2200 5121 Vsns.
2233 5067 2312 5120 11.
2328 5096 2396 5104 -
2419 5063 2618 5120 Cadent
2643 5084 2800 5135 super
2822 5084 2928 5124 eos.
2955 5066 3140 5138 (Auc.)
3163 5065 3260 5122 Vel
3287 5067 3550 5124 carbones

1967 5159 2110 5229 ignis
2138 5159 2190 5212 in
2226 5167 2392 5224 terra,
2425 5166 2553 5224 etc.,
2591 5175 2752 5230 usque
2785 5159 2854 5213 ad
2885 5161 3024 5214 unde
3053 5159 3379 5230 Apostolus:
3413 5159 3547 5215 Aliis

1963 5267 2143 5330 sunms
2170 5251 2301 5304 odor
2323 5251 2438 5305 vita:
2467 5251 2521 5304 in
2549 5251 2729 5318 vitam,
2751 5250 2870 5306 aliis
2895 5251 3026 5306 odor
3049 5251 3229 5306 mortis
3253 5251 3308 5304 in
3332 5263 3548 5307 mortem

1965 5346 2051 5420 ω]
2079 5345 2201 5399 Cor.
2230 5343 2313 5416 ιι.)

2037 5441 2199 5496 Vsus.
2261 5439 2432 5493 12.-
2457 5438 2550 5495 Vir
2576 5441 2862 5510 linguosus.
2895 5437 3017 5510 (1b.)
3046 5438 3302 5509 Quisquis
3330 5439 3439 5494 vult
3467 5439 3548 5495 di-

1965 5531 2090 5603 rigi,
2129 5540 2260 5596 etc.,
2295 5547 2456 5602 usque
2486 5532 2556 5584 ad
2595 5531 2661 5585 de
2687 5530 3048 5586 exterioribus
3076 5530 3399 5596 necessitas,
3435 5547 3542 5586 non

1963 5623 2231 5678 voluntas.
2287 5622 2574 5692 Injustum,
2606 5631 2736 5686 etc.,
2775 5621 2829 5674 in
2857 5621 3090 5674 interitu.
3141 5620 3291 5688 Quod
3337 5637 3442 5676 non
3487 5621 3546 5676 ﬁt

1966 5714 2134 5784 inopi,
2159 5714 2270 5782 qui,
2297 5714 2340 5767 si
2365 5713 2576 5783 capitur
2599 5711 2775 5776 malis,
2800 5726 2905 5766 non
2937 5720 3114 5766 tamen
3143 5711 3197 5765 in
3228 5711 3538 5778 inlcritum;

1968 5806 2201 5878 ﬂagellat
2232 5805 2375 5866 Deus
2407 5819 2622 5860 omnem
2656 5803 2822 5860 ﬁlium
2861 5820 3024 5876 quem
3054 5803 3268 5876 recipit.
3318 5803 3384 5860 Et
3415 5804 3544 5862 licet
