4008 6348
1714 297 1750 306 ν

543 391 682 450 1065
1034 379 1432 442 WALAFRIDI
1470 373 1720 436 STRABI
1755 371 1962 430 FULD.
2003 365 2170 427 MON.
2211 367 2364 426 OPP.
2403 365 2585 424 PARS
2621 365 2663 422 1.
2703 393 2774 408 -
2808 363 3260 425 THEOLOGICA.
3600 383 3702 448 qm

539 509 669 568 boni
707 502 869 562 modo
909 499 1018 557 sint
1052 497 1235 554 aﬁlicti
1258 536 1274 562 ,
1320 506 1504 550 tamen
1553 489 1936 560 conﬁtebuntur
1981 485 2122 540 inter
2148 487 2200 549 Α
2226 484 2385 540 mine-
2407 482 2606 557 (CAss.)
2623 483 2777 540 Dicta
2804 483 3095 558 fragilitate
3110 484 3358 568 hominis,
3378 489 3439 546 ad
3466 490 3614 553 divina
3635 514 3702 558 re-

540 561 762 674 gata,
809 592 956 666 quod
985 561 1346 645 laudabilius:
1390 581 1460 636 Et
1498 578 1841 645 habitabunt,
1889 575 2010 632 ideo
2049 572 2126 629 nil
2226 575 2407 632 media
2436 575 2696 648 confugit.
2782 605 2786 608 -
3110 561 3116 568 ·

543 665 766 750 {imam
792 665 848 745 ξι,
875 685 1096 742 mundo,
2297 665 2378 724 Ne
2424 666 2640 724 auferas
2669 683 2702 724 a
2738 668 2896 725 bonis
2923 667 3050 734 tuis,
3080 667 3174 724 sed
3202 684 3318 741 spes
3337 686 3444 728 mea
3469 688 3641 748 semper
3655 686 3705 741 si:

614 784 782 841 Vens.
804 774 1374 835 l4.—Verumtamen.
1401 767 1600 840 (CASS.)
1624 763 1910 823 Conclusio
1931 759 2126 833 psalmi
2228 759 2286 815 in
2313 766 2367 814 te
2393 777 2407 814 :
2431 769 2487 816 et
2511 759 2656 816 oculi
2675 759 2781 814 mei
2803 773 3017 830 semper
3035 759 3102 816 ad
3123 767 3174 815 te
3199 761 3473 819 intendant.
3490 765 3587 823 Non
3604 774 3707 831 enim

543 872 640 930 ubi
678 869 808 928 dicit
835 865 983 938 quod
1017 864 1064 921 si
1095 863 1223 920 boni
1261 859 1476 916 liberati
1513 859 1656 924 sint,
1701 867 1758 912 et
1789 856 1856 911 de
1893 851 2127 911 inimicis
2224 849 2363 921 petit
2389 849 2492 905 iste
2517 856 2709 906 contra
2753 849 2860 906 hoc
2888 849 3033 919 quod
3063 850 3234 905 sancti
3261 850 3463 921 volunt,
3485 857 3710 920 scilicetde

547 962 839 1028 vindicati,
877 975 985 1016 non
1023 966 1204 1012 tamen
1235 954 1338 1011 sibi
1375 953 1538 1020 dant,
1578 950 1673 1008 sed
1709 948 1844 1015 Deo,
1881 946 2045 1012 unde,
2071 949 2128 999 et
2227 940 2424 998 saeculo
2447 941 2584 1013 eripi
2604 949 2662 997 et
2681 955 2802 998 esse
2823 956 2946 997 cum
2968 940 3201 998 Christo.

547 1056 869 1116 habitabant
895 1066 1020 1108 cum
1049 1043 1135 1104 eo;
2299 1031 2464 1089 Vnus.
2507 1032 2560 1088 9.
2588 1062 2659 1072 —
2684 1030 2904 1087 Custodi
2939 1048 3022 1087 me
3061 1049 3095 1086 a
3129 1031 3327 1104 laqueo.
3358 1033 3452 1092 Per
3484 1038 3659 1110 laqueos
3675 1057 3711 1100 et

620 1145 948 1204 Habitabant
975 1159 1093 1198 cum
1121 1139 1267 1196 uultu
1295 1148 1406 1193 tuo.
1441 1134 1578 1204 Quia
1605 1135 1806 1199 Deum,
1845 1129 1988 1186 sicut
2012 1134 2125 1196 est,
2228 1121 2502 1189 scandala,
2536 1123 2704 1180 tétius
2729 1122 2921 1178 mundi
2965 1121 3106 1177 mala
3143 1123 3370 1180 breviter
3393 1137 3540 1183 notat.
3564 1130 3712 1204 Laquei

620 1174 948 1204 ηαυμαυιιιιι
975 1174 1093 1198 cum
1124 1174 1267 1196 νωηι
1295 1174 1406 1193 mm
1442 1174 1578 1204 κυη-
1606 1174 1806 1199 alvu-ur
1845 1174 1988 1186 νυν*-
2014 1174 2125 1196 ν·”⁷
2229 1174 2502 1189 “"“"'“'
2540 1174 2700 1180 “'"'
2730 1174 2921 1178 —’“"
2965 1174 3105 1177 _"“
3143 1174 3363 1180 '""""
3393 1174 3540 1183 ”⁷’““
3567 1174 3712 1204 “Tm

471 1174 500 1308 Ι
547 1239 826 1298 videbunt.
1088 1301 1162 1308 ῃ
1183 1301 1194 1308 .
1216 1299 1239 1308 -
1263 1299 1400 1308 mm
1448 1297 1560 1308 nm
2227 1221 2356 1308 sunt
2605 1229 2778 1270 nexus
2802 1253 2819 1282 ,
2872 1213 3379 1308 carnisdesideria;
3421 1220 3505 1274 sed
3529 1221 3628 1278 dum
3648 1241 3713 1294 per

1083 1299 1406 1358 PSALMUS
1442 1297 1601 1355 CXL.
2229 1303 2332 1362 hos
2358 1303 2604 1361 diabolus
2631 1319 2740 1362 non
2763 1304 3003 1376 proﬁcit,
3029 1304 3221 1361 nititur
3244 1307 3512 1378 scandatis,
3534 1325 3628 1382 qua:
3647 1329 3714 1383 per

619 1421 783 1477 Vens.
831 1417 888 1474 2.
917 1447 988 1460 -
1009 1415 1285 1487 Dirigatur
1317 1412 1506 1469 oratio.
1540 1407 1713 1481 (Cas)
1745 1405 1930 1463 Oratio
1949 1403 2021 1461 sit
2049 1405 2132 1458 in—
2230 1394 2498 1487 inquietos
2530 1405 2733 1454 movet.

549 1528 787 1578 censum,
812 1518 942 1576 etc.,
987 1486 1149 1579 usque
1179 1505 1248 1561 ad
1277 1504 1369 1575 qui
1397 1503 1452 1559 in
1477 1502 1584 1557 ﬁne
1613 1498 1862 1580 poenitet.
2305 1486 2405 1543 Vel
2439 1487 2624 1580 aliter.
2643 1487 2727 1580 ⁸ΕΙ.
2762 1487 2915 1556 dicit,
2951 1497 3253 1547 statuentes
3299 1490 3526 1562 laqueum
3546 1533 3560 1561 ,
3588 1510 3718 1566 perse-

619 1577 856 1659 Eleuatio
885 1577 1140 1655 manuum
1167 1611 1424 1661 mearum,
1455 1602 1561 1649 etc.
1591 1577 1775 1664 (Anc.)
1804 1589 1918 1644 Hoc
1943 1587 2011 1642 de
2035 1601 2130 1643 ca-

2232 1584 2452 1634 cutores
2482 1577 2802 1637 manifestos
2839 1595 2854 1633 :
2887 1587 3178 1652 operantes
3221 1589 3393 1637 autem
3427 1582 3715 1655 iniquitatem,

547 1695 877 1768 pite'omnes
901 1690 1224 1762 intelligant,
1253 1695 1384 1754 etc.,
1413 1701 1577 1756 usque
1601 1683 1670 1738 ad
1701 1680 1880 1737 subdit
1907 1694 1974 1736 ex
1998 1692 2133 1736 voce
2231 1671 2636 1768 consentientes
2664 1671 2772 1728 illis
2807 1671 2942 1728 dicit
2964 1713 2980 1740 ,
3035 1673 3131 1745 qui
3181 1674 3369 1732 timore
3413 1679 3719 1745 persecutionis

551 1760 813 1857 ᾗσι-νοτίς,
1085 1760 1098 1762 “
2165 1855 2192 1857 μ
2235 1760 2511 1857 deﬁciunt.
2543 1762 2612 1818 Et
2645 1769 2731 1819 est
2761 1779 2775 1817 :
2807 1760 3127 1828 Ne.auferas
3174 1765 3401 1820 animam
3445 1780 3623 1832 meam,
3657 1770 3720 1822 sed

623 1852 787 1932 θεων..
819 1873 877 1928 5.
916 1901 974 1913 —-
998 1871 1169 1938 Pone,
1192 1869 1434 1935 Domine,
1467 1865 1780 1922 custodiam.
1809 1861 1968 1929 Nota,
1994 1859 2139 1931 quod
2163 1855 2214 1918 B
2239 1854 2439 1926 poliIIS,
2466 1852 2688 1910 Custodi
2716 1871 2798 1910 me
2825 1872 2858 1910 a
2881 1856 3064 1928 laqueo
3093 1857 3488 1928 persecutionis,
3513 1875 3636 1930 quent
3655 1870 3723 1916 tta-

555 1978 612 2028 et
637 1968 784 2025 cordi
804 1975 860 2023 et
883 1965 965 2022 ori
997 1965 1136 2038 petit
1159 1962 1356 2035 apponi
1382 1958 1714 2016 custodiam:
1735 1954 1932 2027 duplici
1962 1952 2138 2008 muni-

2242 1957 2450 2002 tuerunt
2503 1949 2649 2004 mihi.
2691 1947 2876 2022 (Aua.)
2907 1947 3022 2006 Hoc
3050 1948 3260 2006 faciunt
3299 1960 3640 2022 persecutores,
3662 1951 3721 2022 qui

555 2060 708 2117 mine
740 2072 876 2130 opus
905 2065 1006 2121 est,
1053 2063 1114 2110 ut
1141 2068 1245 2109 nec
1271 2051 1530 2123 cogitatio
1575 2050 1756 2120 iniqua
1787 2046 1999 2118 sapiat,
2040 2057 2140 2100 nec
2241 2055 2424 2096 escam
2467 2041 2591 2096 vitae
2634 2040 2795 2113 hujus
2841 2041 3000 2112 quasi
3045 2041 3103 2097 in
3157 2043 3443 2114 muscipula
3475 2051 3656 2115 ponunt.
3686 2041 3724 2097 Si

557 2165 725 2224 prava
753 2147 1004 2204 voluntas
1044 2146 1098 2201 in
1142 2144 1290 2200 fatua
1318 2143 1483 2198 verba
1517 2147 1785 2210 erumpat.

2243 2139 2390 2187 amat
2417 2131 2538 2188 avis
2561 2133 2702 2188 hanc
2739 2147 2944 2200 escam,
2994 2131 3050 2188 in
3079 2133 3427 2204 muscipulam
3463 2133 3585 2190 cadit
3608 2151 3619 2187 :
3641 2133 3724 2204 qui:

628 2240 853 2296 Ostium.
877 2238 1060 2311 (Auc.)
1085 2237 1125 2291 A
1158 2235 1509 2292 similitudine
1533 2232 1676 2287 illius
1709 2230 1801 2301 qui
1827 2228 2144 2285 circumstat
2242 2223 2440 2279 timore
2459 2223 2654 2280 mortis
2678 2222 3044 2296 persecutioni
3067 2224 3386 2281 succumbit.
3406 2223 3590 2281 Custodi
3609 2240 3679 2278 me.

559 2332 784 2399 ostium,
809 2345 876 2386 ne
899 2330 1088 2396 intret,
1111 2326 1198 2383 vel
1218 2334 1399 2393 exeat,
1424 2323 1510 2380 cui
1543 2338 1656 2378 non
1677 2321 1821 2378 licet.
1939 2395 1942 2398 q
2312 2313 2358 2368 A
2385 2313 2653 2369 scandatis
2685 2315 3014 2385 operantium
3041 2314 3387 2387 iniquitatem.
3425 2315 3476 2370 ld
3497 2321 3582 2379 est,
3617 2327 3724 2369 scan-

626 2420 792 2478 νεεδ.
815 2421 870 2476 4.
895 2449 966 2461 —-
992 2417 1118 2475 Non
1144 2416 1390 2472 declines.
1430 2413 1632 2487 (Cass.)
1678 2411 1842 2479 Quasi
1875 2428 1888 2465 :
1917 2409 2001 2466 Ad
2039 2409 2144 2466 hoc

2245 2405 2366 2462 dalo
2393 2420 2584 2464 eorum
2627 2406 2720 2478 qui
2744 2447 2761 2474 ,
2801 2408 3195 2466 consentiendo
3218 2408 3338 2476 illis,
3369 2407 3606 2474 labuntur,
3622 2415 3662 2463 et
3677 2406 3727 2461 ita

557 2531 700 2588 pone
715 2515 916 2571 ostium
937 2521 996 2568 ut
1019 2525 1126 2568 non
1143 2517 1434 2566 excusetur
1459 2525 1472 2562 :
1497 2505 1641 2579 quod
1664 2518 1932 2562 summum
1951 2501 2144 2559 vitium
2245 2498 2588 2570 iniquitatem
2629 2508 2944 2571 operantur.
2978 2500 3147 2568 Quasi
3179 2502 3322 2558 dicat
3353 2519 3366 2556 :
3401 2500 3590 2558 Custodi
3621 2511 3685 2554 me
3706 2511 3728 2550 a

562 2605 872 2662 dominatur
899 2601 1232 2668 hominibus,
1262 2599 1406 2654 unde
1435 2596 1643 2653 tardius
1674 2595 1970 2667 poeniteat;
2002 2592 2147 2650 unde
2245 2592 2704 2663 persecutoribus,
2733 2593 2827 2664 qui
2852 2600 3077 2662 terrent,
3106 2604 3168 2650 et
3191 2594 3370 2666 lapsis.

559 2694 618 2750 in
643 2695 782 2751 libro
822 2709 1009 2766 regum
1039 2707 1053 2746 :
1081 2691 1249 2759 Quasi
1287 2699 1555 2762 peccatum
1597 2686 1895 2742 hariolandi
1937 2694 2011 2741 est
2057 2701 2143 2740 re-
2283 2757 2296 2768 .
2321 2683 2485 2740 Vnus.
2517 2681 2908 2740 l0.—Cadent
2936 2685 2993 2742 in
3021 2685 3296 2756 retiaculq.
3325 2686 3456 2757 Apta
3479 2685 3615 2743 verba
3633 2697 3730 2741 com-

559 2803 816 2858 pugnare,
844 2795 890 2840 et
921 2782 1074 2855 quasi
1098 2781 1267 2837 scelus
1307 2778 1621 2835 idololatria:
1660 2786 1737 2832 est
1780 2775 1919 2832 nolle
1944 2774 2150 2847 acquie-
2246 2775 2538 2846 parationi,
2563 2791 2686 2832 cum
2715 2776 2836 2833 istis
2857 2791 2966 2834 non
2988 2776 3106 2832 vult
3123 2777 3439 2834 combinari.

562 2893 706 2932 scere
734 2875 785 2947 (1
811 2874 941 2946 Reg.
967 2876 1080 2945 xv).
2317 2864 2526 2923 Cadent
2563 2867 2629 2922 de
2669 2866 2800 2923 vitio
2830 2867 2887 2924 in
2924 2868 3138 2936 vitium,
3175 2867 3270 2926 sed

629 2970 711 3025 Ad
765 2967 1090 3024 excusandas
1157 2963 1534 3020 excusationes.
1588 2959 1728 3033 (11).)
1804 2955 2146 3015 Consuetudo
2320 2957 2670 3031 Singulariter
2685 2975 2801 3015 sum
2825 2975 2918 3031 ego
2940 2959 3104 3014 donec
3130 2967 3414 3015 transeam.
3441 2952 3728 3029 Singularitct,

562 3059 952 3131 impudentiam
977 3098 992 3126 ,
1038 3065 1100 3112 ut
1144 3053 1485 3128 deprehensi,
1539 3052 1774 3124 primum
1825 3065 1924 3122 per
1969 3049 2149 3118 aliqua
2249 3051 2305 3108 id
2327 3061 2412 3108 est
2441 3051 2570 3123 quia
2595 3066 2721 3108 cum
2751 3051 3005 3122 pessimis
3030 3067 3142 3108 non
3169 3051 3418 3107 ambulat.
3446 3045 3726 3119 Singularitn.

561 3131 702 3208 falsa
728 3155 1026 3216 excusent,
1054 3157 1110 3204 et
1141 3147 1270 3203 inde
1296 3145 1531 3202 convicti
1569 3137 1680 3198 alia'
1695 3148 1943 3213 quaerunt
1963 3180 1980 3207 ,
2010 3148 2150 3195 tem-
2191 3213 2216 3216 ὲ
2252 3139 2434 3214 (Αυα.)
2463 3141 2610 3198 Idem
2635 3141 2780 3212 quod
2806 3141 2956 3209 dicit,
2973 3149 3106 3211 etc.,
3129 3159 3296 3216 usque
3316 3143 3382 3199 ad
3415 3139 3489 3198 sic
3506 3147 3554 3196 et
3573 3135 3642 3192 alii
3669 3147 3731 3189 an-

560 3245 678 3316 pori
712 3243 795 3298 vel
820 3213 1134 3298 necessitati
1157 3239 1292 3296 vitia
1317 3239 1678 3307 imputantes,
1710 3249 1780 3290 ne
1806 3231 2020 3304 quando
2051 3245 2144 3287 ve-
2172 3213 2220 3280 Ο
2253 3232 2408 3304 tiqui.

434 3377 460 3396 ρ
565 3335 714 3394 ritati
749 3335 962 3392 cedant.
2321 3324 2630 3381 Transeam.
2656 3325 2730 3384 Ut
2756 3325 2937 3383 viator
2959 3324 3120 3396 hujus
3151 3327 3359 3397 mundi,
3391 3326 3473 3398 qui
3491 3321 3612 3382 nulla
3630 3318 3732 3378 volu-

635 3430 759 3485 Non
797 3424 1207 3483 communicabo.
1244 3421 1364 3497 (ln.)
1390 3421 1511 3490 Vel,
1550 3417 1901 3476 combinabor.
1930 3415 2146 3472 Combi-
2245 3424 2395 3488 ptate
2420 3418 2651 3490 capitur.

561 3521 674 3578 nati
705 3520 959 3576 dicuntur
981 3558 996 3584 ,
1027 3514 1244 3586 quando
1285 3514 1391 3570 duo
1417 3511 1578 3570 simul
1619 3511 1876 3582 ligantur,
1921 3515 1984 3562 ut
2010 3505 2146 3561 alter

561 3550 1244 3680 ἒξῖιὲιηέξιῖὛιίι¹³ιίεἰιῐέιῖῖῖἔ
1273 3550 2147 3676 QEL'FJJ'ELJKKJQ51.11;};
2772 3550 2999 3610 PSALM
3008 3551 3095 3611 US
3129 3553 3313 3612 cm.

562 3694 666 3759 bor
715 3701 784 3756 ad
833 3697 1243 3754 similitudinem
1289 3696 1490 3752 carnis.
1547 3693 1680 3750 Cum
1726 3692 1920 3748 electis.
1963 3689 2146 3763 (Ana)
2319 3695 2483 3752 Vens.
2515 3692 2982 3751 L—Intellectus
3001 3693 3197 3750 David.
3223 3691 3417 3766 (Cass)
3449 3684 3733 3746 Psalmusiste

561 3791 733 3847 Electi
755 3797 904 3854 sunt,
927 3789 1021 3860 qui
1051 3803 1110 3844 se
1134 3786 1458 3857 justiﬁeant,
1490 3794 1716 3840 caeteros
1741 3782 2064 3854 despiciunt,
2090 3786 2148 3836 ut
2249 3787 2470 3860 quintus
2495 3794 2580 3842 est
2606 3801 2793 3842 eorum
2815 3785 2908 3856 qui
2935 3775 3158 3842 nomine
3181 3784 3434 3842 orationis
3453 3779 3733 3838 intitulautur,

564 3881 878 3950 Pharismus
903 3881 1055 3953 (Luc.
1097 3880 1286 3951 xvnl);
1337 3887 1394 3934 et
1436 3887 1658 3949 peccata
1701 3876 1999 3933 defendunt
2030 3873 2147 3945 qui-
2251 3879 2342 3936 ubi
2369 3894 2477 3935 non
2514 3878 2618 3934 alia
2646 3878 2898 3933 dicuntur
2927 3892 3092 3948 quam
3136 3894 3259 3950 qua:
3296 3879 3350 3932 in
3377 3875 3490 3931 aliis
3518 3873 3632 3928 dicta
3651 3873 3736 3923 sunt

563 3976 774 4044 busque
819 3971 1012 4028 modis.
1041 3970 1178 4025 Cum
1205 3969 1399 4024 talibus
1425 3985 1532 4024 non
1565 3969 1682 4024 vult
1709 3968 1812 4024 iste
1836 3963 2146 4032 combinari,
2249 3971 2496 4044 psalmis,
2525 3972 2620 4028 sed
2649 3971 2858 4026 eadem.
2891 3969 3075 4043 (Auc.)
3101 3970 3241 4038 Quia
3285 3978 3455 4026 autem
3497 3961 3736 4036 repetitione

567 4065 623 4122 id
648 4071 735 4120 est
757 4062 972 4129 sociari,
1002 4076 1071 4117 ne
1097 4061 1426 4132 impediatur
1453 4061 1522 4116 ab
1548 4060 1646 4115 eis.

2251 4065 2562 4136 bujusmodi
2603 4058 2882 4121 communi
2923 4065 3229 4122 consulitur
3248 4062 3549 4128 inﬁrmitati,
3574 4072 3657 4113 non
3677 4068 3735 4109 su-

639 4156 804 4212 Vnns.
838 4153 890 4208 5.
926 4184 996 4193 —
1024 4151 1280 4224 Corripiet
1323 4167 1422 4206 me.
1448 4149 1652 4223 (Cass)
1705 4147 1953 4204 Secunda
1979 4161 2147 4218 pars,
2250 4169 2519 4227 pervacue
2553 4155 2822 4212 iterantur
2852 4195 2868 4222 ,
2918 4164 2979 4211 ut
3025 4157 3257 4228 repetita
3305 4155 3486 4212 melius
3534 4143 3736 4207 memoria

574 4247 664 4304 ubi
694 4245 866 4303 ﬁdelis
891 4245 1122 4317 istejam
1148 4259 1180 4301 e
1207 4252 1397 4300 contra
1417 4258 1446 4297 a
1463 4242 1610 4313 justo
1628 4248 1923 4307 correctus,
1947 4240 2154 4310 spernit

2150 4259 2154 4294 ι
2253 4246 2737 4313 commendentur;
2788 4248 2931 4304 unde
2968 4248 3234 4318 scriptum
3259 4256 3343 4305 est
3374 4248 3426 4303 in
3466 4237 3733 4301 Proverbiis:

567 4336 742 4395 falsos
779 4337 1118 4404 laudatores,
1166 4334 1326 4390 malis
1356 4335 1523 4391 verbo
1550 4343 1605 4390 et
1630 4333 1873 4390 moribus
1908 4331 2155 4404 profutu-
2256 4337 2554 4393 Thesaurus
2604 4337 2958 4394 desiderabilis
3016 4341 3288 4411 requiescit
3345 4339 3399 4394 in
3441 4353 3522 4394 ore
3561 4326 3739 4402 ωρὶεηιίε

575 4445 690 4497 rus,
715 4431 768 4485 in
793 4445 901 4500 quo
926 4437 982 4486 et
1003 4428 1136 4500 petit
1161 4427 1442 4484 custodiri.
2255 4430 2438 4500 (Prov.
2469 4430 2600 4502 1m),
2630 4431 2756 4502 quia
2785 4432 3020 4502 sapiens,
3050 4447 3170 4504 quae
3197 4433 3442 4499 audierit,
3473 4428 3661 4500 cogiﬂl;
3680 4432 3737 4475 η·

647 4519 832 4576 Oleum
859 4531 1034 4575 autem
1059 4520 1370 4591 peccatoris,
1418 4527 1524 4576 etc.
1575 4518 1700 4592 (11).)
1727 4519 1954 4576 Dilectio
1987 4521 2154 4578 simu—
2177 4579 2228 4596 ﬁ
2256 4523 2538 4580 tractando
2567 4524 2841 4593 ruminat;
2875 4526 2959 4580 vir
2983 4534 3160 4582 autem
3207 4526 3402 4583 stultus
3438 4521 3575 4596 glutit
3607 4515 3738 4574 illum.

570 4610 701 4678 lata,
729 4626 848 4682 quae
873 4618 1083 4667 mentes
1104 4626 1135 4665 a
1159 4611 1337 4681 rigore
1365 4579 1607 4666 veritatis
1629 4579 1836 4666 emollit
1855 4613 1922 4666 ad
1967 4613 2147 4667 noxia.
2177 4579 2231 4642 Β
2256 4615 2312 4671 id
2331 4623 2415 4672 est
2449 4579 2555 4672 non
2583 4616 2807 4688 cogitat,
3544 4615 3646 4666 sunt
3682 4601 3741 4656 illa

642 4705 810 4762 Vens.
843 4705 896 4760 6.
923 4735 993 4746 —-
1025 4704 1259 4759 Judices.
1297 4703 1478 4777 (Auc.)
1521 4703 1776 4760 Potentes
1796 4743 1811 4770 ,
1857 4705 2022 4770 docti,
2055 4704 2150 4775 qui
2258 4708 2456 4764 munda
2485 4708 2738 4764 animalia
2761 4709 2817 4764 in
2847 4709 2963 4783 lege
2987 4725 3106 4781 quae
3130 4699 3432 4774 ruminant;
3460 4707 3552 4762 ista
3580 4704 3743 4756 immun-

571 4801 638 4858 de
662 4799 904 4856 moribus
923 4796 1188 4870 iudicant,
1213 4805 1344 4864 etc.,
1371 4812 1532 4868 usque
1557 4795 1625 4851 ad
1648 4811 1807 4866 quem
1833 4810 2022 4852 omnes
2051 4810 2145 4852 co—
2255 4801 2342 4856 da.
2372 4801 2544 4857 David
2569 4800 2782 4872 fugiens
2809 4801 3030 4859 Saulem
3061 4803 3115 4858 in
3141 4803 3397 4873 spelunca
3419 4798 3577 4860 latuit,
3602 4793 3652 4848 de
3671 4797 3742 4856 ιιυο

838 4981 869 4989 _
1036 4977 1050 4989 .
1123 4977 1153 4989 η
1233 4986 1240 4989 Δ
1301 4977 1353 4989 η
1417 4977 1429 4989 ι
1480 4979 1492 4989 ι
1671 4979 1686 4989 ¹
1757 4977 1792 4989 υ
1873 4977 1904 4989 Α
2255 4901 2436 4949 tamen
2463 4893 2555 4949 hic
2576 4907 2683 4948 non
2711 4895 2906 4967 agitur,
2932 4896 3028 4952 sed
3050 4895 3118 4953 de
3143 4895 3456 4969 signiﬁcato.
3483 4879 3741 4947 Davideuim

642 4981 806 5037 Vnus.
838 4981 892 5035 7.
915 5007 989 5020 —
1014 4977 1262 5033 Audient.
1294 4977 1436 5051 (11).)
1465 4979 1610 5034 Aure
1637 4977 1956 5035 obedientite
1979 5018 1995 5046 ,
2035 4992 2145 5035 non
2249 4985 2518 5059 signiﬁcat
2541 4984 2837 5042 Christum.
2879 4987 3146 5060 spelunca
3168 5003 3300 5044 νει-ο
3327 4997 3552 5045 carnem,
3579 4974 3646 5031 vel
3673 4984 3742 5025 st-

572 5077 711 5134 sicut
734 5075 924 5140 Adam,
950 5080 1080 5139 etc.,
1111 5087 1271 5142 usque
1300 5071 1368 5124 ad
1400 5071 1758 5127 maledictioni
1794 5071 2089 5142 proximos.
2249 5076 2429 5132 culum
2457 5117 2472 5140 ,
2505 5075 2592 5132 vel
2619 5076 2947 5148 sepulcrum.
2993 5079 3164 5134 David
3194 5093 3350 5151 ergo,
3387 5074 3622 5134 Christus,
3656 5073 3740 5118 cum

643 5165 949 5222 Crassitudo
991 5175 1164 5220 teme.
1209 5161 1352 5234 (11).)
1393 5161 1530 5218 Sunt
1573 5178 1693 5234 qua:
1734 5163 1855 5218 dam
1900 5171 2144 5218 contem—

2251 5169 2512 5226 membris
2542 5169 2599 5226 in
2624 5170 2842 5238 saeculo,
2863 5171 2948 5228 vel
2969 5171 3219 5230 Christus
3255 5173 3312 5229 in
3339 5183 3514 5235 carne,
3538 5163 3608 5220 vel
3625 5161 3664 5216 in
3684 5169 3741 5210 εο-

568 5257 778 5332 ptibilia
809 5257 951 5314 unde
981 5266 1157 5313 tamen
1186 5263 1330 5311 terra
1357 5253 1555 5324 accipit
1589 5253 1989 5327 pinguedinem,
2013 5261 2144 5322 etc.,
2251 5262 2457 5333 pulcro.

571 5365 733 5422 usque
761 5349 829 5405 ad
864 5349 956 5423 qui
987 5357 1112 5405 sunt
1133 5362 1255 5404 ossa
1277 5354 1332 5403 et
1357 5345 1759 5403 ﬁrmamentum
1803 5345 2040 5402 ﬁdelium
2063 5345 2145 5403 vel
2326 5353 2489 5409 γεκε.
2515 5353 2570 5408 2.
2592 5383 2662 5394 _
2695 5350 2832 5408 Voce
2856 5369 2970 5410 mea
2991 5355 3060 5410 ad
3077 5355 3361 5411 Dominum
3380 5346 3595 5408 clamaui.
3613 5337 3742 5396 Primo

569 5446 716 5504 ﬁdei.
2253 5445 2474 5518 ponitur
2485 5445 2659 5500 oratio
2674 5455 2861 5501 contra
2882 5447 3042 5514 mala,
3057 5446 3294 5504 secundo
3314 5444 3422 5516 agit
3439 5442 3499 5499 de
3518 5439 3608 5494 ﬁne
3623 5426 3744 5488 malo-

645 5535 810 5590 Vsns.
860 5535 912 5590 8.
947 5562 1014 5573 ——
1059 5531 1220 5588 Secus
1269 5531 1553 5602 infernum.
1607 5530 1732 5603 (11).)
1782 5532 1944 5588 Secus
1989 5531 2152 5602 infer—
2255 5537 2930 5604 rnm,ibi:Clamaviadle,
2949 5537 3183 5594 Domine.
3201 5531 3742 5604 Monetergonosomfy

573 5645 702 5686 num
727 5630 880 5695 dicit,
907 5645 1034 5694 non,
1069 5629 1123 5682 in
1146 5627 1359 5683 inferno
1389 5644 1403 5682 :
1435 5628 1561 5698 quia
1584 5627 1685 5683 etsi
1711 5629 1981 5683 communi
2005 5637 2150 5685 sorte
2252 5630 2319 5684 Et
2363 5630 2416 5684 in
2468 5644 2699 5698 persona
2747 5603 2922 5684 totius
2953 5629 3179 5695 Christi,
3210 5628 3366 5700 quasi
3393 5603 3679 5694 despelum
3695 5603 3742 5662 ad

577 5719 903 5782 moriuntur,
935 5733 1042 5772 non
1082 5726 1262 5772 tamen
1309 5697 1648 5774 descendunt
1684 5721 1738 5774 in
1771 5719 2039 5774 infernum
2089 5727 2152 5774 nt
2257 5723 2419 5779 Deum
2435 5721 3200 5795 clamantis,ait:Deprecatus
3221 5697 3354 5776 sunt.
3375 5704 3673 5790 (.ί11)‹;.)(ὶ¹³⁰(1
3690 5697 3742 5754 δί’

671 5805 703 5817 ι.
837 5807 848 5817 ι
913 5808 944 5817 ..
1081 5815 1088 5817 .
1293 5809 1306 5817 .
1353 5816 1358 5817 ,
1479 5809 1550 5817 -...
1662 5809 1692 5817 -
1743 5812 1754 5817 -
1884 5811 1894 5817 .
2046 5813 2074 5817 _
2285 5815 2292 5817 .
2375 5814 2384 5817 -
2547 5814 2557 5817 -
2784 5816 2790 5817 ,
2883 5815 2890 5817 .
3341 5812 3366 5817 Α
3471 5808 3482 5817 .
3516 5806 3544 5817 ι.
3606 5792 3740 5817 ..ΠΙ--

579 5805 732 5871 mali,
758 5807 854 5861 sed
877 5808 986 5861 vita
1028 5815 1230 5863 aeterna
1275 5809 1435 5880 datur
1477 5809 1604 5878 illis.
1651 5809 1791 5891 Quia
1827 5811 1894 5866 ad
1923 5821 2002 5877 te,
2035 5813 2144 5868 Do-

2249 5815 2325 5871 cit
2339 5814 2582 5883 clamavi,
2605 5816 2836 5886 exponit,
2857 5792 3159 5887 deprecatus
3176 5831 3312 5870 sunt.
3330 5808 3484 5880 Quasi
3500 5806 3620 5862 dicat
3633 5815 3642 5851 :
3655 5792 3739 5850 CII-
