4008 6348
281 465 414 523 1065

1239 471 1506 530 GLOSSA
1544 470 1939 532 ORDlNAltlA.
1980 501 2050 516 -ι
2085 476 2212 534 LIB.
2253 475 2501 534 PSALM.

3387 479 3521 536 i066

276 597 395 638 mor
417 596 572 636 meus
591 578 897 652 deprecatio
916 591 1018 649 εει,
1042 598 1148 639 non
1170 599 1438 653 murmur,
1461 601 1571 642 non
1597 586 1846 659 blasphe-
1873 590 1928 652 Α
1951 588 2109 644 educi
2136 589 2394 654 animam,
2419 603 2540 658 quae
2577 587 2703 644 inde
2734 587 2898 642 multa
2925 588 3127 657 patitur
3143 629 3158 654 ,
3190 599 3294 646 etc.
3321 633 3336 658 ,
3366 609 3536 665 usque

343 763 508 822 VIus.
529 766 583 823 5.
603 797 676 808 —
693 765 764 822 In
781 779 1056 839 conspectu
1079 769 1213 842 ejus.
1237 772 1420 846 (Auc.)
1443 773 1705 828 Dominus
1727 771 1848 828 red-

276 858 486 915 diturus
535 868 650 926 est,
688 860 744 916 in
771 861 984 918 occulto
1001 878 1121 932 ora;
1153 865 1294 921 unde
1323 867 1379 922 in
1403 865 1698 936 Evangelio
1724 883 1736 919 :
1766 863 1844 918 Tu

274 962 447 1007 autem
477 970 596 1008 cum
645 955 875 1010 oraveris
898 997 913 1022 ,
947 957 1085 1013 intra
1119 959 1176 1013 in
1223 959 1524 1015 cubiculum
1569 968 1716 1012 tuum
1737 997 1752 1024 ,
1800 966 1849 1012 et

274 1042 452 1111 clauso
487 1045 618 1098 ostio
650 1061 744 1099 ora
777 1042 993 1102 Patrem
1025 1056 1171 1104 tuum
1213 1051 1305 1121 qui
1347 1049 1484 1105 videt
1529 1048 1586 1102 in
1638 1047 1850 1103 abscon-

273 1132 402 1198 dito,
429 1141 535 1189 etc.
573 1133 788 1205 (Matth.
810 1133 912 1206 vi.)

344 1221 508 1278 Vnus.
540 1223 595 1278 4.
627 1255 697 1264 -
717 1224 789 1279 Et
830 1235 886 1279 tu
928 1228 1228 1298 cognovisti.
1275 1227 1398 1299 tio.)
1427 1227 1542 1283 Hoc
1570 1227 1740 1294 addit,
1783 1239 1852 1282 ne

275 1315 575 1381 audientes,
614 1315 805 1386 defecit
847 1319 1064 1388 spiritus
1092 1336 1258 1385 meus,
1301 1329 1557 1390 putarent
1591 1336 1716 1376 eum
1759 1319 1851 1374 de-

271 1403 496 1474 jectum.
527 1404 607 1461 Ac
630 1405 675 1460 si
705 1405 910 1462 diceret
938 1425 950 1460 :
981 1407 1039 1462 Si
1085 1407 1161 1462 illi
1191 1418 1380 1478 putant
1414 1424 1500 1464 me
1541 1409 1808 1480 dejectum
1833 1447 1850 1474 ,

273 1496 398 1564 quia
443 1495 668 1566 spiritus
709 1512 861 1553 meus
903 1496 1116 1566 defecit,
1161 1509 1217 1554 tu
1253 1515 1339 1556 me
1380 1509 1614 1557 stantem
1653 1501 1803 1556 vides
1832 1541 1848 1569 ,

273 1587 426 1659 cujus
455 1587 693 1659 Spiritus
723 1605 811 1645 me
832 1590 1096 1648 viviﬁcat.

338 1677 588 1736 Semitas.
625 1681 874 1750 Justitite,
899 1699 1033 1754 quas
1059 1684 1135 1740 illi
1173 1701 1280 1743 non
1307 1686 1510 1742 vident.

341 1770 411 1828 In
436 1772 540 1827 via.
571 1773 750 1830 Multa:
771 1775 894 1843 viae,
922 1777 1045 1847 quia
1074 1779 1245 1833 multa
1269 1787 1540 1850 praecepta
1567 1795 1581 1835 :
1609 1794 1718 1834 una
1741 1778 1850 1847 via,

271 1863 396 1934 quia
429 1865 613 1920 omnia
651 1867 719 1922 ad
742 1882 931 1934 unum,
955 1868 1009 1923 id
1037 1877 1120 1926 est
1144 1870 1490 1938 charitatem,
1514 1870 1850 1942 rediguntur.

1949 680 2018 735 ad
2045 681 2142 737 sed
2167 681 2443 751 corruptio
2473 680 2588 751 ejus
2611 720 2625 746 ,
2654 689 2710 735 et
2736 681 2962 736 tentatio
2983 718 3000 748 ,
3029 695 3218 738 carcer
3243 693 3345 741 est.

2447 812 2768 870 PSALMUS
2803 812 3005 872 CXLII.

2022 942 2280 1002 Psatmus-
2309 945 2495 1002 David.
2527 947 2773 1004 Psalmus
2812 949 2916 1005 iste
2947 951 3210 1022 septimus
3256 954 3530 1023 paeniten-

1950 1038 2184 1106 tialium,
2231 1039 2326 1111 qui
2381 1039 2503 1096 ideo
2545 1049 2671 1096 sunt
2709 1055 2914 1112 septem
2940 1083 2954 1109 ,
2983 1027 3044 1098 ιῖι
3071 1043 3262 1101 eodem
3307 1062 3534 1104 numero

1950 1146 2058 1202 quo
2070 1131 2432 1202 peccavimus,
2457 1142 2674 1202 peccata
2704 1133 2991 1190 diluamus.
3012 1134 3184 1211 (ωε.)
3206 1131 3360 1194 Sicut
3389 1139 3534 1196 enim

1951 1221 2006 1277 in
2045 1223 2382 1278 hebdomada
2408 1223 2595 1278 mundi
2622 1223 2781 1294 hujus
2815 1240 3125 1296 peccamus,
3176 1228 3251 1284 ita
3294 1229 3398 1285 hoc
3435 1245 3536 1286 nn-

1951 1329 2101 1369 mero
2127 1315 2460 1385 psalmorum
2487 1317 2786 1372 remedium
2814 1317 3148 1388 poenitentiae
3173 1321 3415 1390 peccatis
3436 1335 3536 1391 op-

1950 1405 2188 1474 ponitur.
2218 1405 2278 1460 ln
2307 1406 2501 1475 quibus
2547 1406 2772 1477 psalmis
2815 1407 2937 1463 talis
2983 1417 3068 1464 est
3112 1408 3285 1466 forma
3306 1451 3322 1478 ,
3349 1413 3474 1482 quia
3505 1428 3536 1466 a

1951 1492 2208 1565 lacrymis
2236 1495 2507 1568 incipitur,
2540 1507 2596 1553 et
2635 1498 2691 1553 in
2718 1499 2913 1571 gaudio
2934 1499 3058 1556 finis
3083 1510 3188 1569 est,
3229 1519 3298 1558 ne
3321 1505 3443 1575 quis
3469 1506 3537 1560 de

1953 1583 2112 1638 venia
2131 1583 2399 1656 desperet.
2420 1586 2602 1659 (Auc.)
2616 1587 3045 1646 Sicut‘Absalom
3061 1591 3254 1658 David,
3271 1595 3350 1651 sic
3370 1594 3537 1650 Judas

1954 1674 2254 1742 Christum,
2284 1676 2408 1734 falsi
2437 1676 2636 1737 fratres
2663 1695 2864 1752 corpus
2885 1682 3032 1753 ejus;
3054 1684 3140 1738 vel
3159 1683 3335 1741 illiciti
3361 1694 3538 1741 motus

1955 1775 2010 1821 et
2033 1767 2298 1837 operatio.

2029 1855 2194 1913 Vnus.
2239 1858 2291 1912 1.
2329 1889 2400 1900 --
2426 1857 2671 1928 Domine,
2717 1861 2931 1929 exaudi,
2980 1871 3086 1919 etc.
3135 1863 3310 1936 (ὼε.)
3357 1863 3539 1942 Primo

362 1953 527 2027 Aug.)
578 1954 647 2009 ιη
693 1955 774 2011 νεα
803 1996 819 2023 ,
873 1957 1168 2014 secundum
1221 1967 1406 2015 νοιυιη
1441 1975 1662 2027 eorum;
1699 1959 1854 2030 juxta
1882 1965 1931 2026 Β
1959 1947 2445 2016 captatexordium
2474 1965 2490 2016 ;
2531 1950 2770 2006 secundo
2796 1961 2986 2007 narrat
3013 1953 3156 2008 mala
3186 1969 3300 2019 sua,
3327 1963 3382 2008 et
3410 1955 3539 2023 quid

269 2045 436 2113 viam,
463 2048 762 2102 secundum
795 2051 1100 2106 veritatem.
1148 2051 1401 2109 Christus
1431 2054 1575 2107 enim
1625 2060 1709 2108 est
1741 2053 1850 2118 via,

272 2137 361 2209 qui
394 2153 502 2194 non
528 2139 659 2195 sinit
681 2155 775 2197 eos
807 2140 1067 2212 laqueum
1110 2159 1312 2215 ponere
1343 2145 1398 2198 in
1419 2145 1531 2210 via,
1561 2152 1620 2198 ut
1650 2160 1758 2200 non
1783 2143 1855 2200 sit

272 2230 430 2286 nobis
458 2246 565 2301 quo
607 2247 825 2299 eamus;
857 2233 989 2290 sinit
1022 2243 1202 2292 tamen
1246 2250 1450 2306 ponere
1479 2235 1637 2304 juxta
1661 2235 1806 2290 viam
1835 2274 1851 2304 ,

183 2379 186 2384 _
273 2337 342 2376 ne
369 2338 402 2377 a
429 2322 519 2378 via
550 2323 902 2382 declinemus.

343 2414 507 2470 Vens.
556 2415 610 2470 5.
649 2445 724 2457 -—
751 2415 1161 2473 Considerabam
1216 2419 1284 2474 ad
1324 2421 1614 2476 dexteram.
1669 2421 1854 2493 (Auu.)

275 2503 447 2570 Quam
475 2504 600 2560 mali
626 2521 736 2562 non
758 2506 1042 2574 videbant;
1070 2517 1126 2563 et
1160 2509 1263 2564 hoc
1297 2519 1397 2576 est,
1423 2519 1470 2564 et
1503 2526 1607 2564 non
1629 2520 1742 2564 erat
1764 2511 1854 2582 qui

272 2606 619 2667 cognosceret.
660 2597 863 2672 (Cass.)
900 2598 1034 2655 Cum
1073 2601 1218 2654 enim
1256 2600 1459 2670 pateris
1497 2601 1698 2668 omnia,
1735 2602 1857 2670 quis

273 2689 420 2743 novit
446 2691 575 2760 quid
606 2692 894 2748 attendas?
918 2691 1099 2764 (Auc.)
1147 2692 1249 2760 Qui
1287 2693 1341 2748 iu
1371 2695 1650 2749 dexteram
1680 2703 1855 2749 atten-

276 2786 374 2854 dit,
397 2789 574 2856 videt;
606 2792 776 2859 quiin
796 2791 1098 2857 sinistram,
1121 2799 1446 2847 excaecatur.
1473 2789 1570 2847 Vel
1586 2831 1601 2857 ,
1625 2789 1855 2862 apostoli

274 2894 378 2934 non
437 2882 657 2936 stabant
691 2880 758 2935 ad
792 2881 1250 2955 dexteram,qquia
1279 2880 1483 2937 carnali
1514 2881 1709 2936 timore
1741 2881 1854 2936 dis-

274 2971 420 3039 persi
446 2980 592 3037 sunt,
625 2971 722 3026 sed
758 2987 859 3041 ego
886 2971 1119 3041 perstiti.

345 3060 515 3116 Periit
548 3062 696 3131 fuga.
733 3061 865 3116 Tam
893 3063 1137 3134 corporis
1163 3076 1328 3133 quam
1358 3060 1577 3116 mentis.
1629 3060 1699 3114 Et
1750 3077 1857 3115 non

272 3163 347 3209 est
395 3154 483 3224 qui
538 3154 786 3224 requirat.
836 3152 1008 3226 (CAS.)
1060 3154 1194 3222 Quia
1239 3154 1385 3208 nulla
1417 3162 1500 3208 est
1536 3153 1854 3219 consolatio,

275 3246 370 3300 sed
419 3245 566 3301 solus
602 3246 670 3300 ad
717 3247 1025 3316 passionem
1067 3245 1286 3300 relictus
1337 3252 1438 3300 est.
1493 3243 1658 3298 Periit
1706 3243 1852 3315 fuga.

1957 2048 2146 2095 contra
2172 2041 2366 2111 egerit,
2397 2041 2495 2108 ibi,
2518 2044 2643 2114 quia
2669 2055 2968 2114 persecutus
2996 2057 3106 2113 est;
3131 2047 3290 2102 tertio
3322 2047 3540 2116 ponitur

1955 2131 2264 2201 deprecatio
2305 2133 2485 2189 causis
2533 2134 2876 2204 conﬁrmata,
2909 2138 3008 2205 ibi,
3034 2139 3278 2194 velociter
3305 2140 3540 2206 exaudi;

1955 2235 2152 2296 quarto
2198 2225 2420 2298 ponitur
2471 2226 2591 2284 laeta
2637 2229 2936 2296 conclusio,
2988 2230 3082 2298 ibi,
3126 2232 3342 2303 spiritus
3397 2241 3538 2286 tuus.

1956 2315 2138 2373 Monet
2167 2319 2233 2373 ad
2256 2319 2656 2390 paenitentiam,
2693 2329 2750 2376 et
2789 2322 3114 2390 orationem,
3147 2323 3218 2378 ad
3252 2323 3538 2379 orandum.

1956 2407 2015 2464 ln
2050 2426 2283 2481 persona
2332 2413 2498 2470 totius
2525 2413 2729 2471 Christi
2757 2415 2891 2472 dicit
2923 2435 2937 2471 :
2974 2417 3019 2472 0
3050 2417 3290 2486 Domine,
3321 2429 3428 2476 etc.
3470 2419 3541 2474 In

1958 2504 2172 2560 veritate
2199 2515 2309 2560 tua.
2341 2505 2516 2579 (ὼε.)
2547 2505 2665 2564 Non
2699 2516 2786 2565 est
2812 2509 2915 2565 hoc
2939 2518 3128 2565 contra
3157 2510 3542 2578 humilitatem,

1957 2612 2080 2668 quae
2107 2600 2534 2669 petebat‘audiri
2565 2619 2579 2654 :
2613 2602 2709 2658 sed
2734 2602 2940 2659 veritas
2966 2611 3022 2659 et
3044 2602 3256 2672 justitia
3291 2605 3388 2660 Dei
3436 2613 3542 2673 est,

1957 2704 2028 2745 ne
2081 2706 2204 2747 cum
2257 2704 2482 2766 rogante
2519 2697 2804 2768 disceptet,
2839 2715 2909 2755 ne
2939 2715 3064 2756 eum
3108 2702 3202 2771 qui
3228 2716 3288 2759 se
3323 2703 3558 2758 damnat

1951 2779 2196 2852 judicet;
2233 2785 2376 2841 unde
2411 2787 2660 2842 subditur
2693 2807 2705 2843 :
2739 2798 2788 2844 et
2829 2806 2935 2844 non
2986 2792 3168 2860 intres,
3197 2808 3305 2852 non
3354 2794 3543 2864 petivit

1950 2871 2220 2943 justitiam
2240 2875 2453 2945 judicii.
2477 2877 2662 2951 (Anth,
2687 2878 2841 2953 Cas.)
2866 2880 2936 2935 In
2968 2879 3184 2939 veritate
3211 2894 3326 2952 tua,
3349 2885 3405 2940 in
3453 2896 3545 2942 tua

1951 2964 2183 3033 justitia.
2218 2965 2315 3021 Vel
2331 2967 2602 3038 justitiam
2628 2978 2684 3026 et
2707 2972 2994 3029 veritatem
3023 2975 3172 3042 dicit,
3209 2991 3328 3048 qua:
3362 2977 3544 3048 parcit

1954 3056 2373 3124 paenitentibus,
2396 3068 2450 3113 et
2478 3075 2537 3115 se
2573 3062 2893 3119 damnantes
2946 3063 3196 3132 absolvit;
3245 3077 3301 3122 et
3349 3069 3546 3138 accipit

1958 3159 2060 3214 pro
2086 3147 2277 3201 eodem
2304 3150 2569 3204 veritatem
2594 3161 2642 3206 et
2660 3140 2949 3222 justitiam.
2974 3154 3044 3210 Et
3068 3165 3174 3226 est,
3215 3158 3272 3211 in
3326 3159 3543 3214 veritate

1961 3245 2075 3303 tua,
2115 3247 2163 3291 et
2195 3247 2288 3292 tua
2334 3239 2565 3309 justitia,
2614 3241 2670 3296 id
2700 3252 2781 3298 est
2823 3245 3116 3300 secundum
3165 3247 3432 3318 justitiam
3488 3256 3545 3304 et

271 3339 460 3411 (Auc.)
485 3339 918 3395 Circumclusum
946 3354 1004 3396 se
1027 3339 1177 3395 dicit.
1211 3336 1378 3393 Periit
1410 3336 1560 3409 fuga,
1591 3337 1719 3406 quia
1747 3352 1856 3392 non
1885 3339 1930 3402 C
1962 3328 2254 3385 Veritatem
2306 3345 2470 3401 quam
2510 3333 2901 3404 pmnitentibus
2942 3345 2998 3392 et
3049 3351 3107 3394 se
3159 3339 3544 3396 accusantibus

273 3431 413 3504 fugit
449 3433 649 3498 animo,
685 3446 910 3504 corpore
948 3432 1075 3488 licet
1113 3429 1423 3502 aliquando.
1451 3428 1854 3485 Circumclusus

273 3539 383 3580 non
411 3523 548 3594 fugit
573 3538 822 3594 corpore,
859 3524 986 3594 quia
1014 3538 1121 3579 non
1147 3531 1346 3593 potest.
1377 3520 1558 3576 Fortis
1583 3535 1691 3575 non
1719 3519 1856 3592 fugit

271 3626 472 3683 ruente,
501 3619 623 3689 quia
657 3633 766 3674 non
793 3617 924 3672 vult.
955 3614 1123 3672 Periit
1150 3617 1279 3687 fuga
1305 3614 1560 3671 concluso
1580 3613 1665 3669 vel
1693 3613 1850 3680 forti;

273 3709 400 3782 fuga
436 3710 672 3782 quidem,
711 3710 854 3766 unde
882 3709 1084 3765 dicitur
1121 3709 1178 3764 in
1207 3706 1497 3778 Evangelio
1528 3725 1540 3760 :
1589 3704 1733 3760 Videt
1769 3705 1855 3758 lu-

270 3817 399 3873 pum
425 3803 708 3857 venientem
737 3811 786 3857 et
820 3802 956 3872 fugit
985 3800 1167 3873 (Joan.
1197 3799 1274 3873 x).
1306 3800 1409 3856 Ubi
1434 3799 1692 3855 Dominus
1713 3815 1856 3855 mer-

274 3893 553 3950 cenarium
597 3895 884 3965 vituperat.
937 3892 1048 3949 Sed
1099 3893 1206 3948 alia
1256 3901 1340 3949 est
1392 3889 1518 3964 fuga
1569 3891 1812 3962 corporis
1837 3931 1851 3957 ,

273 4002 438 4057 quam
477 3986 738 4044 Dominus
781 3987 1046 4060 permittit
1075 3987 1261 4044 dicens
1309 4005 1322 4041 :
1362 3985 1422 4042 Si
1469 4002 1556 4040 vos
1599 3986 1854 4056 persecuti

277 4077 473 4147 fuerint
500 4079 558 4134 in
586 4073 694 4134 una
719 4080 949 4146 civitate,
973 4079 1137 4151 fugite
1156 4079 1211 4134 in
1232 4077 1394 4134 aliam
1418 4077 1636 4150 (Matth.
1665 4077 1742 4148 χ).

349 4168 420 4222 Ει
449 4186 555 4225 non
580 4181 656 4225 est
695 4171 786 4242 qui
813 4171 1042 4241 requirat
1082 4171 1334 4226 animant.
1373 4170 1646 4238 Quaeritur
1671 4169 1853 4225 anima

277 4270 374 4318 aut
401 4279 430 4318 a
460 4264 921 4334 persecutoribus,
971 4273 1066 4320 aut
1109 4279 1141 4320 a
1191 4264 1564 4321 dilectoribus.
1601 4261 1694 4320 Sic
1726 4262 1854 4335 fuga

277 4355 423 4426 perit
452 4355 660 4414 duobus
689 4357 884 4423 modis,
909 4364 966 4412 et
989 4372 1022 4412 a
1050 4365 1209 4428 capto
1235 4364 1292 4412 et
1315 4371 1348 4411 a
1381 4354 1530 4411 forti.

351 4449 515 4504 Vens.
567 4449 619 4504 6.
661 4479 734 4489 —
767 4449 1020 4506 Ctamavi.
1077 4448 1248 4524 (Cas)
1298 4449 1545 4507 Secunda
1591 4461 1720 4520 pars
1764 4446 1854 4503 ubi

275 4541 392 4614 agit
419 4542 487 4598 de
512 4541 620 4598 ﬁne
648 4543 934 4599 malorum.
961 4543 1092 4614 Spes
1117 4561 1252 4598 mea.
1277 4543 1414 4610 Quia
1435 4551 1488 4597 te
1512 4557 1580 4597 ex
1602 4541 1854 4596 omnibus

275 4631 439 4703 eligo.
482 4630 687 4688 Portio.
715 4632 1001 4689 Humiliter
1039 4635 1169 4690 dicit
1189 4642 1244 4688 et
1269 4633 1629 4688 communiter
1652 4631 1854 4703 portio-

1955 3417 2218 3492 indulges.

2027 3513 2196 3571 Vnus.
2221 3513 2278 3569 2.
2309 3540 2382 3558 -—
2406 3515 2479 3570 Et
2505 3533 2611 3573 non
2637 3520 2798 3574 intres
2827 3519 2884 3574 in
2903 3521 3188 3592 judicium.
3225 3522 3406 3596 (AUG.)
3452 3523 3540 3579 ln-

1959 3618 2110 3664 trant
2144 3610 2199 3666 in
2222 3609 2487 3680 judicium
2511 3628 2636 3668 cum
2667 3614 2918 3681 Domino,
2948 3616 3041 3686 qui
3067 3631 3223 3672 suam
3271 3617 3540 3688 justitiam

1959 3701 2316 3769 constituunt,
2347 3705 2491 3774 quod
2514 3721 2624 3760 non
2653 3705 2758 3762 iste
2773 3706 3024 3774 humilis;
3066 3709 3208 3764 unde
3236 3711 3499 3781 propheta
3525 3728 3538 3764 :

1959 3793 2100 3859 Quid
2132 3795 2286 3850 vultis
2312 3813 2516 3852 mecum
2543 3800 2601 3854 in
2626 3800 2832 3870 judicio
2857 3803 3206 3858 contendere?
3228 3802 3419 3860 Omnes
3452 3805 3543 3860 de-

1958 3889 2238 3960 reliquistis
2291 3907 2391 3959 me,
2435 3892 2558 3946 dicit
2593 3891 2871 3950 Dominus.
2919 3894 3050 3950 Cum
3084 3913 3228 3953 servo
3260 3906 3369 3952 tuo.
3407 3899 3545 3952 Indi-

1958 3999 2123 4054 gnum
2154 3991 2238 4039 est
2264 3999 2390 4040 cum
2419 3999 2597 4051 servo,
2628 4001 2695 4041 ne
2730 3985 2907 4042 dicam
2934 4003 3060 4044 cum
3091 3988 3267 4047 amico
3295 4007 3308 4044 :
3333 4001 3389 4046 et
3413 3991 3456 4045 si
3487 4001 3542 4046 tu

1961 4076 2096 4131 dicis
2121 4075 2381 4144 amicum,
2405 4092 2506 4146 ego
2545 4091 2782 4145 servum,
2832 4076 3092 4150 fugitivus
3138 4081 3326 4150 redeo,
3353 4097 3543 4153 pacem

1958 4183 2164 4238 quaero,
2206 4184 2308 4223 non
2328 4185 2444 4223 sum
2465 4168 2655 4240 dignus
2683 4171 2862 4225 vocari
2887 4170 3030 4240 ﬁlius
3061 4182 3202 4227 tuus.

2027 4264 2192 4319 Vsus.
2222 4263 2276 4319 5.
2306 4293 2379 4303 -
2405 4263 2545 4330 Quia
2580 4275 2905 4334 persecutus.
2925 4263 3100 4336 (Ολε.)
3123 4264 3370 4322 Secunda
3397 4284 3540 4339 pars,

1958 4355 2052 4411 ubi
2075 4364 2160 4410 est
2185 4354 2430 4412 narratio
2452 4354 2721 4411 malorum
2753 4369 2874 4426 quae
2901 4356 3126 4425 patitur,
3147 4364 3206 4414 et
3232 4359 3363 4429 quid
3417 4376 3546 4416 con-

1957 4454 2042 4502 tra
2076 4448 2269 4519 egerit.

2033 4537 2199 4594 Vnus.
2241 4540 2293 4594 6.
2331 4570 2402 4580 -—
2438 4539 2646 4596 Memor
2673 4540 2772 4611 fui.
2805 4539 2986 4613 (Auc.)
3019 4541 3135 4600 Hoc
3161 4542 3348 4602 dicunt
3375 4561 3548 4602 mem-

1963 4631 2081 4698 bra,
2111 4639 2240 4698 etc.,
2266 4649 2432 4704 usque
2464 4632 2534 4687 ad
2563 4634 2657 4688 sed
2687 4649 2795 4688 non
2829 4649 2947 4690 esse
2977 4636 3209 4707 caepisti.
3258 4637 3544 4695 Meditatus

277 4701 408 4784 nem
449 4730 552 4786 sibi
593 4745 712 4787 esse
749 4730 807 4786 in
849 4739 995 4786 terra
1022 4729 1337 4796 viventium,
1363 4744 1484 4784 cum
1510 4736 1620 4784 tota
1644 4729 1715 4782 sit
1733 4742 1852 4782 sua.
1881 4701 1935 4763 D
1960 4740 2098 4779 sum.
2124 4722 2261 4790 Quia
2289 4725 2686 4796 utique-omnia
2716 4725 2859 4782 bona
2887 4735 3036 4795 sunt,
3059 4728 3114 4782 in
3140 4743 3247 4799 quo
3289 4731 3540 4802 percipit,

275 4819 393 4878 Hoc
420 4831 571 4893 patet
604 4838 672 4878 ex
707 4825 810 4880 hoc
842 4824 984 4895 quod
1014 4823 1214 4880 latroni
1244 4823 1380 4878 dixit
1407 4840 1420 4876 :
1456 4820 1630 4876 Hodie
1655 4836 1858 4875 mecum

274 4916 381 4970 eris
410 4917 465 4971 in
503 4917 751 4988 paradiso
785 4931 805 4972 :
836 4917 929 4989 qui
963 4927 1048 4974 est
1089 4925 1235 4973 terra
1280 4914 1578 4972 viventium
1621 4922 1856 4970 aeterna-

275 5007 424 5064 liter.

350 5100 514 5157 Vsns.
563 5102 617 5157 7.
645 5132 719 5144 —
743 5102 790 5156 A
817 5101 1234 5175 persequentibus
1265 5118 1364 5157 me.
1409 5099 1662 5157 Diabolus
1715 5099 1860 5155 enim

273 5204 380 5260 per
407 5207 530 5248 vasa
561 5207 678 5262 sua,
706 5193 759 5249 id
784 5202 867 5249 est
893 5209 989 5265 per
1023 5193 1162 5250 filios
1206 5193 1512 5250 difﬁdentiae
1532 5235 1546 5261 ,
1586 5193 1695 5264 agit
1733 5207 1860 5263 per-

276 5283 619 5339 secutionem
644 5283 908 5355 corporis,
933 5291 994 5337 ut
1013 5283 1158 5340 intus
1184 5284 1280 5339 ﬁat
1307 5285 1488 5340 cordis
1522 5284 1698 5340 ruina.

1961 4817 2089 4890 quia
2119 4817 2382 4890 quidquid
2405 4819 2461 4873 in
2485 4833 2544 4875 se
2564 4819 2691 4875 boni
2713 4827 2818 4887 e‘st,
2840 4836 2870 4874 a
2894 4819 3004 4878 Deo
3031 4830 3134 4878 est.
3161 4821 3230 4878 In
3253 4823 3408 4893 factis
3433 4842 3545 4878 ma-

1959 4924 2144 4962 nuum.
2177 4907 2256 4964 Ac
2286 4909 2332 4965 si
2366 4909 2512 4965 dicat
2541 4927 2554 4964 :
2588 4911 2820 4978 Quaesivi
2864 4911 2919 4966 in
2957 4928 3120 4984 opere
3163 4913 3450 4980 artificem,
3490 4921 3546 4969 et

1961 5001 2016 5058 in
2045 5001 2277 5058 conditis
2305 5002 2556 5059 omnibus
2584 5003 2918 5063 conditorem
2948 5025 2962 5063 :
2987 5015 3238 5064 creatura
3270 5014 3361 5062 tua
3389 5007 3536 5062 facta

1963 5104 2047 5151 est
2076 5095 2210 5149 mihi
2255 5095 2644 5166 spectaculum.

2039 5187 2244 5242 Memor
2271 5189 2349 5259 fui
2374 5190 2596 5245 dierum.
2629 5189 2801 5266 (αΑε.)
2827 5191 3091 5249 Recolens
3109 5189 3211 5246 iste
3233 5190 3378 5261 quod
3413 5189 3544 5249 fecit

1965 5280 2164 5337 cmlum
2191 5287 2245 5334 et
2274 5288 2496 5347 terram,
2526 5290 2581 5337 et
2606 5283 2749 5352 quod
2798 5281 3070 5350 henefecit,
3102 5280 3360 5352 antiquis,
3407 5284 3546 5339 obli-

354 5374 518 5431 Vnns.
549 5375 601 5430 8.
627 5406 697 5416 —
719 5373 870 5428 Educ
895 5375 959 5430 de
981 5377 1242 5444 custodia,
1273 5386 1380 5433 etc.
1424 5376 1606 5451 (Anc.)
1637 5377 1716 5432 Ex
1741 5393 1865 5450 per-
1965 5375 2193 5430 viscitur
2222 5374 2564 5431 miseriarum
2601 5377 2804 5432 mundi.
2836 5376 2904 5430 Et
2939 5391 3005 5432 ex
3028 5376 3112 5434 his
3139 5393 3261 5448 qua:
3297 5377 3541 5450 Deusgfe—

275 5481 415 5522 sona
457 5465 715 5524 Ecclesia:
767 5466 993 5537 loquens
1017 5510 1032 5535 ,
1081 5469 1304 5541 exponit
1350 5469 1493 5524 unde
1529 5468 1858 5526 liberandus.

273 5559 430 5616 Alias
451 5562 516 5616 de
535 5577 764 5616 carcere.
809 5560 946 5628 Quia
973 5563 1029 5617 in
1055 5565 1403 5634 corruptione
1431 5562 1572 5635 (quae
1593 5572 1677 5620 est
1696 5579 1858 5635 paena

277 5656 548 5729 corporis)
575 5655 917 5728 angustiatur
950 5674 963 5710 :
989 5664 1114 5726 post
1139 5673 1277 5728 quas
1300 5659 1581 5729 angustias
1612 5659 1669 5714 in
1697 5659 1859 5716 domo

277 5741 380 5802 Dei
426 5755 536 5803 tota
559 5747 673 5802 vita
703 5747 808 5802 erit
832 5745 1138 5820 confessio,
1169 5748 1225 5803 id
1251 5757 1335 5805 est
1359 5747 1480 5805 laus
1522 5750 1651 5817 Dei;
1697 5750 1860 5806 modo

277 5837 510 5912 impedit
541 5856 731 5898 carcer
768 5840 1033 5896 conﬁteri.
1083 5839 1184 5897 Hic
1234 5856 1418 5898 carcer
1464 5843 1548 5899 vel
1605 5843 1858 5915 spelunca

279 5933 522 5992 mundus
559 5942 738 6007 potest
789 5934 892 5990 dici
916 5975 930 6000 ,
972 5933 1065 5990 ubi
1098 5936 1280 5992 omnia
1320 5950 1503 5994 vana:
1534 5938 1675 5995 unde
1707 5948 1860 6011 rogat

761 6030 1037 6099 Pnaon.
1088 6030 1321 6098 CXIII.

1965 5467 2040 5524 cit
2065 5479 2126 5524 se
2155 5467 2482 5524 consolatur.

2034 5559 2200 5618 Vnus.
2227 5563 2278 5616 7.
2303 5593 2373 5602 —
2407 5561 2679 5618 Velociter.
2703 5560 2877 5634 (ΟΑε.)
2905 5561 3084 5619 Tertia
3122 5562 3386 5636 ωτι-ιω
3421 5577 3538 5635 νο..

1962 5655 2110 5710 nitur
2138 5654 2444 5726 deprecatio
2473 5653 2652 5709 causis
2679 5653 3021 5709 confirmata.
3075 5655 3272 5725 Defecit
3300 5655 3538 5726 spiritus.

1963 5747 2148 5821 (Auc.)
2177 5747 2402 5819 Impleat
2425 5762 2510 5802 me
2539 5755 2660 5800 tuus
2692 5745 2948 5816 Spiritus,
2978 5748 3102 5817 quia
3131 5748 3326 5803 defecit
3348 5763 3538 5804 meus:

1956 5837 2071 5910 jam
2094 5855 2212 5897 sum
2236 5853 2442 5910 pauper
2467 5837 2679 5908 spiritu.
2712 5837 2772 5893 ln
2805 5854 2912 5910 quo
2959 5840 3104 5894 enim
3142 5839 3272 5894 vivit
3321 5841 3541 5911 spiritus

1963 5950 2115 6003 suus,
2160 5931 2252 5992 ille
2298 5929 2564 6002 Superbus
2605 5940 2690 5988 est
2741 5932 2935 6004 spiritu
2987 5947 3106 5997 suo,
3163 5941 3216 5990 ct
3268 5933 3543 5990 extollitur

3029 6024 3105 6087 3h

2017 6115 2021 6119 Α
2065 6091 2116 6111 ,φ
