4008 6348
586 402 721 463 1067

1082 397 1477 455 WALAFRlDl
1519 397 1769 454 STRABI
1806 397 2011 454 FULD.
2054 396 2220 454 MON.
2263 394 2418 453 OPP.
2459 391 2641 449 PARS
2680 391 2722 447 Ι.
2765 421 2834 434 -
2873 390 3328 450 THEOLOGICA.

3655 403 3752 464 l068

583 521 774 570 contra
795 512 986 567 Deum.
1013 510 1167 567 Unde
1191 510 1320 566 alibi
1347 527 1364 565 :
1389 509 1609 580 Auferes
1636 507 1881 579 spiritum
1900 525 2100 573 eorum,
2125 516 2174 562 et
2199 509 2256 573 Α
2353 505 2517 562 Vens.
2566 506 2618 560 7.
2669 535 2741 546 -—
2785 503 2982 562 Emitte
3039 523 3271 561 manum.
3319 507 3479 578 (Cas)
3508 507 3579 565 Ad
3599 512 3757 576 Patrem

583 606 825 675 deﬁcient
867 601 1042 676 (Psal.
1082 603 1223 674 cru).
1252 599 1320 656 In
1349 602 1541 656 locum.
1575 600 2033 656 llle'descenditin
2055 615 2179 671 pro-

583 697 830 760 fundum,
849 695 977 766 quia
1005 694 1170 749 etiam
1199 693 1377 763 perdit
1403 691 1822 759 confessionem,
1846 701 1906 746 ut
1938 691 2031 761 qui
2054 705 2178 760 pro-

586 789 744 860 ponit
764 789 867 845 sibi
887 787 1162 844 licentiam
1186 785 1447 858 peecandi
1477 785 1596 842 sine
1621 801 1719 859 spe
1740 785 1930 850 veniae,
1953 783 2182 840 habenis

587 882 893 952 iniquitatis
921 880 1124 936 eii'usis.
1156 878 1304 934 Talis
1334 894 1441 934 non
1468 879 1619 934 audit
1643 877 1815 934 Deum
1853 877 2121 934 dicentem
2163 894 2175 930 :

588 969 966 1030 Convertimini
1037 973 1105 1026 ad
1175 988 1290 1038 me,
1360 980 1410 1026 et
1471 987 1562 1042 ego
1640 977 1912 1026 convertar
1974 969 2042 1023 ad
2094 985 2181 1023 vos

587 1063 776 1138 (Zach.
803 1065 866 1139 ι).
1599 1061 1604 1066 ·

659 1157 826 1214 Vens.
866 1157 920 1213 8.
958 1187 1028 1197 —
1067 1153 1246 1210 Mane.
1279 1154 1458 1228 (αλδ.)
1496 1153 1626 1210 Post
1661 1165 1880 1210 noctem
1933 1161 2184 1224 peccato-

589 1261 733 1306 rum.
771 1245 955 1320 (Ana)
986 1244 1143 1301 Mane
1185 1253 1288 1312 est,
1317 1255 1444 1302 cum
1493 1253 1718 1316 peccata
1765 1243 2033 1299 laxantur.
2070 1241 2184 1296 No-

588 1350 698 1397 tam
723 1342 809 1410 fac
830 1340 959 1395 mihi
985 1341 1144 1395 viam.
1200 1338 1314 1395 Hoc
1361 1337 1491 1394 fecit
1527 1337 1688 1402 Deus,
1735 1345 1869 1404 etc.,
1907 1353 2069 1407 usque
2115 1335 2183 1389 ad

587 1433 968 1503 perveniemus
1004 1431 1071 1486 ad
1097 1429 1282 1486 lumen
1305 1444 1524 1502 purum,
1559 1430 1627 1485 ad
1656 1419 1898 1484 Verbum
1940 1428 1994 1482 in
2035 1425 2184 1497 prin-

588 1526 732 1596 cipio
762 1521 904 1596 apud
935 1525 1126 1580 Deum.
1155 1522 1423 1578 Animam.
1456 1521 1629 1595 (Cas).
1662 1519 1735 1578 Ut
1753 1535 1850 1577 vas
1879 1517 1948 1574 ad
1975 1517 2183 1574 fontem

591 1613 751 1672 attuli
785 1634 798 1670 :
833 1615 997 1687 imple
1017 1631 1168 1688 ergo.

659 1707 827 1764 Vens.
869 1705 958 1762 10.
994 1737 1066 1748 -
1099 1705 1331 1777 Spiritus
1377 1716 1501 1761 tuus
1550 1707 1734 1764 bonus.
1767 1703 1942 1777 (ολδ.)
1977 1701 2184 1771 Quarta

585 1817 736 1874 pars,
759 1800 852 1858 ubi
882 1807 967 1856 est
1000 1798 1126 1854 laeta
1173 1797 1470 1854 conclusio.
1508 1795 1735 1868 Propter
1785 1811 1972 1850 nomen
2009 1803 2182 1859 tuum,

2280 598 2445 657 verba
2468 599 2738 656 convertit
2767 616 2782 654 :
2811 597 3008 654 Emitte
3045 614 3279 666 manum,
3303 600 3357 655 id
3399 609 3476 656 est
3513 602 3756 681 Christum;

2281 693 2347 770 de
2369 691 2475 748 alto
2513 691 2606 748 ubi
2647 707 2771 748 cum
2824 690 3006 760 Patre,
3046 699 3108 746 ut
3145 707 3361 748 carnem
3404 693 3585 752 induat.
3630 701 3760 777 (sua)

2281 783 2380 841 Vel
2416 785 2484 842 de
2524 785 2768 842 secundo
2807 784 3040 841 adventu
3089 785 3202 857 agit
3239 785 3292 840 in
3329 799 3539 857 persona
3556 789 3759 852 Ecclesia.

2282 876 2449 944 Quasi
2477 877 2650 934 dicat:
2681 877 2765 933 ita
2791 877 2881 933 fac
2907 875 3087 933 modo.
3138 873 3329 932 Emitte
3365 886 3569 934 manum
3586 891 3696 938 tuam
3721 887 3762 942 de

2284 969 2412 1036 alto,
2439 969 2495 1026 id
2522 977 2605 1026 est
2639 968 2919 1026 Christum
2958 968 3026 1024 de
3065 965 3196 1024 caelo
3239 967 3305 1024 ad
3336 967 3587 1041 judicium.
3629 971 3764 1034 Veniet

2283 1061 2431 1116 enim
2472 1061 2736 1118 Dominus
2761 1061 2821 1116 in
2848 1073 2981 1116 voce
3021 1059 3221 1131 angeli,
3258 1071 3313 1117 et
3363 1061 3414 1116 in
3455 1063 3569 1119 tuba
3607 1067 3679 1122 Dei
3703 1069 3764 1126 de-

2285 1153 2507 1210 scendet
2529 1155 2596 1210 de
2625 1155 2785 1212 cmlo.
2836 1155 3043 1210 Deinde
3080 1169 3149 1209 ex
3185 1138 3415 1225 persona.
3446 1153 3658 1215 Ecclesia:
3681 1161 3765 1220 sub-

2285 1249 2364 1308 dit
2396 1269 2408 1306 :
2441 1251 2602 1324 Eripe
2624 1269 2728 1319 me,
2763 1251 2994 1320 scilicet,
3024 1269 3124 1325 per
3169 1269 3290 1310 eam
3319 1269 3538 1312 manum.
3562 1251 3618 1310 Et
3638 1254 3764 1326 libera,

2287 1350 2419 1410 etc.,
2449 1352 2509 1398 ut
2548 1345 2600 1399 in
2631 1345 2833 1401 littera.

2357 1434 2522 1491 Vens.
2553 1435 2607 1491 9.
2651 1467 2721 1478 —-
2759 1437 2923 1505 Deus,
2964 1439 3230 1494 canticum
3265 1456 3446 1494 novum
3491 1439 3670 1496 cantabo
3691 1443 3763 1496 tibi.

2285 1527 2461 1603 (Cas)
2489 1529 2739 1585 Secunda
2765 1545 2916 1600 pars,
2939 1532 3030 1588 ubi
3053 1533 3212 1602 quasi
3241 1532 3328 1588 ille
3348 1549 3494 1604 quem
3513 1535 3765 1606 precabatur,

2285 1620 2464 1676 victor
2500 1628 2554 1676 et
2597 1620 2855 1676 liberator
2895 1623 3140 1689 venerit,
3179 1623 3230 1678 ei
3271 1639 3328 1679 se
3363 1633 3565 1680 cantare
3597 1623 3640 1680 in
3670 1624 3766 1681 Novo

2289 1715 2636 1772 Testamento
2675 1725 2729 1771 et
2763 1715 2942 1772 Veteri
2977 1717 3250 1787 promittit
3279 1736 3291 1772 :
3331 1727 3384 1774 et
3412 1717 3476 1774 ab
3500 1733 3557 1774 eo
3592 1729 3768 1790 precatur

2287 1806 2512 1863 liberari
2543 1807 2610 1863 ab
2644 1807 2730 1863 his
2765 1807 2858 1878 qui
2900 1807 3291 1864 beatitudinem
3315 1816 3496 1880 putant
3520 1808 3567 1864 in
3593 1809 3766 1863 terrenis.

587 1893 834 1958 Domine,
857 1890 1138 1961 viviﬁcabis
1163 1907 1245 1945 me
1265 1891 1320 1944 in
1347 1889 1590 1960 teneritate
1611 1897 1722 1942 tua.
1745 1887 1936 1944 Gratia
1965 1885 2062 1941 Dei
2093 1886 2170 1941 hic

2181 1908 2184 1935 ι
2209 1888 2258 1949 Β
2285 1897 2582 1955 Canticum.
2617 1899 2801 1973 (Auc.)
2838 1901 2953 1957 Hoc
2977 1901 3082 1959 alio
3109 1902 3332 1957 nomine
3377 1903 3613 1972 signiﬁcat
3638 1901 3764 1974 legem,

587 1987 1032 2042 commendatur:
1058 1986 1187 2056 quia
1217 2001 1327 2040 non
1359 2001 1426 2041 ex
1454 1985 1686 2052 meritis,
1717 1984 1812 2040 sed
1841 1999 1909 2039 ex
1939 1981 2178 2048 nomine,

587 2077 734 2148 quod
761 2085 845 2134 est
871 2075 1048 2144 Jesus,
1077 2093 1134 2133 se
1163 2077 1499 2134 viviﬁcatum
1556 2077 1708 2142 dicit,
1763 2073 1857 2132 sed
1908 2091 2032 2130 cum
2077 2075 2183 2129 hoc

585 2171 760 2242 gratia
809 2168 1081 2241 aequitatis
1135 2168 1458 2239 miseretur,
1487 2169 1618 2240 quia
1647 2165 1779 2224 licet
1805 2166 1948 2223 Deus
1998 2166 2184 2223 omnia

588 2259 758 2331 gratis
789 2256 974 2325 faciat,
999 2257 1228 2328 justitia:
1257 2268 1440 2314 tamen
1469 2257 1588 2330 ejus
1618 2265 1704 2314 est
1733 2257 2005 2330 supplices
2028 2253 2186 2327 justi-

589 2348 779 2417 ilcare,
799 2363 938 2422 quos
961 2349 1235 2405 daemones
1262 2348 1414 2405 videt
1449 2349 1730 2420 impetere.

1086 2459 1412 2519 PSALMUS
1451 2451 1677 2519 CXLIII.

661 2553 827 2611 Vens.
862 2555 915 2609 1.
967 2584 1040 2596 -
1090 2553 1340 2608 Psalmus
1393 2552 1567 2609 David
1606 2555 1676 2610 ad
1730 2551 1959 2610 Goliam.
2009 2551 2187 2626 (Cas.)

588 2649 800 2717 David,
870 2647 1121 2706 Christus
1168 2657 1355 2713 totus,
1423 2657 1566 2715 etc.,
1636 2665 1802 2719 usque
1861 2647 1930 2702 ad
1991 2654 2046 2702 et
2109 2644 2189 2702 sic

590 2751 754 2814 caput
807 2742 924 2813 ejus
977 2741 1156 2814 gladio
1203 2756 1302 2797 suo
1350 2739 1910 2796 inciditur.—David
1951 2739 2186 2807 Goliam,

589 2832 840 2888 Christus
909 2831 1107 2887 occidit
1135 2831 1469 2898 ‘diabolum,
1523 2839 1654 2900 etc.,
1710 2849 1876 2904 usque
1927 2832 1995 2887 ad
2046 2832 2188 2889 unde

588 2923 944 2996 spiritualiter
993 2938 1229 3002 sequens
1271 2921 1538 2995 psalmus,
1567 2923 1806 2980 laudatio
1856 2924 2182 2980 intitulatur.

659 3014 993 3071 Benedictus.
1057 3013 1234 3087 (Cas)
1297 3011 1664 3088 Triumphalis
1721 3015 1992 3088 psalmus,
2051 3024 2183 3085 etc.,

587 3125 751 3182 usque
779 3108 850 3162 ad
872 3122 1104 3182 precans
1130 3123 1229 3180 per
1271 3123 1398 3164 eum
1434 3105 1679 3175 liberari,
1713 3105 1809 3176 ibi,
1839 3107 1983 3164 Deus
2019 3111 2185 3165 canti-

588 3222 729 3261 cum.

660 3301 767 3366 Qui
792 3300 941 3356 docet
983 3316 1171 3354 manus
1196 3315 1358 3354 meas.
1394 3297 1578 3374 (Αυε.)
1603 3285 1660 3355 id
1684 3307 1768 3356 est
1799 3299 1892 3370 qui
1923 3315 2023 3370 per
2053 3297 2179 3368 Spi-

589 3395 754 3449 ritum
785 3401 1054 3460 sanctum,
1079 3401 1210 3459 etc.,
1237 3409 1400 3464 usque
1421 3391 1944 3464 adjquodlsequitur.
1971 3390 2183 3447 Miseri-

590 3487 772 3544 cordia
795 3503 932 3542 mea.
971 3485 1145 3559 (Cas)
1173 3485 1310 3552 Quia
1339 3484 1612 3559 prolixum
1641 3493 1725 3540 est
1759 3483 1944 3540 multis
1989 3497 2183 3538 causas

587 3577 901 3649 explicare,
977 3556 1220 3632 breviter
1275 3556 1504 3648 singulis
1559 3573 1742 3630 verbis
1795 3575 1989 3656 tangit,
2046 3582 2182 3642 etc.,

587 3691 750 3747 usque
781 3675 850 3730 ad
877 3675 1005 3746 quia
1028 3688 1152 3729 cum
1181 3673 1437 3743 despectu
1466 3679 1522 3729 et
1549 3671 1651 3740 sub
1672 3671 2032 3728 admiratione
2055 3672 2185 3728 sub-

588 3767 759 3834 ditur,
801 3767 1046 3835 Domine,
1095 3766 1222 3839 quid
1245 3775 1321 3821 est
1348 3765 1503 3820 homo
1552 3764 1700 3836 quia,
1729 3763 1835 3819 etc.
1862 3762 2046 3836 (Auc.)
2078 3761 2183 3817 Mi-

587 3860 878 3917 sericordia
937 3877 1073 3918 mea.
1129 3859 1270 3930 Quia
1317 3868 1373 3915 tu
1431 3861 1532 3916 das
1591 3857 1728 3916 mihi
1769 3866 1831 3914 ut
1875 3857 2184 3914 misericors

589 3953 716 4019 sim,
771 3959 902 4019 etc.,
951 3968 1116 4024 usque
1166 3951 1235 4006 ad
1283 3951 1496 4008 dimitte
1534 3965 1686 4024 ergo,
1718 3958 1775 4006 et
1802 3949 2059 4016 dimitto;
2091 3949 2181 4016 da,

593 4048 650 4096 et
669 4039 758 4096 do.

661 4132 828 4188 Vens.
857 4129 912 4186 5.
955 4162 1017 4171 -
1048 4129 1188 4198 Quia
1237 4140 1449 4202 reputas
1497 4131 1657 4185 eum?
1695 4129 1878 4202 (Auc.)
1930 4129 2182 4202 Magnum

588 4232 672 4282 est
715 4224 858 4296 quod
897 4223 1040 4278 Deus
1083 4223 1351 4289 aestimat,
1397 4229 1451 4277 et
1492 4221 1630 4277 tanti
1679 4208 1830 4290 iacit,
1879 4232 1938 4276 ut
1975 4237 2076 4294 pro
2116 4239 2183 4279 eo

593 4315 793 4372 Filium
840 4313 1067 4381 dederit,
1115 4315 1204 4370 cui
1260 4315 1426 4370 etiam
1483 4313 1542 4368 ﬁt
1580 4313 1762 4386 panis,
1794 4314 1886 4384 qui
1914 4323 1997 4370 est
2025 4315 2183 4386 panis

593 4407 940 4480 angelorum:
973 4422 1080 4462 non
1105 4407 1250 4462 enim
1271 4408 1348 4462 sic
1374 4393 1606 4462 aestimat
1632 4407 1908 4462 hominem
1937 4406 2103 4474 Deus,
2122 4416 2184 4466 ut

590 4500 776 4565 homo,
804 4498 896 4570 qui
925 4498 1150 4555 charius
1171 4498 1305 4553 emit
1330 4514 1528 4568 equum
1558 4514 1722 4568 quam
1744 4499 2042 4555 hominem.

660 4591 826 4647 Vens.
855 4591 909 4646 4.
939 4621 1009 4632 -
1040 4587 1278 4646 Vanitati
1323 4589 1511 4645 similis
1550 4590 1722 4660 factus
1769 4601 1845 4646 est
1871 4605 1896 4643 ει
1920 4592 2032 4648 dies
2062 4593 2178 4664 ejus

587 4687 723 4741 sicut
769 4684 976 4739 umbra.
1037 4681 1158 4756 (ιιι.)
1193 4683 1418 4752 Quando
1451 4684 1613 4739 homo
1651 4683 1902 4738 conditus
1947 4693 2050 4751 est,
2088 4701 2181 4742 ve-

591 4777 742 4836 ritati
775 4775 966 4832 similis
997 4775 1170 4831 factus
1195 4785 1298 4841 est,
1321 4775 1547 4830 vanitati
1569 4775 1866 4846 peccando.
1885 4777 2033 4833 Vana
2055 4786 2180 4834 sunt

590 4869 776 4924 omnia
820 4866 1158 4932 transitoria,
1188 4867 1596 4937 comparatione
1637 4882 1852 4938 semper
1909 4871 2180 4927 manentis

593 4959 863 5017 veritatis.
892 4955 1066 5031 (Cas)
1097 4953 1310 5012 Vanum
1331 4965 1438 5024 est,
1485 4957 1630 5029 quod
1659 4959 1725 5014 de
1746 4975 1840 5014 sua
1874 4960 2179 5017 substantia

591 5053 794 5110 cadens
822 5051 1070 5108 vanescit
1100 5069 1112 5104 :
1145 5049 1448 5119 ut.fumus,
1496 5061 1557 5107 ut
1604 5053 1814 5109 umbra.
1837 5053 1937 5110 'lta
1978 5065 2033 5112 et
2062 5057 2177 5128 ipse

557 5148 755 5206 .homo
803 5145 1051 5211 tabescit,
1079 5143 1223 5200 unde
1270 5143 1472 5212 subdit,
1504 5143 1629 5201 Dies
1671 5147 1806 5218 ejus,
1845 5147 1899 5203 id
1942 5157 2027 5204 est
2068 5150 2178 5205 vita

594 5240 712 5312 ejus
753 5238 990 5304 notoria,
1024 5237 1078 5293 id
1124 5245 1210 5293 est
1256 5235 1588 5300 transitoria,
1641 5237 1719 5296 sic
1756 5239 2000 5310 praeterit
2041 5239 2180 5295 sicut

587 5333 802 5390 umbra.

663 5426 832 5483 Vens.
863 5425 918 5480 5.
940 5455 1010 5465 —
1031 5423 1272 5489 Domine,
1299 5420 1517 5477 inclina.
1549 5419 1730 5496 (AUG.)
1755 5421 1986 5478 Humilis
2009 5423 2180 5482 David

594 5535 660 5576 ex
708 5533 940 5590 persona
973 5514 1250 5580 Ecclesiae,
1287 5513 1482 5586 plenus
1529 5513 1698 5584 gratia
1735 5530 2070 5583 praesumens
2111 5517 2178 5573 de

591 5611 724 5677 Deo,
746 5623 992 5681 pugnans
1021 5607 1110 5663 hic
1132 5606 1348 5661 invocat
1371 5605 1701 5677 adjutorium
1732 5604 1847 5660 Dei.
1895 5607 2082 5675 Quasi,
2121 5610 2177 5665 in

589 5703 737 5758 lucta
790 5717 996 5766 sumus,
1045 5697 1140 5755 sed
1182 5714 1250 5754 ne
1279 5698 1614 5754 deﬁciamus.
1655 5695 1897 5765 Domine,
1959 5701 2172 5758 inclina.

588 5791 770 5864 (αλδ.)
791 5791 1034 5846 Domine.
1060 5787 1208 5844 Idem
1232 5789 1430 5859 aperit,
1460 5801 1586 5858 etc.,
1624 5808 1784 5862 usque
1813 5792 1880 5847 ad
1909 5802 1963 5846 ct
2003 5791 2177 5851 forma

601 5884 692 5939 Dei
720 5883 949 5939 formam
974 5882 1116 5938 servi
1153 5880 1406 5950 suscepit.

2285 2006 2450 2062 quam
2481 2006 2578 2061 per
2599 1991 2838 2063 quinque
2867 1991 3074 2064 lapides
3104 1991 3448 2063 signiﬁcavit.

2357 2083 2521 2139 Vens.
2571 2083 2661 2138 l0.
2691 2115 2762 2124 —
2808 2082 3020 2140 Gladio.
3067 2082 3256 2157 (Auc.)
3281 2082 3420 2164 Quas
3455 2082 3659 2156 superius
3685 2081 3770 2138 dixit

2285 2181 2474 2249 aquas,
2505 2178 2680 2250 ipsum
2717 2177 2808 2234 hic
2847 2177 2980 2234 dicit
3014 2177 3291 2250 gladium;
3323 2175 3458 2234 unde
3490 2184 3538 2232 et
3558 2176 3629 2231 hic
3655 2173 3770 2230 subdit

2285 2273 2429 2344 quod
2457 2272 2531 2328 ibi
2564 2291 2576 2326 :
2607 2269 2677 2327 Et
2711 2289 2836 2329 erue
2882 2289 2964 2327 me
2992 2271 3057 2328 de
3100 2289 3266 2328 manu
3308 2273 3526 2342 ﬁliorum
3549 2271 3769 2326 alienorum.

2287 2363 2548 2436 Maligna.
2600 2365 2676 2420 De
2703 2379 2812 2435 quo
2867 2383 2880 2420 :
2939 2364 3149 2437 Lingua
3204 2381 3384 2422 eorum
3424 2365 3604 2438 gladius
3649 2373 3768 2418 cum

2283 2451 2463 2527 (Psal.
2491 2452 2622 2527 LVI).
2653 2453 2752 2509 Est
2781 2462 2836 2510 et
2871 2451 3140 2528 benignus
3184 2454 3410 2528 gladius,
3447 2455 3507 2510 de
3539 2470 3626 2526 quo
3653 2452 3769 2508 Domi-

2288 2560 2392 2600 nus
2443 2545 2519 2602 ait
2576 2564 2589 2601 :
2653 2547 2779 2601 Non
2830 2548 2947 2603 veni
2999 2565 3188 2619 pacem
3235 2550 3445 2613 mittere,
3501 2545 3577 2602 sed
3612 2545 3769 2616 gladium

2289 2636 2506 2711 (Matth.
2550 2639 2628 2711 ι).
2669 2637 2770 2696 Hic
2807 2648 2892 2696 est
2929 2639 3137 2712 gladius
3179 2639 3267 2696 bis
3309 2647 3486 2696 acutus
3508 2639 3657 2710 (Apoc.
3683 2633 3771 2703 xu),

2288 2738 2522 2802 utroque
2583 2733 2834 2788 acumine
2885 2742 3199 2805 praepotens
3227 2775 3242 2799 ,
3307 2733 3500 2789 scilicet
3550 2728 3709 2786 Veteris
3739 2735 3774 2780 et

2287 2819 2424 2876 Novi
2483 2821 2853 2893 Testamenti,
2903 2839 3012 2898 quo
3063 2825 3249 2882 omnis
3284 2823 3500 2897 putredo
3533 2837 3560 2877 a
3595 2815 3773 2877 membris

2289 2911 2493 2972 Christi
2520 2917 2878 2974 abscinditur.

2359 3031 2524 3090 Vens.
2569 3032 2656 3088 12.
2689 3063 2760 3072 -
2783 3031 3022 3102 Quorum
3043 3033 3174 3104 ﬁlii.
3208 3033 3329 3103 Hic,
3363 3033 3450 3106 qui
3471 3033 3569 3090 sint
3591 3028 3723 3094 alieni,
3740 3035 3772 3081 et

2287 3139 2409 3196 quae
2434 3124 2651 3182 illorum
2693 3126 2914 3182 dextera
2965 3125 3297 3198 iniquitatis,
3349 3135 3403 3196 et
3437 3123 3638 3198 qualiter
3666 3117 3770 3177 locuti

2288 3226 2414 3276 sunt
2438 3219 2758 3287 vanitatem,
2795 3218 3036 3291 exponit.
3071 3219 3264 3293 (Αυθ.)
3313 3218 3618 3278 Felicitatem
3648 3228 3772 3271 eorum

2286 3321 2592 3379 enumerat,
2623 3313 2740 3369 haec
2765 3320 2853 3369 est
2877 3313 3099 3370 dextera
3132 3329 3352 3383 eorum,
3377 3313 3484 3374 haec
3512 3317 3586 3368 est
3603 3307 3771 3368 vanitas,

2285 3421 2450 3478 quam
2496 3407 2826 3479 loquuntur,
2885 3408 3016 3466 dum
3061 3409 3185 3472 haec
3233 3408 3418 3468 dicunt
3461 3401 3770 3464 beatitudinum

2287 3497 2493 3572 (Cass)
2533 3496 2774 3565 Quorum
2810 3498 2931 3570 ﬁlii.
2972 3498 3091 3569 Vel,
3141 3502 3372 3573 mystice
3403 3501 3510 3558 haec
3533 3502 3710 3570 possunt
3722 3491 3771 3546 in-

2286 3593 2452 3666 telligi
2483 3594 2552 3650 ab
2581 3593 2674 3651 illo
2712 3594 2850 3661 loco,
2879 3603 3014 3664 etc.,
3041 3613 3213 3670 usque
3255 3597 3325 3654 ad
3361 3596 3452 3658 sed
3486 3594 3618 3652 novis
3641 3585 3773 3648 errati-

2283 3688 2387 3744 bus
2423 3687 2848 3759 pullulaverunt.

2358 3803 2536 3860 Filiae.
2567 3804 2772 3879 (Cass)
2811 3807 2942 3876 Quae
2977 3821 3084 3864 non
3131 3807 3337 3866 habent
3362 3809 3497 3865 vires
3521 3801 3771 3862 constantia.

2356 3895 2693 3968 Composita.
2737 3896 2857 3954 Non
2907 3907 3102 3955 natura
3143 3901 3408 3971 pulchrae,
3455 3897 3541 3954 sed
3576 3895 3633 3951 ab
3661 3888 3774 3948 homi-

2286 3990 2448 4049 nibus
2468 3992 2800 4063 compositaa.
2825 3992 2922 4048 Ha:
2942 3993 3065 4050 ﬁliae
3089 4005 3220 4052 sunt
3250 3996 3581 4070 cogitationes
3601 3988 3668 4047 vel
3689 3998 3776 4057 Ρη

2287 4081 2584 4141 dicationes
2608 4096 2798 4141 eorum
2825 4087 2919 4158 qui
2949 4103 3058 4146 non
3095 4092 3306 4149 habent
3331 4103 3508 4150 veram
3539 4083 3776 4147 Ecclesiam,

2286 4175 2383 4231 sed
2411 4176 2842 4235 similitudinem.

2358 4285 2526 4343 Vens.
2557 4289 2645 4344 l5.
2677 4321 2751 4331 —
2786 4287 3187 4364 Promptuaria.
3233 4295 3408 4353 Corda
3451 4291 3646 4353 diversis
3669 4287 3774 4344 rebus

2285 4377 2469 4435 facta:
2505 4381 2648 4438 unde
2697 4385 2964 4454 pessimus
3021 4388 3388 4448 eructationes
3442 4381 3776 4451 exhalantem

2285 4469 2476 4524 fetent.

2310 4479 2476 4529 etent.

2358 4563 2446 4620 Ex
2473 4567 2570 4622 hoc
2590 4569 2646 4623 in
2668 4569 2822 4625 illud.
2853 4567 3160 4646 instabiles,
3192 4577 3322 4648 quia
3360 4593 3466 4636 non
3496 4573 3666 4632 habent
3685 4561 3777 4623 radi-

2205 4637 2261 4700 Ῑ)
2288 4671 2408 4714 cem
2433 4661 2699 4720 veritatis.

2363 4771 2528 4829 Vens.
2563 4775 2652 4830 14.
2676 4807 2746 4818 —-
2774 4773 2907 4835 Oves
2926 4797 3109 4837 eorum
3138 4780 3340 4850 fetam.
3363 4783 3445 4838 Ad
3465 4782 3679 4839 litteram.
3696 4766 3777 4841 ll"ia

2290 4865 2522 4925 vulteos
2548 4872 2832 4930 ostendere
2873 4876 3096 4932 caducis
3133 4877 3297 4934 rebus
3335 4879 3545 4934 interere.
3573 4865 3702 4942 Quasi
3729 4859 3778 4916 di-

2289 4966 2418 5012 cat:
2451 4957 2726 5017 Peculium
2762 4979 2951 5020 eorum
2987 4965 3241 5034 fetosum,
3285 4983 3406 5024 cum
3444 4965 3537 5037 ipsi
3569 4960 3656 5016 ﬁde
3676 4949 3780 5010 steri-

2289 5051 2400 5118 les;
2437 5053 2582 5108 “ﬁde
2626 5057 2856 5128 mystice
2899 5055 3151 5130 discipuli
3195 5074 3418 5123 eorum,
3459 5057 3536 5111 lue
3570 5062 3674 5107 oves
3697 5043 3778 5098 siml

2285 5144 2491 5213 letosaa,
2535 5147 2662 5215 quia
2701 5148 2806 5220 ipsi
2855 5149 2988 5206 alios
3027 5150 3209 5223 plures
3249 5152 3305 5206 in
3358 5162 3533 5206 errore
3573 5139 3776 5216 generati!-

2285 5235 2352 5290 In
2379 5239 2687 5308 egressibus.
2715 5237 2832 5296 Non
2857 5242 2911 5298 in
2939 5243 3296 5313 ingressibus,
3329 5243 3452 5314 quia
3478 5247 3624 5296 totum
3641 5232 3778 5287 bonum

2284 5329 2428 5400 quod
2454 5330 2657 5388 habere
2676 5333 2950 5402 videntur,
2979 5337 3047 5393 ab
3069 5338 3149 5393 eis
3169 5337 3442 5410 egreditur
3461 5333 3560 5390 cito
3577 5316 3778 5412 ρετὶίωξίῗ

2286 5418 2470 5476 Boves.
2521 5422 2638 5478 Non
2675 5423 2859 5482 labore
2892 5428 3086 5500 macri,
3125 5405 3228 5484 sed
3258 5428 3371 5484 otio
3404 5425 3622 5496 pingues,
3654 5419 3698 5502 ul
3725 5405 3780 5502 his

2285 5515 2379 5584 qui
2407 5511 2632 5570 afﬂuunt
2655 5517 2878 5584 divitiis,
2911 5527 3036 5574 cum
3075 5519 3177 5591 ipsi
3217 5519 3330 5576 sint
3369 5499 3776 5591 averitatclclulﬂ'

2283 5605 2381 5663 Vel
2426 5611 2677 5681 mystice,
2709 5613 2897 5680 boves,
2938 5587 3184 5690 magistri
3219 5611 3450 5670 terrenis
3477 5605 3679 5693 alliuunt.
3705 5587 3780 5693 ἔα·

2284 5703 2456 5758 ceriaz.
2493 5703 2624 5773 Quae
2659 5707 2724 5780 de
2755 5707 2882 5764 solis
2921 5710 3069 5765 saxis
3101 5710 3154 5764 in
3202 5707 3380 5766 hortis
3413 5703 3501 5762 sed
3527 5697 3600 5754 vel
3632 5691 3777 5748 vineis?

2283 5812 2383 5852 nec
2407 5796 2522 5867 ipsa
2556 5799 2670 5855 ruit
2697 5801 2818 5866 illis,
2855 5802 2973 5857 ideo
2993 5803 3257 5876 prosperi.
3671 5875 3708 5882 Η

2357 5890 2529 5964 (ΟΑὸι)
2575 5893 2755 5964 Neque
2799 5870 3082 5966 transitus,
3124 5870 3291 5970 neque
3348 5893 3562 5955 clamor,
3599 5870 3778 5938 turbidus
