4008 6348
230 464 372 525 1060

1269 464 1537 524 GLOSSA
1576 460 1971 523 ORDINARIA.
2008 493 2079 504 --
2117 460 2243 519 LIB.
2282 458 2532 520 PSALM.
2593 509 2602 517 .

3366 464 3505 525 1070

225 585 577 658 ὶιιατυωρίι
597 586 835 659 quietem
860 600 1073 655 mm,
1094 593 1232 655 etc.,
1252 600 1415 658 usque
1435 566 1647 659 adque
1664 583 1816 643 ducit
1839 586 1893 647 Α
1915 582 2143 639 videaris
2170 578 2354 655 (Prov.
2384 582 2577 653 xxvn).
2612 578 2723 638 Sed
2756 596 2868 640 non
2890 590 2979 641 est
3007 585 3341 658 arrogantia,
3372 587 3504 659 quia

228 679 299 738 ad
321 686 578 739 mortem.

298 770 464 829 Vens.
500 771 588 829 15.
618 804 689 815 -
724 772 971 831 Beatum.
999 769 1119 828 Non
1152 771 1279 831 inde
1314 770 1663 849 reprehendit
1686 769 1814 842 quia

228 865 315 924 bis
344 864 645 935 abundant,
674 865 772 925 sed
800 865 929 943 quia
956 880 1058 941 pro
1090 865 1320 923 dextera
1356 864 1580 930 habent,
1617 862 1673 919 id
1707 871 1810 927 est,

227 972 332 1034 pro
367 957 705 1019 beatitudine
745 974 760 1012 :
798 964 854 1015 et
899 956 1018 1013 baac
1056 963 1142 1013 est
1180 956 1395 1013 vanitas
1438 970 1604 1026 quam
1644 951 1813 1009 locuti

229 1060 380 1125 sunt.
430 1048 529 1111 His
551 1057 609 1106 et
632 1048 933 1117 Abraham,
960 1057 1019 1106 et
1040 1048 1221 1117 isaac,
1260 1055 1318 1106 et
1349 1045 1540 1113 Jacob,
1562 1044 1811 1103 abunda-

225 1144 324 1201 vit.
363 1142 620 1203 Felicitas
661 1152 747 1215 est
780 1142 1026 1213 sinistra,
1077 1142 1133 1200 id
1167 1149 1253 1200 est
1296 1138 1630 1214 temporalis,
1669 1153 1813 1197 mor-

227 1235 370 1294 talis.
1428 1244 1435 1251 '

724 1324 1049 1387 PSALMUS
1086 1324 1310 1385 CXLIV.

296 1484 463 1547 Vsus.
491 1488 545 1545 1.
591 1519 665 1532 -
697 1487 961 1546 Laudatio
992 1488 1093 1562 ipsi
1118 1488 1308 1547 David.
1361 1488 1534 1564 (Cas)
1568 1488 1815 1545 Breviter

223 1580 471 1639 continet
507 1576 598 1638 hic
622 1580 867 1655 psalmus
901 1596 1023 1655 quae
1063 1582 1117 1638 in
1146 1579 1444 1653 Scripturis
1479 1581 1676 1637 divinis
1703 1580 1813 1636 late

226 1670 620 1749 diffunduntur,
653 1685 786 1749 etc.,
830 1695 994 1752 usque
1035 1679 1105 1735 ad
1144 1694 1213 1735 ne
1257 1678 1381 1751 quis
1408 1678 1463 1737 in
1511 1678 1629 1750 ejus
1655 1675 1814 1735 laude

225 1779 412 1822 errare
434 1775 617 1839 posset
641 1781 658 1823 :

300 1859 484 1932 (Auc.)
525 1858 733 1931 Spiritu
767 1871 959 1921 sancto
989 1862 1178 1937 implet
1222 1861 1367 1923 Deus
1402 1870 1645 1927 sanctos,
1680 1869 1813 1927 etc.,

1912 673 2084 731 Deum
2112 673 2168 731 in
2190 682 2264 741 te,
2288 689 2396 731 non
2426 660 2722 730 te'laudas.

1987 767 2151 825 Vnus.
2174 765 2230 823 6.
2261 755 2334 809 —-'
2354 765 2423 825 Et
2451 767 2715 823 virtutem.
2762 767 2820 824 Si
2858 783 2966 827 non
3006 768 3328 835 minanti",
3355 770 3503 831 nulla

1912 867 2059 939 esset
2086 860 2381 926 correctio;
2417 858 2464 915 si
2489 874 2620 917 vero
2648 875 2757 917 non
2786 861 3150 928 blandiretur,
3181 861 3331 919 nulla
3358 871 3507 920 esset

1913 953 2242 1011 exhortatio.
2273 952 2369 1008 Est
2408 953 2596 1025 itaque
2620 954 2876 1013 amabilis
2901 964 2959 1013 et
2986 956 3269 1015 terribilis.
3314 956 3509 1015 Dicent

1913 1058 2046 1116 ergo
2070 1043 2328 1101 virtutem
2366 1043 2769 1116 dieqiplinantis
2804 1056 2862 1103 et
2897 1049 3192 1119 partientis.
3226 1050 3278 1109 si
3304 1048 3506 1120 pradi-

1912 1145 2042 1196 cant
2076 1152 2301 1210 regnum
2334 1146 2623 1207 aeterm,
2654 1154 2761 1199 non
2796 1149 2977 1199 tacent
3012 1142 3195 1215 ipsa:
3218 1150 3503 1199 sternunt.

1984 1231 2148 1288 Vsus.
2195 1230 2246 1285 7.
2283 1262 2355 1272 —
2388 1229 2701 1291 Memoriam
2734 1232 3080 1291 unus.
3102 1234 3509 1293 suavitatis”

1912 1323 2242 1381 eructabunt.
2272 1322 2458 1397 (Aus.)
2486 1323 2607 1397 Ipse
2638 1340 2742 1396 per
2770 1325 3141 1385 abuit-Bm
3182 1325 3510 1387 suavitatem

1914 1432 2070 1473 suam
2091 1417 2245 1488 prius
2284 1431 2495 1477 memor
2521 1418 2694 1477 nostri
2740 1426 2846 1486 est,
2884 1434 2986 1476 nos
3022 1418 3293 1487 modo,
3332 1418 3510 1493 gratia

1915 1523 2015 1565 sua
2041 1523 2142 1565 nos
2160 1509 2561 1579 praeveniendo,
2590 1509 2714 1566 inde
2743 1526 2845 1567 nos
2866 1509 3003 1580 eius.

1986 1598 2500 1668 Eructabuntdicit,
2534 1614 2643 1659 non
2670 1601 3098 1659 manduoabmt.

1984 1692 2170 1767 (Αυθ.)
2192 1693 2482 1753 Manducat
2500 1696 2594 1766 qui
2619 1694 2802 1762 discit,
2820 1704 3039 1752 eructat
3066 1696 3163 1768 qui
3182 1696 3381 1761 docet:
3404 1696 3514 1754 hoc

1916 1794 2097 1844 tamen
2124 1796 2341 1847 emetat
2368 1786 2517 1859 quod
2562 1788 2877 1845 manthcat.
2902 1788 3036 1846 Hac
3068 1790 3353 1858 memoria,
3372 1790 3511 1861 quia

1916 1878 2073 1939 valde
2106 1878 2282 1936 dulcis
2302 1878 2679 1937 mandi-cauda
2702 1888 2786 1937 est
2810 1888 2870 1936 et
2896 1882 3217 1945 erecta-da.
3244 1880 3346 1937 Sic
3374 1894 3508 1954 ergo

226 1970 389 2027 usque
418 1954 489 2009 ad
509 1954 744 2031 ideoque
782 1956 1009 2031 spiritus
1045 1958 1165 2029 ejus
1201 1957 1259 2014 in
1289 1955 1462 2017 servis
1496 1955 1611 2013 suis
1632 1952 1817 2011 laudet
1841 1963 1895 2026 Β
1918 1973 2183 2031 manduca
2212 1980 2273 2029 ιιι
2298 1983 2534 2031 erum,

226 2064 372 2117 eum,
403 2051 529 2121 quia
556 2050 767 2107 laudari
796 2066 853 2108 se
876 2051 1027 2107 facit.

302 2141 478 2216 (ολδ.)
510 2142 583 2200 Ut
609 2152 815 2217 septem
837 2142 1033 2215 psalmi
1054 2141 1413 2215 ptenitentiae,
1436 2140 1516 2198 sic
1534 2149 1591 2199 et
1609 2148 1816 2214 septem

228 2235 471 2308 spiritus,
497 2234 655 2307 juxta
679 2236 808 2292 illud
839 2248 1241 2295 sacramentum
1268 2235 1412 2307 quod
1432 2234 1694 2307 prmeepit
1718 2236 1820 2292 Do-

229 2330 411 2388 minus
438 2329 608 2405 Moysi
639 2330 693 2386 in
716 2329 1068 2386 tabernaculo
1084 2337 1295 2405 septem
1316 2328 1571 2387 lucernas
1586 2342 1814 2403 ponere,

225 2432 491 2497 perpetuo
528 2421 735 2479 lumine
766 2421 1029 2481 lucentes.

300 2515 565 2572 Exaltabo
589 2525 658 2571 te.
690 2514 864 2591 (Cas)
890 2515 1076 2575 Primo
1098 2514 1363 2588 propheta
1394 2513 1670 2591 promittit
1689 2512 1817 2569 inli-

228 2609 401 2665 nitam
427 2608 675 2675 laudem;
698 2608 961 2677 secundo,
990 2624 1181 2667 omnes
1203 2607 1546 2681 perfecturos
1574 2608 1670 2663 Dei
1698 2607 1817 2663 lau-

230 2698 355 2756 dem
383 2712 577 2757 novem
614 2699 794 2759 modis
828 2700 979 2765 dicit,
999 2699 1096 2768 ibi,
1132 2696 1414 2755 Generatio
1442 2708 1491 2757 et
1506 2699 1816 2775 generatio;

229 2795 414 2864 tertio,
446 2794 637 2851 eadem
666 2792 831 2853 latius
848 2792 1102 2865 explicat,
1129 2791 1223 2869 ibi,
1251 2792 1549 2857 miserator.
1809 2855 1825 2865 ἢ

300 2884 369 2942 In
392 2887 645 2944 arculum
671 2885 873 2945 «sculi.
907 2884 1081 2959 (ΕΑΒ.)
1109 2884 1212 2955 Qui
1246 2885 1338 2941 hic
1372 2900 1483 2943 non
1514 2884 1724 2959 incipit,
1760 2884 1817 2943 is

231 2975 420 3037 futuro
449 2988 634 3035 mutus
657 2979 782 3037 erit.

303 3070 469 3127 νειιε.
503 3069 560 3127 2.
590 3100 660 3110 —
700 3066 809 3127 Per
844 3067 1082 3140 singulos
1122 3069 1258 3135 dies,
1306 3074 1413 3124 etc.
1448 3067 1576 3140 (ιο.)
1600 3068 1823 3136 Qnihic

234 3179 333 3237 per
360 3163 604 3237 singulos
644 3162 783 3231 dies,
820 3162 877 3218 in
917 3170 1124 3223 aeterno
1150 3161 1243 3219 die
1268 3161 1574 3223 morabitur
1597 3159 1825 3219 laudare

234 3254 496 3311 continua
519 3253 904 3311 exsultatione.

307 3345 492 3419 (Αυς.)
524 3346 672 3405 Bene
694 3347 830 3405 dicit
855 3363 1000 3403 nunc
1038 3363 1134 3419 per
1156 3348 1391 3420 singulos
1424 3347 1560 3414 alios,
1584 3354 1665 3414 ut,
1696 3360 1825 3404 cum
1850 3334 1898 3401 C

236 3437 446 3494 venerit
477 3454 618 3495 unus
646 3438 769 3497 sine
790 3438 899 3497 ﬁne
922 3438 1056 3511 dies,
1086 3447 1181 3499 eat
1210 3454 1278 3495 ex
1306 3438 1465 3499 laude
1498 3438 1553 3497 iu
1580 3437 1822 3503 laudem.

235 3530 378 3588 sicut
401 3547 467 3587 ex
495 3532 699 3588 virtute
730 3532 785 3589 in
812 3533 1087 3591 virtutem.
1116 3533 1185 3593 In
1213 3532 1469 3591 woulunt
1506 3543 1557 3589 et
1577 3534 1633 3597 in
1659 3549 1829 3588 amca—

237 3618 346 3676 lum
384 3621 590 3679 seculi.
635 3621 810 3695 (ϐω.)
852 3621 930 3681 De
978 3639 1086 3696 qua
1115 3623 1275 3683 laude
1317 3623 1446 3681 alibi
1478 3641 1492 3678 :
1521 3623 1592 3679 lu
1626 3621 1827 3681 mula

235 3712 551 3769 sweulorum
598 3714 889 3769 laudabunt
936 3712 1110 3788 (Psol.
1160 3715 1412 3788 xxxviii),
1446 3715 1583 3786 quia
1608 3729 1828 3786 semper

239 3806 501 3863 amabunt
533 3822 693 3881 quem
735 3821 950 3878 semper
986 3808 1268 3875 videbunt,
1300 3820 1412 3879 qua
1445 3807 1657 3865 visione
1688 3807 1827 3864 nihil

239 3896 631 3957 delectabilius.

308 3987 474 4047 Vsus.
522 3990 578 4047 3.
613 4021 685 4033 -
711 3991 908 4055 Nimis.
962 3992 1136 4067 (ω.)
1188 3993 1308 4053 Uno
1345 3994 1515 4052 verbo
1551 3993 1700 4051 deﬁt
1731 4008 1827 4050 oo-

238 4082 413 4155 gitare
435 4083 581 4156 quod
612 4099 716 4143 non
738 4094 919 4157 potest
945 4087 1067 4158 capi
1088 4086 1247 4160 plene
1272 4107 1287 4143 :
1317 4095 1375 4144 et
1397 4087 1522 4145 ideo
1546 4101 1828 4160 nunquam

102 4192 113 4211 ι
237 4188 421 4232 cesses
440 4191 471 4230 a
493 4175 761 4234 laudibus.

312 4265 479 4327 Vnus.
527 4267 584 4325 ι.
635 4299 707 4310 -
750 4266 1031 4335 ϐαμναιίο
1071 4278 1121 4331 et
1154 4270 1449 4343 amatio.
1508 4269 1685 4343 (II-as.)
1724 4268 1841 4327 Ser

240 4359 438 4429 cando,
468 4375 661 4421 omnes
684 4361 1024 4432 perfecturos
1056 4361 1279 4425 laudem
1307 4362 1404 4421 Dei
1428 4378 1628 4421 novem
1646 4362 1831 4420 modis

238 4453 529 4527 promittit.
562 4453 736 4527 Opera
764 4465 879 4517 tua.
909 4455 1094 4530 (Λυσι.)
1114 4456 1177 4515 Si
1210 4458 1267 4514 in
1284 4458 1664 4531 militum
1684 4456 1830 4514 deti-

241 4551 437 4618 cimus,
487 4549 572 4609 vel
617 4553 685 4611 de
734 4553 994 4623 operibus
1037 4552 1325 4611 laudemus
1369 4561 1708 4624 operantem,
1760 4549 1831 4606 de

245 4643 481 4703 conditis
501 4645 862 4712 conditorem,
910 4645 978 4702 de
1003 4645 1271 4705 creaturis
1296 4654 1620 4702 creatorem.
1646 4641 1827 4715 (αλδ.)

242 4732 451 4791 Novem
481 4744 608 4793 sunt
630 4749 796 4807 opera
825 4705 1131 4806 :vpotentia,
1166 4736 1588 4807 magniﬁcentia,
1628 4705 1831 4791 sancti-
1855 4705 1910 4768 D

240 4833 353 4893 tas,
400 4827 693 4896 mirabilia,
720 4828 916 4897 virtus,
961 4827 1286 4885 terribilium
1329 4828 1662 4900 magnitudo,
1704 4840 1829 4884 nte-

243 4920 445 4988 moria,
484 4921 723 4993 justitia,
758 4936 885 4993 quae
931 4928 1055 4992 post
1098 4920 1515 4992 explicabuntur
1562 4939 1575 4975 :
1630 4934 1704 4976 ex
1746 4921 1833 4977 bis

246 5013 409 5084 quasi
465 5012 599 5069 locis
639 5023 695 5069 et
747 5012 1047 5070 seminibus
1074 5013 1255 5069 omnis
1302 5012 1420 5069 laus
1468 5013 1723 5079 trahitur,
1764 5014 1833 5069 ad

245 5119 410 5176 quem
454 5105 679 5165 modum
704 5107 899 5162 mnia
931 5115 1254 5179 argumenta
1281 5107 1348 5163 de
1384 5107 1658 5179 paucitate
1672 5107 1833 5164 Ioco-

244 5213 367 5255 rum
388 5207 698 5257 sumuntur.
720 5199 793 5255 Et
819 5201 1103 5271 potentiam
1126 5210 1292 5256 tutan.
1326 5201 1511 5275 (Αυε.)
1542 5198 1661 5259 Non
1687 5203 1833 5259 enim

244 5309 412 5366 opera
458 5295 705 5362 laudant,
749 5295 855 5353 nisi
900 5304 962 5351 ut
992 5296 1256 5353 virtutem
1297 5297 1577 5369 operantis
1617 5311 1834 5355 annun-

247 5386 412 5461 tient.
468 5386 576 5444 Sed
612 5388 834 5459 quidam
874 5388 1190 5462 eloquentes
1224 5402 1536 5447 creaturam
1588 5391 1832 5459 laudant,

246 5483 517 5541 creatoris
562 5482 744 5540 obliti.
794 5482 980 5541 Sancti
1030 5498 1162 5542 vero
1202 5486 1532 5555 laudatores,
1582 5488 1630 5544 si
1671 5503 1834 5560 opera

248 5584 459 5644 amant,
502 5586 558 5633 et
586 5576 812 5634 laudant
848 5580 1023 5650 magis
1068 5589 1412 5649 operator-em
1458 5597 1474 5636 :
1517 5589 1572 5636 et
1616 5591 1838 5653 propter

250 5666 373 5727 hac
400 5667 553 5724 illum
585 5678 788 5727 amant.
826 5668 886 5725 Si
916 5670 969 5725 in
998 5670 1163 5727 rebus
1190 5670 1350 5727 factis
1382 5673 1619 5728 sentitur
1658 5674 1837 5745 aliqua

251 5761 499 5833 Species,
539 5761 771 5828 utilitas,
812 5763 1007 5831 virtus,
1046 5774 1101 5820 et
1144 5764 1398 5822 laudatur
1435 5764 1611 5836 magis
1650 5765 1706 5822 in
1748 5764 1841 5822 illo

251 5855 349 5929 qui
378 5855 525 5912 fecit.
562 5854 626 5914 Si
648 5870 813 5929 mera
853 5858 1059 5923 laudas,
1094 5868 1148 5915 et
1181 5870 1231 5914 te
1256 5860 1435 5931 quies
1466 5861 1561 5917 Dei
1587 5876 1741 5931 opus.
1773 5860 1841 5915 Et

251 5947 497 6007 occurrit
538 5947 717 6005 illud':
757 5947 881 6007 Non
909 5961 958 6008 te
984 5951 1162 6008 laudet
1187 5969 1245 6009 os
1288 5961 1460 6023 tuum,
1493 5970 1555 6009 ne
1587 5970 1840 6026 arrogans

1991 2069 2158 2126 Vsus.
2194 2069 2251 2125 8.
2286 2098 2359 2110 —
2380 2067 2664 2125 Miserator
2684 2078 2737 2124 et
3122 2066 3300 2142 (ευ.)
3326 2067 3515 2126 Tertio

1916 2164 2082 2221 latius
2136 2163 2373 2236 explicat
2432 2179 2560 2234 qua:
2611 2163 2854 2221 secundo
2908 2163 3149 2220 breviter
3202 2163 3513 2235 proponat.

1918 2254 2084 2324 Quasi
2114 2273 2130 2310 :
2162 2254 2356 2311 Merito
2381 2255 2437 2309 in
2464 2254 2551 2311 bis
2578 2254 2897 2321 laudabunt,
2922 2254 3052 2327 quia
3078 2254 3511 2322 mw,ﬁt.

1917 2347 2112 2405 Partes
2136 2347 2313 2404 laudis
2346 2356 2622 2421 ponantur
2646 2349 2763 2417 hic,
2790 2363 2915 2420 quae
2958 2348 3232 2421 superius,
3278 2347 3375 2405 sed
3400 2354 3513 2404 neu

1919 2439 2145 2512 singula
2174 2448 2404 2511 possunt
2422 2440 2687 2512 explicari
2721 2460 2734 2495 :
2764 2441 2892 2512 quis
2924 2440 3070 2498 enim
3098 2455 3265 2513 opera
3287 2441 3374 2497 vel
3402 2454 3510 2512 'po-

1919 2532 2146 2593 tentiam
2183 2531 2302 2602 ejus
2341 2531 2501 2602 plene
2534 2532 2883 2603 explicant?
2918 2532 3103 2606 (Aura)
3153 2531 3440 2589 liberator
3466 2540 3517 2588 et

1918 2626 2236 2682 misericors.
2271 2626 2479 2695 Quibus
2508 2641 2630 2682 eam
2669 2627 2887 2683 veniam
2933 2627 3097 2683 dedit.
3140 2623 3377 2684 Patiens.
3414 2624 3517 2682 Iis

1920 2716 2382 2790 quibus‘noudum
2402 2718 2581 2786 dedit,
2605 2719 2700 2775 sed
2718 2727 3009 2791 exspectat
3032 2728 3094 2776 ut
3115 2720 3224 2776 det.

1992 2812 2158 2870 Vens.
2194 2810 2255 2867 0.
2278 2810 2561 2883 -ι((;η.)
2599 2809 2987 2867 munitiones.
3029 2811 3113 2867 Ab
3145 2809 3402 2882 operibus
3424 2810 3517 2866 in-

1922 2904 2073 2976 cipit,
2098 2912 2161 2960 ut
2204 2904 2494 2959 uisantur
2540 2902 2755 2959 dicatur
2778 2903 2910 2960 dum
2950 2903 3212 2960 cedentes
3248 2900 3510 2959 restituit.

1924 2994 2250 3060 Misericors,
2288 3003 2509 3060 natura,
2548 2995 2713 3051 etiam
2745 2994 2874 3050 dum
2914 3002 3086 3051 cleat.
3133 2992 3372 3060 Patiens,
3410 2992 3520 3049 hoc

1925 3086 2092 3141 seruit
2116 3085 2187 3140 de
2233 3086 2473 3141 secando
2504 3084 2627 3140 loco
2662 3084 2859 3151 laudis,
2898 3085 3108 3142 scilicet
3142 3084 3222 3141 de
3248 3082 3514 3154 potentia,
3572 3137 3579 3143 .

1924 3192 2091 3249 quam
2137 3175 2342 3241 laudat,
2390 3191 2501 3233 non
2558 3162 2709 3246 quod
2765 3176 2944 3232 terras
2994 3175 3296 3246 suspendit,
3336 3173 3518 3229 maria

1926 3267 2186 3333 coercuit,
2220 3266 2391 3323 steliis
2425 3266 2596 3323 oculos
2630 3266 2900 3339 depinxit,
2926 3274 3062 3335 etc.,
3088 3267 3186 3322 scd
3217 3264 3348 3338 quia
3376 3265 3516 3321 tole-

1930 3370 2016 3417 rat
2032 3367 2345 3433 peccantes,
2369 3368 2430 3415 ut
2456 3365 2866 3415 convertantur.
2894 3357 2969 3414 Et
2992 3358 3355 3414 miserationes
3379 3356 3518 3428 ejus.

1930 3450 2116 3524 (Anc)
2149 3451 2207 3507 Si
2238 3451 2385 3507 enim
2433 3449 2591 3507 tollas
2626 3462 2791 3521 opera
2826 3456 2923 3505 tua
2950 3448 3113 3515 male,
3143 3456 3202 3504 et
3236 3462 3349 3504 non
3372 3447 3524 3525 inte

1929 3552 2247 3601 remaneant
2269 3543 2375 3598 nisi
2400 3557 2566 3615 opera
2594 3542 2733 3613 ejus,
2758 3548 2868 3597 nan
2902 3548 2963 3598 te
2986 3540 3224 3598 dimittet
3244 3538 3526 3596 miseratio

1929 3635 2048 3706 ejus
2082 3651 2098 3690 :
2128 3636 2378 3694 siautem
2407 3643 2465 3690 tu
2498 3650 2611 3691 non
2644 3635 2893 3691 dimittas
2927 3648 3095 3705 mera
3128 3641 3243 3699 tua,
3272 3630 3379 3689 erit
3396 3629 3517 3701 ejus

1928 3728 2192 3786 severitas
2220 3727 2275 3782 in
2304 3740 2470 3798 opera
2490 3737 2608 3794 tua,
2631 3741 2758 3783 cum
2778 3727 2924 3784 diwt
2950 3743 2966 3781 :
2998 3724 3103 3793 Ite,
3132 3722 3425 3792 maledicti,
3469 3722 3526 3779 in

1929 3819 2100 3891 ignem
2122 3828 2378 3874 internum
2403 3818 2621 3890 (lauti.
2650 3818 2804 3892 xxv).

2004 3913 2166 3970 Vsus.
2220 3910 2307 3967 10.
2339 3942 2426 3974 .—-
2469 3910 2836 3983 Conﬁteantur
2883 3910 2999 3980 tm,
3046 3909 3289 3978 Domine,
3347 3911 3527 3966 ontnia

1931 4020 2090 4077 opera
2123 4012 2235 4059 tua.
2268 4002 2457 4076 (nos)
2482 4002 2734 4061 Laudent
2768 4004 2918 4061 sicut
2940 4018 3005 4060 ea
3026 4016 3156 4075 qua:
3185 4019 3296 4060 non
3314 4004 3530 4059 habent

1931 4110 2150 4155 sensum
2176 4095 2453 4162 laudandi,
2480 4097 2578 4168 qui
2588 4104 2726 4152 sunt
2748 4096 2977 4154 materia
2990 4095 3175 4153 laudis
3200 4114 3215 4150 :
3243 4096 3371 4166 quia
3392 4093 3520 4149 dum

1932 4189 2185 4262 inquiris,
2207 4188 2420 4245 invenis
2451 4204 2704 4262 magnam
2725 4189 2836 4244 vim
2868 4190 2924 4244 in
2947 4189 3051 4255 eis,
3074 4200 3196 4259 qua
3226 4202 3256 4240 a
3282 4186 3415 4241 Deo.

2004 4282 2075 4337 Et
2121 4283 2292 4337 sancti
2330 4281 2430 4336 tui.
2473 4279 2650 4352 (Eam)
2693 4280 2867 4339 Omne
2914 4279 3059 4349 quod
3107 4285 3191 4333 est
3240 4275 3530 4332 conﬁtetur

1932 4373 2019 4430 vel
2043 4389 2142 4445 per
2172 4388 2251 4438 se,
2278 4372 2364 4427 vel
2402 4386 2501 4443 per
2535 4370 2828 4426 rationales
2864 4378 3164 4426 creaturas.
3194 4366 3293 4424 Vel
3331 4367 3526 4433 sancti,

1934 4468 2118 4532 idest,
2146 4463 2321 4536 angeli
2373 4471 2427 4518 et
2468 4462 2736 4518 homines.
2775 4461 2893 4517 Hoc
2918 4463 2984 4517 de
3023 4460 3316 4517 sanctitate
3351 4475 3365 4514 :
3410 4458 3528 4532 ipsa

1933 4568 2019 4616 est
2057 4557 2201 4613 enim
2244 4556 2505 4614 sanctitas
2542 4554 2663 4623 Dei,
2712 4563 2774 4611 ut
2810 4555 2861 4611 ei
2900 4555 3077 4612 sancti
3120 4554 3356 4612 debeant
3400 4568 3532 4610 con-

1933 4651 2094 4709 (lteri.

2008 4746 2174 4804 Vsus.
2206 4746 2292 4802 11.
2339 4775 2408 4787 -
2447 4744 2686 4801 Gloriam
2734 4743 2903 4815 regni.
2931 4740 3055 4816 (ln.‘)
3084 4738 3164 4799 De
3190 4740 3529 4799 mirabilibus

1936 4855 2069 4912 ergo
2094 4841 2348 4896 sumitur.
2383 4837 2547 4907 Quasi
2579 4855 2593 4891 :
2621 4835 2794 4905 Quam
2822 4833 3084 4890 mirabilis
3106 4834 3253 4890 enim
3282 4833 3375 4905 qui
3405 4830 3535 4889 fecit

1940 4933 2140 4991 ccelum
2170 4940 2227 4989 et
2260 4940 2483 4997 terram,
2510 4938 2564 4985 et
2590 4927 2822 4985 diversis
2858 4927 3015 4985 bonis
3042 4926 3307 4998 implevit.

2012 5022 2177 5079 Vens.
2226 5021 2314 5077 l2.
2361 5051 2433 5061 —
2464 5018 2533 5075 Ut
2572 5028 2772 5075 notam.
2807 5018 2930 5093 (11).)
2972 5020 3050 5075 De
3080 5019 3281 5073 virtute
3318 5015 3535 5071 terribi-

1941 5117 2076 5174 lium
2112 5117 2218 5171 hoc
2246 5113 2500 5179 sumitur,
2535 5120 2666 5181 etc.,
2702 5127 2864 5186 usque
2904 5111 2975 5167 ad
3011 5111 3100 5167 cui
3141 5107 3431 5182 magniﬁco
3457 5107 3535 5165 nil

1945 5217 2312 5280 comparatur.

2018 5302 2178 5359 Vsus.
2224 5300 2309 5356 15.
2337 5330 2407 5340 --
2436 5298 2671 5371 Regnum
2713 5310 2882 5365 tuum,
2925 5308 3031 5355 etc.
3061 5296 3187 5371 (ιο.)
3219 5294 3426 5353 Laudat
3466 5295 3536 5353 de

1942 5394 2305 5468 perpetuitate
2327 5402 2379 5448 et
2403 5393 2788 5451 dominationis
2815 5392 3027 5449 ell'ectu.
3055 5390 3126 5447 Et
3161 5391 3396 5447 sumitur
3428 5391 3534 5448 hoc

1945 5489 2013 5544 de
2027 5486 2398 5557 magnitudine
2417 5504 2429 5539 :
2448 5487 2494 5542 si
2521 5503 2775 5559 magnum
2800 5486 2970 5541 estad
3002 5493 3216 5557 tempus
3241 5485 3532 5557 imperare,

1945 5581 2120 5653 majus
2142 5589 2227 5636 est
2255 5580 2642 5637 dominationis
2673 5580 2963 5637 terminum
2994 5594 3101 5636 non
3126 5579 3349 5636 habere.

2016 5670 2218 5728 Fidelis
2247 5670 2500 5727 Dominus
2532 5672 2586 5727 in
2635 5670 2894 5726 omnibus.
2946 5668 3072 5745 (10.)
3124 5670 3201 5726 De
3237 5669 3535 5726 abundanti

1945 5766 2212 5823 suavitate
2265 5764 2370 5821 hoc
2417 5764 2688 5828 sumitur;
2736 5763 2881 5818 unde
2929 5777 3092 5834 supra
3147 5772 3177 5816 ε’
3218 5760 3532 5816 Memoriam

1944 5858 2285 5915 abundantia
2333 5857 2609 5911 suavitatis
2653 5866 2776 5909 “UB.
2832 5852 3054 5920 Fidelis,
3108 5854 3231 5926 quia
3273 5854 3536 5910 adventus

1946 5952 2087 6009 dona
2129 5947 2436 6020 complevit.
2496 5947 2574 6002 Ad
2616 5948 3005 6005 abundantiam
3045 5961 3262 6021 quoque
3302 5946 3536 6021 pertinet

3938 758 3945 949 1

3927 350 3931 459 1

3930 486 3933 535 1

3936 622 3937 669 1

3938 758 3947 1021 1

3954 1232 3955 1279 1

3960 1502 3963 1571 1

3962 1572 3967 1681 1

3972 1912 3977 2033 1

3980 2116 3981 2167 1

3982 2184 3983 2225 1

3984 2252 3985 2295 1

3986 2318 3987 2359 1

3986 2372 3989 2423 1
