4008 6348
599 535 730 592 1071

1093 527 1487 585 WALAFRIDI
1523 527 1773 582 STRABI
1810 525 2016 583 FULD.
2059 523 2177 579 MOI

2208 559 2223 576 .
2264 521 2414 579 OPP.
2457 520 2634 577 PARS
2671 519 2714 575 1.
2752 547 2822 561 -
2859 516 3302 576 Τιιεοιοριωι.

3629 527 3724 583 1071

597 642 739 715 quod
767 640 962 696 allevat
999 648 1237 705 ruentes,
1273 639 1432 710 erigit
1461 638 1658 703 elisos;
1708 636 1848 692 unde
1874 634 2174 691 recordatio
2201 633 2253 694 Α
2277 631 2559 702 quaeritur,
2584 645 2616 684 a
2643 645 2769 700 quo,
2797 629 2884 684 cui
2919 629 3023 685 hoc
3046 629 3370 685 consulitur?
3394 629 3445 686 Si
3461 631 3620 691 dicitur
3637 654 3726 696 caro

596 731 878 788 suavitatis
896 731 1144 796 habetur,
1178 739 1232 786 et
1269 730 1321 783 in
1349 727 1596 782 laudibus
1625 724 1742 795 ejus
1766 733 2059 782 eructatur.

667 827 831 882 Vens.
873 825 961 880 14.
989 856 1060 865 -
1088 824 1190 891 Qui
1234 831 1500 878 corruunt.
1535 820 1705 893 (ολδ.)
1748 819 1795 873 Α
1829 818 1986 874 malis
2035 818 2168 883 suis,

595 933 734 989 quos
759 931 950 974 omnes
975 914 1172 970 allevat
1205 913 1365 969 Deus.
1399 911 1608 978 Vel,-ab
1647 911 1734 966 bis
1761 908 2170 980 temporalibus,

597 1010 739 1065 sicut
766 1007 964 1072 sancti,
1001 1014 1061 1061 ut
1105 1004 1231 1070 Job,
1261 1004 1352 1074 qui
1384 1003 1438 1057 in
1479 1001 1676 1057 saeculo
1705 999 1903 1070 aliquid
1942 997 2172 1069 perdunt

598 1108 654 1155 et
676 1099 871 1170 abiecti
916 1098 1070 1160 ﬁunt,
1103 1095 1413 1151 decidentes
1465 1102 1592 1148 sunt
1632 1107 1646 1145 :
1697 1092 1792 1146 sed
1837 1090 1936 1144 hos
1986 1103 2172 1144 omnes

598 1191 902 1254 conﬁrmat,
930 1188 1057 1259 quia
1084 1186 1281 1256 septies
1309 1185 1456 1240 cadit
1479 1184 1660 1254 justus
1687 1192 1740 1237 et
1766 1182 2035 1254 resurgit;
2074 1181 2175 1235 im-

598 1281 673 1351 pii
698 1289 880 1336 autem
926 1278 1270 1334 inﬁrmantur
1313 1277 1366 1331 in
1400 1275 1554 1330 malis
1583 1274 1762 1348 (Prov.
1789 1273 1960 1347 xxiv).

671 1371 740 1425 Et
759 1372 911 1442 erigit
947 1386 1124 1425 omnes
1154 1369 1330 1425 elisos.
1379 1368 1562 1440 (Auc.)
1601 1367 1685 1424 Ad
1719 1383 1778 1423 se
1819 1367 2172 1437 pertinentes,

600 1461 726 1532 quia
749 1461 997 1530 superbis
1024 1461 1250 1517 resistit.

671 1553 832 1607 Vens.
854 1551 939 1606 15.
964 1581 1033 1592 --
1066 1550 1220 1606 Oculi
1245 1553 1476 1607 omnium
1498 1554 1554 1607 in
1586 1561 1636 1606 te
1675 1562 1907 1622 sperant,
1935 1550 2171 1606 Domine.

599 1645 724 1717 (1ο.)
754 1645 831 1698 De
877 1645 1088 1716 justitia
1132 1644 1293 1700 latius
1347 1645 1478 1715 agit,
1527 1653 1589 1700 ut
1637 1645 1729 1716 qui
1767 1645 2176 1700 misericordem

599 1735 769 1802 audit,
815 1736 1022 1806 justum
1065 1737 1290 1792 timeat:
1325 1745 1380 1791 et
1422 1735 1646 1804 justitize
1684 1743 1868 1792 est'ut
1894 1744 2176 1808 sperantes

597 1827 762 1883 satiet
811 1826 1162 1897 corporaliter
1213 1826 1296 1882 vel
1353 1826 1725 1898 spiritualiter.
1786 1825 1903 1882 Non
1960 1841 2177 1896 semper

599 1917 746 1972 enim
787 1917 963 1973 danda
1009 1925 1092 1974 est
1131 1933 1276 1984 esca,
1321 1920 1415 1974 sed
1443 1919 1499 1973 in
1534 1927 1777 1988 tempore
1827 1928 2169 1988 Opportuno:

599 2010 784 2066 multis
829 2011 974 2066 enim
1011 2012 1318 2081 petentibus
1365 2012 1652 2067 salubriter
1705 2009 1968 2066 dilIertur.
2009 2010 2077 2064 Et
2118 2020 2173 2064 tu
2204 1993 2252 2053 B

599 2103 696 2158 das
731 2120 902 2158 escam
947 2102 1159 2158 illorum
1195 2105 1252 2158 in
1292 2114 1518 2175 tempore
1555 2113 1865 2176 opportuno.
1910 2103 2032 2175 (19.)
2077 2102 2180 2158 Dat

599 2207 729 2263 ergo
761 2193 1002 2249 medicus
1049 2209 1193 2264 aegro
1221 2194 1365 2264 quod
1413 2195 1684 2260 convenit,
1729 2204 1859 2262 etc.,
1906 2211 2066 2266 usque
2108 2194 2179 2248 ad

598 2283 924 2340 benedicens
952 2284 1122 2340 Deum
1149 2286 1204 2340 in
1226 2287 1373 2342 omni
1403 2295 1664 2358 tempore.

675 2378 833 2434 Vens.
866 2378 953 2434 16.
978 2409 1052 2420 -
1073 2380 1256 2451 Aperis
1297 2391 1354 2434 tu
1381 2397 1618 2435 manum.
1643 2377 1764 2450 llo.)
1794 2379 1908 2435 Etsi
1949 2394 2056 2436 non
2085 2379 2182 2434 das

599 2469 909 2540 aliquando,
945 2471 1045 2528 das
1085 2481 1268 2529 tamen
1305 2481 1608 2544 opportune
1647 2489 1662 2526 :
1714 2470 1899 2536 differs
1939 2471 2176 2542 quidem,

601 2577 711 2617 non
739 2561 939 2619 aufers.

671 2651 942 2706 Vens.l7.
969 2683 1038 2693 -—
1076 2652 1283 2709 Justus.
1313 2654 1486 2726 (ΕΑΒ.)
1521 2656 1642 2725 Ipso
1675 2651 2180 2722 nomine-justitiam

608 2741 802 2810 aperit,
831 2749 893 2795 ut
934 2743 1223 2799 manifeste
1248 2746 1567 2800 ostendatur
1592 2745 1682 2800 hic
1724 2745 1841 2800 laus
1871 2743 1938 2798 de
1961 2741 2180 2812 justitia

602 2847 743 2888 esse.
787 2831 900 2888 Vite
929 2843 1056 2889 sunt
1081 2834 1462 2905 dispositiones
1485 2843 1541 2892 et
1563 2835 1892 2902 voluntates,
1923 2849 2042 2906 qua:
2067 2848 2182 2890 om-

603 2938 701 2978 nes
715 2921 895 2992 justaa,
936 2923 1102 2979 etiam
1130 2925 1174 2980 si
1202 2927 1470 2982 verberat.

680 3012 794 3069 Viis
840 3015 974 3082 suis,
1017 3023 1067 3071 et
1120 3027 1332 3071 sanctus
1375 3018 1431 3070 in
1481 3018 1719 3073 omnibus
1763 3019 2003 3097 operibus
2047 3017 2178 3071 suis.

602 3107 895 3164 Sciendum
949 3109 1092 3178 quod
1148 3107 1260 3164 Vite
1302 3110 1370 3163 ad
1424 3108 1834 3181 dispositionem
1888 3108 2178 3179 pertinent,

599 3214 762 3268 opera
799 3199 867 3253 ad
901 3197 1150 3254 eﬁectum
1184 3217 1197 3253 :
1231 3199 1346 3254 haec
1383 3199 1678 3254 secundum
1709 3215 1808 3256 nos
1847 3197 2179 3252 dividuntur.

603 3289 710 3344 Sed
737 3290 877 3360 apud
911 3289 1080 3356 illum,
1125 3291 1230 3346 hoc
1265 3298 1350 3346 est
1395 3289 1556 3358 velle,
1597 3290 1741 3360 quod
1788 3288 2012 3344 facere:
2053 3288 2178 3358 quia

601 3399 665 3438 ex
697 3381 812 3450 ejus
836 3384 1113 3439 voluntate
1142 3399 1233 3439 res
1266 3383 1467 3438 habent
1493 3398 1629 3439 esse.

676 3475 840 3529 Vnns.
885 3474 972 3530 l8.
997 3505 1069 3516 --
1092 3473 1265 3546 Prope
1285 3485 1359 3530 est
1392 3475 1628 3530 omnibus
1662 3472 2017 3530 invocantibus
2038 3487 2177 3528 eum.

602 3567 778 3641 (CAS.)
811 3567 1102 3638 Propitius,
1129 3553 1223 3637 qui
1257 3569 1478 3640 ubique,
1502 3576 1559 3624 et
1586 3569 1690 3624 hoc
1719 3569 1784 3624 de
1804 3567 2034 3638 justitia.

673 3659 840 3716 Vnus.
871 3659 957 3714 19.
988 3689 1058 3699 -
1101 3656 1429 3714 Voluntatem
1459 3661 1748 3715 timentium
1769 3676 1823 3714 se
1849 3659 2023 3729 faciet.
2055 3658 2178 3730 (lo).

603 3751 886 3808 Concludit
913 3751 979 3806 de
1002 3750 1213 3822 justitia
1237 3768 1250 3804 :
1278 3766 1492 3821 aequum
1519 3760 1602 3806 est
1633 3750 1778 3806 enim
1817 3758 1872 3806 et
1899 3749 2182 3819 diligentes

600 3843 878 3897 custodire
902 3853 956 3896 et
980 3849 1291 3910 peccatores
1313 3843 1559 3913 perdere.

673 3931 840 3986 Vens.
880 3932 1057 3986 2L—
1082 3931 1483 3986 Laudationem.
1513 3931 1685 4005 (αλδ.)
1714 3932 1984 4003 Expositis
2005 3931 2180 3988 omni-

604 4024 727 4089 bus,
759 4023 1006 4093 sequitur
1041 4023 1222 4080 brevis
1246 4024 1542 4092 conclusio,
1584 4040 1691 4096 qua
1734 4027 2007 4083 concludit
2035 4025 2178 4098 quod

603 4130 712 4173 non
737 4123 917 4187 potest
945 4115 1224 4186 explicari.

1099 4243 1420 4304 PSALMUS
1468 4245 1676 4306 CXLV.

672 4373 838 4431 Vens.
865 4376 917 4430 1.
941 4406 1012 4417 --
1052 4375 1299 4432 Alleluia.
1344 4377 1519 4450 (ΕΑΒ.)
1560 4379 1678 4436 Vox
1708 4378 1837 4448 ista,
1863 4381 2019 4451 quasi
2058 4397 2178 4436 mu-

601 4464 714 4522 sica
743 4467 1019 4534 salutaris,
1052 4477 1311 4540 tanquam
1341 4471 1628 4528 harmonia
1652 4472 1910 4540 caelestis,
1929 4489 2048 4544 quae
2071 4491 2177 4530 non

603 4556 776 4613 solum
804 4559 1074 4626 homines,
1116 4560 1211 4616 sed
1232 4561 1396 4617 etiam
1416 4563 1637 4633 angelos
1670 4564 1922 4633 delectat,
1961 4564 2177 4622 laudem

599 4647 696 4701 Dei
721 4649 1052 4718 exprimens.
1081 4649 1212 4718 Qute
1243 4666 1481 4723 congrue
1529 4653 1656 4710 huic
1694 4653 1899 4726 psalmo
1927 4657 2176 4725 praescri-

600 4735 768 4806 bitur,
801 4740 894 4794 ubi
919 4741 1005 4796 vir
1017 4741 1200 4813 justus
1231 4745 1551 4800 exhortatur
1577 4745 1814 4802 animam
1855 4747 1922 4802 ad
1959 4747 2175 4803 laudem

599 4829 696 4887 Dei
727 4849 742 4885 :
769 4831 895 4902 quia
925 4832 979 4886 in
1003 4834 1244 4890 adversis
1272 4835 1582 4905 aliquando,
1607 4837 1734 4892 velit
1779 4837 1930 4904 nolit,
1962 4848 2176 4908 pertur-

597 4922 762 4979 batur
803 4924 1005 4978 anima.
1036 4925 1189 4982 Unde
1227 4942 1430 4998 supra:
1465 4927 1642 4994 Quare
1677 4929 1840 4983 tristis
1879 4946 1952 4995 es,
1991 4930 2172 4985 anima

597 5032 749 5082 mea,
817 5026 865 5071 et
915 5033 1080 5089 quare
1145 5019 1425 5073 conturbas
1485 5020 1613 5074 me?
1671 5019 1778 5077 Sed
1838 5029 1898 5076 ut
1962 5021 2176 5078 auferat

597 5106 646 5161 ei
703 5109 1164 5176 perturbationem
1189 5149 1216 5192 ,_
1259 5112 1500 5181 suggerit
1549 5111 1802 5182 gaudium
1846 5115 1910 5168 de
1955 5130 2072 5186 spe,
2123 5113 2171 5170 si

600 5215 708 5253 non
732 5200 788 5253 in
815 5215 910 5255 re:
938 5201 1105 5273 Spera
1131 5204 1188 5257 in
1220 5202 1352 5268 Deo,
1375 5211 1481 5259 etc.
1509 5203 1694 5278 (Auc.)
1726 5205 1836 5262 Hac
1867 5223 1961 5280 spe
1988 5218 2172 5265 erecta

599 5289 780 5343 anima
819 5289 986 5346 Deum
1033 5292 1217 5348 laudat
1276 5293 1383 5349 hic.
1419 5293 1591 5370 (CAS.)
1633 5297 1838 5366 Primo,
1874 5299 1978 5355 sibi
2017 5303 2174 5372 quasi

599 5383 851 5440 omnibus
898 5385 1134 5442 consulit
1179 5387 1424 5455 laudare,
1465 5405 1534 5444 ne
1567 5389 1622 5444 in
1654 5393 1804 5448 vanis
1848 5403 2072 5460 oretur;
2119 5402 2175 5449 et

597 5475 753 5544 quasi
801 5479 1151 5547 acquiescens
1193 5479 1441 5546 consilio,
1486 5482 1682 5535 asserit
1719 5497 1780 5537 se
1829 5483 2173 5541 laudaturum

598 5563 673 5620 ibi
707 5565 795 5622 ubi
822 5568 1021 5638 poterit
1045 5570 1220 5640 plene.
1247 5571 1518 5633 Secundo,
1539 5573 1674 5627 alios
1697 5583 1879 5629 mouet
1917 5591 2024 5631 non
2053 5592 2173 5647 spe-

597 5671 723 5712 rare
748 5657 801 5711 in
831 5659 1066 5724 homine,
1101 5660 1214 5714 ibi:
1254 5661 1434 5716 Nolite
1467 5662 1749 5730 conﬁdere.
1784 5664 1990 5734 Tertio,
2016 5669 2172 5724 docet

598 5759 815 5800 onmem
877 5763 1030 5816 spem
1099 5754 1152 5803 in
1229 5750 1612 5821 Onmipotente
1657 5756 1984 5824 ponendam,
2025 5759 2099 5815 ibi
2153 5779 2165 5813 :

598 5831 814 5898 Beatus,
847 5847 954 5890 etc.

673 5924 914 5984 Vatini.
943 5957 1008 5968 ——
1058 5927 1262 6000 Lauda,
1313 5934 1488 5988 anima
1535 5951 1670 6005 mea,
1713 5937 2011 5994 Dominum.
2063 5941 2170 5999 Sed

2202 4709 2256 4769 D

2271 723 2552 778 consulere
2577 721 2792 787 animae,
2822 737 2930 777 non
2959 721 3170 776 videtur
3194 721 3293 778 hoc
3317 738 3427 778 esse
3454 739 3621 793 verum,
3642 745 3726 787 cum

2273 829 2306 869 a
2338 813 2545 870 meliori
2590 822 2647 870 et
2691 829 2722 868 a
2770 813 2999 885 digniori
3047 813 3216 869 soleat
3254 813 3476 871 inferiori
3523 819 3616 874 dari
3640 837 3730 879 con-

2273 905 2450 960 silium
2492 923 2506 960 :
2557 919 2684 961 caro
2741 913 2919 960 autem
2969 903 3193 960 inferior
3239 913 3321 960 est
3375 907 3549 962 anima.
3591 910 3730 969 Anima

2273 995 2435 1062 enim,
2470 994 2596 1051 licet
2618 994 2919 1065 vituperata
2959 993 3086 1064 quia
3112 995 3396 1066 peccatrix,
3423 1005 3578 1053 tamen
3599 999 3732 1058 melior

2274 1087 2468 1142 dicitur
2496 1103 2592 1159 per
2617 1095 2868 1143 naturam
2914 1101 3140 1157 corpore
3159 1087 3374 1164 laudato
3395 1089 3446 1144 in
3477 1105 3560 1146 suo
3576 1107 3731 1164 genere,

2274 1180 2400 1249 quia
2421 1180 2720 1251 spiritualis
2741 1187 2938 1234 natura
2958 1187 3181 1250 praestat
3201 1195 3433 1250 corpore,
3445 1197 3581 1251 quam
3594 1194 3730 1249 movet,

2276 1271 2434 1342 regit,
2467 1270 2760 1337 sensiﬁcat,
2786 1271 2972 1342 capit:
3009 1278 3065 1325 et
3107 1270 3222 1341 ipsa
3263 1270 3477 1332 inﬁnita.
3510 1275 3650 1329 vicina
3681 1287 3735 1332 est

2275 1362 2595 1420 substantia:
2625 1363 2740 1419 Dei.
2782 1363 2873 1418 Sic
2907 1379 3122 1426 aurum,
3151 1363 3490 1433 vituperatum
3527 1365 3627 1435 quia
3662 1382 3736 1421 sor-

2277 1456 2480 1520 didum,
2521 1463 2718 1524 praeest
2751 1453 2970 1525 plumbo
3004 1455 3058 1508 in
3099 1455 3330 1525 puritate
3367 1453 3556 1511 laudato
3580 1474 3592 1509 :
3616 1457 3675 1512 sic
3704 1467 3738 1512 et

2273 1547 2449 1603 malus
2499 1548 2663 1602 homo
2703 1549 2905 1616 optimo
2949 1561 3108 1616 equo.
3145 1545 3260 1602 Non
3307 1547 3452 1602 datur
3491 1563 3596 1618 ergo
3616 1550 3736 1604 consi-

2276 1638 2408 1694 lium
2437 1639 2630 1694 animce
2664 1654 2696 1693 a
2731 1653 2913 1704 carne,
2962 1639 3212 1709 quamvis
3239 1639 3427 1694 domita
3462 1639 3593 1694 valde
3620 1649 3660 1694 et
3678 1658 3738 1710 pa-

2276 1738 2396 1784 cata
2420 1747 2432 1783 :
2462 1744 2581 1800 qua:
2613 1735 2795 1784 tamen
2823 1739 3034 1784 mortua
3062 1737 3148 1784 est
3169 1719 3383 1799 propter
3404 1739 3652 1800 peccatum.
3670 1729 3739 1783 Nec

2275 1821 2439 1876 etiam
2467 1835 2594 1876 caro
2623 1820 2866 1876 mortalis
2893 1820 3188 1876 immortali
3212 1821 3433 1878 consulit
3451 1821 3628 1888 animae,
3661 1824 3741 1892 quia

2277 1931 2490 1987 semper
2515 1914 2657 1972 infra
2688 1916 2926 1972 animam
2953 1925 3066 1984 est;
3094 1917 3189 1972 sed
3216 1917 3450 1988 superior
3467 1933 3574 1987 pars
3595 1917 3741 1980 anime,

2282 2009 2492 2066 scilicet
2525 2025 2698 2074 mens,
2730 2025 2850 2080 quae
2883 2009 3089 2080 cogitat
3117 2009 3430 2080 sapientiam
3475 2009 3678 2074 divinam,
3698 2009 3743 2061 illi

2284 2103 2559 2158 inhaerens
2585 2111 2639 2157 et
2686 2103 2740 2157 in
2785 2102 2931 2157 illam
2957 2102 3266 2173 suspirans,
3301 2103 3438 2157 videt
3462 2101 3671 2172 quasdam
3696 2101 3746 2154 sui

2281 2202 2462 2263 partes
2489 2193 2800 2262 perturbari
2844 2194 3084 2250 motibus
3121 2193 3326 2257 saeculi,
3357 2192 3616 2264 cupiditate
3638 2201 3747 2245 terre—

2287 2300 2484 2341 norum
2509 2285 2577 2340 ad
2606 2285 2877 2341 exteriora
2907 2301 3023 2357 rapt
3057 2303 3070 2339 :
3116 2285 3264 2342 unde
3289 2285 3356 2339 ad
3382 2285 3604 2339 interiora
3625 2291 3664 2336 et
3689 2295 3748 2334 su-

2281 2376 2496 2448 periora
2535 2383 2755 2431 revocat
2785 2391 2926 2431 eam.
2967 2375 3038 2432 Se
3059 2391 3196 2448 ergo
3222 2375 3499 2432 secundum
3517 2371 3744 2429 sensualita-

2282 2475 2391 2524 tem
2421 2470 2715 2525 exhortans
2743 2469 2875 2524 dicit
2901 2487 2915 2524 :
2938 2467 3154 2537 Lauda,
3180 2471 3371 2525 anima‘
3385 2485 3512 2532 mea,
3533 2467 3750 2521 Dominum.

2285 2560 2425 2627 Quid
2453 2561 2595 2614 enim
2621 2559 2721 2615 tibi
2748 2559 2934 2630 placet
2967 2560 3024 2615 iu
3051 2561 3162 2617 hoc
3188 2561 3416 2616 saeculo?
3444 2559 3596 2615 Divisa
3620 2570 3690 2626 per
3704 2561 3751 2608 tot

2283 2649 2624 2706 saecularium
2645 2665 2825 2705 rerum
2855 2665 3089 2718 amores,
3121 2651 3318 2722 collige
3345 2661 3396 2706 te
3430 2650 3490 2704 ad
3529 2656 3751 2703 auctorem:

2285 2743 2374 2799 hic
2417 2742 2513 2798 tibi
2537 2757 2644 2812 pax
2681 2751 2734 2796 et
2762 2744 3054 2799 securitas.
3095 2745 3306 2800 Deinde
3351 2742 3605 2816 respondet
3638 2738 3754 2793 anima

2285 2834 2474 2899 menti,
2508 2834 2663 2905 quasi
2695 2833 2784 2891 hic
2833 2845 3177 2907 praegravata
3222 2851 3329 2892 non
3355 2835 3525 2890 valens
3557 2831 3753 2890 desistere,

2285 2930 2346 2977 ut
2369 2921 2591 2994 dignum
2609 2930 2692 2978 est
2721 2964 2734 2976 .
2763 2922 3018 2978 Laudabo
3042 2925 3098 2980 in
3126 2926 3259 2980 vita.
3293 2925 3389 2980 Hic
3430 2924 3481 2979 in
3515 2930 3652 2977 morte
3683 2917 3752 2971 lau-

2286 3012 2423 3069 dabo
2474 3013 2729 3082 tenuiter,
2793 3015 2920 3086 quia
2968 3031 3172 3086 corpus
3221 3024 3460 3088 aggravet
3503 3015 3702 3074 animum,
3727 3017 3755 3061 tt

2285 3114 2491 3161 terrena
2537 3106 2848 3162 inhabitatio
2897 3125 3104 3164 sensum
3136 3110 3381 3182 deprimit
3407 3107 3555 3164 multa
3594 3104 3754 3175 cogitan-

2285 3205 2386 3251 tem
2415 3197 2573 3268 (Sap.
2615 3197 2730 3264 lx);
2765 3198 2856 3254 hic
2881 3214 3006 3270 spes
3032 3200 3236 3277 pascit,
3263 3200 3374 3254 vita
3401 3199 3451 3254 in
3475 3197 3642 3253 futuro.

2357 3286 2426 3342 In
2453 3289 2557 3344 vita
2601 3304 2737 3343 mea.
2771 3287 2948 3360 (αλδ.)
2975 3289 3110 3346 Cum
3141 3291 3196 3346 ei
3233 3290 3469 3363 perfecte
3496 3289 3755 3346 inhaeseron

2208 3350 2252 3413 Ο
2285 3393 2394 3450 quo
2428 3381 2691 3451 separari,
2722 3350 2790 3435 ut‘
2815 3350 2975 3437 modo
2999 3381 3082 3448 ﬁt,
3112 3350 3269 3440 mors
3303 3393 3385 3439 est
3412 3400 3425 3437 :
3456 3380 3540 3438 sed
3559 3393 3656 3452 spes
3674 3389 3758 3432 con-

2281 3469 2508 3539 solatur,
2549 3470 2606 3526 in
2625 3485 2730 3542 qua
2759 3472 3166 3542 quodammodo
3195 3473 3381 3530 vivens
3414 3471 3589 3526 laudat.

2357 3561 2626 3628 Ωυαηάίιιο
2669 3561 2789 3618 Non
2830 3565 2975 3634 quod
3010 3564 3309 3634 aliquando
3361 3580 3467 3620 non
3492 3564 3570 3628 sit,
3602 3558 3694 3630 quia
3726 3553 3760 3609 in

2283 3662 2546 3710 aeternum
2578 3655 2702 3722 erit,
2735 3663 2790 3711 et
2818 3654 2939 3710 ideo
2960 3670 3088 3712 vere
3109 3655 3222 3711 diu.

2354 3745 2520 3801 Vens.
2571 3744 2626 3800 5.
2652 3775 2724 3786 —
2755 3744 2933 3802 Nolite
2954 3747 3242 3817 conﬁdere,
3274 3756 3380 3804 etc.
3410 3743 3566 3820 (Cts.)
3589 3735 3762 3798 Secunda

2281 3852 2428 3908 pars.
2470 3837 2608 3892 Dato
2630 3837 2855 3894 consilio
2896 3847 2952 3895 et
2986 3838 3279 3908 aﬂirntato,
3310 3839 3400 3896 ubi
3438 3838 3575 3909 plene
3613 3829 3762 3888 laudare

2281 3928 2499 3998 poterit,
2540 3929 2696 4000 quasi
2720 3929 2880 4002 longe
2917 3939 3181 3998 remotos,
3227 3939 3286 3986 et
3325 3931 3530 3988 interim
3551 3917 3761 3983 dummalt

2281 4027 2409 4074 sunt
2437 4018 2655 4090 (quibus
2685 4021 2933 4077 turbatur
2958 4021 3183 4087 anima),
3223 4032 3407 4079 monet
3425 4038 3524 4078 non
3547 4011 3761 4090 sperarein

2281 4110 2522 4178 homine,
2564 4112 2659 4168 sed
2687 4111 2744 4168 in
2777 4113 2908 4169 Deo.
2939 4111 3120 4186 (Auc.)
3153 4112 3254 4170 Vel
3291 4113 3441 4186 quasi
3468 4112 3520 4168 in
3538 4109 3626 4165 line
3644 4098 3763 4161 saeculi

2281 4212 2461 4260 mente
2502 4205 2712 4274 positus
2757 4223 2774 4261 :
2823 4205 2931 4262 cito
2959 4205 3200 4264 ﬁnienda
3225 4209 3386 4274 docet
3411 4221 3510 4263 non
3536 4213 3683 4258 amare
3701 4208 3763 4266 pm

2279 4297 2535 4363 aeternis;
2564 4297 2722 4368 quasi
2751 4305 2808 4353 et
2833 4312 2954 4354 meo
2975 4300 3248 4372 exemplo,
3273 4300 3433 4357 nolite
3449 4295 3762 4367 conﬁdente“-

2279 4384 2349 4440 In
2368 4385 2496 4456 ﬁliis
2521 4386 2812 4442 hominum.
2835 4386 2958 4462 (ιη.)
2983 4387 3043 4443 In
3068 4405 3179 4446 uno
3205 4389 3319 4446 ﬁlio
3337 4387 3559 4446 hominis
3571 4391 3638 4439 est
3655 4377 3764 4438 salus.

2279 4486 2334 4535 et
2355 4477 2412 4533 in
2445 4479 2564 4550 ipso
2605 4487 2844 4550 sperate.
2895 4478 3016 4536 Non
3043 4480 3173 4553 quia
3203 4481 3347 4538 ﬁlius
3369 4477 3587 4537 hominis
3606 4481 3688 4536 est,
3706 4464 3765 4522 sed

2279 4567 2406 4640 quia
2425 4567 2598 4625 Filius
2625 4568 2722 4625 Dei
2751 4580 2855 4626 est.
2894 4569 3014 4628 Non
3041 4580 3268 4644 propter
3293 4571 3426 4629 illud
3451 4568 3579 4643 quod
3597 4557 3765 4628 suscepit

2281 4675 2348 4717 ex
2380 4670 2456 4726 te,
2477 4662 2571 4718 sed
2600 4671 2821 4733 propter
2850 4663 2980 4718 illud
3009 4665 3151 4735 quod
3182 4665 3420 4721 servavit
3445 4664 3498 4719 in
3525 4676 3592 4717 se.

2354 4755 2520 4810 Vnns.
2563 4755 2616 4810 4.
2649 4785 2722 4796 -—
2753 4753 2933 4811 Exibit
2957 4758 3171 4828 spiritus
3199 4758 3340 4828 ejus,
3364 4765 3466 4814 etc.
3498 4751 3644 4827 (ὼε.)
3665 4743 3767 4801 Prius

2283 4845 2508 4900 mundat
2535 4845 2696 4900 corda
2721 4846 3059 4915 prohibendo
3081 4863 3111 4902 a
3133 4848 3335 4915 noxiis,
3371 4855 3430 4902 ut
3451 4853 3563 4918 post
3583 4830 3766 4897 salutarit

2283 4933 2529 4991 intendat
2558 4937 2827 4994 monendo
2855 4937 3115 4994 salubria.

2353 5027 2516 5084 Vens.
2545 5026 2600 5082 5.
2623 5058 2695 5069 —
2728 5027 2924 5084 Beatus
2951 5031 3104 5101 cujus
3130 5029 3276 5085 Deus
3307 5029 3488 5086 Jacob.
3515 5019 3662 5098 (Cm)
3679 5015 3766 5070 Ter-

2285 5119 2357 5173 tia
2382 5134 2529 5190 pars,
2559 5118 2651 5174 ubi
2691 5119 2846 5176 docet
2872 5128 3041 5176 totam
3087 5137 3237 5193 spem
3267 5121 3324 5176 in
3365 5109 3767 5188 Omnipotenlil’o'

2277 5213 2530 5278 nendam,
2573 5228 2733 5282 quem
2761 5229 2828 5268 ex
2856 5212 3014 5270 factis
3039 5215 3298 5270 describit
3322 5222 3381 5269 ut
3419 5209 3656 5284 gentilitas
3689 5209 3764 5253 tam

2273 5301 2588 5374 frequenter
2609 5305 2858 5360 convicta
2883 5305 3148 5374 quiescat.
3175 5303 3362 5375 (Auc.)
3389 5297 3609 5356 Remotis
3629 5285 3766 5348 noxiis,

2275 5395 2434 5451 docet
2458 5397 2600 5466 quod
2625 5397 2815 5453 salutis
2837 5405 2944 5466 est,
2972 5397 3180 5454 scilicet
3205 5397 3264 5451 in
3281 5412 3387 5466 quo
3410 5379 3766 5479 sperandum

2276 5489 2503 5559 Adlulor
2521 5489 2634 5560 ejus
2681 5507 2795 5561 spes
2835 5490 2972 5562 ejus.
3011 5489 3186 5562 (αλδ.)
3222 5489 3395 5561 Ipsius
3433 5483 3585 5543 ἔλθοι)
3613 5480 3674 5536 sic
3701 5473 3769 5528 fuit

2277 5581 2508 5651 adjutor,
2546 5590 2678 5650 etc.,
2720 5597 2882 5653 usque
2926 5582 2997 5637 ad
3044 5583 3100 5639 id
3147 5591 3253 5649 est,
3305 5579 3465 5650 hujus
3494 5576 3594 5633 veri
3633 5565 3766 5628 Jacob.

2276 5673 2415 5730 sicut
2444 5673 2605 5729 illius.
3632 5753 3637 5754 ν
3681 5747 3700 5754 ,
3735 5743 3743 5754 .

2346 5764 2510 5820 Vens.
2538 5766 2590 5820 6.
2619 5797 2689 5806 ——
2721 5765 2823 5832 Qui
2848 5765 2971 5835 fecit
3003 5764 3187 5822 cwlum
3215 5775 3268 5820 et
3295 5773 3505 5820 terram.
3541 5753 3645 5828 (Ιυ.)
3672 5747 3768 5814 Olli“

2273 5867 2329 5913 et
2358 5857 2655 5914 cultoribus
2683 5859 2985 5915 daemonum
3022 5875 3146 5929 spes
3173 5864 3258 5912 est
3299 5856 3358 5912 in
3394 5855 3490 5911 deo
3513 5863 3618 5914 suo,
3641 5842 3768 5898 deter

2272 5950 2444 6006 minat
2466 5950 2518 6005 in
2535 5967 2643 6020 quo
2668 5949 2825 6007 debet
2847 5965 2966 6008 esse
2988 5967 3126 6022 spes,
3147 5946 3198 6005 id
3222 5947 3381 6004 estin
3411 5943 3620 6005 Christo,
3639 5941 3681 5989 ει
3697 5929 3764 5982 hoc
