  <div class='ocr_page' id='page_1' title='image "/cluster/home/n/w/nwhite01/storage/ocr_20150623/113/hvd.32044018909572/542.png"; bbox 0 0 4008 6348; ppageno 0'>
   <div class='ocr_carea' id='block_1_1' title="bbox 302 407 3556 492">
    <p class='ocr_par' dir='ltr' id='par_1_1' title="bbox 302 407 3556 492">
     <span class='ocr_line' id='line_1_1' title="bbox 302 407 3556 492; baseline -0.004 -4"><span class='ocrx_word' id='word_1_1' title='bbox 302 429 443 488; x_wconf 71' lang='grc' dir='ltr'><strong>ιοτδ</strong></span> <span class='ocrx_word' id='word_1_2' title='bbox 1282 423 1549 482; x_wconf 85' lang='lat' dir='ltr'><strong>GLOSSA</strong></span> <span class='ocrx_word' id='word_1_3' title='bbox 1582 423 1979 482; x_wconf 80' lang='lat' dir='ltr'><strong>OBDINARIA.</strong></span> <span class='ocrx_word' id='word_1_4' title='bbox 2015 451 2085 467; x_wconf 89' lang='lat'><strong>-</strong></span> <span class='ocrx_word' id='word_1_5' title='bbox 2122 424 2249 481; x_wconf 80' lang='lat' dir='ltr'><strong>un.</strong></span> <span class='ocrx_word' id='word_1_6' title='bbox 2270 407 2539 492; x_wconf 41' lang='lat' dir='ltr'><strong>ipsam.</strong></span> <span class='ocrx_word' id='word_1_7' title='bbox 3411 417 3556 481; x_wconf 75' lang='lat' dir='ltr'><strong>mu</strong></span> 
     </span>
    </p>
   </div>
   <div class='ocr_carea' id='block_1_2' title="bbox 303 535 3556 622">
    <p class='ocr_par' dir='ltr' id='par_1_2' title="bbox 303 535 3556 622">
     <span class='ocr_line' id='line_1_2' title="bbox 303 535 3556 622; baseline -0.005 -14"><span class='ocrx_word' id='word_1_8' title='bbox 303 563 475 622; x_wconf 85' lang='lat' dir='ltr'><strong>usque</strong></span> <span class='ocrx_word' id='word_1_9' title='bbox 509 546 563 603; x_wconf 92' lang='lat' dir='ltr'><strong>in</strong></span> <span class='ocrx_word' id='word_1_10' title='bbox 594 546 754 602; x_wconf 82' lang='lat' dir='ltr'><strong>tinem</strong></span> <span class='ocrx_word' id='word_1_11' title='bbox 799 544 992 616; x_wconf 79' lang='lat' dir='ltr'><strong>psalmi</strong></span> <span class='ocrx_word' id='word_1_12' title='bbox 1036 544 1293 610; x_wconf 90' lang='lat' dir='ltr'><strong>ostendit,</strong></span> <span class='ocrx_word' id='word_1_13' title='bbox 1341 543 1698 598; x_wconf 85' lang='lat' dir='ltr'><strong>describendo</strong></span> <span class='ocrx_word' id='word_1_14' title='bbox 1749 555 1872 596; x_wconf 90' lang='lat' dir='ltr'><strong>eum</strong></span> <span class='ocrx_word' id='word_1_15' title='bbox 1899 542 1950 603; x_wconf 77' lang='grc' dir='ltr'>Α</span> <span class='ocrx_word' id='word_1_16' title='bbox 1979 538 2223 606; x_wconf 75' lang='lat' dir='ltr'><strong>Qualiter</strong></span> <span class='ocrx_word' id='word_1_17' title='bbox 2269 537 2647 593; x_wconf 79' lang='lat' dir='ltr'><strong>Samaritanus</strong></span> <span class='ocrx_word' id='word_1_18' title='bbox 2677 535 2769 591; x_wconf 90' lang='lat' dir='ltr'><strong>ille</strong></span> <span class='ocrx_word' id='word_1_19' title='bbox 2794 535 2886 606; x_wconf 88' lang='lat' dir='ltr'><strong>qui</strong></span> <span class='ocrx_word' id='word_1_20' title='bbox 2917 535 3280 591; x_wconf 72' lang='lat' dir='ltr'><strong>descendebat</strong></span> <span class='ocrx_word' id='word_1_21' title='bbox 3315 551 3345 590; x_wconf 90' lang='lat' dir='ltr'><strong>a</strong></span> <span class='ocrx_word' id='word_1_22' title='bbox 3393 535 3556 592; x_wconf 84' lang='lat' dir='ltr'><strong>Jeru-</strong></span> 
     </span>
    </p>
   </div>
   <div class='ocr_carea' id='block_1_3' title="bbox 303 625 3546 717">
    <p class='ocr_par' dir='ltr' id='par_1_3' title="bbox 303 625 3546 717">
     <span class='ocr_line' id='line_1_3' title="bbox 303 625 3546 717; baseline -0.005 -18"><span class='ocrx_word' id='word_1_23' title='bbox 303 660 400 717; x_wconf 92' lang='lat' dir='ltr'><strong>per</strong></span> <span class='ocrx_word' id='word_1_24' title='bbox 417 641 620 698; x_wconf 88' lang='lat' dir='ltr'><strong>omnia.</strong></span> <span class='ocrx_word' id='word_1_25' title='bbox 663 638 853 694; x_wconf 88' lang='lat' dir='ltr'><strong>Omnia</strong></span> <span class='ocrx_word' id='word_1_26' title='bbox 873 655 989 709; x_wconf 71' lang='lat' dir='ltr'><strong>quae</strong></span> <span class='ocrx_word' id='word_1_27' title='bbox 1030 639 1086 692; x_wconf 88' lang='lat' dir='ltr'><strong>in</strong></span> <span class='ocrx_word' id='word_1_28' title='bbox 1124 638 1199 692; x_wconf 88' lang='lat' dir='ltr'><strong>eis</strong></span> <span class='ocrx_word' id='word_1_29' title='bbox 1238 645 1377 691; x_wconf 87' lang='lat' dir='ltr'><strong>sunt.</strong></span> <span class='ocrx_word' id='word_1_30' title='bbox 1408 635 1486 691; x_wconf 87' lang='lat' dir='ltr'><strong>Ne</strong></span> <span class='ocrx_word' id='word_1_31' title='bbox 1518 650 1678 707; x_wconf 88' lang='lat' dir='ltr'><strong>quem</strong></span> <span class='ocrx_word' id='word_1_32' title='bbox 1709 633 1873 689; x_wconf 90' lang='lat' dir='ltr'><strong>alium</strong></span> <span class='ocrx_word' id='word_1_33' title='bbox 1977 629 2140 684; x_wconf 84' lang='lat' dir='ltr'><strong>salem</strong></span> <span class='ocrx_word' id='word_1_34' title='bbox 2171 630 2224 684; x_wconf 91' lang='lat' dir='ltr'><strong>in</strong></span> <span class='ocrx_word' id='word_1_35' title='bbox 2250 628 2467 685; x_wconf 71' lang='lat' dir='ltr'><strong>Iericho</strong></span> <span class='ocrx_word' id='word_1_36' title='bbox 2491 627 2642 701; x_wconf 88' lang='lat' dir='ltr'><strong>(Luc.</strong></span> <span class='ocrx_word' id='word_1_37' title='bbox 2666 627 2747 700; x_wconf 76' lang='grc' dir='ltr'><strong>ι),</strong></span> <span class='ocrx_word' id='word_1_38' title='bbox 2789 625 3004 698; x_wconf 83' lang='lat' dir='ltr'><strong>quando</strong></span> <span class='ocrx_word' id='word_1_39' title='bbox 3051 627 3188 682; x_wconf 90' lang='lat' dir='ltr'><strong>vidit</strong></span> <span class='ocrx_word' id='word_1_40' title='bbox 3209 626 3546 683; x_wconf 83' lang='lat' dir='ltr'><strong>vulneratum</strong></span> 
     </span>
    </p>
   </div>
   <div class='ocr_carea' id='block_1_4' title="bbox 303 719 3546 810">
    <p class='ocr_par' dir='ltr' id='par_1_4' title="bbox 303 719 3546 810">
     <span class='ocr_line' id='line_1_4' title="bbox 303 719 3546 810; baseline -0.004 -18"><span class='ocrx_word' id='word_1_41' title='bbox 303 743 460 810; x_wconf 90' lang='lat' dir='ltr'><strong>putes</strong></span> <span class='ocrx_word' id='word_1_42' title='bbox 481 738 803 797; x_wconf 76' lang='lat' dir='ltr'><strong>creatorem,</strong></span> <span class='ocrx_word' id='word_1_43' title='bbox 824 728 910 785; x_wconf 89' lang='lat' dir='ltr'><strong>vel</strong></span> <span class='ocrx_word' id='word_1_44' title='bbox 931 728 1415 784; x_wconf 90' lang='lat' dir='ltr'><strong>minutissimarum</strong></span> <span class='ocrx_word' id='word_1_45' title='bbox 1431 741 1615 783; x_wconf 92' lang='lat' dir='ltr'><strong>rerum</strong></span> <span class='ocrx_word' id='word_1_46' title='bbox 1642 727 1876 782; x_wconf 78' lang='lat' dir='ltr'><strong>existere</strong></span> <span class='ocrx_word' id='word_1_47' title='bbox 1970 721 2240 791; x_wconf 82' lang='lat' dir='ltr'><strong>iacentem</strong></span> <span class='ocrx_word' id='word_1_48' title='bbox 2269 723 2323 777; x_wconf 92' lang='lat' dir='ltr'><strong>in</strong></span> <span class='ocrx_word' id='word_1_49' title='bbox 2346 723 2561 788; x_wconf 89' lang='lat' dir='ltr'><strong>itinere,</strong></span> <span class='ocrx_word' id='word_1_50' title='bbox 2581 721 2850 794; x_wconf 74' lang='lat' dir='ltr'><strong>colligavit</strong></span> <span class='ocrx_word' id='word_1_51' title='bbox 2873 720 3095 777; x_wconf 79' lang='lat' dir='ltr'><strong>vulnera</strong></span> <span class='ocrx_word' id='word_1_52' title='bbox 3119 719 3254 788; x_wconf 85' lang='lat' dir='ltr'><strong>eius.</strong></span> <span class='ocrx_word' id='word_1_53' title='bbox 3282 721 3546 778; x_wconf 82' lang='lat' dir='ltr'><strong>Caeterum</strong></span> 
     </span>
    </p>
   </div>
   <div class='ocr_carea' id='block_1_5' title="bbox 304 833 629 882">
    <p class='ocr_par' dir='ltr' id='par_1_5' title="bbox 304 833 629 882">
     <span class='ocr_line' id='line_1_5' title="bbox 304 833 629 882; baseline -0.025 0"><span class='ocrx_word' id='word_1_54' title='bbox 304 833 629 882; x_wconf 89' lang='lat' dir='ltr'><strong>creatorem.</strong></span> 
     </span>
    </p>
   </div>
   <div class='ocr_carea' id='block_1_6' title="bbox 373 903 1871 975">
    <p class='ocr_par' dir='ltr' id='par_1_6' title="bbox 373 903 1871 975">
     <span class='ocr_line' id='line_1_6' title="bbox 373 903 1871 975; baseline -0.007 -7"><span class='ocrx_word' id='word_1_55' title='bbox 373 913 538 968; x_wconf 74' lang='lat' dir='ltr'><strong>Vens.</strong></span> <span class='ocrx_word' id='word_1_56' title='bbox 573 909 626 964; x_wconf 84' lang='grc'><strong>7.</strong></span> <span class='ocrx_word' id='word_1_57' title='bbox 654 940 724 951; x_wconf 89' lang='grc'><strong><em>-</em></strong></span> <span class='ocrx_word' id='word_1_58' title='bbox 760 907 866 975; x_wconf 85' lang='lat' dir='ltr'><strong>Qui</strong></span> <span class='ocrx_word' id='word_1_59' title='bbox 907 907 1133 962; x_wconf 76' lang='lat' dir='ltr'><strong>custodit</strong></span> <span class='ocrx_word' id='word_1_60' title='bbox 1185 908 1450 962; x_wconf 75' lang='lat' dir='ltr'><strong>veritatem</strong></span> <span class='ocrx_word' id='word_1_61' title='bbox 1497 905 1553 960; x_wconf 88' lang='lat' dir='ltr'><strong>in</strong></span> <span class='ocrx_word' id='word_1_62' title='bbox 1599 903 1871 959; x_wconf 62' lang='lat' dir='ltr'><strong>saeculum.</strong></span> 
     </span>
    </p>
   </div>
   <div class='ocr_carea' id='block_1_7' title="bbox 303 996 1874 1078">
    <p class='ocr_par' dir='ltr' id='par_1_7' title="bbox 303 996 1874 1078">
     <span class='ocr_line' id='line_1_7' title="bbox 303 996 1874 1078; baseline -0.007 -19"><span class='ocrx_word' id='word_1_63' title='bbox 303 1003 477 1078; x_wconf 66' lang='lat' dir='ltr'><strong>(ihs)</strong></span> <span class='ocrx_word' id='word_1_64' title='bbox 505 1002 773 1065; x_wconf 82' lang='lat' dir='ltr'><strong>Christus,</strong></span> <span class='ocrx_word' id='word_1_65' title='bbox 813 999 904 1069; x_wconf 86' lang='lat' dir='ltr'><strong>qui</strong></span> <span class='ocrx_word' id='word_1_66' title='bbox 945 1007 1030 1054; x_wconf 89' lang='lat' dir='ltr'><strong>est</strong></span> <span class='ocrx_word' id='word_1_67' title='bbox 1064 997 1285 1063; x_wconf 90' lang='lat' dir='ltr'><strong>veritas,</strong></span> <span class='ocrx_word' id='word_1_68' title='bbox 1325 997 1504 1053; x_wconf 90' lang='lat' dir='ltr'><strong>omnis</strong></span> <span class='ocrx_word' id='word_1_69' title='bbox 1530 996 1693 1051; x_wconf 88' lang='lat' dir='ltr'><strong>homo</strong></span> <span class='ocrx_word' id='word_1_70' title='bbox 1716 1008 1874 1049; x_wconf 91' lang='lat' dir='ltr'><strong>men-</strong></span> 
     </span>
    </p>
   </div>
   <div class='ocr_carea' id='block_1_8' title="bbox 302 1085 1874 1162">
    <p class='ocr_par' dir='ltr' id='par_1_8' title="bbox 302 1085 1874 1162">
     <span class='ocr_line' id='line_1_8' title="bbox 302 1085 1874 1162; baseline -0.009 -10"><span class='ocrx_word' id='word_1_71' title='bbox 302 1100 427 1152; x_wconf 86' lang='lat' dir='ltr'><strong>dax.</strong></span> <span class='ocrx_word' id='word_1_72' title='bbox 456 1092 610 1147; x_wconf 87' lang='lat' dir='ltr'><strong>Facit</strong></span> <span class='ocrx_word' id='word_1_73' title='bbox 631 1091 915 1162; x_wconf 83' lang='lat' dir='ltr'><strong>judicium.</strong></span> <span class='ocrx_word' id='word_1_74' title='bbox 943 1089 1067 1144; x_wconf 82' lang='lat' dir='ltr'><strong>Haec</strong></span> <span class='ocrx_word' id='word_1_75' title='bbox 1082 1087 1190 1143; x_wconf 90' lang='lat' dir='ltr'><strong>duo</strong></span> <span class='ocrx_word' id='word_1_76' title='bbox 1211 1091 1275 1142; x_wconf 89' lang='lat' dir='ltr'><strong>ad</strong></span> <span class='ocrx_word' id='word_1_77' title='bbox 1291 1087 1556 1157; x_wconf 86' lang='lat' dir='ltr'><strong>justitiam</strong></span> <span class='ocrx_word' id='word_1_78' title='bbox 1581 1085 1874 1156; x_wconf 88' lang='lat' dir='ltr'><strong>pertinent.</strong></span> 
     </span>
    </p>
   </div>
   <div class='ocr_carea' id='block_1_9' title="bbox 301 1179 1876 1255">
    <p class='ocr_par' dir='ltr' id='par_1_9' title="bbox 301 1179 1876 1255">
     <span class='ocr_line' id='line_1_9' title="bbox 301 1179 1876 1255; baseline -0.009 -11"><span class='ocrx_word' id='word_1_79' title='bbox 301 1187 550 1244; x_wconf 82' lang='lat' dir='ltr'><strong>Christus</strong></span> <span class='ocrx_word' id='word_1_80' title='bbox 588 1183 752 1255; x_wconf 82' lang='lat' dir='ltr'><strong>judex</strong></span> <span class='ocrx_word' id='word_1_81' title='bbox 805 1180 1047 1236; x_wconf 63' lang='lat' dir='ltr'><strong>vindicat</strong></span> <span class='ocrx_word' id='word_1_82' title='bbox 1094 1179 1361 1248; x_wconf 88' lang='lat' dir='ltr'><strong>patientes</strong></span> <span class='ocrx_word' id='word_1_83' title='bbox 1411 1185 1634 1248; x_wconf 86' lang='lat' dir='ltr'><strong>propter</strong></span> <span class='ocrx_word' id='word_1_84' title='bbox 1680 1188 1876 1230; x_wconf 89' lang='lat' dir='ltr'><strong>nomen</strong></span> 
     </span>
    </p>
   </div>
   <div class='ocr_carea' id='block_1_10' title="bbox 301 1267 1876 1342">
    <p class='ocr_par' dir='ltr' id='par_1_10' title="bbox 301 1267 1876 1342">
     <span class='ocr_line' id='line_1_10' title="bbox 301 1267 1876 1342; baseline -0.008 -10"><span class='ocrx_word' id='word_1_85' title='bbox 301 1293 481 1342; x_wconf 89' lang='lat' dir='ltr'><strong>suum,</strong></span> <span class='ocrx_word' id='word_1_86' title='bbox 511 1283 566 1330; x_wconf 94' lang='lat' dir='ltr'><strong>et</strong></span> <span class='ocrx_word' id='word_1_87' title='bbox 590 1274 681 1328; x_wconf 90' lang='lat' dir='ltr'><strong>dat</strong></span> <span class='ocrx_word' id='word_1_88' title='bbox 701 1287 883 1328; x_wconf 88' lang='lat' dir='ltr'><strong>escam</strong></span> <span class='ocrx_word' id='word_1_89' title='bbox 911 1270 1260 1342; x_wconf 79' lang='lat' dir='ltr'><strong>diligentibus</strong></span> <span class='ocrx_word' id='word_1_90' title='bbox 1285 1283 1362 1324; x_wconf 91' lang='lat' dir='ltr'><strong>se.</strong></span> <span class='ocrx_word' id='word_1_91' title='bbox 1391 1267 1656 1338; x_wconf 89' lang='lat' dir='ltr'><strong>Injuriam</strong></span> <span class='ocrx_word' id='word_1_92' title='bbox 1675 1267 1876 1337; x_wconf 84' lang='lat' dir='ltr'><strong>patien-</strong></span> 
     </span>
    </p>
   </div>
   <div class='ocr_carea' id='block_1_11' title="bbox 301 1357 1875 1439">
    <p class='ocr_par' dir='ltr' id='par_1_11' title="bbox 301 1357 1875 1439">
     <span class='ocr_line' id='line_1_11' title="bbox 301 1357 1875 1439; baseline -0.007 -15"><span class='ocrx_word' id='word_1_93' title='bbox 301 1372 457 1424; x_wconf 86' lang='lat' dir='ltr'><strong>tibus.</strong></span> <span class='ocrx_word' id='word_1_94' title='bbox 488 1366 670 1439; x_wconf 83' lang='lat' dir='ltr'><strong>(Auc.)</strong></span> <span class='ocrx_word' id='word_1_95' title='bbox 699 1364 814 1419; x_wconf 85' lang='lat' dir='ltr'><strong>Non</strong></span> <span class='ocrx_word' id='word_1_96' title='bbox 847 1364 1028 1418; x_wconf 90' lang='lat' dir='ltr'><strong>omnis</strong></span> <span class='ocrx_word' id='word_1_97' title='bbox 1050 1361 1298 1417; x_wconf 90' lang='lat' dir='ltr'><strong>molestia</strong></span> <span class='ocrx_word' id='word_1_98' title='bbox 1339 1368 1424 1416; x_wconf 91' lang='lat' dir='ltr'><strong>est</strong></span> <span class='ocrx_word' id='word_1_99' title='bbox 1472 1359 1691 1430; x_wconf 82' lang='lat' dir='ltr'><strong>injuria.</strong></span> <span class='ocrx_word' id='word_1_100' title='bbox 1722 1357 1875 1425; x_wconf 84' lang='lat' dir='ltr'><strong>Quod</strong></span> 
     </span>
    </p>
   </div>
   <div class='ocr_carea' id='block_1_12' title="bbox 298 1449 1876 1530">
    <p class='ocr_par' dir='ltr' id='par_1_12' title="bbox 298 1449 1876 1530">
     <span class='ocr_line' id='line_1_12' title="bbox 298 1449 1876 1530; baseline -0.007 -15"><span class='ocrx_word' id='word_1_101' title='bbox 298 1460 416 1529; x_wconf 87' lang='lat' dir='ltr'><strong>iure</strong></span> <span class='ocrx_word' id='word_1_102' title='bbox 443 1459 647 1530; x_wconf 90' lang='lat' dir='ltr'><strong>pateris</strong></span> <span class='ocrx_word' id='word_1_103' title='bbox 676 1472 783 1512; x_wconf 91' lang='lat' dir='ltr'><strong>non</strong></span> <span class='ocrx_word' id='word_1_104' title='bbox 803 1464 888 1512; x_wconf 92' lang='lat' dir='ltr'><strong>est</strong></span> <span class='ocrx_word' id='word_1_105' title='bbox 917 1453 1133 1523; x_wconf 85' lang='lat' dir='ltr'><strong>injuria,</strong></span> <span class='ocrx_word' id='word_1_106' title='bbox 1165 1460 1227 1507; x_wconf 93' lang='lat' dir='ltr'><strong>ut</strong></span> <span class='ocrx_word' id='word_1_107' title='bbox 1255 1451 1398 1523; x_wconf 88' lang='lat' dir='ltr'><strong>quod</strong></span> <span class='ocrx_word' id='word_1_108' title='bbox 1428 1452 1632 1522; x_wconf 89' lang='lat' dir='ltr'><strong>patitur</strong></span> <span class='ocrx_word' id='word_1_109' title='bbox 1658 1449 1800 1505; x_wconf 89' lang='lat' dir='ltr'><strong>latro</strong></span> <span class='ocrx_word' id='word_1_110' title='bbox 1820 1456 1876 1504; x_wconf 93' lang='lat' dir='ltr'><strong>et</strong></span> 
     </span>
    </p>
   </div>
   <div class='ocr_carea' id='block_1_13' title="bbox 298 1539 1874 1616">
    <p class='ocr_par' dir='ltr' id='par_1_13' title="bbox 298 1539 1874 1616">
     <span class='ocr_line' id='line_1_13' title="bbox 298 1539 1874 1616; baseline -0.008 -10"><span class='ocrx_word' id='word_1_111' title='bbox 298 1549 545 1606; x_wconf 91' lang='lat' dir='ltr'><strong>scelerati</strong></span> <span class='ocrx_word' id='word_1_112' title='bbox 595 1548 705 1603; x_wconf 90' lang='lat' dir='ltr'><strong>alii.</strong></span> <span class='ocrx_word' id='word_1_113' title='bbox 756 1548 913 1602; x_wconf 83' lang='lat' dir='ltr'><strong>Aliud</strong></span> <span class='ocrx_word' id='word_1_114' title='bbox 962 1559 1094 1616; x_wconf 88' lang='lat' dir='ltr'><strong>ergo</strong></span> <span class='ocrx_word' id='word_1_115' title='bbox 1143 1552 1228 1599; x_wconf 89' lang='lat' dir='ltr'><strong>est</strong></span> <span class='ocrx_word' id='word_1_116' title='bbox 1273 1543 1386 1613; x_wconf 88' lang='lat' dir='ltr'><strong>pati</strong></span> <span class='ocrx_word' id='word_1_117' title='bbox 1426 1541 1698 1610; x_wconf 80' lang='lat' dir='ltr'><strong>iniuriam,</strong></span> <span class='ocrx_word' id='word_1_118' title='bbox 1731 1539 1874 1594; x_wconf 89' lang='lat' dir='ltr'><strong>aliud</strong></span> 
     </span>
    </p>
   </div>
   <div class='ocr_carea' id='block_1_14' title="bbox 298 1629 1876 1710">
    <p class='ocr_par' dir='ltr' id='par_1_14' title="bbox 298 1629 1876 1710">
     <span class='ocr_line' id='line_1_14' title="bbox 298 1629 1876 1710; baseline -0.007 -15"><span class='ocrx_word' id='word_1_119' title='bbox 298 1639 636 1710; x_wconf 89' lang='lat' dir='ltr'><strong>supplicium.</strong></span> <span class='ocrx_word' id='word_1_120' title='bbox 672 1636 1005 1710; x_wconf 88' lang='lat' dir='ltr'><strong>Supplicium</strong></span> <span class='ocrx_word' id='word_1_121' title='bbox 1050 1633 1194 1689; x_wconf 91' lang='lat' dir='ltr'><strong>enim</strong></span> <span class='ocrx_word' id='word_1_122' title='bbox 1221 1631 1344 1702; x_wconf 87' lang='lat' dir='ltr'><strong>jure</strong></span> <span class='ocrx_word' id='word_1_123' title='bbox 1391 1633 1514 1702; x_wconf 86' lang='lat' dir='ltr'><strong>quis</strong></span> <span class='ocrx_word' id='word_1_124' title='bbox 1539 1631 1764 1702; x_wconf 87' lang='lat' dir='ltr'><strong>patitur,</strong></span> <span class='ocrx_word' id='word_1_125' title='bbox 1793 1629 1876 1684; x_wconf 89' lang='lat' dir='ltr'><strong>in-</strong></span> 
     </span>
    </p>
   </div>
   <div class='ocr_carea' id='block_1_15' title="bbox 295 1726 1202 1804">
    <p class='ocr_par' dir='ltr' id='par_1_15' title="bbox 295 1726 1202 1804">
     <span class='ocr_line' id='line_1_15' title="bbox 295 1726 1202 1804; baseline -0.007 -19"><span class='ocrx_word' id='word_1_126' title='bbox 295 1731 438 1804; x_wconf 89' lang='lat' dir='ltr'><strong>juria</strong></span> <span class='ocrx_word' id='word_1_127' title='bbox 465 1739 645 1786; x_wconf 89' lang='lat' dir='ltr'><strong>autem</strong></span> <span class='ocrx_word' id='word_1_128' title='bbox 669 1729 778 1800; x_wconf 85' lang='lat' dir='ltr'><strong>juri</strong></span> <span class='ocrx_word' id='word_1_129' title='bbox 805 1726 1080 1784; x_wconf 89' lang='lat' dir='ltr'><strong>contraria</strong></span> <span class='ocrx_word' id='word_1_130' title='bbox 1099 1733 1202 1781; x_wconf 88' lang='lat' dir='ltr'><strong>est.</strong></span> 
     </span>
    </p>
   </div>
   <div class='ocr_carea' id='block_1_16' title="bbox 368 1813 1875 1888">
    <p class='ocr_par' dir='ltr' id='par_1_16' title="bbox 368 1813 1875 1888">
     <span class='ocr_line' id='line_1_16' title="bbox 368 1813 1875 1888; baseline -0.004 -10"><span class='ocrx_word' id='word_1_131' title='bbox 368 1823 533 1878; x_wconf 68' lang='lat' dir='ltr'><strong>Vens.</strong></span> <span class='ocrx_word' id='word_1_132' title='bbox 561 1821 614 1876; x_wconf 90' lang='lat'><strong>8.</strong></span> <span class='ocrx_word' id='word_1_133' title='bbox 637 1853 707 1862; x_wconf 97' lang='lat'>—</span> <span class='ocrx_word' id='word_1_134' title='bbox 734 1820 992 1875; x_wconf 80' lang='lat' dir='ltr'><strong>Dominus</strong></span> <span class='ocrx_word' id='word_1_135' title='bbox 1014 1818 1167 1874; x_wconf 89' lang='lat' dir='ltr'><strong>solvit</strong></span> <span class='ocrx_word' id='word_1_136' title='bbox 1197 1816 1536 1888; x_wconf 83' lang='lat' dir='ltr'><strong>compeditos.</strong></span> <span class='ocrx_word' id='word_1_137' title='bbox 1564 1814 1738 1888; x_wconf 66' lang='lat' dir='ltr'><strong>((Isa.)</strong></span> <span class='ocrx_word' id='word_1_138' title='bbox 1759 1813 1875 1872; x_wconf 82' lang='lat' dir='ltr'><strong>Hoc</strong></span> 
     </span>
    </p>
   </div>
   <div class='ocr_carea' id='block_1_17' title="bbox 296 1910 1102 1968">
    <p class='ocr_par' dir='ltr' id='par_1_17' title="bbox 296 1910 1102 1968">
     <span class='ocr_line' id='line_1_17' title="bbox 296 1910 1102 1968; baseline -0.006 0"><span class='ocrx_word' id='word_1_139' title='bbox 296 1913 362 1968; x_wconf 86' lang='lat' dir='ltr'><strong>ad</strong></span> <span class='ocrx_word' id='word_1_140' title='bbox 386 1912 770 1968; x_wconf 85' lang='lat' dir='ltr'><strong>abundantiam</strong></span> <span class='ocrx_word' id='word_1_141' title='bbox 796 1910 1102 1965; x_wconf 82' lang='lat' dir='ltr'><strong>suavitatis.</strong></span> 
     </span>
    </p>
   </div>
   <div class='ocr_carea' id='block_1_18' title="bbox 367 1997 1873 2073">
    <p class='ocr_par' dir='ltr' id='par_1_18' title="bbox 367 1997 1873 2073">
     <span class='ocr_line' id='line_1_18' title="bbox 367 1997 1873 2073; baseline -0.002 -17"><span class='ocrx_word' id='word_1_142' title='bbox 367 2003 619 2058; x_wconf 83' lang='lat' dir='ltr'><strong>Dominus</strong></span> <span class='ocrx_word' id='word_1_143' title='bbox 658 2002 810 2073; x_wconf 82' lang='lat' dir='ltr'><strong>erigit</strong></span> <span class='ocrx_word' id='word_1_144' title='bbox 839 2000 1013 2056; x_wconf 87' lang='lat' dir='ltr'><strong>elisos.</strong></span> <span class='ocrx_word' id='word_1_145' title='bbox 1041 1999 1188 2067; x_wconf 87' lang='lat' dir='ltr'><strong>Quos</strong></span> <span class='ocrx_word' id='word_1_146' title='bbox 1218 1997 1472 2056; x_wconf 84' lang='lat' dir='ltr'><strong>diabolus</strong></span> <span class='ocrx_word' id='word_1_147' title='bbox 1491 1997 1665 2064; x_wconf 84' lang='lat' dir='ltr'><strong>elidit,</strong></span> <span class='ocrx_word' id='word_1_148' title='bbox 1690 1997 1873 2054; x_wconf 93' lang='lat' dir='ltr'><strong>Domi-</strong></span> 
     </span>
    </p>
   </div>
   <div class='ocr_carea' id='block_1_19' title="bbox 293 2095 594 2166">
    <p class='ocr_par' dir='ltr' id='par_1_19' title="bbox 293 2095 594 2166">
     <span class='ocr_line' id='line_1_19' title="bbox 293 2095 594 2166; baseline -0.003 -16"><span class='ocrx_word' id='word_1_149' title='bbox 293 2110 398 2150; x_wconf 89' lang='lat' dir='ltr'><strong>nus</strong></span> <span class='ocrx_word' id='word_1_150' title='bbox 415 2095 594 2166; x_wconf 90' lang='lat' dir='ltr'><strong>erigit.</strong></span> 
     </span>
    </p>
   </div>
   <div class='ocr_carea' id='block_1_20' title="bbox 366 2182 1872 2258">
    <p class='ocr_par' dir='ltr' id='par_1_20' title="bbox 366 2182 1872 2258">
     <span class='ocr_line' id='line_1_20' title="bbox 366 2182 1872 2258; baseline -0.001 -18"><span class='ocrx_word' id='word_1_151' title='bbox 366 2185 546 2258; x_wconf 84' lang='lat' dir='ltr'><strong>Diligit</strong></span> <span class='ocrx_word' id='word_1_152' title='bbox 564 2187 764 2258; x_wconf 82' lang='lat' dir='ltr'><strong>justas.</strong></span> <span class='ocrx_word' id='word_1_153' title='bbox 794 2183 966 2258; x_wconf 66' lang='grc' dir='ltr'><strong>(ὼε.)</strong></span> <span class='ocrx_word' id='word_1_154' title='bbox 993 2182 1140 2252; x_wconf 90' lang='lat' dir='ltr'><strong>Quos</strong></span> <span class='ocrx_word' id='word_1_155' title='bbox 1179 2182 1323 2240; x_wconf 86' lang='lat' dir='ltr'><strong>locat</strong></span> <span class='ocrx_word' id='word_1_156' title='bbox 1349 2182 1407 2240; x_wconf 91' lang='lat' dir='ltr'><strong>in</strong></span> <span class='ocrx_word' id='word_1_157' title='bbox 1435 2191 1646 2240; x_wconf 66' lang='lat' dir='ltr'><strong>aeterna</strong></span> <span class='ocrx_word' id='word_1_158' title='bbox 1696 2183 1872 2239; x_wconf 87' lang='lat' dir='ltr'><strong>beati-</strong></span> 
     </span>
    </p>
   </div>
   <div class='ocr_carea' id='block_1_21' title="bbox 293 2278 496 2334">
    <p class='ocr_par' dir='ltr' id='par_1_21' title="bbox 293 2278 496 2334">
     <span class='ocr_line' id='line_1_21' title="bbox 293 2278 496 2334; baseline 0.01 -2"><span class='ocrx_word' id='word_1_159' title='bbox 293 2278 496 2334; x_wconf 87' lang='lat' dir='ltr'><strong>tudine.</strong></span> 
     </span>
    </p>
   </div>
   <div class='ocr_carea' id='block_1_22' title="bbox 365 2364 1872 2442">
    <p class='ocr_par' dir='ltr' id='par_1_22' title="bbox 365 2364 1872 2442">
     <span class='ocr_line' id='line_1_22' title="bbox 365 2364 1872 2442; baseline -0.003 -18"><span class='ocrx_word' id='word_1_160' title='bbox 365 2370 530 2428; x_wconf 79' lang='lat' dir='ltr'><strong>Vnns.</strong></span> <span class='ocrx_word' id='word_1_161' title='bbox 557 2371 612 2428; x_wconf 89' lang='lat'><strong>9.</strong></span> <span class='ocrx_word' id='word_1_162' title='bbox 639 2403 710 2413; x_wconf 91' lang='lat'><strong><em>—</em></strong></span> <span class='ocrx_word' id='word_1_163' title='bbox 749 2368 1022 2442; x_wconf 89' lang='lat' dir='ltr'><strong>Pupillum</strong></span> <span class='ocrx_word' id='word_1_164' title='bbox 1046 2379 1094 2425; x_wconf 87' lang='lat' dir='ltr'><strong>et</strong></span> <span class='ocrx_word' id='word_1_165' title='bbox 1128 2369 1344 2424; x_wconf 77' lang='lat' dir='ltr'><strong>viduam</strong></span> <span class='ocrx_word' id='word_1_166' title='bbox 1367 2366 1632 2438; x_wconf 82' lang='lat' dir='ltr'><strong>suscipiet.</strong></span> <span class='ocrx_word' id='word_1_167' title='bbox 1679 2364 1872 2439; x_wconf 78' lang='lat' dir='ltr'><strong>(Auc.)</strong></span> 
     </span>
    </p>
   </div>
   <div class='ocr_carea' id='block_1_23' title="bbox 293 2459 1868 2536">
    <p class='ocr_par' dir='ltr' id='par_1_23' title="bbox 293 2459 1868 2536">
     <span class='ocr_line' id='line_1_23' title="bbox 293 2459 1868 2536; baseline -0.004 -16"><span class='ocrx_word' id='word_1_168' title='bbox 293 2464 482 2520; x_wconf 90' lang='lat' dir='ltr'><strong>Omnis</strong></span> <span class='ocrx_word' id='word_1_169' title='bbox 530 2463 771 2520; x_wconf 89' lang='lat' dir='ltr'><strong>Ecclesia</strong></span> <span class='ocrx_word' id='word_1_170' title='bbox 821 2463 1062 2536; x_wconf 91' lang='lat' dir='ltr'><strong>gentium</strong></span> <span class='ocrx_word' id='word_1_171' title='bbox 1103 2461 1397 2518; x_wconf 90' lang='lat' dir='ltr'><strong>adventitia</strong></span> <span class='ocrx_word' id='word_1_172' title='bbox 1447 2468 1532 2516; x_wconf 91' lang='lat' dir='ltr'><strong>est</strong></span> <span class='ocrx_word' id='word_1_173' title='bbox 1565 2459 1632 2514; x_wconf 88' lang='lat' dir='ltr'><strong>ad</strong></span> <span class='ocrx_word' id='word_1_174' title='bbox 1662 2467 1868 2528; x_wconf 87' lang='lat' dir='ltr'><strong>patres,</strong></span> 
     </span>
    </p>
   </div>
   <div class='ocr_carea' id='block_1_24' title="bbox 293 2551 1577 2619">
    <p class='ocr_par' dir='ltr' id='par_1_24' title="bbox 293 2551 1577 2619">
     <span class='ocr_line' id='line_1_24' title="bbox 293 2551 1577 2619; baseline -0.002 -11"><span class='ocrx_word' id='word_1_175' title='bbox 293 2569 398 2608; x_wconf 93' lang='lat' dir='ltr'><strong>non</strong></span> <span class='ocrx_word' id='word_1_176' title='bbox 431 2569 617 2619; x_wconf 89' lang='lat' dir='ltr'><strong>carne,</strong></span> <span class='ocrx_word' id='word_1_177' title='bbox 647 2553 740 2608; x_wconf 88' lang='lat' dir='ltr'><strong>sed</strong></span> <span class='ocrx_word' id='word_1_178' title='bbox 769 2554 1045 2615; x_wconf 90' lang='lat' dir='ltr'><strong>imitando,</strong></span> <span class='ocrx_word' id='word_1_179' title='bbox 1081 2551 1212 2606; x_wconf 84' lang='lat' dir='ltr'><strong>filia.</strong></span> <span class='ocrx_word' id='word_1_180' title='bbox 1565 2552 1577 2565; x_wconf 89' lang='lat'>&#39;</span> 
     </span>
    </p>
   </div>
   <div class='ocr_carea' id='block_1_25' title="bbox 364 2639 1877 2715">
    <p class='ocr_par' dir='ltr' id='par_1_25' title="bbox 364 2639 1877 2715">
     <span class='ocr_line' id='line_1_25' title="bbox 364 2639 1877 2715; baseline -0.003 -17"><span class='ocrx_word' id='word_1_181' title='bbox 364 2644 562 2714; x_wconf 86' lang='lat' dir='ltr'><strong>Pupilli</strong></span> <span class='ocrx_word' id='word_1_182' title='bbox 594 2653 721 2700; x_wconf 93' lang='lat' dir='ltr'><strong>sunt</strong></span> <span class='ocrx_word' id='word_1_183' title='bbox 743 2660 932 2700; x_wconf 91' lang='lat' dir='ltr'><strong>omnes</strong></span> <span class='ocrx_word' id='word_1_184' title='bbox 974 2644 1028 2698; x_wconf 93' lang='lat' dir='ltr'><strong>in</strong></span> <span class='ocrx_word' id='word_1_185' title='bbox 1065 2641 1526 2715; x_wconf 77' lang='lat' dir='ltr'><strong>peregrinatione,</strong></span> <span class='ocrx_word' id='word_1_186' title='bbox 1556 2639 1755 2711; x_wconf 89' lang='lat' dir='ltr'><strong>quibus</strong></span> <span class='ocrx_word' id='word_1_187' title='bbox 1790 2646 1877 2695; x_wconf 89' lang='lat' dir='ltr'><strong>est</strong></span> 
     </span>
    </p>
   </div>
   <div class='ocr_carea' id='block_1_26' title="bbox 294 2731 1872 2808">
    <p class='ocr_par' dir='ltr' id='par_1_26' title="bbox 294 2731 1872 2808">
     <span class='ocr_line' id='line_1_26' title="bbox 294 2731 1872 2808; baseline -0.004 -17"><span class='ocrx_word' id='word_1_188' title='bbox 294 2736 488 2793; x_wconf 88' lang='lat' dir='ltr'><strong>absens</strong></span> <span class='ocrx_word' id='word_1_189' title='bbox 533 2747 728 2808; x_wconf 85' lang='lat' dir='ltr'><strong>pater;</strong></span> <span class='ocrx_word' id='word_1_190' title='bbox 787 2745 842 2790; x_wconf 91' lang='lat' dir='ltr'><strong>et</strong></span> <span class='ocrx_word' id='word_1_191' title='bbox 895 2734 1074 2790; x_wconf 90' lang='lat' dir='ltr'><strong>omnis</strong></span> <span class='ocrx_word' id='word_1_192' title='bbox 1131 2734 1308 2789; x_wconf 81' lang='lat' dir='ltr'><strong>fidelis</strong></span> <span class='ocrx_word' id='word_1_193' title='bbox 1349 2734 1530 2787; x_wconf 90' lang='lat' dir='ltr'><strong>anima</strong></span> <span class='ocrx_word' id='word_1_194' title='bbox 1582 2739 1666 2787; x_wconf 88' lang='lat' dir='ltr'><strong>est</strong></span> <span class='ocrx_word' id='word_1_195' title='bbox 1713 2731 1872 2786; x_wconf 82' lang='lat' dir='ltr'><strong>vidua</strong></span> 
     </span>
    </p>
   </div>
   <div class='ocr_carea' id='block_1_27' title="bbox 293 2825 1866 2897">
    <p class='ocr_par' dir='ltr' id='par_1_27' title="bbox 293 2825 1866 2897">
     <span class='ocr_line' id='line_1_27' title="bbox 293 2825 1866 2897; baseline -0.003 -16"><span class='ocrx_word' id='word_1_196' title='bbox 293 2842 493 2897; x_wconf 87' lang='lat' dir='ltr'><strong>sponso</strong></span> <span class='ocrx_word' id='word_1_197' title='bbox 531 2827 794 2883; x_wconf 88' lang='lat' dir='ltr'><strong>absente:</strong></span> <span class='ocrx_word' id='word_1_198' title='bbox 828 2827 971 2881; x_wconf 91' lang='lat' dir='ltr'><strong>unde</strong></span> <span class='ocrx_word' id='word_1_199' title='bbox 999 2834 1054 2881; x_wconf 92' lang='lat' dir='ltr'><strong>et</strong></span> <span class='ocrx_word' id='word_1_200' title='bbox 1085 2825 1255 2896; x_wconf 88' lang='lat' dir='ltr'><strong>magis</strong></span> <span class='ocrx_word' id='word_1_201' title='bbox 1283 2833 1492 2895; x_wconf 87' lang='lat' dir='ltr'><strong>patrem</strong></span> <span class='ocrx_word' id='word_1_202' title='bbox 1521 2831 1576 2878; x_wconf 90' lang='lat' dir='ltr'><strong>et</strong></span> <span class='ocrx_word' id='word_1_203' title='bbox 1603 2837 1866 2894; x_wconf 89' lang='lat' dir='ltr'><strong>sponsum</strong></span> 
     </span>
    </p>
   </div>
   <div class='ocr_carea' id='block_1_28' title="bbox 296 2915 1872 2988">
    <p class='ocr_par' dir='ltr' id='par_1_28' title="bbox 296 2915 1872 2988">
     <span class='ocr_line' id='line_1_28' title="bbox 296 2915 1872 2988; baseline -0.002 -15"><span class='ocrx_word' id='word_1_204' title='bbox 296 2918 628 2985; x_wconf 86' lang='lat' dir='ltr'><strong>desiderant,</strong></span> <span class='ocrx_word' id='word_1_205' title='bbox 649 2927 705 2972; x_wconf 91' lang='lat' dir='ltr'><strong>et</strong></span> <span class='ocrx_word' id='word_1_206' title='bbox 729 2919 829 2973; x_wconf 88' lang='lat' dir='ltr'><strong>hos</strong></span> <span class='ocrx_word' id='word_1_207' title='bbox 850 2917 1082 2988; x_wconf 74' lang='lat' dir='ltr'><strong>protegit</strong></span> <span class='ocrx_word' id='word_1_208' title='bbox 1110 2917 1254 2972; x_wconf 89' lang='lat' dir='ltr'><strong>Deus</strong></span> <span class='ocrx_word' id='word_1_209' title='bbox 1297 2931 1404 2971; x_wconf 91' lang='lat' dir='ltr'><strong>non</strong></span> <span class='ocrx_word' id='word_1_210' title='bbox 1434 2916 1603 2982; x_wconf 88' lang='lat' dir='ltr'><strong>visus,</strong></span> <span class='ocrx_word' id='word_1_211' title='bbox 1641 2915 1735 2970; x_wconf 93' lang='lat' dir='ltr'><strong>sed</strong></span> <span class='ocrx_word' id='word_1_212' title='bbox 1775 2915 1872 2970; x_wconf 90' lang='lat' dir='ltr'><strong>de-</strong></span> 
     </span>
    </p>
   </div>
   <div class='ocr_carea' id='block_1_29' title="bbox 295 3009 585 3064">
    <p class='ocr_par' dir='ltr' id='par_1_29' title="bbox 295 3009 585 3064">
     <span class='ocr_line' id='line_1_29' title="bbox 295 3009 585 3064; baseline -0.007 0"><span class='ocrx_word' id='word_1_213' title='bbox 295 3009 585 3064; x_wconf 88' lang='lat' dir='ltr'><strong>sideratus.</strong></span> 
     </span>
    </p>
   </div>
   <div class='ocr_carea' id='block_1_30' title="bbox 366 3091 1871 3169">
    <p class='ocr_par' dir='ltr' id='par_1_30' title="bbox 366 3091 1871 3169">
     <span class='ocr_line' id='line_1_30' title="bbox 366 3091 1871 3169; baseline -0.005 -15"><span class='ocrx_word' id='word_1_214' title='bbox 366 3097 532 3154; x_wconf 84' lang='lat' dir='ltr'><strong>Vsns.</strong></span> <span class='ocrx_word' id='word_1_215' title='bbox 565 3098 652 3154; x_wconf 81' lang='grc'><strong>10.</strong></span> <span class='ocrx_word' id='word_1_216' title='bbox 679 3127 755 3140; x_wconf 92' lang='grc'><strong><em>-</em></strong></span> <span class='ocrx_word' id='word_1_217' title='bbox 787 3096 1037 3169; x_wconf 84' lang='lat' dir='ltr'><strong>Regnabit</strong></span> <span class='ocrx_word' id='word_1_218' title='bbox 1072 3094 1330 3151; x_wconf 85' lang='lat' dir='ltr'><strong>Dominus</strong></span> <span class='ocrx_word' id='word_1_219' title='bbox 1353 3097 1412 3150; x_wconf 89' lang='lat' dir='ltr'><strong>in</strong></span> <span class='ocrx_word' id='word_1_220' title='bbox 1436 3093 1652 3150; x_wconf 66' lang='lat' dir='ltr'><strong>saecula.</strong></span> <span class='ocrx_word' id='word_1_221' title='bbox 1695 3091 1871 3166; x_wconf 69' lang='grc' dir='ltr'><strong>(ὼε.)</strong></span> 
     </span>
    </p>
   </div>
   <div class='ocr_carea' id='block_1_31' title="bbox 293 3189 1058 3263">
    <p class='ocr_par' dir='ltr' id='par_1_31' title="bbox 293 3189 1058 3263">
     <span class='ocr_line' id='line_1_31' title="bbox 293 3189 1058 3263; baseline -0.003 -18"><span class='ocrx_word' id='word_1_222' title='bbox 293 3191 408 3247; x_wconf 79' lang='lat' dir='ltr'><strong>Hoc</strong></span> <span class='ocrx_word' id='word_1_223' title='bbox 434 3201 520 3246; x_wconf 87' lang='lat' dir='ltr'><strong>est</strong></span> <span class='ocrx_word' id='word_1_224' title='bbox 546 3192 611 3247; x_wconf 92' lang='lat' dir='ltr'><strong>de</strong></span> <span class='ocrx_word' id='word_1_225' title='bbox 636 3189 1058 3263; x_wconf 86' lang='lat' dir='ltr'><strong>magnificentia.</strong></span> 
     </span>
    </p>
   </div>
   <div class='ocr_carea' id='block_1_32' title="bbox 365 3253 1945 3354">
    <p class='ocr_par' dir='ltr' id='par_1_32' title="bbox 365 3253 1945 3354">
     <span class='ocr_line' id='line_1_32' title="bbox 365 3253 1945 3354; baseline -0.001 -17"><span class='ocrx_word' id='word_1_226' title='bbox 365 3283 638 3354; x_wconf 79' lang='lat' dir='ltr'><strong>Regnabit</strong></span> <span class='ocrx_word' id='word_1_227' title='bbox 665 3253 924 3350; x_wconf 43' lang='lat' dir='ltr'><strong>invnobis,</strong></span> <span class='ocrx_word' id='word_1_228' title='bbox 956 3296 1081 3342; x_wconf 88' lang='lat' dir='ltr'><strong>cum</strong></span> <span class='ocrx_word' id='word_1_229' title='bbox 1111 3281 1276 3338; x_wconf 91' lang='lat' dir='ltr'><strong>corda</strong></span> <span class='ocrx_word' id='word_1_230' title='bbox 1322 3287 1510 3337; x_wconf 88' lang='lat' dir='ltr'><strong>nostra</strong></span> <span class='ocrx_word' id='word_1_231' title='bbox 1539 3287 1697 3336; x_wconf 88' lang='lat' dir='ltr'><strong>erunt</strong></span> <span class='ocrx_word' id='word_1_232' title='bbox 1723 3279 1778 3336; x_wconf 91' lang='lat' dir='ltr'><strong>in</strong></span> <span class='ocrx_word' id='word_1_233' title='bbox 1805 3293 1870 3336; x_wconf 89' lang='lat' dir='ltr'><strong>eo</strong></span> <span class='ocrx_word' id='word_1_234' title='bbox 1899 3253 1945 3318; x_wconf 68' lang='grc' dir='ltr'>ο</span> 
     </span>
    </p>
   </div>
   <div class='ocr_carea' id='block_1_33' title="bbox 291 3371 986 3466">
    <p class='ocr_par' dir='ltr' id='par_1_33' title="bbox 291 3371 986 3466">
     <span class='ocr_line' id='line_1_33' title="bbox 291 3371 986 3466; baseline 0.001 -38"><span class='ocrx_word' id='word_1_235' title='bbox 291 3371 470 3441; x_wconf 82' lang='lat' dir='ltr'><strong>firma,</strong></span> <span class='ocrx_word' id='word_1_236' title='bbox 497 3375 640 3446; x_wconf 92' lang='lat' dir='ltr'><strong>quod</strong></span> <span class='ocrx_word' id='word_1_237' title='bbox 657 3390 777 3466; x_wconf 25' lang='lat' dir='ltr'><strong>{non</strong></span> <span class='ocrx_word' id='word_1_238' title='bbox 806 3373 986 3430; x_wconf 91' lang='lat' dir='ltr'><strong>modo.</strong></span> 
     </span>
    </p>
   </div>
   <div class='ocr_carea' id='block_1_34' title="bbox 785 3504 1374 3564">
    <p class='ocr_par' dir='ltr' id='par_1_34' title="bbox 785 3504 1374 3564">
     <span class='ocr_line' id='line_1_34' title="bbox 785 3504 1374 3564; baseline -0.003 -1"><span class='ocrx_word' id='word_1_239' title='bbox 785 3505 1107 3564; x_wconf 79' lang='lat' dir='ltr'><strong>PSALMUS</strong></span> <span class='ocrx_word' id='word_1_240' title='bbox 1146 3504 1374 3564; x_wconf 80' lang='lat' dir='ltr'><strong>CXLVI.</strong></span> 
     </span>
    </p>
   </div>
   <div class='ocr_carea' id='block_1_35' title="bbox 359 3634 1871 3711">
    <p class='ocr_par' dir='ltr' id='par_1_35' title="bbox 359 3634 1871 3711">
     <span class='ocr_line' id='line_1_35' title="bbox 359 3634 1871 3711; baseline 0.003 -19"><span class='ocrx_word' id='word_1_241' title='bbox 359 3634 528 3694; x_wconf 81' lang='lat' dir='ltr'><strong>Vnns.</strong></span> <span class='ocrx_word' id='word_1_242' title='bbox 562 3637 614 3692; x_wconf 82' lang='lat' dir='ltr'><strong>l.</strong></span> <span class='ocrx_word' id='word_1_243' title='bbox 637 3667 708 3678; x_wconf 88' lang='lat'>—</span> <span class='ocrx_word' id='word_1_244' title='bbox 733 3636 986 3693; x_wconf 82' lang='lat' dir='ltr'><strong>Alleluia.</strong></span> <span class='ocrx_word' id='word_1_245' title='bbox 1014 3637 1198 3711; x_wconf 82' lang='lat' dir='ltr'><strong>(Auc.)</strong></span> <span class='ocrx_word' id='word_1_246' title='bbox 1232 3639 1334 3694; x_wconf 88' lang='lat' dir='ltr'><strong>Hic</strong></span> <span class='ocrx_word' id='word_1_247' title='bbox 1355 3639 1484 3694; x_wconf 89' lang='lat' dir='ltr'><strong>item</strong></span> <span class='ocrx_word' id='word_1_248' title='bbox 1521 3639 1601 3695; x_wconf 89' lang='lat' dir='ltr'><strong>ait</strong></span> <span class='ocrx_word' id='word_1_249' title='bbox 1627 3640 1693 3695; x_wconf 94' lang='lat' dir='ltr'><strong>de</strong></span> <span class='ocrx_word' id='word_1_250' title='bbox 1714 3639 1871 3697; x_wconf 85' lang='lat' dir='ltr'><strong>laude</strong></span> 
     </span>
    </p>
   </div>
   <div class='ocr_carea' id='block_1_36' title="bbox 289 3726 1866 3802">
    <p class='ocr_par' dir='ltr' id='par_1_36' title="bbox 289 3726 1866 3802">
     <span class='ocr_line' id='line_1_36' title="bbox 289 3726 1866 3802; baseline 0.004 -20"><span class='ocrx_word' id='word_1_251' title='bbox 289 3726 406 3794; x_wconf 90' lang='lat' dir='ltr'><strong>Dei,</strong></span> <span class='ocrx_word' id='word_1_252' title='bbox 437 3729 530 3783; x_wconf 90' lang='lat' dir='ltr'><strong>ubi</strong></span> <span class='ocrx_word' id='word_1_253' title='bbox 553 3730 818 3800; x_wconf 89' lang='lat' dir='ltr'><strong>propheta</strong></span> <span class='ocrx_word' id='word_1_254' title='bbox 847 3738 1030 3785; x_wconf 91' lang='lat' dir='ltr'><strong>monet</strong></span> <span class='ocrx_word' id='word_1_255' title='bbox 1062 3730 1280 3785; x_wconf 90' lang='lat' dir='ltr'><strong>laudare</strong></span> <span class='ocrx_word' id='word_1_256' title='bbox 1313 3731 1653 3802; x_wconf 75' lang='lat' dir='ltr'><strong>colligentem</strong></span> <span class='ocrx_word' id='word_1_257' title='bbox 1679 3731 1866 3788; x_wconf 83' lang='lat' dir='ltr'><strong>Israel.</strong></span> 
     </span>
    </p>
   </div>
   <div class='ocr_carea' id='block_1_37' title="bbox 361 3821 1870 3897">
    <p class='ocr_par' dir='ltr' id='par_1_37' title="bbox 361 3821 1870 3897">
     <span class='ocr_line' id='line_1_37' title="bbox 361 3821 1870 3897; baseline 0.005 -21"><span class='ocrx_word' id='word_1_258' title='bbox 361 3821 600 3877; x_wconf 83' lang='lat' dir='ltr'><strong>.Laudate</strong></span> <span class='ocrx_word' id='word_1_259' title='bbox 646 3822 950 3878; x_wconf 86' lang='lat' dir='ltr'><strong>Dominum.</strong></span> <span class='ocrx_word' id='word_1_260' title='bbox 1001 3823 1176 3896; x_wconf 72' lang='grc' dir='ltr'><strong>(ΕΑΒ.)</strong></span> <span class='ocrx_word' id='word_1_261' title='bbox 1229 3823 1415 3880; x_wconf 88' lang='lat' dir='ltr'><strong>Primo</strong></span> <span class='ocrx_word' id='word_1_262' title='bbox 1461 3826 1697 3882; x_wconf 87' lang='lat' dir='ltr'><strong>ostendit</strong></span> <span class='ocrx_word' id='word_1_263' title='bbox 1733 3841 1870 3897; x_wconf 93' lang='lat' dir='ltr'><strong>quos</strong></span> 
     </span>
    </p>
   </div>
   <div class='ocr_carea' id='block_1_38' title="bbox 291 3913 1871 3988">
    <p class='ocr_par' dir='ltr' id='par_1_38' title="bbox 291 3913 1871 3988">
     <span class='ocr_line' id='line_1_38' title="bbox 291 3913 1871 3988; baseline 0.003 -18"><span class='ocrx_word' id='word_1_264' title='bbox 291 3915 530 3985; x_wconf 77' lang='lat' dir='ltr'><strong>colligat,</strong></span> <span class='ocrx_word' id='word_1_265' title='bbox 559 3923 614 3970; x_wconf 91' lang='lat' dir='ltr'><strong>et</strong></span> <span class='ocrx_word' id='word_1_266' title='bbox 631 3917 920 3986; x_wconf 89' lang='lat' dir='ltr'><strong>quomodo.</strong></span> <span class='ocrx_word' id='word_1_267' title='bbox 965 3913 1236 3983; x_wconf 90' lang='lat' dir='ltr'><strong>Secundo,</strong></span> <span class='ocrx_word' id='word_1_268' title='bbox 1259 3925 1382 3987; x_wconf 91' lang='lat' dir='ltr'><strong>post</strong></span> <span class='ocrx_word' id='word_1_269' title='bbox 1408 3917 1687 3988; x_wconf 69' lang='lat' dir='ltr'><strong>praedicta,</strong></span> <span class='ocrx_word' id='word_1_270' title='bbox 1715 3919 1871 3988; x_wconf 89' lang='lat' dir='ltr'><strong>quasi</strong></span> 
     </span>
    </p>
   </div>
   <div class='ocr_carea' id='block_1_39' title="bbox 293 4006 1872 4076">
    <p class='ocr_par' dir='ltr' id='par_1_39' title="bbox 293 4006 1872 4076">
     <span class='ocr_line' id='line_1_39' title="bbox 293 4006 1872 4076; baseline 0.002 -17"><span class='ocrx_word' id='word_1_271' title='bbox 293 4007 469 4060; x_wconf 86' lang='lat' dir='ltr'><strong>adhuc</strong></span> <span class='ocrx_word' id='word_1_272' title='bbox 491 4007 758 4060; x_wconf 69' lang='lat' dir='ltr'><strong>haerentes</strong></span> <span class='ocrx_word' id='word_1_273' title='bbox 794 4015 850 4061; x_wconf 92' lang='lat' dir='ltr'><strong>et</strong></span> <span class='ocrx_word' id='word_1_274' title='bbox 877 4006 1068 4061; x_wconf 91' lang='lat' dir='ltr'><strong>dubios</strong></span> <span class='ocrx_word' id='word_1_275' title='bbox 1095 4007 1357 4076; x_wconf 84' lang='lat' dir='ltr'><strong>increpat,</strong></span> <span class='ocrx_word' id='word_1_276' title='bbox 1392 4008 1684 4062; x_wconf 89' lang='lat' dir='ltr'><strong>ostendens</strong></span> <span class='ocrx_word' id='word_1_277' title='bbox 1727 4008 1872 4063; x_wconf 92' lang='lat' dir='ltr'><strong>unde</strong></span> 
     </span>
    </p>
   </div>
   <div class='ocr_carea' id='block_1_40' title="bbox 290 4097 1867 4172">
    <p class='ocr_par' dir='ltr' id='par_1_40' title="bbox 290 4097 1867 4172">
     <span class='ocr_line' id='line_1_40' title="bbox 290 4097 1867 4172; baseline 0.001 -18"><span class='ocrx_word' id='word_1_278' title='bbox 290 4099 501 4172; x_wconf 87' lang='lat' dir='ltr'><strong>possint</strong></span> <span class='ocrx_word' id='word_1_279' title='bbox 529 4099 754 4154; x_wconf 91' lang='lat' dir='ltr'><strong>laudare</strong></span> <span class='ocrx_word' id='word_1_280' title='bbox 800 4100 990 4166; x_wconf 89' lang='lat' dir='ltr'><strong>Deum,</strong></span> <span class='ocrx_word' id='word_1_281' title='bbox 1039 4099 1248 4154; x_wconf 88' lang='lat' dir='ltr'><strong>scilicet</strong></span> <span class='ocrx_word' id='word_1_282' title='bbox 1290 4098 1336 4153; x_wconf 90' lang='lat' dir='ltr'><strong>si</strong></span> <span class='ocrx_word' id='word_1_283' title='bbox 1382 4097 1586 4154; x_wconf 90' lang='lat' dir='ltr'><strong>fuerint</strong></span> <span class='ocrx_word' id='word_1_284' title='bbox 1616 4099 1867 4167; x_wconf 85' lang='lat' dir='ltr'><strong>humiles,</strong></span> 
     </span>
    </p>
   </div>
   <div class='ocr_carea' id='block_1_41' title="bbox 293 4189 1868 4263">
    <p class='ocr_par' dir='ltr' id='par_1_41' title="bbox 293 4189 1868 4263">
     <span class='ocr_line' id='line_1_41' title="bbox 293 4189 1868 4263; baseline 0.001 -17"><span class='ocrx_word' id='word_1_285' title='bbox 293 4191 402 4257; x_wconf 80' lang='lat' dir='ltr'><strong>ibi,</strong></span> <span class='ocrx_word' id='word_1_286' title='bbox 431 4189 734 4245; x_wconf 71' lang='lat' dir='ltr'><strong>Prwcinite.</strong></span> <span class='ocrx_word' id='word_1_287' title='bbox 781 4221 853 4231; x_wconf 92' lang='lat'><strong>—</strong></span> <span class='ocrx_word' id='word_1_288' title='bbox 884 4189 1120 4244; x_wconf 77' lang='lat' dir='ltr'><strong>Laudato</strong></span> <span class='ocrx_word' id='word_1_289' title='bbox 1161 4189 1466 4244; x_wconf 87' lang='lat' dir='ltr'><strong>Dominum.</strong></span> <span class='ocrx_word' id='word_1_290' title='bbox 1517 4189 1699 4263; x_wconf 76' lang='grc' dir='ltr'><strong>(Αῦϐ.)</strong></span> <span class='ocrx_word' id='word_1_291' title='bbox 1756 4189 1868 4248; x_wconf 79' lang='lat' dir='ltr'><strong>Hoc</strong></span> 
     </span>
    </p>
   </div>
   <div class='ocr_carea' id='block_1_42' title="bbox 291 4281 1860 4354">
    <p class='ocr_par' dir='ltr' id='par_1_42' title="bbox 291 4281 1860 4354">
     <span class='ocr_line' id='line_1_42' title="bbox 291 4281 1860 4354; baseline 0.001 -16"><span class='ocrx_word' id='word_1_292' title='bbox 291 4283 491 4338; x_wconf 85' lang='lat' dir='ltr'><strong>dicitur</strong></span> <span class='ocrx_word' id='word_1_293' title='bbox 553 4282 805 4338; x_wconf 91' lang='lat' dir='ltr'><strong>omnibus</strong></span> <span class='ocrx_word' id='word_1_294' title='bbox 853 4281 1122 4354; x_wconf 74' lang='lat' dir='ltr'><strong>gentibus.</strong></span> <span class='ocrx_word' id='word_1_295' title='bbox 1176 4281 1243 4336; x_wconf 88' lang='lat' dir='ltr'><strong>Et</strong></span> <span class='ocrx_word' id='word_1_296' title='bbox 1295 4283 1450 4354; x_wconf 89' lang='lat' dir='ltr'><strong>quasi</strong></span> <span class='ocrx_word' id='word_1_297' title='bbox 1493 4298 1860 4354; x_wconf 63' lang='lat' dir='ltr'><strong>quaereremus</strong></span> 
     </span>
    </p>
   </div>
   <div class='ocr_carea' id='block_1_43' title="bbox 291 4373 1863 4447">
    <p class='ocr_par' dir='ltr' id='par_1_43' title="bbox 291 4373 1863 4447">
     <span class='ocr_line' id='line_1_43' title="bbox 291 4373 1863 4447; baseline 0.001 -19"><span class='ocrx_word' id='word_1_298' title='bbox 291 4374 522 4447; x_wconf 89' lang='lat' dir='ltr'><strong>qualiter</strong></span> <span class='ocrx_word' id='word_1_299' title='bbox 549 4373 905 4438; x_wconf 89' lang='lat' dir='ltr'><strong>laudabimus,</strong></span> <span class='ocrx_word' id='word_1_300' title='bbox 933 4373 1108 4429; x_wconf 87' lang='lat' dir='ltr'><strong>laudis</strong></span> <span class='ocrx_word' id='word_1_301' title='bbox 1137 4387 1356 4430; x_wconf 86' lang='lat' dir='ltr'><strong>causam</strong></span> <span class='ocrx_word' id='word_1_302' title='bbox 1388 4374 1587 4441; x_wconf 90' lang='lat' dir='ltr'><strong>attulit,</strong></span> <span class='ocrx_word' id='word_1_303' title='bbox 1611 4377 1863 4446; x_wconf 84' lang='lat' dir='ltr'><strong>quoniam</strong></span> 
     </span>
    </p>
   </div>
   <div class='ocr_carea' id='block_1_44' title="bbox 291 4462 1870 4538">
    <p class='ocr_par' dir='ltr' id='par_1_44' title="bbox 291 4462 1870 4538">
     <span class='ocr_line' id='line_1_44' title="bbox 291 4462 1870 4538; baseline 0.003 -20"><span class='ocrx_word' id='word_1_304' title='bbox 291 4463 454 4518; x_wconf 80' lang='lat' dir='ltr'><strong>bonus</strong></span> <span class='ocrx_word' id='word_1_305' title='bbox 477 4475 552 4519; x_wconf 87' lang='lat' dir='ltr'><strong>est</strong></span> <span class='ocrx_word' id='word_1_306' title='bbox 577 4464 832 4535; x_wconf 85' lang='lat' dir='ltr'><strong>psalmus.</strong></span> <span class='ocrx_word' id='word_1_307' title='bbox 864 4462 1040 4537; x_wconf 57' lang='lat' dir='ltr'><strong>(Cas)</strong></span> <span class='ocrx_word' id='word_1_308' title='bbox 1060 4463 1119 4520; x_wconf 84' lang='lat' dir='ltr'><strong>In</strong></span> <span class='ocrx_word' id='word_1_309' title='bbox 1150 4463 1312 4521; x_wconf 90' lang='lat' dir='ltr'><strong>laude</strong></span> <span class='ocrx_word' id='word_1_310' title='bbox 1337 4466 1434 4522; x_wconf 90' lang='lat' dir='ltr'><strong>Dei</strong></span> <span class='ocrx_word' id='word_1_311' title='bbox 1459 4466 1577 4538; x_wconf 89' lang='lat' dir='ltr'><strong>ipse</strong></span> <span class='ocrx_word' id='word_1_312' title='bbox 1604 4475 1757 4522; x_wconf 91' lang='lat' dir='ltr'><strong>actus</strong></span> <span class='ocrx_word' id='word_1_313' title='bbox 1784 4475 1870 4522; x_wconf 90' lang='lat' dir='ltr'><strong>est</strong></span> 
     </span>
    </p>
   </div>
   <div class='ocr_carea' id='block_1_45' title="bbox 291 4557 1868 4629">
    <p class='ocr_par' dir='ltr' id='par_1_45' title="bbox 291 4557 1868 4629">
     <span class='ocr_line' id='line_1_45' title="bbox 291 4557 1868 4629; baseline 0.001 -17"><span class='ocrx_word' id='word_1_314' title='bbox 291 4572 503 4613; x_wconf 89' lang='lat' dir='ltr'><strong>merces</strong></span> <span class='ocrx_word' id='word_1_315' title='bbox 533 4573 651 4628; x_wconf 81' lang='lat' dir='ltr'><strong>quae</strong></span> <span class='ocrx_word' id='word_1_316' title='bbox 696 4557 752 4612; x_wconf 92' lang='lat' dir='ltr'><strong>in</strong></span> <span class='ocrx_word' id='word_1_317' title='bbox 799 4557 981 4612; x_wconf 88' lang='lat' dir='ltr'><strong>futuro</strong></span> <span class='ocrx_word' id='word_1_318' title='bbox 1012 4559 1148 4625; x_wconf 90' lang='lat' dir='ltr'><strong>erit;</strong></span> <span class='ocrx_word' id='word_1_319' title='bbox 1188 4559 1310 4614; x_wconf 91' lang='lat' dir='ltr'><strong>ideo</strong></span> <span class='ocrx_word' id='word_1_320' title='bbox 1354 4559 1677 4624; x_wconf 89' lang='lat' dir='ltr'><strong>laudandus,</strong></span> <span class='ocrx_word' id='word_1_321' title='bbox 1738 4560 1868 4629; x_wconf 87' lang='lat' dir='ltr'><strong>quia</strong></span> 
     </span>
    </p>
   </div>
   <div class='ocr_carea' id='block_1_46' title="bbox 1979 811 3544 885">
    <p class='ocr_par' dir='ltr' id='par_1_46' title="bbox 1979 811 3544 885">
     <span class='ocr_line' id='line_1_46' title="bbox 1979 811 3544 885; baseline -0.001 -15"><span class='ocrx_word' id='word_1_322' title='bbox 1979 815 2045 870; x_wconf 94' lang='lat' dir='ltr'><strong>de</strong></span> <span class='ocrx_word' id='word_1_323' title='bbox 2086 814 2170 869; x_wconf 90' lang='lat' dir='ltr'><strong>his</strong></span> <span class='ocrx_word' id='word_1_324' title='bbox 2198 815 2289 885; x_wconf 92' lang='lat' dir='ltr'><strong>qui</strong></span> <span class='ocrx_word' id='word_1_325' title='bbox 2314 830 2418 869; x_wconf 92' lang='lat' dir='ltr'><strong>non</strong></span> <span class='ocrx_word' id='word_1_326' title='bbox 2453 814 2791 869; x_wconf 87' lang='lat' dir='ltr'><strong>obtriverunt</strong></span> <span class='ocrx_word' id='word_1_327' title='bbox 2814 827 2930 879; x_wconf 91' lang='lat' dir='ltr'><strong>cor,</strong></span> <span class='ocrx_word' id='word_1_328' title='bbox 2955 812 3154 868; x_wconf 89' lang='lat' dir='ltr'><strong>dicitur</strong></span> <span class='ocrx_word' id='word_1_329' title='bbox 3184 827 3281 883; x_wconf 88' lang='lat' dir='ltr'><strong>per</strong></span> <span class='ocrx_word' id='word_1_330' title='bbox 3307 811 3500 868; x_wconf 87' lang='lat' dir='ltr'><strong>Isaiam</strong></span> <span class='ocrx_word' id='word_1_331' title='bbox 3531 829 3544 867; x_wconf 76' lang='grc' dir='ltr'>ε</span> 
     </span>
    </p>
   </div>
   <div class='ocr_carea' id='block_1_47' title="bbox 1981 903 3551 979">
    <p class='ocr_par' dir='ltr' id='par_1_47' title="bbox 1981 903 3551 979">
     <span class='ocr_line' id='line_1_47' title="bbox 1981 903 3551 979; baseline -0.003 -16"><span class='ocrx_word' id='word_1_332' title='bbox 1981 908 2104 964; x_wconf 92' lang='lat' dir='ltr'><strong>Non</strong></span> <span class='ocrx_word' id='word_1_333' title='bbox 2135 917 2209 963; x_wconf 85' lang='lat' dir='ltr'><strong>est</strong></span> <span class='ocrx_word' id='word_1_334' title='bbox 2237 908 2500 979; x_wconf 86' lang='lat' dir='ltr'><strong>malagma</strong></span> <span class='ocrx_word' id='word_1_335' title='bbox 2528 909 2810 976; x_wconf 82' lang='lat' dir='ltr'><strong>imponere,</strong></span> <span class='ocrx_word' id='word_1_336' title='bbox 2841 909 3004 977; x_wconf 67' lang='lat' dir='ltr'><strong>neque</strong></span> <span class='ocrx_word' id='word_1_337' title='bbox 3022 904 3217 970; x_wconf 89' lang='lat' dir='ltr'><strong>oleum,</strong></span> <span class='ocrx_word' id='word_1_338' title='bbox 3243 921 3405 975; x_wconf 86' lang='lat' dir='ltr'><strong>neque</strong></span> <span class='ocrx_word' id='word_1_339' title='bbox 3431 903 3551 959; x_wconf 91' lang='lat' dir='ltr'><strong>alli-</strong></span> 
     </span>
    </p>
   </div>
   <div class='ocr_carea' id='block_1_48' title="bbox 1977 995 3548 1072">
    <p class='ocr_par' dir='ltr' id='par_1_48' title="bbox 1977 995 3548 1072">
     <span class='ocr_line' id='line_1_48' title="bbox 1977 995 3548 1072; baseline -0.001 -17"><span class='ocrx_word' id='word_1_340' title='bbox 1977 1011 2192 1072; x_wconf 81' lang='lat' dir='ltr'><strong>gaturus</strong></span> <span class='ocrx_word' id='word_1_341' title='bbox 2221 1000 2355 1072; x_wconf 89' lang='lat' dir='ltr'><strong>(Isa.</strong></span> <span class='ocrx_word' id='word_1_342' title='bbox 2385 1016 2426 1066; x_wconf 85' lang='grc' dir='ltr'><strong>ι,</strong></span> <span class='ocrx_word' id='word_1_343' title='bbox 2477 999 2763 1054; x_wconf 78' lang='lat' dir='ltr'><strong>secundum</strong></span> <span class='ocrx_word' id='word_1_344' title='bbox 2807 995 3000 1072; x_wconf 77' lang='lat' dir='ltr'><strong><em>LXX).</em></strong></span> <span class='ocrx_word' id='word_1_345' title='bbox 3053 998 3415 1069; x_wconf 85' lang='lat' dir='ltr'><strong>Alligamenta</strong></span> <span class='ocrx_word' id='word_1_346' title='bbox 3451 997 3548 1053; x_wconf 88' lang='lat' dir='ltr'><strong>Dei</strong></span> 
     </span>
    </p>
   </div>
   <div class='ocr_carea' id='block_1_49' title="bbox 1978 1089 3551 1162">
    <p class='ocr_par' dir='ltr' id='par_1_49' title="bbox 1978 1089 3551 1162">
     <span class='ocr_line' id='line_1_49' title="bbox 1978 1089 3551 1162; baseline -0.001 -15"><span class='ocrx_word' id='word_1_347' title='bbox 1978 1100 2102 1147; x_wconf 91' lang='lat' dir='ltr'><strong>sunt</strong></span> <span class='ocrx_word' id='word_1_348' title='bbox 2141 1091 2458 1162; x_wconf 89' lang='lat' dir='ltr'><strong>temporalia</strong></span> <span class='ocrx_word' id='word_1_349' title='bbox 2488 1098 2852 1154; x_wconf 83' lang='lat' dir='ltr'><strong>sacramenta,</strong></span> <span class='ocrx_word' id='word_1_350' title='bbox 2877 1089 3074 1160; x_wconf 87' lang='lat' dir='ltr'><strong>quibus</strong></span> <span class='ocrx_word' id='word_1_351' title='bbox 3103 1089 3324 1144; x_wconf 87' lang='lat' dir='ltr'><strong>interim</strong></span> <span class='ocrx_word' id='word_1_352' title='bbox 3349 1103 3551 1145; x_wconf 67' lang='lat' dir='ltr'><strong>conso«</strong></span> 
     </span>
    </p>
   </div>
   <div class='ocr_carea' id='block_1_50' title="bbox 1977 1181 3551 1256">
    <p class='ocr_par' dir='ltr' id='par_1_50' title="bbox 1977 1181 3551 1256">
     <span class='ocr_line' id='line_1_50' title="bbox 1977 1181 3551 1256; baseline 0.001 -20"><span class='ocrx_word' id='word_1_353' title='bbox 1977 1181 2236 1240; x_wconf 85' lang='lat' dir='ltr'><strong>lationem</strong></span> <span class='ocrx_word' id='word_1_354' title='bbox 2258 1185 2557 1250; x_wconf 85' lang='lat' dir='ltr'><strong>habemus;</strong></span> <span class='ocrx_word' id='word_1_355' title='bbox 2593 1199 2714 1256; x_wconf 72' lang='lat' dir='ltr'><strong>qua:</strong></span> <span class='ocrx_word' id='word_1_356' title='bbox 2742 1191 2873 1239; x_wconf 90' lang='lat' dir='ltr'><strong>tunc</strong></span> <span class='ocrx_word' id='word_1_357' title='bbox 2899 1183 3254 1239; x_wconf 88' lang='lat' dir='ltr'><strong>detrahentur</strong></span> <span class='ocrx_word' id='word_1_358' title='bbox 3295 1197 3418 1238; x_wconf 91' lang='lat' dir='ltr'><strong>cum</strong></span> <span class='ocrx_word' id='word_1_359' title='bbox 3445 1181 3551 1237; x_wconf 85' lang='lat' dir='ltr'><strong>erit</strong></span> 
     </span>
    </p>
   </div>
   <div class='ocr_carea' id='block_1_51' title="bbox 1976 1275 2460 1348">
    <p class='ocr_par' dir='ltr' id='par_1_51' title="bbox 1976 1275 2460 1348">
     <span class='ocr_line' id='line_1_51' title="bbox 1976 1275 2460 1348; baseline -0.006 -15"><span class='ocrx_word' id='word_1_360' title='bbox 1976 1275 2216 1348; x_wconf 90' lang='lat' dir='ltr'><strong>perfecta</strong></span> <span class='ocrx_word' id='word_1_361' title='bbox 2239 1277 2460 1332; x_wconf 83' lang='lat' dir='ltr'><strong>sanitas.</strong></span> 
     </span>
    </p>
   </div>
   <div class='ocr_carea' id='block_1_52' title="bbox 1959 1365 3553 1433">
    <p class='ocr_par' dir='ltr' id='par_1_52' title="bbox 1959 1365 3553 1433">
     <span class='ocr_line' id='line_1_52' title="bbox 1959 1365 3553 1433; baseline 0.002 -13"><span class='ocrx_word' id='word_1_362' title='bbox 1959 1422 1972 1430; x_wconf 67' lang='grc'><em>,</em></span> <span class='ocrx_word' id='word_1_363' title='bbox 2048 1365 2211 1422; x_wconf 76' lang='lat' dir='ltr'><strong>Vnns.</strong></span> <span class='ocrx_word' id='word_1_364' title='bbox 2240 1367 2367 1421; x_wconf 71' lang='grc'><strong>4.-</strong></span> <span class='ocrx_word' id='word_1_365' title='bbox 2382 1366 2486 1433; x_wconf 85' lang='lat' dir='ltr'><strong>Qui</strong></span> <span class='ocrx_word' id='word_1_366' title='bbox 2509 1375 2748 1422; x_wconf 85' lang='lat' dir='ltr'><strong>numerat</strong></span> <span class='ocrx_word' id='word_1_367' title='bbox 2770 1366 3159 1422; x_wconf 80' lang='lat' dir='ltr'><strong>multitudinem</strong></span> <span class='ocrx_word' id='word_1_368' title='bbox 3187 1366 3481 1432; x_wconf 88' lang='lat' dir='ltr'><strong>stellarum,</strong></span> <span class='ocrx_word' id='word_1_369' title='bbox 3503 1375 3553 1423; x_wconf 89' lang='lat' dir='ltr'><strong>et</strong></span> 
     </span>
    </p>
   </div>
   <div class='ocr_carea' id='block_1_53' title="bbox 1978 1458 3554 1533">
    <p class='ocr_par' dir='ltr' id='par_1_53' title="bbox 1978 1458 3554 1533">
     <span class='ocr_line' id='line_1_53' title="bbox 1978 1458 3554 1533; baseline 0 -18"><span class='ocrx_word' id='word_1_370' title='bbox 1978 1461 2218 1516; x_wconf 87' lang='lat' dir='ltr'><strong>omnibus</strong></span> <span class='ocrx_word' id='word_1_371' title='bbox 2273 1461 2349 1516; x_wconf 89' lang='lat' dir='ltr'><strong>eis</strong></span> <span class='ocrx_word' id='word_1_372' title='bbox 2402 1462 2614 1515; x_wconf 85' lang='lat' dir='ltr'><strong>nomina</strong></span> <span class='ocrx_word' id='word_1_373' title='bbox 2661 1470 2832 1516; x_wconf 81' lang='lat' dir='ltr'><strong>vocat.</strong></span> <span class='ocrx_word' id='word_1_374' title='bbox 2884 1458 3062 1533; x_wconf 67' lang='grc' dir='ltr'><strong>(ολδ.)</strong></span> <span class='ocrx_word' id='word_1_375' title='bbox 3103 1461 3220 1517; x_wconf 84' lang='lat' dir='ltr'><strong>Non</strong></span> <span class='ocrx_word' id='word_1_376' title='bbox 3274 1460 3449 1516; x_wconf 91' lang='lat' dir='ltr'><strong>aliena</strong></span> <span class='ocrx_word' id='word_1_377' title='bbox 3493 1471 3554 1515; x_wconf 88' lang='lat' dir='ltr'><strong>ut</strong></span> 
     </span>
    </p>
   </div>
   <div class='ocr_carea' id='block_1_54' title="bbox 1977 1549 3548 1622">
    <p class='ocr_par' dir='ltr' id='par_1_54' title="bbox 1977 1549 3548 1622">
     <span class='ocr_line' id='line_1_54' title="bbox 1977 1549 3548 1622; baseline -0.001 -18"><span class='ocrx_word' id='word_1_378' title='bbox 1977 1550 2232 1621; x_wconf 85' lang='lat' dir='ltr'><strong>astrologi</strong></span> <span class='ocrx_word' id='word_1_379' title='bbox 2278 1551 2370 1622; x_wconf 88' lang='lat' dir='ltr'><strong>qui</strong></span> <span class='ocrx_word' id='word_1_380' title='bbox 2424 1550 2610 1607; x_wconf 85' lang='lat' dir='ltr'><strong>Jovem</strong></span> <span class='ocrx_word' id='word_1_381' title='bbox 2662 1558 2717 1606; x_wconf 91' lang='lat' dir='ltr'><strong>et</strong></span> <span class='ocrx_word' id='word_1_382' title='bbox 2763 1551 3026 1607; x_wconf 81' lang='lat' dir='ltr'><strong>Venerem</strong></span> <span class='ocrx_word' id='word_1_383' title='bbox 3066 1551 3369 1608; x_wconf 89' lang='lat' dir='ltr'><strong>nominant.</strong></span> <span class='ocrx_word' id='word_1_384' title='bbox 3427 1549 3548 1615; x_wconf 88' lang='lat' dir='ltr'><strong>Vel,</strong></span> 
     </span>
    </p>
   </div>
   <div class='ocr_carea' id='block_1_55' title="bbox 1976 1639 3550 1712">
    <p class='ocr_par' dir='ltr' id='par_1_55' title="bbox 1976 1639 3550 1712">
     <span class='ocr_line' id='line_1_55' title="bbox 1976 1639 3550 1712; baseline -0.001 -18"><span class='ocrx_word' id='word_1_385' title='bbox 1976 1641 2176 1712; x_wconf 85' lang='lat' dir='ltr'><strong>typice,</strong></span> <span class='ocrx_word' id='word_1_386' title='bbox 2197 1643 2264 1696; x_wconf 84' lang='lat' dir='ltr'><strong>de</strong></span> <span class='ocrx_word' id='word_1_387' title='bbox 2293 1641 2518 1708; x_wconf 90' lang='lat' dir='ltr'><strong>sanctis,</strong></span> <span class='ocrx_word' id='word_1_388' title='bbox 2540 1642 2666 1712; x_wconf 90' lang='lat' dir='ltr'><strong>quia</strong></span> <span class='ocrx_word' id='word_1_389' title='bbox 2691 1641 2888 1712; x_wconf 90' lang='lat' dir='ltr'><strong>cuique</strong></span> <span class='ocrx_word' id='word_1_390' title='bbox 2901 1641 3177 1712; x_wconf 90' lang='lat' dir='ltr'><strong>proprium</strong></span> <span class='ocrx_word' id='word_1_391' title='bbox 3200 1641 3398 1696; x_wconf 90' lang='lat' dir='ltr'><strong>donum</strong></span> <span class='ocrx_word' id='word_1_392' title='bbox 3421 1639 3514 1694; x_wconf 87' lang='lat' dir='ltr'><strong>dat</strong></span> <span class='ocrx_word' id='word_1_393' title='bbox 3537 1656 3550 1702; x_wconf 89' lang='lat'><strong>;</strong></span> 
     </span>
    </p>
   </div>
   <div class='ocr_carea' id='block_1_56' title="bbox 1975 1731 3553 1799">
    <p class='ocr_par' dir='ltr' id='par_1_56' title="bbox 1975 1731 3553 1799">
     <span class='ocr_line' id='line_1_56' title="bbox 1975 1731 3553 1799; baseline 0 -13"><span class='ocrx_word' id='word_1_394' title='bbox 1975 1732 2080 1796; x_wconf 85' lang='lat' dir='ltr'><strong>vel,</strong></span> <span class='ocrx_word' id='word_1_395' title='bbox 2117 1749 2304 1789; x_wconf 91' lang='lat' dir='ltr'><strong>omnes</strong></span> <span class='ocrx_word' id='word_1_396' title='bbox 2339 1742 2463 1788; x_wconf 92' lang='lat' dir='ltr'><strong>sunt</strong></span> <span class='ocrx_word' id='word_1_397' title='bbox 2493 1735 2546 1788; x_wconf 93' lang='lat' dir='ltr'><strong>in</strong></span> <span class='ocrx_word' id='word_1_398' title='bbox 2574 1733 2958 1799; x_wconf 84' lang='lat' dir='ltr'><strong>familiaritate,</strong></span> <span class='ocrx_word' id='word_1_399' title='bbox 2999 1749 3031 1788; x_wconf 87' lang='lat' dir='ltr'><strong>a</strong></span> <span class='ocrx_word' id='word_1_400' title='bbox 3067 1733 3422 1788; x_wconf 90' lang='lat' dir='ltr'><strong>similitudine</strong></span> <span class='ocrx_word' id='word_1_401' title='bbox 3451 1731 3553 1786; x_wconf 88' lang='lat' dir='ltr'><strong>Do-</strong></span> 
     </span>
    </p>
   </div>
   <div class='ocr_carea' id='block_1_57' title="bbox 1981 1822 3306 1894">
    <p class='ocr_par' dir='ltr' id='par_1_57' title="bbox 1981 1822 3306 1894">
     <span class='ocr_line' id='line_1_57' title="bbox 1981 1822 3306 1894; baseline 0 -16"><span class='ocrx_word' id='word_1_402' title='bbox 1981 1823 2140 1887; x_wconf 90' lang='lat' dir='ltr'><strong>mini,</strong></span> <span class='ocrx_word' id='word_1_403' title='bbox 2172 1824 2262 1894; x_wconf 87' lang='lat' dir='ltr'><strong>qui</strong></span> <span class='ocrx_word' id='word_1_404' title='bbox 2294 1822 2616 1880; x_wconf 90' lang='lat' dir='ltr'><strong>famulorum</strong></span> <span class='ocrx_word' id='word_1_405' title='bbox 2649 1839 2867 1878; x_wconf 86' lang='lat' dir='ltr'><strong>suorum</strong></span> <span class='ocrx_word' id='word_1_406' title='bbox 2896 1824 3112 1878; x_wconf 91' lang='lat' dir='ltr'><strong>nomina</strong></span> <span class='ocrx_word' id='word_1_407' title='bbox 3140 1824 3306 1878; x_wconf 89' lang='lat' dir='ltr'><strong>novit.</strong></span> 
     </span>
    </p>
   </div>
   <div class='ocr_carea' id='block_1_58' title="bbox 1899 1899 3556 1984">
    <p class='ocr_par' dir='ltr' id='par_1_58' title="bbox 1899 1899 3556 1984">
     <span class='ocr_line' id='line_1_58' title="bbox 1899 1899 3556 1984; baseline -0.001 -16"><span class='ocrx_word' id='word_1_408' title='bbox 1899 1899 1948 1958; x_wconf 82' lang='grc' dir='ltr'><strong>Β</strong></span> <span class='ocrx_word' id='word_1_409' title='bbox 2045 1913 2211 1968; x_wconf 72' lang='lat' dir='ltr'><strong>Vens.</strong></span> <span class='ocrx_word' id='word_1_410' title='bbox 2232 1913 2284 1968; x_wconf 84' lang='lat'><strong>5.</strong></span> <span class='ocrx_word' id='word_1_411' title='bbox 2301 1945 2372 1955; x_wconf 93' lang='lat'><strong>—</strong></span> <span class='ocrx_word' id='word_1_412' title='bbox 2393 1912 2678 1984; x_wconf 69' lang='lat' dir='ltr'><strong>Sapientia</strong></span> <span class='ocrx_word' id='word_1_413' title='bbox 2702 1914 2840 1982; x_wconf 86' lang='lat' dir='ltr'><strong>ejus,</strong></span> <span class='ocrx_word' id='word_1_414' title='bbox 2863 1921 2970 1968; x_wconf 93' lang='lat' dir='ltr'><strong>etc.</strong></span> <span class='ocrx_word' id='word_1_415' title='bbox 2998 1912 3180 1982; x_wconf 81' lang='lat' dir='ltr'><strong>(Auc.)</strong></span> <span class='ocrx_word' id='word_1_416' title='bbox 3201 1913 3376 1982; x_wconf 87' lang='lat' dir='ltr'><strong>Ipsam</strong></span> <span class='ocrx_word' id='word_1_417' title='bbox 3402 1927 3556 1967; x_wconf 87' lang='lat' dir='ltr'><strong>men-</strong></span> 
     </span>
    </p>
   </div>
   <div class='ocr_carea' id='block_1_59' title="bbox 1974 2002 3556 2074">
    <p class='ocr_par' dir='ltr' id='par_1_59' title="bbox 1974 2002 3556 2074">
     <span class='ocr_line' id='line_1_59' title="bbox 1974 2002 3556 2074; baseline -0.001 -15"><span class='ocrx_word' id='word_1_418' title='bbox 1974 2019 2182 2069; x_wconf 89' lang='lat' dir='ltr'><strong>suram,</strong></span> <span class='ocrx_word' id='word_1_419' title='bbox 2211 2011 2268 2057; x_wconf 89' lang='lat' dir='ltr'><strong>et</strong></span> <span class='ocrx_word' id='word_1_420' title='bbox 2303 2019 2586 2059; x_wconf 90' lang='lat' dir='ltr'><strong>numerum</strong></span> <span class='ocrx_word' id='word_1_421' title='bbox 2615 2011 2670 2059; x_wconf 92' lang='lat' dir='ltr'><strong>et</strong></span> <span class='ocrx_word' id='word_1_422' title='bbox 2705 2004 2936 2074; x_wconf 90' lang='lat' dir='ltr'><strong>pondus,</strong></span> <span class='ocrx_word' id='word_1_423' title='bbox 2969 2011 3100 2069; x_wconf 92' lang='lat' dir='ltr'><strong>etc.,</strong></span> <span class='ocrx_word' id='word_1_424' title='bbox 3145 2020 3307 2074; x_wconf 81' lang='lat' dir='ltr'><strong>usque</strong></span> <span class='ocrx_word' id='word_1_425' title='bbox 3341 2003 3410 2058; x_wconf 84' lang='lat' dir='ltr'><strong>ad</strong></span> <span class='ocrx_word' id='word_1_426' title='bbox 3433 2002 3556 2058; x_wconf 89' lang='lat' dir='ltr'><strong>vide</strong></span> 
     </span>
    </p>
   </div>
   <div class='ocr_carea' id='block_1_60' title="bbox 1949 2094 3126 2166">
    <p class='ocr_par' dir='ltr' id='par_1_60' title="bbox 1949 2094 3126 2166">
     <span class='ocr_line' id='line_1_60' title="bbox 1949 2094 3126 2166; baseline 0.002 -18"><span class='ocrx_word' id='word_1_427' title='bbox 1949 2095 2103 2165; x_wconf 61' lang='lat' dir='ltr'><strong>~quid</strong></span> <span class='ocrx_word' id='word_1_428' title='bbox 2125 2095 2388 2166; x_wconf 90' lang='lat' dir='ltr'><strong>sequitur,</strong></span> <span class='ocrx_word' id='word_1_429' title='bbox 2419 2094 2704 2149; x_wconf 83' lang='lat' dir='ltr'><strong>humilians</strong></span> <span class='ocrx_word' id='word_1_430' title='bbox 2732 2104 2906 2150; x_wconf 88' lang='lat' dir='ltr'><strong>autem</strong></span> <span class='ocrx_word' id='word_1_431' title='bbox 2931 2103 3126 2166; x_wconf 81' lang='lat' dir='ltr'><strong>peccat.</strong></span> 
     </span>
    </p>
   </div>
   <div class='ocr_carea' id='block_1_61' title="bbox 2045 2183 3545 2257">
    <p class='ocr_par' dir='ltr' id='par_1_61' title="bbox 2045 2183 3545 2257">
     <span class='ocr_line' id='line_1_61' title="bbox 2045 2183 3545 2257; baseline -0.001 -17"><span class='ocrx_word' id='word_1_432' title='bbox 2045 2185 2208 2241; x_wconf 68' lang='lat' dir='ltr'><strong>Vens.</strong></span> <span class='ocrx_word' id='word_1_433' title='bbox 2240 2185 2292 2240; x_wconf 88' lang='grc'><strong>6.</strong></span> <span class='ocrx_word' id='word_1_434' title='bbox 2320 2216 2390 2226; x_wconf 93' lang='grc'><strong><em>-</em></strong></span> <span class='ocrx_word' id='word_1_435' title='bbox 2413 2185 2714 2240; x_wconf 85' lang='lat' dir='ltr'><strong>Humilians</strong></span> <span class='ocrx_word' id='word_1_436' title='bbox 2752 2195 2925 2240; x_wconf 86' lang='lat' dir='ltr'><strong>autem</strong></span> <span class='ocrx_word' id='word_1_437' title='bbox 2970 2194 3283 2257; x_wconf 86' lang='lat' dir='ltr'><strong>peccatores.</strong></span> <span class='ocrx_word' id='word_1_438' title='bbox 3335 2183 3545 2256; x_wconf 80' lang='lat' dir='ltr'><strong>(Auc.)</strong></span> 
     </span>
    </p>
   </div>
   <div class='ocr_carea' id='block_1_62' title="bbox 1974 2272 3553 2347">
    <p class='ocr_par' dir='ltr' id='par_1_62' title="bbox 1974 2272 3553 2347">
     <span class='ocr_line' id='line_1_62' title="bbox 1974 2272 3553 2347; baseline -0.001 -17"><span class='ocrx_word' id='word_1_439' title='bbox 1974 2274 2076 2343; x_wconf 86' lang='lat' dir='ltr'><strong>Qui</strong></span> <span class='ocrx_word' id='word_1_440' title='bbox 2105 2277 2251 2331; x_wconf 91' lang='lat' dir='ltr'><strong>enim</strong></span> <span class='ocrx_word' id='word_1_441' title='bbox 2291 2275 2694 2346; x_wconf 87' lang='lat' dir='ltr'><strong>reprehendunt</strong></span> <span class='ocrx_word' id='word_1_442' title='bbox 2727 2274 3117 2347; x_wconf 87' lang='lat' dir='ltr'><strong>intclligibilia,</strong></span> <span class='ocrx_word' id='word_1_443' title='bbox 3155 2274 3276 2329; x_wconf 92' lang='lat' dir='ltr'><strong>ideo</strong></span> <span class='ocrx_word' id='word_1_444' title='bbox 3312 2272 3553 2330; x_wconf 85' lang='lat' dir='ltr'><strong>sentiunt</strong></span> 
     </span>
    </p>
   </div>
   <div class='ocr_carea' id='block_1_63' title="bbox 1975 2367 3552 2440">
    <p class='ocr_par' dir='ltr' id='par_1_63' title="bbox 1975 2367 3552 2440">
     <span class='ocr_line' id='line_1_63' title="bbox 1975 2367 3552 2440; baseline -0.003 -14"><span class='ocrx_word' id='word_1_445' title='bbox 1975 2379 2217 2428; x_wconf 89' lang='lat' dir='ltr'><strong>terrena.</strong></span> <span class='ocrx_word' id='word_1_446' title='bbox 2248 2370 2314 2425; x_wconf 91' lang='lat' dir='ltr'><strong>de</strong></span> <span class='ocrx_word' id='word_1_447' title='bbox 2355 2370 2466 2425; x_wconf 91' lang='lat' dir='ltr'><strong>Deo</strong></span> <span class='ocrx_word' id='word_1_448' title='bbox 2499 2369 2818 2440; x_wconf 89' lang='lat' dir='ltr'><strong>incorporeo</strong></span> <span class='ocrx_word' id='word_1_449' title='bbox 2856 2367 3210 2440; x_wconf 89' lang='lat' dir='ltr'><strong>corporaliter</strong></span> <span class='ocrx_word' id='word_1_450' title='bbox 3234 2367 3552 2438; x_wconf 72' lang='lat' dir='ltr'><strong>cogitantes.</strong></span> 
     </span>
    </p>
   </div>
   <div class='ocr_carea' id='block_1_64' title="bbox 1974 2459 3554 2533">
    <p class='ocr_par' dir='ltr' id='par_1_64' title="bbox 1974 2459 3554 2533">
     <span class='ocr_line' id='line_1_64' title="bbox 1974 2459 3554 2533; baseline -0.003 -16"><span class='ocrx_word' id='word_1_451' title='bbox 1974 2461 2101 2518; x_wconf 82' lang='lat' dir='ltr'><strong>Haec</strong></span> <span class='ocrx_word' id='word_1_452' title='bbox 2131 2461 2262 2517; x_wconf 85' lang='lat' dir='ltr'><strong>facit</strong></span> <span class='ocrx_word' id='word_1_453' title='bbox 2297 2461 2382 2517; x_wconf 90' lang='lat' dir='ltr'><strong>his</strong></span> <span class='ocrx_word' id='word_1_454' title='bbox 2417 2463 2509 2533; x_wconf 89' lang='lat' dir='ltr'><strong>qui</strong></span> <span class='ocrx_word' id='word_1_455' title='bbox 2550 2461 2738 2517; x_wconf 87' lang='lat' dir='ltr'><strong>volunt</strong></span> <span class='ocrx_word' id='word_1_456' title='bbox 2775 2459 3002 2516; x_wconf 91' lang='lat' dir='ltr'><strong>irridere</strong></span> <span class='ocrx_word' id='word_1_457' title='bbox 3050 2459 3224 2530; x_wconf 85' lang='lat' dir='ltr'><strong>legem</strong></span> <span class='ocrx_word' id='word_1_458' title='bbox 3264 2467 3554 2528; x_wconf 91' lang='lat' dir='ltr'><strong>antequam</strong></span> 
     </span>
    </p>
   </div>
   <div class='ocr_carea' id='block_1_65' title="bbox 1976 2550 3557 2624">
    <p class='ocr_par' dir='ltr' id='par_1_65' title="bbox 1976 2550 3557 2624">
     <span class='ocr_line' id='line_1_65' title="bbox 1976 2550 3557 2624; baseline -0.001 -17"><span class='ocrx_word' id='word_1_459' title='bbox 1976 2561 2223 2608; x_wconf 90' lang='lat' dir='ltr'><strong>noscant.</strong></span> <span class='ocrx_word' id='word_1_460' title='bbox 2263 2550 2398 2619; x_wconf 90' lang='lat' dir='ltr'><strong>Quia</strong></span> <span class='ocrx_word' id='word_1_461' title='bbox 2425 2567 2556 2624; x_wconf 87' lang='lat' dir='ltr'><strong>ergo</strong></span> <span class='ocrx_word' id='word_1_462' title='bbox 2584 2567 2837 2623; x_wconf 91' lang='lat' dir='ltr'><strong>magnum</strong></span> <span class='ocrx_word' id='word_1_463' title='bbox 2864 2560 2946 2607; x_wconf 88' lang='lat' dir='ltr'><strong>est</strong></span> <span class='ocrx_word' id='word_1_464' title='bbox 2969 2550 3236 2621; x_wconf 82' lang='lat' dir='ltr'><strong>proficere</strong></span> <span class='ocrx_word' id='word_1_465' title='bbox 3267 2551 3333 2606; x_wconf 89' lang='lat' dir='ltr'><strong>ad</strong></span> <span class='ocrx_word' id='word_1_466' title='bbox 3367 2550 3557 2605; x_wconf 88' lang='lat' dir='ltr'><strong>intelli-</strong></span> 
     </span>
    </p>
   </div>
   <div class='ocr_carea' id='block_1_66' title="bbox 1975 2639 3558 2713">
    <p class='ocr_par' dir='ltr' id='par_1_66' title="bbox 1975 2639 3558 2713">
     <span class='ocr_line' id='line_1_66' title="bbox 1975 2639 3558 2713; baseline -0.002 -16"><span class='ocrx_word' id='word_1_467' title='bbox 1975 2643 2156 2713; x_wconf 87' lang='lat' dir='ltr'><strong>gibilia</strong></span> <span class='ocrx_word' id='word_1_468' title='bbox 2179 2651 2234 2698; x_wconf 91' lang='lat' dir='ltr'><strong>et</strong></span> <span class='ocrx_word' id='word_1_469' title='bbox 2279 2642 2610 2713; x_wconf 88' lang='lat' dir='ltr'><strong>spiritualia,</strong></span> <span class='ocrx_word' id='word_1_470' title='bbox 2653 2642 2822 2698; x_wconf 90' lang='lat' dir='ltr'><strong>simus</strong></span> <span class='ocrx_word' id='word_1_471' title='bbox 2847 2641 3148 2708; x_wconf 89' lang='lat' dir='ltr'><strong>mansueti,</strong></span> <span class='ocrx_word' id='word_1_472' title='bbox 3189 2639 3464 2711; x_wconf 89' lang='lat' dir='ltr'><strong>pulsemus</strong></span> <span class='ocrx_word' id='word_1_473' title='bbox 3502 2647 3558 2694; x_wconf 93' lang='lat' dir='ltr'><strong>et</strong></span> 
     </span>
    </p>
   </div>
   <div class='ocr_carea' id='block_1_67' title="bbox 1975 2736 2700 2807">
    <p class='ocr_par' dir='ltr' id='par_1_67' title="bbox 1975 2736 2700 2807">
     <span class='ocr_line' id='line_1_67' title="bbox 1975 2736 2700 2807; baseline 0 -17"><span class='ocrx_word' id='word_1_474' title='bbox 1975 2736 2238 2793; x_wconf 79' lang='lat' dir='ltr'><strong>faciamus</strong></span> <span class='ocrx_word' id='word_1_475' title='bbox 2263 2737 2408 2807; x_wconf 92' lang='lat' dir='ltr'><strong>quod</strong></span> <span class='ocrx_word' id='word_1_476' title='bbox 2436 2736 2700 2806; x_wconf 90' lang='lat' dir='ltr'><strong>sequitur.</strong></span> 
     </span>
    </p>
   </div>
   <div class='ocr_carea' id='block_1_68' title="bbox 2051 2822 3558 2897">
    <p class='ocr_par' dir='ltr' id='par_1_68' title="bbox 2051 2822 3558 2897">
     <span class='ocr_line' id='line_1_68' title="bbox 2051 2822 3558 2897; baseline -0.003 -14"><span class='ocrx_word' id='word_1_477' title='bbox 2051 2828 2212 2883; x_wconf 76' lang='lat' dir='ltr'><strong>Vens.</strong></span> <span class='ocrx_word' id='word_1_478' title='bbox 2254 2828 2307 2882; x_wconf 91' lang='lat'><strong>7.</strong></span> <span class='ocrx_word' id='word_1_479' title='bbox 2334 2858 2406 2868; x_wconf 95' lang='lat'><strong>—</strong></span> <span class='ocrx_word' id='word_1_480' title='bbox 2427 2825 2729 2882; x_wconf 65' lang='lat' dir='ltr'><strong>Pra’cim&#39;te.</strong></span> <span class='ocrx_word' id='word_1_481' title='bbox 2774 2825 2865 2882; x_wconf 90' lang='lat' dir='ltr'><strong>Sic</strong></span> <span class='ocrx_word' id='word_1_482' title='bbox 2895 2825 3240 2897; x_wconf 86' lang='lat' dir='ltr'><strong>pervenietur</strong></span> <span class='ocrx_word' id='word_1_483' title='bbox 3265 2824 3332 2880; x_wconf 91' lang='lat' dir='ltr'><strong>ad</strong></span> <span class='ocrx_word' id='word_1_484' title='bbox 3359 2822 3558 2880; x_wconf 87' lang='lat' dir='ltr'><strong>intelli-</strong></span> 
     </span>
    </p>
   </div>
   <div class='ocr_carea' id='block_1_69' title="bbox 1974 2913 3552 2990">
    <p class='ocr_par' dir='ltr' id='par_1_69' title="bbox 1974 2913 3552 2990">
     <span class='ocr_line' id='line_1_69' title="bbox 1974 2913 3552 2990; baseline -0.004 -16"><span class='ocrx_word' id='word_1_485' title='bbox 1974 2918 2248 2990; x_wconf 83' lang='lat' dir='ltr'><strong>gentiam,</strong></span> <span class='ocrx_word' id='word_1_486' title='bbox 2299 2918 2380 2973; x_wconf 88' lang='lat' dir='ltr'><strong>sic</strong></span> <span class='ocrx_word' id='word_1_487' title='bbox 2430 2919 2608 2989; x_wconf 89' lang='lat' dir='ltr'><strong>imago</strong></span> <span class='ocrx_word' id='word_1_488' title='bbox 2649 2919 2760 2973; x_wconf 90' lang='lat' dir='ltr'><strong>Deo</strong></span> <span class='ocrx_word' id='word_1_489' title='bbox 2805 2917 3205 2973; x_wconf 89' lang='lat' dir='ltr'><strong>reformabitur.</strong></span> <span class='ocrx_word' id='word_1_490' title='bbox 3252 2913 3552 2972; x_wconf 62' lang='lat' dir='ltr'><strong>Praecinite.</strong></span> 
     </span>
    </p>
   </div>
   <div class='ocr_carea' id='block_1_70' title="bbox 1975 3007 3557 3081">
    <p class='ocr_par' dir='ltr' id='par_1_70' title="bbox 1975 3007 3557 3081">
     <span class='ocr_line' id='line_1_70' title="bbox 1975 3007 3557 3081; baseline -0.003 -17"><span class='ocrx_word' id='word_1_491' title='bbox 1975 3009 2148 3081; x_wconf 65' lang='grc' dir='ltr'><strong>(ὼε.)</strong></span> <span class='ocrx_word' id='word_1_492' title='bbox 2189 3009 2439 3065; x_wconf 91' lang='lat' dir='ltr'><strong>Secundo</strong></span> <span class='ocrx_word' id='word_1_493' title='bbox 2457 3050 2472 3074; x_wconf 96' lang='lat'><strong>,</strong></span> <span class='ocrx_word' id='word_1_494' title='bbox 2513 3024 2580 3064; x_wconf 81' lang='lat' dir='ltr'><strong>ex</strong></span> <span class='ocrx_word' id='word_1_495' title='bbox 2603 3010 2878 3079; x_wconf 81' lang='lat' dir='ltr'><strong>praedictis</strong></span> <span class='ocrx_word' id='word_1_496' title='bbox 2905 3009 3058 3080; x_wconf 89' lang='lat' dir='ltr'><strong>quasi</strong></span> <span class='ocrx_word' id='word_1_497' title='bbox 3083 3009 3260 3063; x_wconf 89' lang='lat' dir='ltr'><strong>adhuc</strong></span> <span class='ocrx_word' id='word_1_498' title='bbox 3287 3007 3557 3062; x_wconf 67' lang='lat' dir='ltr'><strong>haerentes</strong></span> 
     </span>
    </p>
   </div>
   <div class='ocr_carea' id='block_1_71' title="bbox 1974 3097 3556 3170">
    <p class='ocr_par' dir='ltr' id='par_1_71' title="bbox 1974 3097 3556 3170">
     <span class='ocr_line' id='line_1_71' title="bbox 1974 3097 3556 3170; baseline -0.001 -17"><span class='ocrx_word' id='word_1_499' title='bbox 1974 3099 2222 3169; x_wconf 90' lang='lat' dir='ltr'><strong>increpat</strong></span> <span class='ocrx_word' id='word_1_500' title='bbox 2247 3107 2303 3153; x_wconf 91' lang='lat' dir='ltr'><strong>et</strong></span> <span class='ocrx_word' id='word_1_501' title='bbox 2337 3099 2585 3170; x_wconf 90' lang='lat' dir='ltr'><strong>impellit,</strong></span> <span class='ocrx_word' id='word_1_502' title='bbox 2613 3100 2906 3155; x_wconf 87' lang='lat' dir='ltr'><strong>ostendens</strong></span> <span class='ocrx_word' id='word_1_503' title='bbox 2941 3101 3082 3155; x_wconf 92' lang='lat' dir='ltr'><strong>unde</strong></span> <span class='ocrx_word' id='word_1_504' title='bbox 3115 3100 3323 3170; x_wconf 90' lang='lat' dir='ltr'><strong>possint</strong></span> <span class='ocrx_word' id='word_1_505' title='bbox 3357 3097 3556 3154; x_wconf 85' lang='lat' dir='ltr'><strong>intelli-</strong></span> 
     </span>
    </p>
   </div>
   <div class='ocr_carea' id='block_1_72' title="bbox 1975 3191 3555 3263">
    <p class='ocr_par' dir='ltr' id='par_1_72' title="bbox 1975 3191 3555 3263">
     <span class='ocr_line' id='line_1_72' title="bbox 1975 3191 3555 3263; baseline 0.001 -17"><span class='ocrx_word' id='word_1_506' title='bbox 1975 3207 2124 3263; x_wconf 89' lang='lat' dir='ltr'><strong>gere,</strong></span> <span class='ocrx_word' id='word_1_507' title='bbox 2161 3191 2207 3246; x_wconf 92' lang='lat' dir='ltr'><strong>si</strong></span> <span class='ocrx_word' id='word_1_508' title='bbox 2237 3191 2468 3247; x_wconf 87' lang='lat' dir='ltr'><strong>humiles</strong></span> <span class='ocrx_word' id='word_1_509' title='bbox 2493 3199 2548 3247; x_wconf 90' lang='lat' dir='ltr'><strong>et</strong></span> <span class='ocrx_word' id='word_1_510' title='bbox 2573 3207 2680 3247; x_wconf 88' lang='lat' dir='ltr'><strong>non</strong></span> <span class='ocrx_word' id='word_1_511' title='bbox 2707 3194 2945 3263; x_wconf 89' lang='lat' dir='ltr'><strong>superbi.</strong></span> <span class='ocrx_word' id='word_1_512' title='bbox 2985 3192 3148 3260; x_wconf 89' lang='lat' dir='ltr'><strong>Quasi</strong></span> <span class='ocrx_word' id='word_1_513' title='bbox 3175 3212 3187 3246; x_wconf 91' lang='lat'><strong>:</strong></span> <span class='ocrx_word' id='word_1_514' title='bbox 3217 3193 3285 3248; x_wconf 88' lang='lat' dir='ltr'><strong>Et</strong></span> <span class='ocrx_word' id='word_1_515' title='bbox 3310 3202 3370 3248; x_wconf 94' lang='lat' dir='ltr'><strong>ut</strong></span> <span class='ocrx_word' id='word_1_516' title='bbox 3394 3193 3555 3249; x_wconf 88' lang='lat' dir='ltr'><strong>intel-</strong></span> 
     </span>
    </p>
   </div>
   <div class='ocr_carea' id='block_1_73' title="bbox 1976 3274 2878 3363">
    <p class='ocr_par' dir='ltr' id='par_1_73' title="bbox 1976 3274 2878 3363">
     <span class='ocr_line' id='line_1_73' title="bbox 1976 3274 2878 3363; baseline 0 -25"><span class='ocrx_word' id='word_1_517' title='bbox 1976 3283 2145 3357; x_wconf 90' lang='lat' dir='ltr'><strong>ligere</strong></span> <span class='ocrx_word' id='word_1_518' title='bbox 2168 3283 2419 3349; x_wconf 91' lang='lat' dir='ltr'><strong>valeatis,</strong></span> <span class='ocrx_word' id='word_1_519' title='bbox 2458 3274 2744 3363; x_wconf 74' lang='lat' dir='ltr'><strong>prwcinite,</strong></span> <span class='ocrx_word' id='word_1_520' title='bbox 2772 3293 2878 3340; x_wconf 91' lang='lat' dir='ltr'><strong>etc.</strong></span> 
     </span>
    </p>
   </div>
   <div class='ocr_carea' id='block_1_74' title="bbox 2041 3397 3556 3472">
    <p class='ocr_par' dir='ltr' id='par_1_74' title="bbox 2041 3397 3556 3472">
     <span class='ocr_line' id='line_1_74' title="bbox 2041 3397 3556 3472; baseline 0.001 -18"><span class='ocrx_word' id='word_1_521' title='bbox 2041 3397 2206 3454; x_wconf 71' lang='lat' dir='ltr'><strong>Vnus.</strong></span> <span class='ocrx_word' id='word_1_522' title='bbox 2242 3397 2296 3453; x_wconf 90' lang='lat'><strong>8.</strong></span> <span class='ocrx_word' id='word_1_523' title='bbox 2335 3429 2405 3438; x_wconf 95' lang='lat'><strong>—</strong></span> <span class='ocrx_word' id='word_1_524' title='bbox 2438 3398 2542 3466; x_wconf 85' lang='lat' dir='ltr'><strong>Qui</strong></span> <span class='ocrx_word' id='word_1_525' title='bbox 2589 3399 2748 3469; x_wconf 88' lang='lat' dir='ltr'><strong>operit</strong></span> <span class='ocrx_word' id='word_1_526' title='bbox 2793 3398 2995 3454; x_wconf 76' lang='lat' dir='ltr'><strong>caelum.</strong></span> <span class='ocrx_word' id='word_1_527' title='bbox 3066 3398 3236 3472; x_wconf 65' lang='grc' dir='ltr'><strong>(αλδ.)</strong></span> <span class='ocrx_word' id='word_1_528' title='bbox 3297 3399 3556 3456; x_wconf 87' lang='lat' dir='ltr'><strong>Memorat</strong></span> 
     </span>
    </p>
   </div>
   <div class='ocr_carea' id='block_1_75' title="bbox 1971 3488 3557 3560">
    <p class='ocr_par' dir='ltr' id='par_1_75' title="bbox 1971 3488 3557 3560">
     <span class='ocr_line' id='line_1_75' title="bbox 1971 3488 3557 3560; baseline 0.002 -18"><span class='ocrx_word' id='word_1_529' title='bbox 1971 3501 2134 3559; x_wconf 89' lang='lat' dir='ltr'><strong>opera</strong></span> <span class='ocrx_word' id='word_1_530' title='bbox 2155 3501 2256 3559; x_wconf 90' lang='lat' dir='ltr'><strong>per</strong></span> <span class='ocrx_word' id='word_1_531' title='bbox 2272 3503 2394 3558; x_wconf 59' lang='lat' dir='ltr'><strong>quae</strong></span> <span class='ocrx_word' id='word_1_532' title='bbox 2413 3496 2656 3559; x_wconf 87' lang='lat' dir='ltr'><strong>potestas</strong></span> <span class='ocrx_word' id='word_1_533' title='bbox 2675 3489 2995 3545; x_wconf 90' lang='lat' dir='ltr'><strong>ostenditur.</strong></span> <span class='ocrx_word' id='word_1_534' title='bbox 3011 3488 3092 3543; x_wconf 82' lang='lat' dir='ltr'><strong>Ad</strong></span> <span class='ocrx_word' id='word_1_535' title='bbox 3115 3488 3219 3545; x_wconf 89' lang='lat' dir='ltr'><strong>hoc</strong></span> <span class='ocrx_word' id='word_1_536' title='bbox 3243 3489 3386 3545; x_wconf 93' lang='lat' dir='ltr'><strong>enim</strong></span> <span class='ocrx_word' id='word_1_537' title='bbox 3411 3506 3557 3560; x_wconf 75' lang='lat' dir='ltr'><strong>qua:-</strong></span> 
     </span>
    </p>
   </div>
   <div class='ocr_carea' id='block_1_76' title="bbox 1972 3576 3557 3647">
    <p class='ocr_par' dir='ltr' id='par_1_76' title="bbox 1972 3576 3557 3647">
     <span class='ocr_line' id='line_1_76' title="bbox 1972 3576 3557 3647; baseline 0.002 -16"><span class='ocrx_word' id='word_1_538' title='bbox 1972 3577 2095 3631; x_wconf 90' lang='lat' dir='ltr'><strong>dam</strong></span> <span class='ocrx_word' id='word_1_539' title='bbox 2125 3577 2355 3633; x_wconf 90' lang='lat' dir='ltr'><strong>obscura</strong></span> <span class='ocrx_word' id='word_1_540' title='bbox 2390 3578 2456 3647; x_wconf 59' lang='lat' dir='ltr'><strong>inf</strong></span> <span class='ocrx_word' id='word_1_541' title='bbox 2478 3576 2773 3647; x_wconf 90' lang='lat' dir='ltr'><strong>Scripturis</strong></span> <span class='ocrx_word' id='word_1_542' title='bbox 2811 3577 2980 3633; x_wconf 90' lang='lat' dir='ltr'><strong>voluit</strong></span> <span class='ocrx_word' id='word_1_543' title='bbox 3018 3593 3155 3642; x_wconf 88' lang='lat' dir='ltr'><strong>esse,</strong></span> <span class='ocrx_word' id='word_1_544' title='bbox 3195 3587 3256 3634; x_wconf 89' lang='lat' dir='ltr'><strong>ut</strong></span> <span class='ocrx_word' id='word_1_545' title='bbox 3294 3579 3557 3635; x_wconf 90' lang='lat' dir='ltr'><strong>haberent</strong></span> 
     </span>
    </p>
   </div>
   <div class='ocr_carea' id='block_1_77' title="bbox 1972 3669 3556 3742">
    <p class='ocr_par' dir='ltr' id='par_1_77' title="bbox 1972 3669 3556 3742">
     <span class='ocr_line' id='line_1_77' title="bbox 1972 3669 3556 3742; baseline 0.002 -18"><span class='ocrx_word' id='word_1_546' title='bbox 1972 3669 2115 3725; x_wconf 86' lang='lat' dir='ltr'><strong>servi</strong></span> <span class='ocrx_word' id='word_1_547' title='bbox 2144 3669 2240 3725; x_wconf 89' lang='lat' dir='ltr'><strong>Dei</strong></span> <span class='ocrx_word' id='word_1_548' title='bbox 2265 3670 2395 3740; x_wconf 89' lang='lat' dir='ltr'><strong>quid</strong></span> <span class='ocrx_word' id='word_1_549' title='bbox 2427 3671 2835 3742; x_wconf 91' lang='lat' dir='ltr'><strong>interpretando</strong></span> <span class='ocrx_word' id='word_1_550' title='bbox 2866 3669 3152 3726; x_wconf 85' lang='lat' dir='ltr'><strong>influerent</strong></span> <span class='ocrx_word' id='word_1_551' title='bbox 3191 3685 3354 3742; x_wconf 89' lang='lat' dir='ltr'><strong>super</strong></span> <span class='ocrx_word' id='word_1_552' title='bbox 3395 3686 3556 3727; x_wconf 91' lang='lat' dir='ltr'><strong>aures</strong></span> 
     </span>
    </p>
   </div>
   <div class='ocr_carea' id='block_1_78' title="bbox 1971 3760 3559 3832">
    <p class='ocr_par' dir='ltr' id='par_1_78' title="bbox 1971 3760 3559 3832">
     <span class='ocr_line' id='line_1_78' title="bbox 1971 3760 3559 3832; baseline 0.002 -17"><span class='ocrx_word' id='word_1_553' title='bbox 1971 3770 2026 3815; x_wconf 93' lang='lat' dir='ltr'><strong>et</strong></span> <span class='ocrx_word' id='word_1_554' title='bbox 2057 3762 2222 3816; x_wconf 90' lang='lat' dir='ltr'><strong>corda</strong></span> <span class='ocrx_word' id='word_1_555' title='bbox 2247 3761 2551 3827; x_wconf 89' lang='lat' dir='ltr'><strong>hominum,</strong></span> <span class='ocrx_word' id='word_1_556' title='bbox 2583 3760 2968 3832; x_wconf 79' lang='lat' dir='ltr'><strong>excipientium</strong></span> <span class='ocrx_word' id='word_1_557' title='bbox 2993 3760 3061 3816; x_wconf 91' lang='lat' dir='ltr'><strong>de</strong></span> <span class='ocrx_word' id='word_1_558' title='bbox 3088 3761 3320 3816; x_wconf 89' lang='lat' dir='ltr'><strong>nubibus</strong></span> <span class='ocrx_word' id='word_1_559' title='bbox 3343 3760 3438 3817; x_wconf 92' lang='lat' dir='ltr'><strong>Dei</strong></span> <span class='ocrx_word' id='word_1_560' title='bbox 3472 3778 3559 3818; x_wconf 86' lang='lat' dir='ltr'><strong>sa-</strong></span> 
     </span>
    </p>
   </div>
   <div class='ocr_carea' id='block_1_79' title="bbox 1973 3852 2732 3924">
    <p class='ocr_par' dir='ltr' id='par_1_79' title="bbox 1973 3852 2732 3924">
     <span class='ocr_line' id='line_1_79' title="bbox 1973 3852 2732 3924; baseline 0 -18"><span class='ocrx_word' id='word_1_561' title='bbox 1973 3852 2156 3923; x_wconf 89' lang='lat' dir='ltr'><strong>ginem</strong></span> <span class='ocrx_word' id='word_1_562' title='bbox 2185 3852 2384 3908; x_wconf 64' lang='lat' dir='ltr'><strong>laetitiae</strong></span> <span class='ocrx_word' id='word_1_563' title='bbox 2415 3852 2732 3924; x_wconf 88' lang='lat' dir='ltr'><strong>spiritualis.</strong></span> 
     </span>
    </p>
   </div>
   <div class='ocr_carea' id='block_1_80' title="bbox 2047 3935 3560 4036">
    <p class='ocr_par' dir='ltr' id='par_1_80' title="bbox 2047 3935 3560 4036">
     <span class='ocr_line' id='line_1_80' title="bbox 2047 3935 3560 4036; baseline 0.001 -16"><span class='ocrx_word' id='word_1_564' title='bbox 2047 3966 2300 4020; x_wconf 81' lang='lat' dir='ltr'><strong>Servituti</strong></span> <span class='ocrx_word' id='word_1_565' title='bbox 2323 3967 2612 4020; x_wconf 85' lang='lat' dir='ltr'><strong>hominum.</strong></span> <span class='ocrx_word' id='word_1_566' title='bbox 2636 3954 3106 4031; x_wconf 40' lang='lat' dir='ltr'><strong>Praedicato&#39;ribus,</strong></span> <span class='ocrx_word' id='word_1_567' title='bbox 3134 3965 3228 4036; x_wconf 93' lang='lat' dir='ltr'><strong>qui</strong></span> <span class='ocrx_word' id='word_1_568' title='bbox 3251 3935 3560 4022; x_wconf 88' lang='lat' dir='ltr'><strong>hominibus</strong></span> 
     </span>
    </p>
   </div>
   <div class='ocr_carea' id='block_1_81' title="bbox 1971 4053 3558 4126">
    <p class='ocr_par' dir='ltr' id='par_1_81' title="bbox 1971 4053 3558 4126">
     <span class='ocr_line' id='line_1_81' title="bbox 1971 4053 3558 4126; baseline -0.001 -14"><span class='ocrx_word' id='word_1_569' title='bbox 1971 4057 2236 4112; x_wconf 83' lang='lat' dir='ltr'><strong>serviunt.</strong></span> <span class='ocrx_word' id='word_1_570' title='bbox 2289 4055 2444 4112; x_wconf 90' lang='lat' dir='ltr'><strong>Unde</strong></span> <span class='ocrx_word' id='word_1_571' title='bbox 2489 4055 2780 4126; x_wconf 89' lang='lat' dir='ltr'><strong>Apostolus</strong></span> <span class='ocrx_word' id='word_1_572' title='bbox 2825 4055 2904 4110; x_wconf 90' lang='lat' dir='ltr'><strong>ait</strong></span> <span class='ocrx_word' id='word_1_573' title='bbox 2947 4075 2958 4109; x_wconf 93' lang='lat'>:</span> <span class='ocrx_word' id='word_1_574' title='bbox 3011 4053 3124 4110; x_wconf 85' lang='lat' dir='ltr'><strong>Nos</strong></span> <span class='ocrx_word' id='word_1_575' title='bbox 3168 4065 3341 4110; x_wconf 89' lang='lat' dir='ltr'><strong>autem</strong></span> <span class='ocrx_word' id='word_1_576' title='bbox 3387 4073 3558 4111; x_wconf 86' lang='lat' dir='ltr'><strong>servos</strong></span> 
     </span>
    </p>
   </div>
   <div class='ocr_carea' id='block_1_82' title="bbox 1971 4148 3562 4223">
    <p class='ocr_par' dir='ltr' id='par_1_82' title="bbox 1971 4148 3562 4223">
     <span class='ocr_line' id='line_1_82' title="bbox 1971 4148 3562 4223; baseline -0.002 -16"><span class='ocrx_word' id='word_1_577' title='bbox 1971 4161 2166 4208; x_wconf 72' lang='lat' dir='ltr'><strong>vestros</strong></span> <span class='ocrx_word' id='word_1_578' title='bbox 2191 4167 2284 4223; x_wconf 90' lang='lat' dir='ltr'><strong>per</strong></span> <span class='ocrx_word' id='word_1_579' title='bbox 2309 4149 2494 4206; x_wconf 78' lang='lat' dir='ltr'><strong>Iesum</strong></span> <span class='ocrx_word' id='word_1_580' title='bbox 2526 4150 2786 4206; x_wconf 85' lang='lat' dir='ltr'><strong>Christum</strong></span> <span class='ocrx_word' id='word_1_581' title='bbox 2814 4149 2901 4221; x_wconf 90' lang='grc'><strong>(11</strong></span> <span class='ocrx_word' id='word_1_582' title='bbox 2929 4148 3050 4204; x_wconf 88' lang='lat' dir='ltr'><strong>Cor.</strong></span> <span class='ocrx_word' id='word_1_583' title='bbox 3071 4149 3166 4221; x_wconf 76' lang='grc' dir='ltr'><strong>ιν).</strong></span> <span class='ocrx_word' id='word_1_584' title='bbox 3205 4149 3269 4204; x_wconf 84' lang='lat' dir='ltr'><strong>Hi</strong></span> <span class='ocrx_word' id='word_1_585' title='bbox 3295 4150 3562 4204; x_wconf 87' lang='lat' dir='ltr'><strong>seminant</strong></span> 
     </span>
    </p>
   </div>
   <div class='ocr_carea' id='block_1_83' title="bbox 1971 4241 3552 4318">
    <p class='ocr_par' dir='ltr' id='par_1_83' title="bbox 1971 4241 3552 4318">
     <span class='ocr_line' id='line_1_83' title="bbox 1971 4241 3552 4318; baseline -0.004 -15"><span class='ocrx_word' id='word_1_586' title='bbox 1971 4247 2274 4318; x_wconf 88' lang='lat' dir='ltr'><strong>spiritualia</strong></span> <span class='ocrx_word' id='word_1_587' title='bbox 2302 4255 2356 4302; x_wconf 93' lang='lat' dir='ltr'><strong>et</strong></span> <span class='ocrx_word' id='word_1_588' title='bbox 2386 4246 2654 4316; x_wconf 89' lang='lat' dir='ltr'><strong>recipiunt</strong></span> <span class='ocrx_word' id='word_1_589' title='bbox 2701 4245 2769 4299; x_wconf 90' lang='lat' dir='ltr'><strong>ab</strong></span> <span class='ocrx_word' id='word_1_590' title='bbox 2794 4243 3011 4298; x_wconf 78' lang='lat' dir='ltr'><strong>excelsis</strong></span> <span class='ocrx_word' id='word_1_591' title='bbox 3059 4241 3239 4296; x_wconf 74' lang='lat' dir='ltr'><strong>steculi</strong></span> <span class='ocrx_word' id='word_1_592' title='bbox 3275 4241 3453 4312; x_wconf 77' lang='lat' dir='ltr'><strong>fenum</strong></span> <span class='ocrx_word' id='word_1_593' title='bbox 3502 4251 3552 4296; x_wconf 91' lang='lat' dir='ltr'><strong>et</strong></span> 
     </span>
    </p>
   </div>
   <div class='ocr_carea' id='block_1_84' title="bbox 1971 4336 2774 4408">
    <p class='ocr_par' dir='ltr' id='par_1_84' title="bbox 1971 4336 2774 4408">
     <span class='ocr_line' id='line_1_84' title="bbox 1971 4336 2774 4408; baseline -0.005 -15"><span class='ocrx_word' id='word_1_594' title='bbox 1971 4341 2206 4403; x_wconf 81' lang='lat' dir='ltr'><strong>herbam,</strong></span> <span class='ocrx_word' id='word_1_595' title='bbox 2245 4337 2298 4394; x_wconf 92' lang='lat' dir='ltr'><strong>id</strong></span> <span class='ocrx_word' id='word_1_596' title='bbox 2323 4347 2410 4392; x_wconf 89' lang='lat' dir='ltr'><strong>est</strong></span> <span class='ocrx_word' id='word_1_597' title='bbox 2436 4336 2774 4408; x_wconf 89' lang='lat' dir='ltr'><strong>temporalia.</strong></span> 
     </span>
    </p>
   </div>
   <div class='ocr_carea' id='block_1_85' title="bbox 2044 4445 3555 4521">
    <p class='ocr_par' dir='ltr' id='par_1_85' title="bbox 2044 4445 3555 4521">
     <span class='ocr_line' id='line_1_85' title="bbox 2044 4445 3555 4521; baseline -0.001 -14"><span class='ocrx_word' id='word_1_598' title='bbox 2044 4453 2208 4507; x_wconf 69' lang='lat' dir='ltr'><strong>Vens.</strong></span> <span class='ocrx_word' id='word_1_599' title='bbox 2233 4451 2285 4505; x_wconf 91' lang='lat'><strong>9.</strong></span> <span class='ocrx_word' id='word_1_600' title='bbox 2299 4449 2451 4502; x_wconf 87' lang='lat' dir='ltr'><strong>-—Et</strong></span> <span class='ocrx_word' id='word_1_601' title='bbox 2472 4449 2630 4520; x_wconf 87' lang='lat' dir='ltr'><strong>pullis</strong></span> <span class='ocrx_word' id='word_1_602' title='bbox 2652 4463 2944 4502; x_wconf 84' lang='lat' dir='ltr'><strong>corvorum.</strong></span> <span class='ocrx_word' id='word_1_603' title='bbox 2968 4445 3151 4521; x_wconf 53' lang='lat' dir='ltr'><strong>(Ana)</strong></span> <span class='ocrx_word' id='word_1_604' title='bbox 3175 4446 3368 4504; x_wconf 87' lang='lat' dir='ltr'><strong>Omnia</strong></span> <span class='ocrx_word' id='word_1_605' title='bbox 3388 4449 3555 4518; x_wconf 91' lang='lat' dir='ltr'><strong>enim,</strong></span> 
     </span>
    </p>
   </div>
   <div class='ocr_carea' id='block_1_86' title="bbox 1973 4536 3345 4612">
    <p class='ocr_par' dir='ltr' id='par_1_86' title="bbox 1973 4536 3345 4612">
     <span class='ocr_line' id='line_1_86' title="bbox 1973 4536 3345 4612; baseline -0.001 -17"><span class='ocrx_word' id='word_1_606' title='bbox 1973 4556 2094 4612; x_wconf 67' lang='lat' dir='ltr'><strong>quae</strong></span> <span class='ocrx_word' id='word_1_607' title='bbox 2119 4542 2316 4596; x_wconf 92' lang='lat' dir='ltr'><strong>dantur</strong></span> <span class='ocrx_word' id='word_1_608' title='bbox 2341 4538 2595 4594; x_wconf 67' lang='lat' dir='ltr'><strong>Ecclesiae</strong></span> <span class='ocrx_word' id='word_1_609' title='bbox 2625 4553 2656 4592; x_wconf 88' lang='lat' dir='ltr'><strong>a</strong></span> <span class='ocrx_word' id='word_1_610' title='bbox 2683 4537 2959 4603; x_wconf 87' lang='lat' dir='ltr'><strong>divitibus,</strong></span> <span class='ocrx_word' id='word_1_611' title='bbox 2991 4536 3172 4592; x_wconf 90' lang='lat' dir='ltr'><strong>fenum</strong></span> <span class='ocrx_word' id='word_1_612' title='bbox 3197 4546 3345 4594; x_wconf 91' lang='lat' dir='ltr'><strong>sunt.</strong></span> 
     </span>
    </p>
   </div>
   <div class='ocr_carea' id='block_1_87' title="bbox 290 4621 1872 4722">
    <p class='ocr_par' dir='ltr' id='par_1_87' title="bbox 290 4621 1868 4722">
     <span class='ocr_line' id='line_1_87' title="bbox 290 4621 1868 4722; baseline 0.002 -17"><span class='ocrx_word' id='word_1_613' title='bbox 290 4621 673 4718; x_wconf 48' lang='lat' dir='ltr'><strong>aedificat,—sic,</strong></span> <span class='ocrx_word' id='word_1_614' title='bbox 691 4651 816 4720; x_wconf 86' lang='lat' dir='ltr'><strong>quia</strong></span> <span class='ocrx_word' id='word_1_615' title='bbox 839 4621 1183 4722; x_wconf 84' lang='lat' dir='ltr'><strong>dispersiones</strong></span> <span class='ocrx_word' id='word_1_616' title='bbox 1207 4651 1401 4718; x_wconf 88' lang='lat' dir='ltr'><strong>Israel,</strong></span> <span class='ocrx_word' id='word_1_617' title='bbox 1427 4653 1482 4707; x_wconf 92' lang='lat' dir='ltr'><strong>id</strong></span> <span class='ocrx_word' id='word_1_618' title='bbox 1505 4661 1590 4706; x_wconf 91' lang='lat' dir='ltr'><strong>est</strong></span> <span class='ocrx_word' id='word_1_619' title='bbox 1611 4621 1868 4720; x_wconf 78' lang='lat' dir='ltr'><strong>fidelium,</strong></span> 
     </span>
    </p>
   </div>
   <div class='ocr_carea' id='block_1_88' title="bbox 1980 4621 3556 4722">
    <p class='ocr_par' dir='ltr' id='par_1_88' title="bbox 2047 4629 3556 4706">
     <span class='ocr_line' id='line_1_88' title="bbox 2047 4629 3556 4706; baseline 0 -19"><span class='ocrx_word' id='word_1_620' title='bbox 2047 4632 2170 4706; x_wconf 75' lang='grc' dir='ltr'><strong>(1ο.)</strong></span> <span class='ocrx_word' id='word_1_621' title='bbox 2207 4630 2402 4696; x_wconf 79' lang='lat' dir='ltr'><strong>Judaei,</strong></span> <span class='ocrx_word' id='word_1_622' title='bbox 2426 4630 2520 4700; x_wconf 89' lang='lat' dir='ltr'><strong>qui</strong></span> <span class='ocrx_word' id='word_1_623' title='bbox 2547 4645 2604 4686; x_wconf 90' lang='lat' dir='ltr'><strong>se</strong></span> <span class='ocrx_word' id='word_1_624' title='bbox 2634 4629 2778 4684; x_wconf 89' lang='lat' dir='ltr'><strong>solos</strong></span> <span class='ocrx_word' id='word_1_625' title='bbox 2799 4629 2996 4699; x_wconf 86' lang='lat' dir='ltr'><strong>justos,</strong></span> <span class='ocrx_word' id='word_1_626' title='bbox 3039 4644 3230 4685; x_wconf 90' lang='lat' dir='ltr'><strong>omnes</strong></span> <span class='ocrx_word' id='word_1_627' title='bbox 3256 4638 3444 4703; x_wconf 88' lang='lat' dir='ltr'><strong>gentes</strong></span> <span class='ocrx_word' id='word_1_628' title='bbox 3474 4631 3556 4687; x_wconf 90' lang='lat' dir='ltr'><strong>di-</strong></span> 
     </span>
    </p>
   </div>
   <div class='ocr_carea' id='block_1_89' title="bbox 291 4742 1866 4815">
    <p class='ocr_par' dir='ltr' id='par_1_89' title="bbox 291 4742 1866 4815">
     <span class='ocr_line' id='line_1_89' title="bbox 291 4742 1866 4815; baseline 0 -16"><span class='ocrx_word' id='word_1_629' title='bbox 291 4745 357 4800; x_wconf 92' lang='lat' dir='ltr'><strong>de</strong></span> <span class='ocrx_word' id='word_1_630' title='bbox 377 4753 489 4799; x_wconf 93' lang='lat' dir='ltr'><strong>toto</strong></span> <span class='ocrx_word' id='word_1_631' title='bbox 512 4743 714 4799; x_wconf 87' lang='lat' dir='ltr'><strong>mundo</strong></span> <span class='ocrx_word' id='word_1_632' title='bbox 742 4743 793 4798; x_wconf 91' lang='lat' dir='ltr'><strong>in</strong></span> <span class='ocrx_word' id='word_1_633' title='bbox 825 4743 932 4798; x_wconf 89' lang='lat' dir='ltr'><strong>ﬁne</strong></span> <span class='ocrx_word' id='word_1_634' title='bbox 953 4742 1132 4798; x_wconf 63' lang='lat' dir='ltr'><strong>saeculi</strong></span> <span class='ocrx_word' id='word_1_635' title='bbox 1162 4745 1494 4815; x_wconf 85' lang='lat' dir='ltr'><strong>congregabit</strong></span> <span class='ocrx_word' id='word_1_636' title='bbox 1519 4744 1588 4799; x_wconf 88' lang='lat' dir='ltr'><strong>ad</strong></span> <span class='ocrx_word' id='word_1_637' title='bbox 1617 4759 1866 4815; x_wconf 80' lang='lat' dir='ltr'><strong>regnum.</strong></span> 
     </span>
    </p>
   </div>
   <div class='ocr_carea' id='block_1_90' title="bbox 291 4835 1870 4909">
    <p class='ocr_par' dir='ltr' id='par_1_90' title="bbox 291 4835 1870 4909">
     <span class='ocr_line' id='line_1_90' title="bbox 291 4835 1870 4909; baseline 0 -16"><span class='ocrx_word' id='word_1_638' title='bbox 291 4838 359 4893; x_wconf 85' lang='lat' dir='ltr'><strong>Et</strong></span> <span class='ocrx_word' id='word_1_639' title='bbox 383 4845 468 4893; x_wconf 91' lang='lat' dir='ltr'><strong>est</strong></span> <span class='ocrx_word' id='word_1_640' title='bbox 505 4838 596 4892; x_wconf 89' lang='lat' dir='ltr'><strong>hic</strong></span> <span class='ocrx_word' id='word_1_641' title='bbox 616 4836 736 4892; x_wconf 92' lang='lat' dir='ltr'><strong>laus</strong></span> <span class='ocrx_word' id='word_1_642' title='bbox 765 4837 829 4892; x_wconf 89' lang='lat' dir='ltr'><strong>de</strong></span> <span class='ocrx_word' id='word_1_643' title='bbox 851 4835 1009 4892; x_wconf 91' lang='lat' dir='ltr'><strong>factis</strong></span> <span class='ocrx_word' id='word_1_644' title='bbox 1028 4835 1385 4892; x_wconf 87' lang='lat' dir='ltr'><strong>mirabilibus.</strong></span> <span class='ocrx_word' id='word_1_645' title='bbox 1413 4836 1598 4909; x_wconf 79' lang='lat' dir='ltr'><strong>(Auc.)</strong></span> <span class='ocrx_word' id='word_1_646' title='bbox 1623 4837 1749 4892; x_wconf 66' lang='lat' dir='ltr'><strong>Haec</strong></span> <span class='ocrx_word' id='word_1_647' title='bbox 1785 4845 1870 4893; x_wconf 89' lang='lat' dir='ltr'><strong>est</strong></span> 
     </span>
    </p>
   </div>
   <div class='ocr_carea' id='block_1_91' title="bbox 290 4929 1871 5004">
    <p class='ocr_par' dir='ltr' id='par_1_91' title="bbox 290 4929 1871 5004">
     <span class='ocr_line' id='line_1_91' title="bbox 290 4929 1871 5004; baseline -0.003 -17"><span class='ocrx_word' id='word_1_648' title='bbox 290 4939 402 4987; x_wconf 92' lang='lat' dir='ltr'><strong>tota</strong></span> <span class='ocrx_word' id='word_1_649' title='bbox 425 4944 633 4987; x_wconf 88' lang='lat' dir='ltr'><strong>merces</strong></span> <span class='ocrx_word' id='word_1_650' title='bbox 661 4929 1016 4995; x_wconf 89' lang='lat' dir='ltr'><strong>laudantium,</strong></span> <span class='ocrx_word' id='word_1_651' title='bbox 1043 4938 1170 4994; x_wconf 88' lang='lat' dir='ltr'><strong>etc.,</strong></span> <span class='ocrx_word' id='word_1_652' title='bbox 1212 4945 1375 4999; x_wconf 85' lang='lat' dir='ltr'><strong>usque</strong></span> <span class='ocrx_word' id='word_1_653' title='bbox 1418 4930 1487 4982; x_wconf 85' lang='lat' dir='ltr'><strong>a‘d</strong></span> <span class='ocrx_word' id='word_1_654' title='bbox 1526 4929 1687 4984; x_wconf 92' lang='lat' dir='ltr'><strong>modo</strong></span> <span class='ocrx_word' id='word_1_655' title='bbox 1714 4943 1871 5004; x_wconf 65' lang='lat' dir='ltr'><strong>exer;</strong></span> 
     </span>
    </p>
   </div>
   <div class='ocr_carea' id='block_1_92' title="bbox 291 5020 1474 5089">
    <p class='ocr_par' dir='ltr' id='par_1_92' title="bbox 291 5020 1474 5089">
     <span class='ocr_line' id='line_1_92' title="bbox 291 5020 1474 5089; baseline -0.005 -9"><span class='ocrx_word' id='word_1_656' title='bbox 291 5039 514 5080; x_wconf 88' lang='lat' dir='ltr'><strong>ceamur</strong></span> <span class='ocrx_word' id='word_1_657' title='bbox 540 5023 595 5078; x_wconf 89' lang='lat' dir='ltr'><strong>in</strong></span> <span class='ocrx_word' id='word_1_658' title='bbox 625 5022 730 5078; x_wconf 91' lang='lat' dir='ltr'><strong>hac</strong></span> <span class='ocrx_word' id='word_1_659' title='bbox 753 5021 912 5077; x_wconf 89' lang='lat' dir='ltr'><strong>laude</strong></span> <span class='ocrx_word' id='word_1_660' title='bbox 937 5020 1200 5076; x_wconf 88' lang='lat' dir='ltr'><strong>bonorum</strong></span> <span class='ocrx_word' id='word_1_661' title='bbox 1226 5033 1474 5089; x_wconf 89' lang='lat' dir='ltr'><strong>operum.</strong></span> 
     </span>
    </p>
   </div>
   <div class='ocr_carea' id='block_1_93' title="bbox 362 5107 1872 5184">
    <p class='ocr_par' dir='ltr' id='par_1_93' title="bbox 362 5107 1872 5184">
     <span class='ocr_line' id='line_1_93' title="bbox 362 5107 1872 5184; baseline -0.002 -15"><span class='ocrx_word' id='word_1_662' title='bbox 362 5114 471 5169; x_wconf 88' lang='lat' dir='ltr'><strong>Deo</strong></span> <span class='ocrx_word' id='word_1_663' title='bbox 500 5122 676 5168; x_wconf 90' lang='lat' dir='ltr'><strong>nostro</strong></span> <span class='ocrx_word' id='word_1_664' title='bbox 700 5113 768 5168; x_wconf 86' lang='lat' dir='ltr'><strong>sit</strong></span> <span class='ocrx_word' id='word_1_665' title='bbox 784 5111 1047 5184; x_wconf 83' lang='lat' dir='ltr'><strong>jucunda,</strong></span> <span class='ocrx_word' id='word_1_666' title='bbox 1081 5118 1188 5165; x_wconf 91' lang='lat' dir='ltr'><strong>etc.</strong></span> <span class='ocrx_word' id='word_1_667' title='bbox 1221 5108 1339 5165; x_wconf 88' lang='lat' dir='ltr'><strong>Non</strong></span> <span class='ocrx_word' id='word_1_668' title='bbox 1365 5115 1450 5165; x_wconf 87' lang='lat' dir='ltr'><strong>est</strong></span> <span class='ocrx_word' id='word_1_669' title='bbox 1484 5108 1619 5164; x_wconf 89' lang='lat' dir='ltr'><strong>satis</strong></span> <span class='ocrx_word' id='word_1_670' title='bbox 1643 5107 1872 5180; x_wconf 90' lang='lat' dir='ltr'><strong>psallere</strong></span> 
     </span>
    </p>
   </div>
   <div class='ocr_carea' id='block_1_94' title="bbox 293 5204 1874 5277">
    <p class='ocr_par' dir='ltr' id='par_1_94' title="bbox 293 5204 1874 5277">
     <span class='ocr_line' id='line_1_94' title="bbox 293 5204 1874 5277; baseline -0.003 -13"><span class='ocrx_word' id='word_1_671' title='bbox 293 5208 362 5264; x_wconf 91' lang='lat' dir='ltr'><strong>ad</strong></span> <span class='ocrx_word' id='word_1_672' title='bbox 413 5209 518 5263; x_wconf 94' lang='lat' dir='ltr'><strong>hoc</strong></span> <span class='ocrx_word' id='word_1_673' title='bbox 565 5215 626 5262; x_wconf 93' lang='lat' dir='ltr'><strong>ut</strong></span> <span class='ocrx_word' id='word_1_674' title='bbox 677 5206 799 5262; x_wconf 89' lang='lat' dir='ltr'><strong>laus</strong></span> <span class='ocrx_word' id='word_1_675' title='bbox 844 5204 954 5263; x_wconf 89' lang='lat' dir='ltr'><strong>Deo</strong></span> <span class='ocrx_word' id='word_1_676' title='bbox 991 5204 1225 5277; x_wconf 90' lang='lat' dir='ltr'><strong>placeat,</strong></span> <span class='ocrx_word' id='word_1_677' title='bbox 1276 5206 1372 5260; x_wconf 92' lang='lat' dir='ltr'><strong>sed</strong></span> <span class='ocrx_word' id='word_1_678' title='bbox 1415 5218 1548 5275; x_wconf 90' lang='lat' dir='ltr'><strong>opus</strong></span> <span class='ocrx_word' id='word_1_679' title='bbox 1585 5211 1668 5259; x_wconf 89' lang='lat' dir='ltr'><strong>est</strong></span> <span class='ocrx_word' id='word_1_680' title='bbox 1694 5213 1754 5259; x_wconf 93' lang='lat' dir='ltr'><strong>ut</strong></span> <span class='ocrx_word' id='word_1_681' title='bbox 1778 5219 1874 5276; x_wconf 91' lang='lat' dir='ltr'><strong>per</strong></span> 
     </span>
    </p>
   </div>
   <div class='ocr_carea' id='block_1_95' title="bbox 291 5300 1474 5374">
    <p class='ocr_par' dir='ltr' id='par_1_95' title="bbox 291 5300 1474 5374">
     <span class='ocr_line' id='line_1_95' title="bbox 291 5300 1474 5374; baseline -0.001 -17"><span class='ocrx_word' id='word_1_682' title='bbox 291 5303 418 5358; x_wconf 74' lang='lat' dir='ltr'><strong>vita:</strong></span> <span class='ocrx_word' id='word_1_683' title='bbox 441 5317 654 5374; x_wconf 89' lang='lat' dir='ltr'><strong>quoque</strong></span> <span class='ocrx_word' id='word_1_684' title='bbox 688 5302 1007 5358; x_wconf 89' lang='lat' dir='ltr'><strong>munditiem</strong></span> <span class='ocrx_word' id='word_1_685' title='bbox 1036 5300 1111 5357; x_wconf 91' lang='lat' dir='ltr'><strong>illi</strong></span> <span class='ocrx_word' id='word_1_686' title='bbox 1139 5301 1474 5372; x_wconf 88' lang='lat' dir='ltr'><strong>placeamus.</strong></span> 
     </span>
    </p>
   </div>
   <div class='ocr_carea' id='block_1_96' title="bbox 362 5391 1872 5467">
    <p class='ocr_par' dir='ltr' id='par_1_96' title="bbox 362 5391 1872 5467">
     <span class='ocr_line' id='line_1_96' title="bbox 362 5391 1872 5467; baseline -0.001 -18"><span class='ocrx_word' id='word_1_687' title='bbox 362 5392 527 5449; x_wconf 77' lang='lat' dir='ltr'><strong>Vnns.</strong></span> <span class='ocrx_word' id='word_1_688' title='bbox 558 5393 614 5448; x_wconf 70' lang='grc' dir='ltr'><strong>Ξ.</strong></span> <span class='ocrx_word' id='word_1_689' title='bbox 641 5423 714 5436; x_wconf 93' lang='lat'><strong>—</strong></span> <span class='ocrx_word' id='word_1_690' title='bbox 741 5392 1040 5464; x_wconf 63' lang='lat' dir='ltr'><strong>Ediﬁcans</strong></span> <span class='ocrx_word' id='word_1_691' title='bbox 1062 5391 1360 5448; x_wconf 84' lang='lat' dir='ltr'><strong>Jerusalem</strong></span> <span class='ocrx_word' id='word_1_692' title='bbox 1383 5391 1658 5448; x_wconf 87' lang='lat' dir='ltr'><strong>Dominus.</strong></span> <span class='ocrx_word' id='word_1_693' title='bbox 1689 5391 1872 5467; x_wconf 81' lang='lat' dir='ltr'><strong>(AUG.)</strong></span> 
     </span>
    </p>
   </div>
   <div class='ocr_carea' id='block_1_97' title="bbox 291 5483 1869 5558">
    <p class='ocr_par' dir='ltr' id='par_1_97' title="bbox 291 5483 1869 5558">
     <span class='ocr_line' id='line_1_97' title="bbox 291 5483 1869 5558; baseline -0.001 -17"><span class='ocrx_word' id='word_1_694' title='bbox 291 5483 413 5552; x_wconf 87' lang='lat' dir='ltr'><strong>Vel,</strong></span> <span class='ocrx_word' id='word_1_695' title='bbox 441 5486 652 5556; x_wconf 90' lang='lat' dir='ltr'><strong>accepit</strong></span> <span class='ocrx_word' id='word_1_696' title='bbox 678 5485 974 5540; x_wconf 84' lang='lat' dir='ltr'><strong>Jerusalem</strong></span> <span class='ocrx_word' id='word_1_697' title='bbox 1013 5485 1317 5558; x_wconf 87' lang='lat' dir='ltr'><strong>generalem</strong></span> <span class='ocrx_word' id='word_1_698' title='bbox 1369 5485 1687 5551; x_wconf 86' lang='lat' dir='ltr'><strong>Ecclesiam,</strong></span> <span class='ocrx_word' id='word_1_699' title='bbox 1737 5497 1869 5552; x_wconf 92' lang='lat' dir='ltr'><strong>etc.,</strong></span> 
     </span>
    </p>
   </div>
   <div class='ocr_carea' id='block_1_98' title="bbox 293 5577 1871 5650">
    <p class='ocr_par' dir='ltr' id='par_1_98' title="bbox 293 5577 1871 5650">
     <span class='ocr_line' id='line_1_98' title="bbox 293 5577 1871 5650; baseline 0.002 -18"><span class='ocrx_word' id='word_1_700' title='bbox 293 5594 456 5650; x_wconf 88' lang='lat' dir='ltr'><strong>usque</strong></span> <span class='ocrx_word' id='word_1_701' title='bbox 478 5577 547 5632; x_wconf 83' lang='lat' dir='ltr'><strong>ad</strong></span> <span class='ocrx_word' id='word_1_702' title='bbox 569 5593 729 5650; x_wconf 84' lang='lat' dir='ltr'><strong>quem</strong></span> <span class='ocrx_word' id='word_1_703' title='bbox 753 5577 916 5633; x_wconf 87' lang='lat' dir='ltr'><strong>Pater</strong></span> <span class='ocrx_word' id='word_1_704' title='bbox 943 5579 1094 5634; x_wconf 88' lang='lat' dir='ltr'><strong>misit</strong></span> <span class='ocrx_word' id='word_1_705' title='bbox 1123 5579 1190 5634; x_wconf 90' lang='lat' dir='ltr'><strong>ad</strong></span> <span class='ocrx_word' id='word_1_706' title='bbox 1221 5578 1590 5650; x_wconf 86' lang='lat' dir='ltr'><strong>captivitatem</strong></span> <span class='ocrx_word' id='word_1_707' title='bbox 1629 5589 1871 5636; x_wconf 90' lang='lat' dir='ltr'><strong>nostram</strong></span> 
     </span>
    </p>
   </div>
   <div class='ocr_carea' id='block_1_99' title="bbox 297 5669 1188 5740">
    <p class='ocr_par' dir='ltr' id='par_1_99' title="bbox 297 5669 1188 5740">
     <span class='ocr_line' id='line_1_99' title="bbox 297 5669 1188 5740; baseline 0.001 -18"><span class='ocrx_word' id='word_1_708' title='bbox 297 5669 666 5724; x_wconf 81' lang='lat' dir='ltr'><strong>redimendam</strong></span> <span class='ocrx_word' id='word_1_709' title='bbox 687 5669 864 5738; x_wconf 90' lang='lat' dir='ltr'><strong>pretio</strong></span> <span class='ocrx_word' id='word_1_710' title='bbox 887 5669 1188 5740; x_wconf 90' lang='lat' dir='ltr'><strong>sanguinis.</strong></span> 
     </span>
    </p>
   </div>
   <div class='ocr_carea' id='block_1_100' title="bbox 369 5759 1872 5830">
    <p class='ocr_par' dir='ltr' id='par_1_100' title="bbox 369 5759 1872 5830">
     <span class='ocr_line' id='line_1_100' title="bbox 369 5759 1872 5830; baseline 0.003 -18"><span class='ocrx_word' id='word_1_711' title='bbox 369 5759 532 5816; x_wconf 71' lang='lat' dir='ltr'><strong>Vens.</strong></span> <span class='ocrx_word' id='word_1_712' title='bbox 563 5760 617 5815; x_wconf 75' lang='lat'><strong>5.</strong></span> <span class='ocrx_word' id='word_1_713' title='bbox 648 5759 800 5816; x_wconf 84' lang='lat' dir='ltr'><strong>—Et</strong></span> <span class='ocrx_word' id='word_1_714' title='bbox 819 5759 1024 5830; x_wconf 83' lang='lat' dir='ltr'><strong>alligat.</strong></span> <span class='ocrx_word' id='word_1_715' title='bbox 1054 5761 1100 5815; x_wconf 83' lang='grc' dir='ltr'><strong>Α</strong></span> <span class='ocrx_word' id='word_1_716' title='bbox 1121 5759 1470 5818; x_wconf 88' lang='lat' dir='ltr'><strong>similitudine</strong></span> <span class='ocrx_word' id='word_1_717' title='bbox 1494 5763 1711 5828; x_wconf 91' lang='lat' dir='ltr'><strong>medici,</strong></span> <span class='ocrx_word' id='word_1_718' title='bbox 1738 5772 1872 5829; x_wconf 91' lang='lat' dir='ltr'><strong>etc.,</strong></span> 
     </span>
    </p>
   </div>
   <div class='ocr_carea' id='block_1_101' title="bbox 299 5850 1872 5922">
    <p class='ocr_par' dir='ltr' id='par_1_101' title="bbox 299 5850 1872 5922">
     <span class='ocr_line' id='line_1_101' title="bbox 299 5850 1872 5922; baseline 0 -17"><span class='ocrx_word' id='word_1_719' title='bbox 299 5869 458 5910; x_wconf 79' lang='lat' dir='ltr'><strong>usque</strong></span> <span class='ocrx_word' id='word_1_720' title='bbox 504 5853 572 5907; x_wconf 82' lang='lat' dir='ltr'><strong>ad</strong></span> <span class='ocrx_word' id='word_1_721' title='bbox 623 5861 678 5908; x_wconf 90' lang='lat' dir='ltr'><strong>et</strong></span> <span class='ocrx_word' id='word_1_722' title='bbox 714 5852 976 5908; x_wconf 90' lang='lat' dir='ltr'><strong>Dominus</strong></span> <span class='ocrx_word' id='word_1_723' title='bbox 1024 5850 1210 5921; x_wconf 86' lang='lat' dir='ltr'><strong>alligat</strong></span> <span class='ocrx_word' id='word_1_724' title='bbox 1246 5853 1618 5908; x_wconf 87' lang='lat' dir='ltr'><strong>contritiones.</strong></span> <span class='ocrx_word' id='word_1_725' title='bbox 1664 5851 1872 5922; x_wconf 65' lang='lat' dir='ltr'><strong>(illam)</strong></span> 
     </span>
    </p>
   </div>
   <div class='ocr_carea' id='block_1_102' title="bbox 1974 4719 3563 4792">
    <p class='ocr_par' dir='ltr' id='par_1_102' title="bbox 1974 4719 3563 4792">
     <span class='ocr_line' id='line_1_102' title="bbox 1974 4719 3563 4792; baseline 0.001 -14"><span class='ocrx_word' id='word_1_726' title='bbox 1974 4724 2172 4779; x_wconf 90' lang='lat' dir='ltr'><strong>cebant</strong></span> <span class='ocrx_word' id='word_1_727' title='bbox 2203 4729 2539 4792; x_wconf 85' lang='lat' dir='ltr'><strong>peccatores.</strong></span> <span class='ocrx_word' id='word_1_728' title='bbox 2579 4719 2646 4774; x_wconf 89' lang='lat' dir='ltr'><strong>Et</strong></span> <span class='ocrx_word' id='word_1_729' title='bbox 2675 4734 2802 4775; x_wconf 87' lang='lat' dir='ltr'><strong>vere</strong></span> <span class='ocrx_word' id='word_1_730' title='bbox 2835 4727 3018 4791; x_wconf 91' lang='lat' dir='ltr'><strong>patres</strong></span> <span class='ocrx_word' id='word_1_731' title='bbox 3044 4720 3216 4775; x_wconf 90' lang='lat' dir='ltr'><strong>nostri</strong></span> <span class='ocrx_word' id='word_1_732' title='bbox 3248 4722 3390 4776; x_wconf 79' lang='lat' dir='ltr'><strong>corvi</strong></span> <span class='ocrx_word' id='word_1_733' title='bbox 3407 4762 3423 4790; x_wconf 98' lang='lat'><strong>,</strong></span> <span class='ocrx_word' id='word_1_734' title='bbox 3458 4736 3563 4780; x_wconf 88' lang='lat' dir='ltr'><strong>nos</strong></span> 
     </span>
    </p>
   </div>
   <div class='ocr_carea' id='block_1_103' title="bbox 1975 4813 3562 4886">
    <p class='ocr_par' dir='ltr' id='par_1_103' title="bbox 1975 4813 3562 4886">
     <span class='ocr_line' id='line_1_103' title="bbox 1975 4813 3562 4886; baseline -0.002 -14"><span class='ocrx_word' id='word_1_735' title='bbox 1975 4825 2159 4872; x_wconf 90' lang='lat' dir='ltr'><strong>autem</strong></span> <span class='ocrx_word' id='word_1_736' title='bbox 2187 4831 2293 4872; x_wconf 94' lang='lat' dir='ltr'><strong>non</strong></span> <span class='ocrx_word' id='word_1_737' title='bbox 2325 4815 2406 4870; x_wconf 91' lang='lat' dir='ltr'><strong>sic</strong></span> <span class='ocrx_word' id='word_1_738' title='bbox 2438 4828 2781 4869; x_wconf 90' lang='lat' dir='ltr'><strong>remanemus</strong></span> <span class='ocrx_word' id='word_1_739' title='bbox 2817 4831 2831 4868; x_wconf 92' lang='lat'><strong>:</strong></span> <span class='ocrx_word' id='word_1_740' title='bbox 2864 4821 3042 4868; x_wconf 89' lang='lat' dir='ltr'><strong>tamen</strong></span> <span class='ocrx_word' id='word_1_741' title='bbox 3082 4821 3231 4869; x_wconf 92' lang='lat' dir='ltr'><strong>recte</strong></span> <span class='ocrx_word' id='word_1_742' title='bbox 3267 4813 3400 4886; x_wconf 90' lang='lat' dir='ltr'><strong>pulli</strong></span> <span class='ocrx_word' id='word_1_743' title='bbox 3439 4829 3562 4871; x_wconf 85' lang='lat' dir='ltr'><strong>cor—</strong></span> 
     </span>
    </p>
   </div>
   <div class='ocr_carea' id='block_1_104' title="bbox 1972 4902 3561 4970">
    <p class='ocr_par' dir='ltr' id='par_1_104' title="bbox 1972 4902 3561 4970">
     <span class='ocr_line' id='line_1_104' title="bbox 1972 4902 3561 4970; baseline -0.002 -7"><span class='ocrx_word' id='word_1_744' title='bbox 1972 4923 2166 4963; x_wconf 88' lang='lat' dir='ltr'><strong>vorum</strong></span> <span class='ocrx_word' id='word_1_745' title='bbox 2195 4907 2428 4962; x_wconf 87' lang='lat' dir='ltr'><strong>dicimur</strong></span> <span class='ocrx_word' id='word_1_746' title='bbox 2463 4913 2520 4960; x_wconf 90' lang='lat' dir='ltr'><strong>et</strong></span> <span class='ocrx_word' id='word_1_747' title='bbox 2562 4919 2768 4960; x_wconf 91' lang='lat' dir='ltr'><strong>sumus.</strong></span> <span class='ocrx_word' id='word_1_748' title='bbox 2807 4902 3014 4959; x_wconf 87' lang='lat' dir='ltr'><strong>Corvus</strong></span> <span class='ocrx_word' id='word_1_749' title='bbox 3044 4919 3150 4960; x_wconf 93' lang='lat' dir='ltr'><strong>non</strong></span> <span class='ocrx_word' id='word_1_750' title='bbox 3183 4904 3429 4970; x_wconf 91' lang='lat' dir='ltr'><strong>invocat,</strong></span> <span class='ocrx_word' id='word_1_751' title='bbox 3461 4919 3561 4960; x_wconf 89' lang='lat' dir='ltr'><strong>nos</strong></span> 
     </span>
    </p>
   </div>
   <div class='ocr_carea' id='block_1_105' title="bbox 1972 4993 3560 5067">
    <p class='ocr_par' dir='ltr' id='par_1_105' title="bbox 1972 4993 3560 5067">
     <span class='ocr_line' id='line_1_105' title="bbox 1972 4993 3560 5067; baseline -0.005 -15"><span class='ocrx_word' id='word_1_752' title='bbox 1972 5013 2104 5054; x_wconf 91' lang='lat' dir='ltr'><strong>vero</strong></span> <span class='ocrx_word' id='word_1_753' title='bbox 2131 4997 2337 5055; x_wconf 90' lang='lat' dir='ltr'><strong>dimissi</strong></span> <span class='ocrx_word' id='word_1_754' title='bbox 2377 4998 2708 5052; x_wconf 89' lang='lat' dir='ltr'><strong>invocamus.</strong></span> <span class='ocrx_word' id='word_1_755' title='bbox 2749 4993 2922 5067; x_wconf 64' lang='lat' dir='ltr'><strong>(Css.)</strong></span> <span class='ocrx_word' id='word_1_756' title='bbox 2959 4994 3096 5051; x_wconf 86' lang='lat' dir='ltr'><strong>Pulli</strong></span> <span class='ocrx_word' id='word_1_757' title='bbox 3140 5009 3426 5050; x_wconf 87' lang='lat' dir='ltr'><strong>corvorum</strong></span> <span class='ocrx_word' id='word_1_758' title='bbox 3479 4996 3560 5051; x_wconf 87' lang='lat' dir='ltr'><strong>di.</strong></span> 
     </span>
    </p>
   </div>
   <div class='ocr_carea' id='block_1_106' title="bbox 1972 5089 3556 5160">
    <p class='ocr_par' dir='ltr' id='par_1_106' title="bbox 1972 5089 3556 5160">
     <span class='ocr_line' id='line_1_106' title="bbox 1972 5089 3556 5160; baseline -0.003 -12"><span class='ocrx_word' id='word_1_759' title='bbox 1972 5100 2170 5149; x_wconf 87' lang='lat' dir='ltr'><strong>cuntur</strong></span> <span class='ocrx_word' id='word_1_760' title='bbox 2194 5106 2316 5147; x_wconf 92' lang='lat' dir='ltr'><strong>rore</strong></span> <span class='ocrx_word' id='word_1_761' title='bbox 2337 5091 2486 5146; x_wconf 90' lang='lat' dir='ltr'><strong>vesci</strong></span> <span class='ocrx_word' id='word_1_762' title='bbox 2531 5097 2586 5146; x_wconf 91' lang='lat' dir='ltr'><strong>et</strong></span> <span class='ocrx_word' id='word_1_763' title='bbox 2624 5089 2888 5146; x_wconf 85' lang='lat' dir='ltr'><strong>beneficio</strong></span> <span class='ocrx_word' id='word_1_764' title='bbox 2917 5090 3126 5156; x_wconf 82' lang='lat' dir='ltr'><strong>aetatis,</strong></span> <span class='ocrx_word' id='word_1_765' title='bbox 3167 5090 3421 5160; x_wconf 89' lang='lat' dir='ltr'><strong>ignorant</strong></span> <span class='ocrx_word' id='word_1_766' title='bbox 3457 5103 3556 5160; x_wconf 87' lang='lat' dir='ltr'><strong>pa-</strong></span> 
     </span>
    </p>
   </div>
   <div class='ocr_carea' id='block_1_107' title="bbox 1973 5179 3552 5252">
    <p class='ocr_par' dir='ltr' id='par_1_107' title="bbox 1973 5179 3552 5252">
     <span class='ocr_line' id='line_1_107' title="bbox 1973 5179 3552 5252; baseline -0.003 -11"><span class='ocrx_word' id='word_1_767' title='bbox 1973 5193 2158 5241; x_wconf 88' lang='lat' dir='ltr'><strong>ternas</strong></span> <span class='ocrx_word' id='word_1_768' title='bbox 2177 5198 2351 5249; x_wconf 90' lang='lat' dir='ltr'><strong>escas,</strong></span> <span class='ocrx_word' id='word_1_769' title='bbox 2374 5182 2429 5237; x_wconf 92' lang='lat' dir='ltr'><strong>id</strong></span> <span class='ocrx_word' id='word_1_770' title='bbox 2450 5191 2534 5239; x_wconf 89' lang='lat' dir='ltr'><strong>est</strong></span> <span class='ocrx_word' id='word_1_771' title='bbox 2555 5182 2754 5239; x_wconf 87' lang='lat' dir='ltr'><strong>fetores</strong></span> <span class='ocrx_word' id='word_1_772' title='bbox 2773 5183 3096 5238; x_wconf 90' lang='lat' dir='ltr'><strong>cadaverum</strong></span> <span class='ocrx_word' id='word_1_773' title='bbox 3121 5193 3137 5235; x_wconf 87' lang='lat'><strong>:</strong></span> <span class='ocrx_word' id='word_1_774' title='bbox 3161 5179 3242 5235; x_wconf 89' lang='lat' dir='ltr'><strong>sic</strong></span> <span class='ocrx_word' id='word_1_775' title='bbox 3263 5179 3360 5235; x_wconf 80' lang='lat' dir='ltr'><strong>filii</strong></span> <span class='ocrx_word' id='word_1_776' title='bbox 3385 5195 3552 5252; x_wconf 84' lang='lat' dir='ltr'><strong>paga-</strong></span> 
     </span>
    </p>
   </div>
   <div class='ocr_carea' id='block_1_108' title="bbox 1977 5274 2951 5344">
    <p class='ocr_par' dir='ltr' id='par_1_108' title="bbox 1977 5274 2951 5344">
     <span class='ocr_line' id='line_1_108' title="bbox 1977 5274 2951 5344; baseline -0.006 -12"><span class='ocrx_word' id='word_1_777' title='bbox 1977 5290 2170 5332; x_wconf 91' lang='lat' dir='ltr'><strong>norum</strong></span> <span class='ocrx_word' id='word_1_778' title='bbox 2195 5275 2528 5340; x_wconf 89' lang='lat' dir='ltr'><strong>innocentes,</strong></span> <span class='ocrx_word' id='word_1_779' title='bbox 2560 5274 2651 5344; x_wconf 91' lang='lat' dir='ltr'><strong>qui</strong></span> <span class='ocrx_word' id='word_1_780' title='bbox 2679 5274 2951 5330; x_wconf 89' lang='lat' dir='ltr'><strong>invocant.</strong></span> 
     </span>
    </p>
   </div>
   <div class='ocr_carea' id='block_1_109' title="bbox 2045 5385 3554 5458">
    <p class='ocr_par' dir='ltr' id='par_1_109' title="bbox 2045 5385 3554 5458">
     <span class='ocr_line' id='line_1_109' title="bbox 2045 5385 3554 5458; baseline -0.002 -14"><span class='ocrx_word' id='word_1_781' title='bbox 2045 5389 2210 5445; x_wconf 67' lang='lat' dir='ltr'><strong>Vens.</strong></span> <span class='ocrx_word' id='word_1_782' title='bbox 2255 5388 2342 5444; x_wconf 77' lang='grc'><strong>10.</strong></span> <span class='ocrx_word' id='word_1_783' title='bbox 2375 5418 2446 5428; x_wconf 91' lang='grc'><strong>-</strong></span> <span class='ocrx_word' id='word_1_784' title='bbox 2481 5386 2549 5442; x_wconf 86' lang='lat' dir='ltr'><strong>In</strong></span> <span class='ocrx_word' id='word_1_785' title='bbox 2592 5389 2731 5443; x_wconf 88' lang='lat' dir='ltr'><strong>tibiis</strong></span> <span class='ocrx_word' id='word_1_786' title='bbox 2773 5388 2889 5442; x_wconf 83' lang='lat' dir='ltr'><strong>viri.</strong></span> <span class='ocrx_word' id='word_1_787' title='bbox 2928 5385 2986 5440; x_wconf 83' lang='grc' dir='ltr'><strong>ιιι</strong></span> <span class='ocrx_word' id='word_1_788' title='bbox 3024 5385 3326 5458; x_wconf 83' lang='lat' dir='ltr'><strong>composito</strong></span> <span class='ocrx_word' id='word_1_789' title='bbox 3365 5385 3554 5442; x_wconf 88' lang='lat' dir='ltr'><strong>habitu</strong></span> 
     </span>
    </p>
   </div>
   <div class='ocr_carea' id='block_1_110' title="bbox 1973 5476 3555 5552">
    <p class='ocr_par' dir='ltr' id='par_1_110' title="bbox 1973 5476 3555 5552">
     <span class='ocr_line' id='line_1_110' title="bbox 1973 5476 3555 5552; baseline -0.001 -18"><span class='ocrx_word' id='word_1_790' title='bbox 1973 5478 2384 5552; x_wconf 81' lang='lat' dir='ltr'><strong>praesumptuosi</strong></span> <span class='ocrx_word' id='word_1_791' title='bbox 2415 5487 2472 5535; x_wconf 88' lang='lat' dir='ltr'><strong>et</strong></span> <span class='ocrx_word' id='word_1_792' title='bbox 2501 5478 2738 5535; x_wconf 87' lang='lat' dir='ltr'><strong>audacis.</strong></span> <span class='ocrx_word' id='word_1_793' title='bbox 2767 5478 2870 5532; x_wconf 93' lang='lat' dir='ltr'><strong>Per</strong></span> <span class='ocrx_word' id='word_1_794' title='bbox 2899 5477 3074 5532; x_wconf 91' lang='lat' dir='ltr'><strong>virum</strong></span> <span class='ocrx_word' id='word_1_795' title='bbox 3109 5479 3252 5532; x_wconf 91' lang='lat' dir='ltr'><strong>enim</strong></span> <span class='ocrx_word' id='word_1_796' title='bbox 3289 5476 3555 5533; x_wconf 83' lang='lat' dir='ltr'><strong>audacem</strong></span> 
     </span>
    </p>
   </div>
   <div class='ocr_carea' id='block_1_111' title="bbox 1975 5567 3555 5642">
    <p class='ocr_par' dir='ltr' id='par_1_111' title="bbox 1975 5567 3555 5642">
     <span class='ocr_line' id='line_1_111' title="bbox 1975 5567 3555 5642; baseline -0.003 -16"><span class='ocrx_word' id='word_1_797' title='bbox 1975 5579 2419 5642; x_wconf 72' lang='lat' dir='ltr'><strong>praesumptorem</strong></span> <span class='ocrx_word' id='word_1_798' title='bbox 2449 5578 2621 5625; x_wconf 89' lang='lat' dir='ltr'><strong>notat.</strong></span> <span class='ocrx_word' id='word_1_799' title='bbox 2663 5568 2720 5623; x_wconf 91' lang='lat' dir='ltr'><strong>ln</strong></span> <span class='ocrx_word' id='word_1_800' title='bbox 2765 5567 2910 5622; x_wconf 90' lang='lat' dir='ltr'><strong>tibiis</strong></span> <span class='ocrx_word' id='word_1_801' title='bbox 2947 5575 3168 5624; x_wconf 87' lang='lat' dir='ltr'><strong>notatur</strong></span> <span class='ocrx_word' id='word_1_802' title='bbox 3203 5569 3446 5623; x_wconf 86' lang='lat' dir='ltr'><strong>incessus</strong></span> <span class='ocrx_word' id='word_1_803' title='bbox 3472 5567 3555 5622; x_wconf 92' lang='lat' dir='ltr'><strong>in-</strong></span> 
     </span>
    </p>
   </div>
   <div class='ocr_carea' id='block_1_112' title="bbox 1976 5657 3556 5734">
    <p class='ocr_par' dir='ltr' id='par_1_112' title="bbox 1976 5657 3556 5734">
     <span class='ocr_line' id='line_1_112' title="bbox 1976 5657 3556 5734; baseline -0.004 -14"><span class='ocrx_word' id='word_1_804' title='bbox 1976 5663 2338 5734; x_wconf 88' lang='lat' dir='ltr'><strong>compositus,</strong></span> <span class='ocrx_word' id='word_1_805' title='bbox 2366 5663 2422 5716; x_wconf 87' lang='lat' dir='ltr'><strong>in</strong></span> <span class='ocrx_word' id='word_1_806' title='bbox 2449 5662 2590 5715; x_wconf 87' lang='lat' dir='ltr'><strong>tibiis</strong></span> <span class='ocrx_word' id='word_1_807' title='bbox 2619 5660 2736 5714; x_wconf 79' lang='lat' dir='ltr'><strong>viri.</strong></span> <span class='ocrx_word' id='word_1_808' title='bbox 2767 5658 2896 5725; x_wconf 89' lang='lat' dir='ltr'><strong>Vcl,</strong></span> <span class='ocrx_word' id='word_1_809' title='bbox 2933 5659 3228 5716; x_wconf 87' lang='lat' dir='ltr'><strong>secundum</strong></span> <span class='ocrx_word' id='word_1_810' title='bbox 3269 5658 3431 5713; x_wconf 90' lang='lat' dir='ltr'><strong>aliam</strong></span> <span class='ocrx_word' id='word_1_811' title='bbox 3469 5657 3556 5713; x_wconf 82' lang='lat' dir='ltr'><strong>lit-</strong></span> 
     </span>
    </p>
   </div>
   <div class='ocr_carea' id='block_1_113' title="bbox 1979 5749 3556 5820">
    <p class='ocr_par' dir='ltr' id='par_1_113' title="bbox 1979 5749 3556 5820">
     <span class='ocr_line' id='line_1_113' title="bbox 1979 5749 3556 5820; baseline -0.004 -9"><span class='ocrx_word' id='word_1_812' title='bbox 1979 5765 2172 5820; x_wconf 90' lang='lat' dir='ltr'><strong>teram,</strong></span> <span class='ocrx_word' id='word_1_813' title='bbox 2215 5755 2268 5808; x_wconf 89' lang='lat' dir='ltr'><strong>in</strong></span> <span class='ocrx_word' id='word_1_814' title='bbox 2311 5751 2661 5807; x_wconf 84' lang='lat' dir='ltr'><strong>tabernaculis</strong></span> <span class='ocrx_word' id='word_1_815' title='bbox 2706 5751 2824 5815; x_wconf 80' lang='lat' dir='ltr'><strong>viri,</strong></span> <span class='ocrx_word' id='word_1_816' title='bbox 2868 5751 2921 5805; x_wconf 92' lang='lat' dir='ltr'><strong>id</strong></span> <span class='ocrx_word' id='word_1_817' title='bbox 2954 5751 3126 5807; x_wconf 79' lang='lat' dir='ltr'><strong>estin</strong></span> <span class='ocrx_word' id='word_1_818' title='bbox 3165 5749 3556 5806; x_wconf 87' lang='lat' dir='ltr'><strong>conventiculis</strong></span> 
     </span>
    </p>
   </div>
   <div class='ocr_carea' id='block_1_114' title="bbox 1978 5840 3552 5911">
    <p class='ocr_par' dir='ltr' id='par_1_114' title="bbox 1978 5840 3552 5911">
     <span class='ocr_line' id='line_1_114' title="bbox 1978 5840 3552 5911; baseline -0.005 -9"><span class='ocrx_word' id='word_1_819' title='bbox 1978 5847 2376 5906; x_wconf 61' lang='lat' dir='ltr'><strong>haereticorum,</strong></span> <span class='ocrx_word' id='word_1_820' title='bbox 2429 5840 2804 5910; x_wconf 83' lang='lat' dir='ltr'><strong>beneplacitum</strong></span> <span class='ocrx_word' id='word_1_821' title='bbox 2842 5843 2940 5896; x_wconf 89' lang='lat' dir='ltr'><strong>erit</strong></span> <span class='ocrx_word' id='word_1_822' title='bbox 2978 5843 3044 5896; x_wconf 93' lang='lat' dir='ltr'><strong>ei.</strong></span> <span class='ocrx_word' id='word_1_823' title='bbox 3095 5841 3229 5897; x_wconf 86' lang='lat' dir='ltr'><strong>Nota</strong></span> <span class='ocrx_word' id='word_1_824' title='bbox 3267 5843 3408 5911; x_wconf 88' lang='lat' dir='ltr'><strong>quod</strong></span> <span class='ocrx_word' id='word_1_825' title='bbox 3447 5857 3552 5896; x_wconf 86' lang='lat' dir='ltr'><strong>non</strong></span> 
     </span>
    </p>
   </div>
  </div>
