4008 6348
255 451 396 509 1077

1214 444 1480 504 GLOSSA
1523 442 1921 502 0RDINARIA.
1963 475 2030 486 -—
2071 441 2203 501 LIB.
2246 441 2496 500 PSALM.

3378 435 3520 495 1078

325 565 486 623 Vens.
516 562 660 617 6.-
688 561 902 618 Statuit.
955 561 1034 617 Ex
1078 562 1319 634 potentia
1359 563 1700 636 omnipotens
1725 570 1826 630 est,
1857 563 1908 626 Α
1936 565 2029 617 scd
2046 562 2588 628 charissimaunitas;
2619 557 3046 616 tuncexsultatio
3061 556 3164 613 erit
3187 557 3250 613 de
3267 565 3522 630 tympano

250 658 404 730 cujus
432 672 598 730 opera
618 673 726 714 non
752 666 1050 714 mutantur.

319 750 389 807 In
413 748 664 807 saeculum
680 759 748 813 ,ει
769 751 826 804 in
854 749 1105 805 steculum
1127 751 1324 805 sa'culi.
1365 749 1535 823 (CA8.)
1566 751 1634 808 Et
1649 751 1694 808 si
1719 764 1828 806 coe-

247 845 360 900 lum
380 855 605 911 novum,
635 841 746 900 Deo
772 849 954 900 tamen
993 842 1130 899 bene
1159 849 1363 899 statuta
1392 843 1667 911 dicuntur,
1708 859 1830 914 quae

247 944 522 993 novantur
541 939 641 1008 per
678 933 958 991 Christum
996 942 1051 990 et
1087 935 1369 992 meliorata
1396 943 1737 1006 permanent.
1763 934 1831 994 Et

247 1035 332 1086 est
356 1028 445 1084 hic
464 1027 582 1085 laus
605 1043 636 1083 a
667 1028 930 1098 potentia.

320 1119 485 1176 Vens.
517 1121 657 1176 7.—
686 1120 926 1175 Laudate
943 1118 1251 1176 Dominum.
1280 1121 1526 1177 Secunda
1549 1135 1696 1192 pars,
1715 1119 1825 1185 ubi,

245 1214 578 1273 enumeratis
612 1214 946 1280 etelestlbus,
973 1214 1248 1271 descendit
1273 1214 1337 1270 ad
1366 1216 1663 1271 terrestria.
1689 1214 1830 1272 Con-

1934 663 1987 710 et
2009 655 2283 728 psalterio,
2306 671 2414 718 non
2442 655 2608 728 ipsius
2631 662 2803 722 actus.

2001 746 2165 804 Vens.
2203 748 2258 804 4.
2287 780 2354 789 -
2386 747 2526 814 Quia
2577 747 2952 820 beueplacitum
2996 755 3070 802 est
3123 745 3368 804 Domino.
3397 745 3523 820 (ln.)

1930 841 1992 898 in
2010 841 2185 914 prima
2227 841 2538 899 conditione
2569 841 3018 914 rerum.legimus
3037 841 3223 898 omnia
3249 841 3522 913 placuisse

1931 935 2064 1002 Deo,
2097 945 2229 1004 etc.,
2253 954 2415 1010 usque
2439 939 2508 992 ad
2529 937 2614 996 vel
2643 954 2767 994 cum
2793 953 2982 1012 parem
3010 937 3215 1010 angelis
3245 938 3429 1000 faciet.

2002 1029 2169 1090 Vens.
2194 1029 2246 1084 5.
2276 1060 2348 1070 ——
2369 1028 2723 1092 Exsullabunt
2741 1031 2929 1094 sancti.
2951 1028 3075 1102 (10.)
3100 1028 3346 1086 Secunda
3370 1047 3517 1104 pars,

1930 1121 2023 1175 ubi
2049 1121 2161 1191 agit
2195 1121 2261 1180 de
2296 1120 2506 1194 gaudiis
2539 1130 2852 1182 sanctorum
2897 1129 2951 1177 et
2976 1128 3267 1190 potestate.
3311 1118 3514 1177 Gloria.

1932 1213 2031 1268 Est
2075 1212 2342 1270 bonorum
2369 1220 2589 1270 actuum
2638 1211 2894 1288 frequens
2943 1211 3206 1279 laudatio,
3239 1212 3304 1267 de
3326 1211 3524 1284 quibus

245 1319 438 1362 versus
463 1319 592 1379 ergo
623 1305 692 1362 ad
717 1306 828 1372 illa,
857 1311 1115 1378 tanquam
1163 1308 1460 1363 exhortans
1505 1325 1604 1365 nos
1642 1317 1702 1364 ut
1737 1323 1830 1365 eo-
1922 1302 2054 1373 justi
2069 1303 2319 1360 lmtantur
2339 1305 2394 1359 in
2416 1304 2704 1372 cubilibus,
2729 1306 2783 1362 id
2810 1314 2894 1366 est
2929 1305 2982 1360 in
3014 1305 3370 1371 conscientia,
3403 1305 3526 1364 ideo

246 1413 369 1454 rum
422 1397 857 1454 consideratione
887 1398 1169 1454 laudemus
1205 1399 1396 1466 Deum,
1427 1415 1547 1470 quae
1576 1400 1825 1466 conside-

243 1497 365 1548 rata
409 1490 659 1559 aperiunt
689 1489 901 1546 laudem
933 1489 1049 1557 Dei,
1075 1491 1178 1545 ait:
1224 1491 1267 1546 Ο
1299 1507 1396 1547 vos
1444 1492 1535 1562 qui
1563 1491 1630 1546 de
1660 1501 1824 1547 terra.

245 1579 440 1638 Omnes
469 1581 662 1652 abyssi.
693 1581 876 1654 (Ana)
925 1581 1328 1638 Profunditates
1368 1598 1655 1653 aquarum,
1693 1590 1826 1648 etc.,

242 1688 408 1744 usque
430 1673 500 1728 ad
542 1675 660 1745 ipsa
697 1687 846 1746 ergo,
877 1675 934 1731 id
978 1684 1084 1744 est,
1122 1690 1222 1731 nos
1246 1674 1685 1732 consideratione
1733 1689 1828 1730 eo-

242 1782 366 1826 rum
395 1769 642 1825 hortatur
669 1770 910 1826 laudare.

316 1861 477 1918 Vens.
502 1863 556 1920 8.
584 1879 656 1904 —-‘
708 1863 840 1930 Quae
883 1864 1086 1934 faciunt
1122 1865 1332 1918 verbum
1385 1864 1519 1935 ejus.
1554 1860 1668 1917 Hoc
1707 1861 1828 1918 ideo

1931 1399 2057 1468 quia
2098 1399 2299 1456 habent
2328 1407 2438 1454 tam
2461 1399 2661 1456 bonum
2691 1399 3000 1467 Dominum,
3025 1400 3116 1470 qui
3155 1401 3248 1456 dat
3294 1416 3524 1472 peccan-

1929 1490 2075 1546 tibus
2119 1493 2350 1563 gratiam
2381 1500 2434 1548 et
2463 1493 2518 1548 in
2549 1493 2759 1550 meritis
2792 1493 3282 1550 vitamteternam.
3317 1493 3524 1550 Fatuus

1927 1590 2086 1655 extra
2112 1582 2164 1637 in
2190 1582 2386 1642 fabulis
2408 1584 2687 1642 hominum
2718 1585 2964 1650 laetatur;
2991 1585 3196 1642 sanctis
3219 1585 3308 1640 hic
3330 1585 3522 1641 modus

1930 1677 2112 1747 gaudii
2139 1685 2242 1740 est,
2277 1686 2336 1734 ut
2355 1679 2423 1738 ad
2451 1678 2601 1734 illum
2627 1678 2934 1736 referantur
2957 1680 3097 1744 bona
3127 1680 3218 1750 qui
3247 1679 3414 1734 dedit.

2001 1767 2166 1826 Vens.
2200 1769 2252 1824 6.
2281 1801 2352 1810 —
2394 1769 2788 1826 Etrallationes.
2818 1770 2940 1842 (ιθ.)
2968 1769 3156 1828 Virtus
3187 1771 3281 1828 Dei
3329 1780 3385 1825 et
3424 1785 3523 1852 po-

1931 1861 2104 1918 tentia
2127 1861 2456 1932 praedicatur
2476 1863 2530 1917 in
2557 1861 2726 1936 gloria
2761 1871 3096 1920 sanctorum.
3133 1862 3190 1916 In
3232 1862 3521 1930 cubilibus,

243 1953 370 2025 quia
398 1955 572 2009 visum
611 1953 714 2010 fuit
739 1955 1058 2026 quibusdam
1091 1955 1234 2026 quod
1262 1955 1404 2011 Deus
1437 1955 1717 2026 superiora
1745 1969 1830 2010 re-
1857 1935 1906 1996 Β
1933 1955 1988 2010 ἱη
2019 1955 2249 2012 diversis
2291 1935 2664 2014 mansionibus
2713 1965 2797 2014 est
2843 1956 3015 2029 gloria
3063 1965 3396 2013 sanctorum.
3447 1957 3526 2013 De

244 2053 412 2118 geret,
443 2048 537 2103 sed
560 2047 676 2103 haec
712 2045 970 2103 inferiora
1017 2047 1338 2118 despiceret,
1394 2047 1490 2103 sed
1534 2061 1565 2101 a
1611 2047 1830 2102 casibus

243 2149 593 2212 regerentur;
617 2140 711 2196 sed
741 2147 796 2196 et
822 2141 938 2196 haec
960 2141 1069 2212 agit
1089 2139 1256 2206 Deus,
1286 2145 1342 2196 et
1379 2139 1434 2194 in
1467 2137 1552 2195 his
1591 2137 1830 2194 minimis

243 2228 514 2298 laudatur,
542 2239 599 2288 et
632 2231 842 2288 alleluia
865 2240 1136 2288 cantatur.

313 2323 478 2380 Vens.
505 2325 590 2382 15.
635 2356 705 2366 -
736 2325 1026 2397 Confessio.
1069 2324 1244 2397 (Cas)
1283 2323 1459 2396 Supra
1499 2324 1638 2379 dixit
1676 2323 1831 2394 prius

243 2415 310 2473 de
337 2417 493 2482 etelo,
525 2426 711 2488 postea
746 2418 813 2474 de
837 2429 1015 2486 terra;
1049 2419 1138 2474 hic
1172 2421 1238 2473 de
1259 2417 1510 2474 omnibus
1553 2416 1732 2472 simul.
1762 2415 1832 2470 Et

243 2508 439 2580 accipit
485 2524 581 2579 per
604 2510 801 2564 coelum
842 2511 1024 2565 omnia
1065 2509 1367 2581 superiora,
1397 2517 1452 2565 et
1493 2523 1590 2578 per
1631 2518 1830 2564 terram

243 2601 422 2658 omnia
454 2602 731 2659 inferiora.
758 2603 940 2676 (Λυθ.)
968 2601 1239 2674 Confessio
1284 2604 1397 2675 ejus
1444 2621 1600 2676 super
1645 2605 1829 2658 caelum

243 2703 290 2750 et
314 2704 529 2751 terram.
560 2695 715 2752 Illum
736 2697 918 2752 omnia
941 2697 1270 2752 conﬁtentur
1298 2697 1353 2751 in
1375 2712 1434 2753 se
1459 2697 1544 2752 vel
1585 2698 1639 2752 in
1672 2697 1825 2762 aliis;

242 2785 592 2858 pulchritudo
611 2789 854 2844 omnium
879 2805 982 2845 vox
1009 2798 1095 2844 est
1119 2790 1494 2846 conﬁtentium
1544 2791 1598 2845 in
1646 2797 1826 2845 atten-

247 2869 500 2926 dentibus
527 2886 612 2938 ea,
639 2872 692 2926 id
715 2879 819 2937 est,
854 2871 1197 2927 attendentes
1225 2871 1446 2932 laudent
1477 2888 1622 2938 eum,
1661 2880 1717 2929 et
1763 2873 1832 2929 de

247 2965 480 3020 terrenis
505 2974 563 3021 et
609 2966 675 3020 de
719 2965 1050 3029 coelestibus,
1081 2981 1190 3036 quo
1215 2981 1323 3020 non
1353 2975 1438 3021 est
1461 2966 1665 3036 aliquid
1710 2981 1827 3021 me-

246 3055 368 3110 lius.

289 3072 483 3201 uinus.
518 3145 607 3200 M.
639 3175 708 3186 —
731 3146 1000 3203 Exaltavit
1024 3165 1186 3202 cornu
1211 3147 1390 3218 populi
1419 3149 1524 3202 sui.
1550 3146 1832 3221 (ln.)Ecce

245 3237 387 3306 quod
410 3237 750 3308 prophetavit
767 3239 996 3310 Aggteus
1019 3249 1074 3296 et
1093 3240 1406 3297 Zacharias.
1440 3240 1597 3297 Modo
1627 3241 1832 3298 humile

245 3337 329 3383 est
366 3323 419 3382 in
439 3327 878 3387 tribulationibus
915 3347 1084 3388 cornu
1105 3334 1288 3406 populi
1322 3335 1429 3401 sui,
1455 3335 1548 3392 sed
1578 3352 1704 3392 cum
1731 3352 1826 3393 ve-

245 3419 391 3476 nerit
414 3420 693 3487 Dominus,
719 3421 1064 3478 exaltabitur.

738 3555 1061 3614 PSALMUS
1096 3557 1326 3615 CXLIX.

317 3690 480 3749 Vens.
505 3692 558 3747 1.
579 3721 652 3734 -
679 3693 930 3751 Alleluia.
961 3695 1136 3770 (Cas)
1179 3696 1310 3754 Post
1337 3713 1528 3758 omnes
1553 3709 1830 3760 creaturas

243 3800 383 3859 quas
421 3786 476 3842 in
509 3786 834 3856 prtecedenti
861 3787 1073 3860 psalmo
1115 3791 1324 3847 monuit
1368 3789 1590 3848 laudare
1637 3793 1827 3863 Deuin,

244 3896 312 3938 eo
340 3881 482 3951 quod
514 3879 582 3934 ab
610 3880 725 3950 ipso
746 3889 942 3936 creata:
965 3887 1109 3949 sunt,
1135 3882 1224 3938 hic
1242 3881 1494 3956 proprius
1526 3893 1581 3940 et
1619 3887 1830 3958 specia-

246 3973 352 4029 lius
377 3971 538 4028 lsrael
585 3967 781 4028 invitat
809 3974 878 4030 ad
924 3991 1123 4030 novum
1161 3975 1436 4034 canticum
1461 3992 1561 4048 pro
1594 3979 1833 4034 novitate

247 4066 350 4123 sibi
377 4063 542 4132 facta,
573 4081 694 4138 qua:
725 4066 1025 4123 mirabilior
1056 4075 1140 4124 est
1165 4069 1263 4124 Dei
1291 4070 1536 4144 Operatio
1563 4089 1575 4126 :
1605 4071 1723 4128 inec
1750 4081 1836 4128 est

247 4158 608 4215 sanctiﬁcatio
648 4157 833 4240 lsrael,
865 4173 963 4234 per
1008 4163 1171 4234 quam
1210 4162 1278 4219 de
1319 4165 1488 4220 veteri
1530 4163 1708 4222 factus
1751 4173 1836 4223 est

249 4269 440 4310 novus.

319 4348 541 4422 Caritate
586 4347 834 4417 Domino,
873 4356 977 4406 etc.
1006 4343 1179 4423 (Cas.)
1202 4347 1388 4406 Primo
1429 4350 1616 4408 multis
1663 4351 1838 4410 modis

247 4449 434 4498 monet
461 4441 682 4498 laudare
707 4457 885 4522 regem
935 4441 1025 4512 qui
1053 4441 1131 4498 eis
1151 4441 1444 4499 benevolus
1463 4452 1518 4498 et
1537 4443 1833 4500 beneﬁcus.

250 4536 500 4594 Secundo
522 4537 633 4610 agit
654 4538 720 4592 de
748 4537 957 4608 gaudiis
979 4543 1312 4602 sanctorum,
1337 4537 1433 4602 ibi,
1456 4535 1834 4591 Exsultabttnt.

251 4626 437 4704 (Auc.)
461 4630 563 4700 Qui
592 4629 708 4687 vult
728 4636 949 4688 cantare
975 4629 1082 4684 hoc
1117 4629 1414 4695 canticum,
1453 4627 1640 4702 diligat
1679 4636 1840 4682 aeter-

251 4741 347 4794 na,
381 4733 441 4782 ut
469 4725 561 4782 ﬁat
590 4740 780 4780 novus.
815 4721 982 4778 Vetus
1017 4721 1165 4777 enim
1191 4721 1357 4776 homo
1382 4727 1537 4775 vetus
1566 4719 1837 4775 canticum

251 4817 528 4875 cantatde
575 4816 829 4872 terrenis.
875 4811 1059 4870 Novus
1095 4813 1260 4870 homo
1313 4827 1514 4868 novum
1557 4815 1741 4867 cantat
1774 4811 1840 4866 de

253 4907 660 4983 spiritualibus;
692 4908 963 4965 canticum
987 4905 1194 4963 scilicet
1217 4905 1390 4977 pacis,
1413 4904 1686 4962 canticum
1717 4903 1842 4960 cha-

255 5001 433 5058 nitatis
454 5009 510 5058 et
531 4999 902 5072 jucunditatis.
942 4998 1198 5070 Quisquis
1239 4997 1383 5054 enim
1424 4995 1670 5067 sequitur
1690 5003 1842 5051 vete-

255 5111 372 5153 rem
419 5096 838 5160 auimositatem,
863 5099 991 5150 "non
1020 5107 1218 5150 novam
1256 5091 1596 5154 charitatem,
1643 5103 1843 5146 novum

253 5190 531 5249 canticum
559 5206 665 5246 non
691 5196 897 5246 cantat.

328 5282 472 5338 Laus
496 5284 613 5356 ejus
641 5285 696 5338 in
718 5282 977 5337 Ecclesia.
1003 5279 1178 5354 (Cas)
1201 5277 1303 5335 illo
1345 5276 1435 5334 ubi
1483 5285 1540 5334 et
1588 5291 1620 5332 a
1654 5275 1847 5346 quibus

261 5377 470 5432 cantari
493 5378 689 5433 debeat
713 5378 817 5433 hoc
841 5377 1115 5432 canticum
1145 5372 1490 5429 determinat.

332 5467 496 5525 Vens.
527 5468 582 5524 2.
613 5501 680 5511 —
711 5467 778 5523 In
803 5485 918 5540 rege
950 5485 1065 5523 suo.
1097 5466 1223 5538 (11).)
1273 5463 1332 5521 ld
1360 5472 1465 5530 est,
1504 5465 1558 5519 in
1605 5462 1840 5529 Christo,

259 5563 354 5637 qui
379 5571 467 5620 est
494 5577 593 5620 rex
617 5569 674 5619 et
695 5563 963 5618 sacerdos.
992 5559 1176 5633 (Ᾱυς.)
1199 5558 1272 5615 Ut
1309 5571 1403 5614 rex
1447 5557 1706 5628 pugnavit
1746 5571 1846 5626 pro

261 5656 422 5714 nobis
455 5655 522 5712 de
551 5671 731 5719 cruce,
779 5653 1050 5710 diabolum
1079 5651 1303 5706 vincens
1331 5669 1342 5703 :
1377 5656 1438 5703 ut
1463 5649 1738 5715 sacerdos,
1789 5662 1848 5703 se

262 5765 365 5824 pro
404 5749 556 5806 nobis
579 5750 792 5815 obtulit,
819 5747 954 5803 nihil
985 5745 1268 5802 inveniens
1290 5744 1346 5799 in
1372 5742 1684 5799 hominibus
1705 5744 1848 5814 quod

265 5857 368 5914 pro
397 5842 477 5898 eis
499 5841 737 5898 offerret.

343 5934 504 5992 Vens.
535 5937 588 5992 5.
614 5966 686 5976 —
707 5932 777 5988 In
800 5933 974 5988 choro.
1031 5929 1154 6004 (ἰν.)
1199 5927 1335 5998 Quia
1362 5927 1508 5984 nulla
1555 5927 1842 6000 dispersio,

1931 2047 2126 2118 quibus
2195 2048 2476 2106 Dominus.
2534 2049 2606 2104 In
2641 2051 2797 2106 domo
2841 2047 3024 2106 Patris
3069 2050 3172 2105 mei
3223 2050 3524 2106 mansiones

1929 2142 2110 2198 multa:
2135 2152 2278 2198 sunt.
2305 2143 2487 2210 (Joan.
2521 2143 2663 2215 le.)

2003 2233 2070 2288 In
2092 2244 2320 2305 gutture.
2347 2235 2448 2303 Qui
2477 2236 2531 2292 in
2553 2236 2718 2292 corde
2743 2244 2797 2292 et
2832 2236 2887 2294 in
2908 2235 3092 2310 lingua
3129 2251 3237 2294 non
3267 2236 3524 2296 desinunt

1930 2325 2154 2382 laudare
2181 2341 2328 2392 eum,
2360 2343 2390 2384 a
2413 2342 2520 2397 quo
2548 2337 2750 2384 aeterna
2775 2328 2995 2384 habent.

2003 2415 2202 2474 Gladii.
2221 2419 2554 2476 Potestatem
2581 2422 2731 2476 verbi
2755 2421 2850 2478 Dei
2875 2421 3231 2492 accipientes,
3259 2435 3384 2478 cum
3416 2419 3522 2476 00-

1931 2509 2440 2580 minojudicahunt,
2490 2513 2740 2570 sedentes
2797 2530 2958 2585 super
2997 2513 3283 2570 duodecim
3330 2513 3520 2579 sedes;

1931 2609 1986 2656 et
2007 2611 2135 2658 tunc
2172 2617 2299 2658 vere
2325 2602 2414 2657 ﬁet
2439 2603 2666 2658 vindicta
2685 2614 2731 2660 et
2757 2604 3045 2674 increpatio
3067 2605 3122 2660 in
3140 2603 3370 2676 populis,
3394 2612 3526 2658 tunc

1931 2708 2087 2764 reges
2112 2703 2270 2750 terrae
2292 2695 2606 2766 ligabuntur
2637 2715 2649 2749 :
2678 2697 2822 2752 unde
2854 2711 2960 2752 non
2995 2697 3066 2751 sit
3093 2688 3326 2752 liberum
3348 2697 3520 2750 exire.

1931 2783 1999 2839 Et
2020 2786 2229 2841 nobiles
2255 2785 2431 2841 ferent
2455 2786 2632 2842 ferrea
2661 2787 2894 2852 vincula,
2930 2795 2988 2842 ut
3009 2787 3194 2858 gravia
3219 2787 3284 2841 ad
3304 2795 3526 2856 portan—

1931 2875 2084 2943 dum,
2106 2887 2160 2933 et
2186 2893 2307 2948 quae
2332 2893 2440 2934 non
2465 2877 2691 2950 possunt
2712 2880 2887 2949 rumpi
2919 2895 2934 2934 :
2959 2889 3016 2936 et
3039 2880 3120 2935 sic
3149 2879 3241 2936 ﬁet
3262 2881 3524 2951 judicium

1932 2972 2323 3042 conscriptum,
2364 2973 2418 3028 id
2463 2981 2548 3028 est
2575 2973 2644 3028 ab
2695 2972 2901 3044 angelis
2951 2973 3387 3043 comprobatum.
3449 2972 3526 3027 De

1932 3075 2041 3131 quo
2068 3060 2358 3132 Apostolus
2393 3080 2406 3114 :
2463 3058 2692 3116 Nescitis
2740 3064 2866 3132 quia
2897 3063 3108 3132 angelos
3125 3061 3530 3132 judicabimus.’

1933 3151 1987 3222 (1
2010 3150 2260 3223 Cornu.)
2308 3151 2377 3206 Et
2410 3167 2480 3207 ne
2533 3160 2692 3223 putes
2741 3152 2885 3208 solos
2931 3153 3204 3223 apostolos
3248 3153 3527 3222 judicare,

1935 3242 2103 3308 addit,
2129 3242 2298 3313 gloria
2319 3243 2450 3307 lucc,
2476 3243 2684 3299 scilicet
2716 3251 2958 3315 potestas
2988 3223 3202 3314 judi’cii,
3239 3253 3324 3300 est
3352 3245 3527 3300 omni-

1935 3335 2037 3391 bus
2077 3337 2281 3392 sanctis
2309 3321 2448 3408 ejus,
2497 3336 2550 3392 id
2577 3345 2659 3392 est
2696 3337 2974 3410 perfectis,
3020 3339 3114 3410 qui
3155 3351 3254 3409 pro
3300 3337 3523 3394 Christo

1933 3427 2115 3484 omnia
2146 3437 2361 3484 terrena
2386 3429 2742 3500 reliquerunt.

2005 3541 2192 3611 (Anc)
2223 3539 2590 3598 Exultationes
2605 3543 2704 3598 Dei
2728 3545 2782 3598 in
2806 3552 3036 3615 gutture.
3058 3542 3152 3601 Sic
3171 3545 3316 3601 enim
3339 3545 3530 3602 laetan-

1932 3642 2026 3689 tur
2055 3634 2112 3688 in
2142 3635 2411 3690 cubilibus
2436 3646 2489 3691 et
2518 3635 2784 3703 faucibus,
2815 3638 2869 3694 id
2893 3647 2977 3694 est
2997 3639 3052 3694 in
3065 3640 3230 3696 corde
3251 3649 3307 3696 et
3322 3639 3530 3712 lingua,

1933 3737 1994 3783 ut
2021 3743 2127 3783 non
2155 3729 2256 3784 sibi
2287 3729 2532 3786 tribuant
2557 3731 2708 3800 quod
2732 3732 2862 3788 boni
2897 3741 3043 3799 sunt,
3073 3733 3166 3788 sed
3199 3733 3334 3801 Deo,
3361 3750 3390 3789 a
3426 3751 3535 3806 quo

1937 3831 2264 3892 acceperunt
2298 3823 2442 3893 quod
2467 3832 2614 3889 sunt,
2651 3831 2707 3880 et
2735 3834 2960 3897 sperant
2992 3826 3049 3881 id
3104 3826 3250 3897 quod
3294 3828 3533 3884 nondum

1937 3923 2082 3970 sunt.

2006 4025 2171 4084 Vens.
2203 4026 2257 4083 8.
2289 4059 2360 4068 —
2382 4029 2464 4083 Ad
2487 4029 2804 4102 alligandos.
2841 4027 2937 4086 His
2976 4030 3209 4087 vinculis
3249 4032 3534 4087 mandato-
3581 4093 3588 4098 ε

1938 4134 2060 4174 rum
2106 4127 2162 4174 et
2208 4128 2604 4192 prteceptorum
2650 4121 2747 4177 Dei
2787 4121 3026 4194 ligantur
3067 4123 3308 4199 gentium
3357 4138 3532 4194 rcges,

1938 4211 2150 4268 nobiles
2177 4212 2382 4280 stcculi,
2411 4214 2480 4268 ab
2509 4212 2741 4270 inﬁrmis
2763 4224 2820 4271 et
2847 4216 3348 4287 contemptibilibus
3375 4217 3534 4287 hujus

1937 4303 2150 4368 mundi,
2184 4318 2322 4373 quos
2347 4304 2510 4374 elegit
2539 4305 2802 4359 Dominus
2844 4315 2905 4360 ut
2955 4297 3115 4361 fortia
3146 4321 3370 4376 quaeque
3403 4321 3535 4364 con-

1938 4393 2192 4450 funderet
2220 4412 2234 4461 ;
2268 4395 2524 4466 ipsosque
2575 4396 2821 4466 implevit
2846 4394 3050 4468 Spiritu
3072 4406 3282 4464 sancto,
3312 4405 3366 4453 et
3387 4397 3538 4454 dedit

1939 4487 2021 4544 eis
2065 4487 2304 4545 frameas
2351 4489 2436 4546 bis
2478 4499 2687 4558 acutas,
2717 4498 2778 4546 ut
2819 4493 2888 4547 ad
2915 4491 3119 4548 Christi
3155 4493 3408 4550 timorem
3439 4510 3536 4550 no-

1941 4579 2128 4635 bilium
2176 4581 2340 4636 corda
2388 4591 2803 4650 converterent,
2854 4593 2909 4640 et
2961 4585 3208 4641 saeculari
3256 4587 3538 4643 nobilitate

1861 4669 1916 4732 D
1940 4681 2271 4747 contempta,
2305 4685 2680 4748 paupertatem
2720 4676 2984 4748 eligerent
3023 4687 3076 4735 et
3111 4679 3451 4736 nobilitatem
3481 4680 3536 4734 in

1944 4764 2180 4820 Christo.
2224 4765 2404 4822 Voluit
2435 4768 2578 4824 enim
2609 4768 2868 4839 prodesse
2900 4758 3219 4842 imperatori
3256 4773 3324 4830 de
3353 4773 3530 4843 pisca—

1945 4871 2085 4928 tore,
2111 4877 2218 4918 non
2242 4862 2502 4932 piscatori
2526 4863 2592 4918 dc
2621 4862 2975 4934 imperatore.

2019 4978 2202 5051 (Auc.)
2233 4978 2338 5036 Per
2382 4980 2481 5035 hos
2503 4978 2638 5050 ligat
2673 4993 2831 5052 reges
2873 4990 2930 5036 et
2955 4981 3165 5038 nobiles
3207 4980 3262 5036 in
3307 4978 3540 5036 vinculis

1948 5073 2163 5140 ferreis,
2195 5090 2264 5131 ne
2281 5075 2742 5146 progrederentur
2774 5077 2843 5132 ad
2873 5077 3084 5134 illicita.

2511 5232 2833 5292 PSALMUS
2869 5231 2982 5290 CL.

2021 5368 2183 5424 Vens.
2231 5367 2283 5421 1.
2321 5397 2390 5406 -
2429 5366 2668 5422 Laudato
2710 5367 3010 5422 Dominum.
3047 5363 3221 5438 (ολδ.)
3261 5367 3340 5422 De
3375 5365 3538 5424 laude

1949 5457 2045 5514 Dei
2078 5458 2131 5512 in
2154 5457 2358 5513 sanctis
2383 5455 2518 5527 ejus,
2541 5459 2635 5528 qui
2669 5456 2954 5529 gloriﬁcati
2991 5456 3111 5512 sine
3142 5456 3250 5514 ﬁne
3296 5457 3539 5513 laudant.

1951 5552 2199 5609 Morietur
2227 5552 2417 5608 civitas
2447 5551 2562 5618 Dei,
2591 5551 2798 5606 scilicet
2830 5550 3012 5606 unitas
3041 5551 3284 5606 omnium
3321 5559 3544 5608 sancto-

1953 5661 2093 5711 rum,
2127 5660 2222 5702 ore
2253 5656 2306 5701 et
2349 5646 2532 5700 animo
2570 5651 2810 5700 cantare.
2860 5642 2916 5697 In
2955 5643 3061 5699 hoc
3105 5644 3320 5699 culmen
3353 5645 3538 5700 omnis

1954 5740 2249 5810 psalmodia
2296 5740 2627 5810 perducitur,
2669 5751 2789 5806 quae
2831 5735 3060 5809 nuptiali
3088 5737 3378 5795 dulcedine
3404 5753 3536 5794 can-

1959 5841 2119 5888 tatur.

2029 5924 2267 5981 Laudate
2297 5940 2416 5981 eum
2444 5923 2500 5980 in
2523 5924 2876 5994 ﬁrmamento.
2921 5921 3105 5997 (Αυσ.)
3134 5921 3323 5980 Virtus
3349 5931 3428 5980 est
3484 5921 3543 5978 in
