4008 6348
558 421 696 482 1079

1069 405 1462 470 WALAFBIDI
1502 401 1749 462 STRABI
1783 397 1987 457 FULD.
2026 393 2192 452 MON.
2232 391 2382 452 OPP.
2424 391 2605 449 PARS
2645 390 2685 446 Ι.
2725 419 2794 432 —-
2831 385 3288 446 THEOLOCICA.

3635 394 3740 457 1080

561 538 928 596 ﬁrmamento,
959 537 1092 593 etc.,
1126 542 1286 597 usque
1322 523 1390 578 ad
1419 521 1510 592 qui
1539 519 1770 575 invicem
1791 530 1851 572 se
1870 516 2140 571 honoran—
2166 512 2221 574 Α
2242 506 2424 563 omnia
2451 506 2518 561 de
2555 503 2862 560 hominibus
2893 502 3190 573 acciperes,
3242 501 3308 557 ad
3351 501 3567 564 hominis
3594 522 3646 563 os
3675 527 3742 568 ve-

563 638 665 695 tes,
700 626 828 682 dant
851 620 1064 677 laudem
1086 619 1218 673 Deo.

636 715 838 791 (ωε.)
895 713 1101 781 Quibus
1146 709 1411 780 propheta
1472 705 1528 760 in
1593 699 1860 774 principio
1914 697 2143 753 formam

564 789 998 868 conversationis
1026 801 1284 866 ostendit,
1305 799 1419 870 jam
1455 797 1510 851 in
1569 795 1662 850 illa
1715 789 2011 848 Jerusalem
2054 799 2145 842 re-

565 901 758 972 ceptis,
785 897 918 953 dicit
944 895 1000 949 in
1025 894 1104 948 eis
1131 890 1459 946 laudandum
1483 900 1603 942 esse
1625 885 1815 948 Deum,
1843 880 1936 951 qui
1964 876 2147 934 omnia

567 968 733 1046 dedit.
766 987 834 1041 In
862 987 1214 1056 firmamento,
1240 981 1367 1051 quia
1389 986 1562 1034 morte
1585 991 1680 1032 sua
1703 971 1971 1029 diabolum
1993 968 2147 1034 vicit,

567 1092 624 1139 et
663 1081 951 1138 credentes
987 1077 1055 1132 ad
1096 1075 1290 1132 coelum
1325 1072 1595 1144 perduxit.
1635 1069 1692 1124 In
1729 1065 2019 1123 virtutibus
2065 1060 2151 1117 vel

567 1171 960 1245 potentatibus,
991 1170 1115 1240 quia
1141 1167 1322 1222 omnia
1345 1162 1587 1232 subjecta
1615 1159 1843 1232 pedibus
1869 1157 2009 1229 ejus.

640 1264 806 1320 Vens.
827 1263 882 1317 Ξ.
913 1293 982 1303 —-
1010 1258 1308 1317 Secundum
1343 1253 1734 1311 multitudinem
1770 1246 2152 1320 magnitudinis

571 1357 706 1428 ejus.
740 1353 1020 1422 Quomodo
1049 1353 1172 1416 hoc,
1209 1365 1332 1405 cum
1354 1344 1740 1418 magnitudinis
1777 1341 1892 1412 ejus
1932 1354 2037 1394 non
2069 1345 2154 1393 est

574 1448 742 1502 ﬂuis?
765 1447 858 1502 sed
883 1443 1253 1516 spiritualibus
1272 1449 1325 1495 et
1355 1439 1558 1496 sanctis
1570 1437 1765 1493 dicitur
1791 1433 1914 1488 hoc.
1940 1431 2153 1486 Etcum

574 1552 682 1593 non
723 1538 793 1592 sit
839 1537 962 1590 ﬁnis
989 1531 1396 1604 magnitudinis,
1420 1527 1714 1584 secundum
1757 1537 1877 1578 eam
1911 1520 2156 1575 laudatur

576 1630 740 1694 Deus,
765 1644 885 1684 cum
908 1628 1025 1683 sine
1049 1625 1154 1681 line
1181 1624 1447 1678 laudetur.
1478 1619 1758 1688 Quomodo
1773 1622 1953 1670 autem
1966 1613 2158 1668 debeat

577 1725 809 1789 laudari,
846 1740 945 1795 per
986 1721 1366 1777 similitudines
1403 1719 1659 1789 mysticas
1686 1727 1859 1783 usque
1887 1710 1955 1764 ad
1994 1707 2158 1763 ﬁnem

580 1814 774 1886 psalmi
811 1813 979 1869 dicit:
1017 1811 1163 1864 Tuba
1192 1817 1482 1877 concrepet
1509 1806 1640 1878 regi,
1673 1801 1978 1874 psalterium
1998 1804 2159 1854 canat

580 1909 693 1963 Deo
732 1926 745 1961 :
775 1908 976 1962 cithara
999 1921 1123 1961 cum
1147 1903 1371 1974 reliquis
1407 1916 1622 1971 sponso.
1647 1897 1800 1952 Tuba
1826 1895 1970 1951 enim
1998 1889 2158 1947 terri-

581 2001 725 2064 bilis,
748 2000 834 2054 vel
865 2000 917 2054 in
947 1999 1089 2055 bello
1113 1998 1366 2061 sumitur,
1401 1995 1505 2059 vel,
1537 1994 1592 2048 in
1617 1989 1939 2046 adventibus
1974 1998 2161 2054 regum

585 2100 904 2163 apparatur;
937 2091 1256 2160 psalterium
1289 2104 1318 2142 a
1343 2101 1574 2150 summo,
1599 2083 1806 2139 cithara
1836 2081 1904 2134 ab
1929 2079 2037 2132 imo
2069 2089 2162 2130 so-

583 2189 678 2236 nat
710 2199 723 2235 :
753 2181 867 2235 haec
895 2179 1097 2244 omnia,
1135 2177 1385 2234 humanis
1407 2176 1631 2230 actibus
1657 2176 1988 2242 comparata,
2029 2165 2165 2236 ﬁgu-

587 2273 776 2329 raliter
804 2273 878 2329 ibi
904 2273 1157 2328 dicuntur
1191 2272 1378 2326 laudes
1407 2269 1500 2324 Dei
1529 2280 1843 2339 personare.

661 2367 826 2422 Vens.
852 2366 906 2421 4.
927 2397 999 2407 -
1025 2365 1093 2420 In
1142 2364 1348 2419 chordis
1379 2371 1425 2416 et
1459 2376 1677 2432 organo.
1721 2354 1892 2429 (ΟΑε.)
1927 2351 2162 2408 Chordas

584 2459 741 2532 ponit
766 2474 865 2529 pro
889 2458 1408 2513 omniinstrumento
1423 2452 1652 2517 musico,
1681 2447 1821 2519 quod
1837 2445 2163 2502 chordarum

593 2555 836 2611 tensione
888 2562 1062 2610 sonat:
1115 2552 1385 2624 Organum
1429 2557 1512 2606 est
1547 2545 1700 2619 quasi
1754 2543 1918 2599 turris
1975 2538 2168 2596 ﬁstulis

594 2644 824 2701 diversis
845 2645 1130 2712 fabricata,
1164 2642 1293 2699 ﬂatu
1326 2642 1534 2698 follium
1565 2656 1803 2707 sonans;
1841 2647 1897 2694 et
1943 2643 2005 2689 ut
2051 2633 2166 2688 haec

2242 600 2324 654 nit
2350 617 2362 654 :
2385 605 2442 654 et
2459 611 2734 668 exponens
2758 595 2887 668 quid
2908 595 2980 651 sit
2998 594 3221 650 laudare
3241 594 3296 649 in
3314 595 3510 678 chordis
3535 607 3578 653 et
3593 616 3742 672 organo

2246 693 2448 750 subdit.

2314 808 2555 864 Laudate
2581 823 2698 862 eum
2730 806 2788 861 in
2812 803 3081 877 cymbalis,
3113 811 3219 860 etc.
3265 798 3505 876 cymbala
3545 806 3660 864 bene
3681 826 3746 867 so-

2246 902 2434 957 nantia
2469 901 2610 956 labia
2640 908 2824 956 nostra
2853 906 2978 952 sunt
3003 913 3121 967 qua:
3144 899 3295 953 cordi
3321 899 3564 956 concinna
3590 892 3638 956 in
3659 901 3744 959 lau-

2249 992 2406 1048 dibus
2450 991 2546 1046 Dei
2598 991 2737 1046 bene
2779 996 2994 1053 sonant,
3049 988 3103 1042 in
3157 989 3352 1058 quibus
3403 999 3481 1046 est
3521 992 3750 1051 similitudo

2249 1082 2640 1156 cymbalorum,
2670 1090 2724 1138 et
2771 1081 3108 1136 harmoniam
3155 1070 3402 1147 reddunt,
3428 1090 3478 1136 et
3524 1084 3625 1139 ideo
3652 1086 3750 1144 bene

2250 1175 2393 1232 inter
2417 1175 2622 1231 musica
2644 1175 3001 1230 instrumenta
3033 1180 3179 1228 sunt.
3221 1171 3389 1244 (αλδ.)
3416 1171 3638 1244 Cymbala
3653 1176 3750 1230 bene

2253 1271 2534 1326 tinnientia
2578 1277 2705 1324 sunt
2757 1285 2825 1324 ex
2881 1266 3162 1337 permistis
3213 1265 3442 1322 metallis
3489 1268 3750 1337 parvissima:

2252 1365 2467 1436 phialae,
2495 1378 2612 1432 qua:
2637 1371 2853 1418 acutum
2869 1376 3063 1416 sonum
3092 1360 3345 1415 reddunt.
3377 1356 3478 1415 Sed
3495 1360 3604 1428 quia
3621 1360 3751 1415 omnia

2255 1457 2606 1530 spiritualiter
2633 1453 2853 1526 intelligi
2886 1452 3022 1518 vult,
3046 1460 3176 1523 apto
3203 1450 3311 1505 ﬁne
3344 1450 3622 1508 concludit:
3707 1440 3709 1442 ’

2325 1575 2488 1629 Vens.
2516 1571 2569 1626 6.
2591 1602 2662 1612 —
2693 1568 2873 1624 Omnis
2893 1568 3134 1638 spiritus,
3155 1565 3430 1634 angelicus
3455 1573 3507 1620 et
3527 1565 3750 1630 humanus,

2256 1665 2432 1720 laudet
2453 1663 2757 1718 Dominum.
2785 1659 2901 1715 Non
2941 1674 3070 1714 caro
3101 1665 3159 1712 et
3180 1657 3419 1728 sanguis,
3463 1671 3559 1712 non
3593 1657 3748 1712 habitus

2257 1754 2433 1812 saeculi
2465 1773 2477 1808 :
2519 1753 2612 1809 sed
2652 1751 2796 1822 quod
2840 1757 2924 1806 est
2971 1750 3024 1804 in
3071 1757 3270 1802 natura
3301 1762 3474 1802 rerum
3511 1746 3750 1808 sublimius,

2185 1875 2234 1936 Β
2260 1847 2400 1918 quod
2423 1845 2661 1901 caelestia
2687 1843 2846 1913 sapit,
2876 1850 3079 1896 aeterna
3117 1839 3283 1909 capit.
3308 1836 3488 1892 Brevis
3511 1844 3559 1892 et
3585 1835 3754 1906 perfecta

2265 1939 2514 2002 scientia,
2537 1944 2596 1991 ut
2620 1935 2790 1990 Deum
2813 1931 3172 2003 spiritualiter
3197 1930 3378 1984 omnia
3401 1929 3613 1992 laudent,
3632 1928 3671 1982 in
3699 1928 3754 1980 his

2267 2032 2431 2088 totius
2458 2029 2679 2085 musicae
2704 2023 2967 2097 perfectio
2996 2031 3099 2077 est.
3131 2021 3229 2075 Est
3251 2019 3393 2075 enim
3421 2016 3562 2072 ﬂatus
3588 2018 3631 2071 in
3657 2017 3754 2079 tuba,

2266 2124 2451 2196 pulsus
2471 2124 2524 2178 in
2555 2122 2764 2177 cithara
2784 2126 2840 2174 et
2861 2117 2914 2172 in
2935 2114 3226 2188 cymbalis,
3253 2111 3420 2167 voxin
3443 2108 3758 2174 choro.Quibus

2266 2215 2490 2271 musicis
2547 2208 2923 2267 instrumentis
2971 2207 3314 2279 significatur
3375 2200 3636 2274 spiritualis
3677 2200 3761 2254 har-

2266 2309 2471 2373 monia,
2510 2321 2630 2376 quae
2683 2319 2792 2360 non
2822 2300 3061 2365 auribus,
3094 2298 3197 2355 sed
3234 2310 3369 2368 pura
3419 2303 3579 2350 mente
3627 2291 3758 2344 adver-

2271 2402 2428 2457 titur.
3075 2401 3090 2412 ‘

2343 2511 2525 2586 (Aac)
2541 2509 2668 2565 'l‘ria
2684 2515 2812 2564 sunt
2827 2520 3045 2579 genera,
3061 2513 3202 2569 etc.,
3222 2517 3383 2574 usque
3404 2499 3468 2554 ad
3487 2496 3595 2552 vita:
3611 2499 3760 2548 aeterne

2269 2621 2376 2661 vox
2397 2613 2482 2662 est
2506 2620 2520 2660 :
2547 2603 2730 2660 Omnis
2763 2602 2980 2673 spiritus
3007 2597 3190 2654 laudet
3213 2594 3504 2650 Dominum.

640 2707 3740 2803 ,_________________——————'————¥-—-—

1638 2875 1940 2958 LIBER
2013 2865 2816 2953 PROVERBIORUM

1565 3061 1732 3129 Quem
1798 3057 2011 3114 Hebraei
2068 3054 2240 3111 MISLE
2303 3036 2532 3126 ('I'Jtmo)
2599 3047 2890 3121 appellant.

750 3329 818 3391 Β.
865 3327 1326 3392 HIERONYMI
1370 3323 1761 3389 EPISTOLA
1801 3323 1903 3386 ET
1947 3317 2366 3384 PROLOGUS
2409 3315 2733 3382 DUPLEX
2779 3316 2888 3378 DE
2929 3313 3194 3378 LIBRIS
3235 3302 3661 3375 SALOMONIS.

1438 3486 1628 3569 (Vide
1670 3486 1840 3550 inter
1869 3484 2010 3567 ejus
2053 3483 2288 3564 Opera,
2317 3485 2475 3544 tom.
2509 3481 2560 3554 Ι,
2599 3479 2690 3543 ΙΙΙ
2719 3483 2782 3542 et
2814 3478 3014 3562 VIII.)

1990 3657 2461 3676 w—

1101 3765 1328 3824 CAPUT
1390 3762 1679 3821 PRIMUM.

671 3911 836 3969 Vtilis.
874 3909 924 3962 l.
952 3938 1022 3948 —
1045 3903 1323 3960 Parabolas
1348 3901 1669 3958 Salomonis.
1698 3899 2004 3956 Notandum
2033 3899 2180 3971 quod

603 4003 820 4074 vulgata
844 3997 1008 4054 editio
1027 3992 1313 4067 parabolas
1328 4033 1342 4056 ,
1358 4007 1477 4062 qtae
1497 3991 1760 4046 Hebraice
1785 3989 1934 4045 misle
1960 3973 2179 4061 (47cm),

604 4095 792 4154 Graece
821 4110 1108 4164 παροιμίας
1141 4085 1441 4158 parmmias,
1470 4083 1522 4136 id
1552 4089 1653 4146 est,
1693 4081 1981 4150 proverbia
2011 4079 2179 4144 dicit;

605 4187 700 4244 sed
729 4185 861 4242 satis
887 4179 1156 4238 convenit.
1189 4176 1319 4243 Quae
1346 4173 1487 4230 enim
1512 4171 1784 4242 parabola:
1807 4171 1952 4241 (quia
1974 4167 2182 4224 occulta

608 4279 752 4350 sunt)
779 4281 1192 4344 nuncupantur,
1239 4268 1400 4323 etiam
1426 4263 1710 4336 proverbia
1728 4261 1850 4331 jure
1869 4269 2134 4316 vocantur
2167 4279 2179 4314 :

606 4373 734 4444 quia
763 4369 888 4423 talia
912 4373 1040 4421 sunt
1065 4405 1079 4430 ,
1114 4378 1234 4433 qua:
1257 4373 1396 4430 saepe
1419 4359 1475 4413 in
1496 4372 1589 4412 ore
1615 4355 2032 4426 colloquentium
2058 4369 2184 4409 ver-

609 4463 718 4520 sari
748 4475 812 4515 ac
842 4457 1104 4514 memoria
1152 4453 1349 4508 debent
1396 4449 1634 4505 retineri.
1688 4448 1863 4502 Etiam
1902 4445 2184 4517 proverbia

610 4555 929 4626 plerumque
976 4557 1086 4603 tam
1131 4545 1358 4600 obscura
1390 4549 1516 4598 sunt
1539 4549 1600 4595 ut
1636 4539 1905 4610 parabolae
1946 4539 2080 4594 bene
2108 4537 2188 4591 di-

611 4655 832 4710 cantur;
882 4645 1060 4698 unde:
1099 4639 1227 4695 Ηωσ
1255 4639 1309 4693 in
1335 4636 1619 4707 proverbiis
1653 4634 1858 4688 locutus
1893 4649 2008 4687 sum
2047 4632 2188 4688 vobis

613 4737 794 4812 (Joan.
838 4732 944 4803 vt),
975 4740 1079 4785 etc.
1117 4727 1530 4784 Proverbiorum
1556 4726 1722 4789 liber,
1755 4739 1862 4778 non
1891 4731 1952 4778 ut
1980 4723 2188 4794 simpli-

612 4845 703 4886 ccs
742 4825 1091 4886 arbitrantur,
1134 4820 1373 4891 patentia
1411 4819 1573 4873 habet
1599 4824 1886 4888 prtecepta,
1915 4816 2008 4870 sed
2035 4814 2190 4886 quasi

613 4922 666 4975 in
694 4927 839 4973 terra
879 4927 1068 4968 aurum
1089 4953 1103 4977 ,
1140 4911 1194 4964 in
1232 4926 1369 4965 nuce
1395 4909 1648 4972 nucleus,
1679 4909 1732 4962 in
1763 4907 1984 4962 hirsutis
2012 4915 2191 4962 casta-

615 5023 834 5065 nearum
889 5001 1158 5074 operculis
1199 5000 1543 5055 absconditus
1599 4999 1803 5052 fructus
1854 4995 2188 5066 inquiritur:

614 5104 686 5157 ita
720 5102 774 5154 in
811 5098 892 5154 eis
915 5095 1126 5151 divinus
1148 5108 1338 5148 sensus
1375 5090 1536 5145 altius
1559 5097 1642 5144 est
1678 5087 2052 5158 inquirendus.
2084 5086 2191 5142 Pa-

616 5191 814 5248 rabolae
857 5187 1161 5244 Salomonis
1205 5183 1497 5240 secundum
1541 5181 1862 5237 Hebraicam
1911 5181 2194 5238 veritatem

619 5284 894 5342 translate
910 5281 979 5337 ab
1002 5279 1251 5340 Eusebio,
1288 5275 1613 5345 Hieronymo
1638 5274 1956 5344 presbytero
1977 5283 2198 5344 petente

617 5375 930 5436 Chromatio
957 5380 1011 5428 et
1060 5371 1348 5428 Heliodoro
1373 5367 1668 5438 episcopis;
1701 5369 1966 5441 παράϐολη
1991 5367 2196 5434 Graece,

2209 3769 2254 3832 ρ
2285 3759 2565 3833 plicabitur
2589 3756 2702 3828 ejus
2729 3755 3030 3826 imperium,
3061 3769 3111 3808 et
3147 3753 3296 3825 regni
3323 3751 3432 3822 ejus
3455 3763 3548 3803 non
3572 3743 3650 3800 erit
3669 3739 3762 3810 ﬁnit.

2288 3830 2459 3923 Super
2481 3849 2672 3906 solium
2717 3846 2910 3912 David,
2965 3853 3014 3900 et
3065 3861 3225 3916 super
3265 3857 3471 3914 regnum
3508 3837 3603 3908 ejus
3637 3830 3763 3888 sedati!

2285 3943 2436 4017 (Luc.
2468 3941 2530 4014 1).
2566 3939 2718 3996 Sicut
2755 3937 2938 4009 templi
2986 3936 3388 3994 constructione
3413 3941 3464 3987 et
3499 3924 3762 3986 dedicatione.

2285 4013 2696 4092 aediﬁcationem
2731 4030 2988 4087 Ecclesia:
3036 4030 3092 4085 in
3139 4036 3381 4100 tempore
3427 4013 3762 4080 resurrectionis.

2284 4127 2402 4198 Ipse
2434 4126 2596 4181 etiam
2636 4122 2883 4178 Christus
2911 4120 3053 4176 filius
3083 4120 3290 4187 David,
3337 4126 3391 4174 et
3429 4131 3514 4172 rex
3556 4103 3765 4198 Spiritualis

2284 4193 2487 4281 Israel,
2527 4214 2820 4271 secundum
2851 4212 3218 4268 testimonium
3255 4209 3440 4273 turbae,
3469 4219 3574 4277 qure
3602 4193 3766 4256 occurrit

2288 4308 2338 4363 ei
2387 4323 2510 4362 cum
2555 4304 2724 4360 ramis
2768 4304 3072 4374 palmarum
3105 4311 3162 4358 et
3208 4302 3448 4359 laudibus
3473 4293 3652 4368 (Matth.
3679 4284 3764 4354 in).

2289 4399 2425 4468 Quid
2453 4407 2634 4454 autem
2663 4397 2912 4453 utilitatis
2936 4395 3203 4462 habeant,
3238 4396 3294 4451 in
3327 4392 3477 4449 titulo
3503 4388 3764 4444 monstratur.

2289 4509 2412 4549 cum
2436 4492 2635 4547 dicitur
2667 4509 2680 4544 :
2713 4490 2795 4543 Ad
2815 4490 3083 4544 sciendum
3105 4490 3412 4562 sapientiam
3439 4496 3484 4542 et
3505 4477 3766 4549 disciplinam;

2293 4582 2345 4638 id
2385 4590 2498 4647 est,
2549 4581 2820 4652 quomodo
2867 4589 3013 4636 recte
3051 4581 3278 4637 credere
3305 4589 3360 4636 et
3385 4580 3549 4633 vivere
3576 4571 3764 4641 oporteat.

2291 4689 2560 4747 quemque
2584 4687 2693 4744 quo
2712 4674 3068 4729 intentionem
3095 4674 3275 4731 cordis
3310 4671 3542 4742 dirigere.

2363 4787 2528 4844 Vens.
2555 4786 2610 4840 2.
2649 4815 2722 4827 -
2752 4785 2834 4839 Ad
2879 4784 3218 4857 intelligenda
3259 4783 3409 4840 verba
3453 4771 3704 4851 prudentia.
3731 4759 3764 4816 Id

2295 4889 2398 4947 est,
2427 4894 2536 4935 non
2560 4877 2733 4934 solum
2756 4877 3076 4947 sapientiam
3097 4918 3112 4944 ,
3140 4892 3299 4949 quam
3329 4871 3655 4946 perceperunt,
3689 4869 3764 4949 am:

2294 4973 2631 5045 plectantur,
2673 4980 2730 5027 et
2776 4944 3070 5041 disciplinae
3099 4944 3354 5026 virtutum
3395 4944 3764 5045 inserviant,‘so'|

2298 5043 2461 5124 etiam
2482 5070 2647 5124 verba
2668 5067 2992 5137 prudentiae,
3014 5067 3209 5138 quibus
3244 5063 3530 5139 prociant,
3548 5043 3764 5108 auscultem

2220 5120 2273 5180 Β
2297 5168 2352 5215 et
2381 5159 2608 5216 solerter
2635 5120 2950 5230 iritelligant.

2366 5274 2531 5330 Vens.
2565 5273 2618 5329 5.
2646 5303 2718 5313 —
2745 5272 2976 5328 Audiens
3005 5271 3231 5344 sapiens,
3250 5265 3530 5341 sapientior.
3553 5248 3723 5345 Ριξιφξθ
3737 5251 3761 5345 ξ’

2296 5365 2560 5436 sapientia
2591 5363 2802 5434 incipit,
2832 5363 2956 5435 quia
2988 5341 3204 5433 optione
3239 5359 3337 5416 sibi
3375 5357 3487 5412 data
3523 5341 3760 5417 sapienti-1m

617 5470 808 5527 Latine
836 5465 1234 5530 similitudines;
1266 5462 1408 5533 quod
1443 5461 1761 5516 vocabulum
1800 5462 1918 5516 ideo
1945 5460 2198 5516 Salomon
2294 5458 2449 5528 petiit
2476 5467 2529 5512 et
2550 5457 2774 5528 accepit.

619 5564 747 5619 huic
767 5560 918 5632 operi
943 5559 1223 5628 imposuit,
1249 5566 1311 5612 ut
1345 5571 1450 5613 non
1475 5553 1631 5626 juxta
1659 5553 1892 5608 litteram
1925 5553 2194 5623 intelliga-

621 5670 744 5712 mus
781 5668 901 5724 qua:
928 5651 1092 5706 dicit:
1118 5651 1172 5704 in
1216 5665 1323 5719 quo
1348 5648 1638 5703 Dominum
1681 5644 1985 5715 parabolice
2024 5645 2196 5700 turbis

623 5745 928 5799 locuturum
957 5741 1256 5811 signiﬁcat,
1287 5740 1426 5795 sicut
1453 5747 1507 5792 et
1530 5736 1746 5793 nomine
1777 5751 1876 5791 suo
1913 5750 2076 5805 regno
2105 5751 2197 5805 pa-

627 5832 819 5897 cillco,
843 5845 1065 5900 regnum
1100 5829 1298 5883 Christi
1328 5839 1383 5884 et
1415 5828 1706 5892 Ecclesiae;
1739 5827 1802 5882 de
1831 5842 1936 5893 quo
1971 5843 1982 5877 :
2016 5823 2200 5880 Multi-

2375 5549 2606 5602 Audiens
2655 5517 2891 5619 sapiens,
2947 5547 3250 5619 sapientior.
3306 5534 3528 5600 Ostendit
3567 5517 3760 5619 Dein“???

2303 5650 2413 5695 tam
2443 5610 2741 5708 sapientem
2764 5639 2820 5693 in
2848 5610 2949 5693 hac
2974 5610 3082 5693 vita
3101 5679 3116 5704 ,
3143 5638 3232 5708 qui
3259 5649 3358 5690 non
3384 5624 3532 5701 ροεείῐ
3551 5610 3762 5708 sapient?

2304 5747 2422 5788 esse
2446 5733 2606 5787 etiam
2637 5731 2794 5786 dictis
2825 5691 3115 5784 minorum:
3151 5691 3358 5783 Audivit
3384 5691 3542 5789 regina
3567 5701 3673 5762 Saba

2304 5827 2588 5880 lomoncm.
2617 5825 2793 5878 minor
2813 5825 3093 5900 majorem,
3117 5831 3172 5876 et
3192 5813 3465 5889 sapientior
3485 5799 3628 5861 rediit.
3650 5779 3760 5843 Andr
