4008 6348
276 444 408 502 1081

273 564 352 618 vit
377 559 589 632 Moyses
612 574 860 617 socerum
891 561 1058 617 multo
1084 559 1393 618 inferiorem
1412 603 1426 627 ,
1459 571 1515 618 et
1553 563 1848 634 sapientior
1872 569 1926 630 Α

275 653 452 708 factus
476 659 580 708 est.

342 748 412 804 Et
435 748 746 820 intelligens.
781 749 936 821 (Ras.
959 750 1014 803 in
1049 747 1230 815 Prom,
1253 755 1363 806 tom
1387 747 1476 821 V.)
1498 747 1848 817 Nemojactet

273 855 333 896 se
359 840 428 897 de
456 855 553 896 sua
585 841 814 896 scientia
833 881 849 906 ,
874 848 1004 907 etc.,
1035 857 1198 912 usque
1245 840 1314 896 ad
1345 841 1415 896 ad
1445 840 1720 897 sciendam
1757 856 1846 897 sa-

269 933 527 1006 pientiam
548 943 604 990 et
628 933 987 1006 disciplinam,
1010 942 1115 989 etc.

341 1024 504 1081 Vens.
537 1025 590 1080 7.
613 1056 682 1068 —
707 1025 886 1080 Timor
913 1026 1143 1082 Domini.
1173 1027 1295 1099 (ln.)
1325 1026 1441 1082 Duo
1469 1034 1594 1083 sunt
1623 1028 1846 1084 timores

269 1120 516 1188 Domini,
541 1128 646 1176 etc.
667 1161 683 1187 ,
712 1137 874 1192 usque
897 1120 967 1175 ad
1005 1119 1244 1192 Uterque
1280 1121 1336 1176 in
1377 1119 1562 1176 futuro
1589 1121 1843 1189 cessabit,

267 1215 507 1272 cbaritas
542 1229 818 1286 nunquam
846 1214 1079 1270 excidet.

338 1309 504 1366 Vens.
545 1309 598 1365 8.
627 1339 700 1350 —
725 1308 885 1375 Audi,
921 1308 999 1378 ﬁli
1043 1308 1145 1374 mi,
1171 1307 1522 1380 disciplinam.
1551 1307 1676 1382 (11).)
1701 1307 1845 1365 Hac-

267 1407 422 1455 tenus
451 1398 894 1470 proverbialiter,
938 1407 1269 1470 etc.,_usque
1302 1399 1372 1452 ad
1411 1401 1551 1471 apud
1591 1400 1845 1457 Hebraeos

267 1491 411 1546 enim
433 1491 676 1562 spiritus,
704 1491 795 1560 qui
822 1490 1051 1561 gratiam
1077 1497 1302 1562 praestat
1321 1531 1337 1558 ,
1360 1506 1559 1564 genere
1582 1490 1843 1548 feminino

263 1583 477 1639 dicitur.

332 1677 496 1733 Vens.
545 1675 600 1732 9.
626 1705 698 1717 —
744 1675 989 1730 Addatur
1028 1675 1220 1746 gratia.
1269 1674 1364 1732 llis
1409 1677 1502 1748 qui
1545 1677 1842 1750 legemDo-

261 1768 390 1823 mini
417 1767 722 1834 servabant,
749 1775 883 1834 etc.,
913 1783 1076 1839 usque
1107 1767 1177 1821 ad
1201 1783 1301 1838 pro
1328 1768 1501 1840 gratia
1523 1778 1684 1826 rectae
1713 1785 1841 1841 ope-

261 1861 502 1917 rationis.

326 1954 395 2009 Et
437 1964 644 2026 torques
671 1953 805 2009 collo
840 1963 953 2020 tuo,
1003 1960 1110 2010 etc.
1140 1952 1341 2025 Fulgor
1365 1953 1620 2025 perfecta:
1643 1969 1831 2026 opera-

258 2050 436 2118 tionis,
460 2065 578 2120 quae
600 2049 1036 2120 pradicationem
1056 2048 1196 2122 (qua:
1217 2063 1316 2120 per
1337 2048 1531 2105 collum
1549 2049 1838 2121 procedit,)

256 2140 538 2198 conﬁrmet
565 2139 891 2197 indcilcienti
915 2140 1178 2195 virtutum
1209 2141 1570 2196 connexione.

321 2232 486 2291 Vens.
532 2233 622 2288 10.
657 2263 730 2275 --
757 2231 868 2287 Fili
907 2233 999 2288 mi.
1052 2231 1261 2288 Atfectu
1317 2232 1490 2304 patris
1547 2232 1839 2304 alloquitur

251 2315 443 2394 tilium,
475 2327 780 2396 blandiens,
814 2344 883 2385 ne
905 2328 1212 2399 acquiescat
1244 2328 1638 2398 peccatoribus.

321 2421 486 2476 Vens.
519 2420 606 2475 11.
635 2449 704 2462 --
726 2420 1067 2475 Insidiemur.
1093 2419 1274 2490 (ΚΑΒ.)
1299 2418 1396 2474 Vel
1417 2419 1743 2491 generaliter
1769 2419 1837 2476 de

251 2512 568 2580 latronibus,
581 2514 674 2585 qui
701 2513 1079 2570 innocentibus
1106 2512 1328 2568 insidias
1351 2522 1564 2583 parant.
1588 2512 1684 2568 Vel
1713 2527 1837 2584 spe-

249 2604 458 2661 cialiter
503 2606 571 2662 de
604 2606 709 2662 illis
746 2607 838 2678 qui
868 2606 992 2660 vitae
1022 2613 1298 2660 auctorem
1323 2605 1441 2660 neci
1475 2605 1832 2662 tradiderunt.

250 2698 499 2776 (Suram)
542 2699 679 2756 Cum
720 2699 1048 2773 generaliter
1089 2699 1158 2754 ad
1204 2714 1395 2754 omnes
1442 2699 1531 2769 qui
1584 2699 1832 2770 sanguini

250 2792 573 2848 insidiantur
600 2793 703 2849 hoc
722 2792 1022 2865 pertineat,
1053 2799 1185 2858 etc.,
1216 2808 1379 2864 usque
1401 2791 1470 2845 ad
1491 2798 1546 2847 et
1569 2807 1629 2847 se
1654 2791 1834 2862 potius

249 2886 621 2956 praesumendo
662 2886 956 2956 perimunt.

318 2977 586 3033 Insontem
606 2977 829 3046 frustra.
857 2975 961 3043 Qui
987 2982 1269 3045 peccatum
1290 2989 1400 3031 non
1426 2975 1577 3042 fecit,
1605 2989 1705 3031 nec
1743 2977 1828 3031 in-

250 3079 444 3127 ventus
465 3077 551 3124 est
577 3069 734 3124 dolus
761 3069 818 3124 in
843 3083 938 3124 ore
965 3067 1102 3137 ejus.

319 3184 483 3241 Vens.
514 3184 601 3239 12.
634 3214 706 3224 -
732 3181 1094 3253 Deglutiamus
1122 3196 1274 3245 eum,
1310 3180 1444 3234 sicut
1488 3179 1727 3250 infernus
1753 3180 1832 3234 vi-

249 3286 459 3334 ventem.
507 3275 929 3348 Exstinguamus
963 3272 1280 3330 memoriam
1334 3272 1595 3328 virtutum
1635 3281 1690 3328 et
1730 3273 1826 3328 do-

1293 446 1560 506 GLOSSA
1598 447 1992 506 ORDINARIA.
2033 484 2104 494 —
2138 451 2268 508 LIB.
2306 453 2514 510 PROV.

3395 453 3536 512 1082

2023 565 2204 638 (ΗΑΒ.)
2245 565 2520 639 Sapientia
2552 564 2749 638 quippe
2774 563 2871 620 Dei
2892 562 3143 621 Christus
3161 574 3264 631 est,
3285 574 3416 635 etc.,
3444 584 3533 623 us-

1949 673 2049 728 que
2069 658 2137 711 ad
2167 659 2416 728 cuiquam
2456 658 2717 713 dicerent.

2019 747 2197 804 Foris.
2227 750 2349 823 (lo.)
2370 750 2588 821 Aperte,
2618 758 2741 823 post
2763 749 3256 817 resurrectionem,
3286 758 3416 818 etc.,
3441 768 3531 808 us-

1945 858 2045 914 que
2065 841 2134 896 ad
2159 858 2179 898 :
2208 843 2262 897 in
2289 842 2460 914 platea
2492 831 2663 899 vocem
2694 843 2827 915 ejus.

2017 935 2086 990 In
2112 935 2296 1005 plateis
2327 936 2416 989 dat
2439 952 2612 990 vocem
2641 952 2792 990 suam
2815 976 2830 1002 ,
2878 943 2984 991 etc.
3014 935 3146 1006 Quae
3181 943 3306 993 ante
3326 951 3528 1008 paucos

1946 1025 2227 1091 docuerat,
2256 1025 2538 1083 manifeste
2569 1027 2898 1097 replicabat,
2923 1027 3062 1084 unde
3094 1046 3108 1083 :
3136 1027 3268 1096 Qua:
3287 1031 3404 1087 dico
3443 1049 3530 1087 uo-

1946 1118 2023 1173 bis
2045 1120 2101 1174 in
2128 1120 2370 1186 tenebris,
2411 1120 2566 1175 dicite
2589 1121 2644 1175 in
2673 1120 2860 1177 lucem.

2015 1212 2179 1268 Vens.
2211 1211 2300 1266 2i.
2325 1243 2395 1253 -—
2417 1211 2486 1267 In
2507 1212 2674 1283 capite
2689 1212 2961 1268 turbarum
2983 1212 3217 1270 clamitat
3233 1255 3249 1280 ,
3274 1224 3378 1272 etc.
3404 1213 3532 1290 (11).)

1945 1301 2081 1372 Quia
2101 1303 2265 1358 etiam
2293 1303 2649 1374 principibus,
2680 1303 2771 1374 qui
2797 1304 2847 1360 ei
2876 1305 3249 1375 praevaluisse,
3274 1317 3331 1364 ut
3356 1309 3530 1364 cru‘ci-

1943 1396 2230 1468 ﬁgeretur,
2259 1383 2615 1464 videbantur,
2654 1405 2866 1454 reatum
2889 1399 3205 1469 homicidii,
3234 1401 3377 1473 quod
3397 1418 3527 1473 per-

1941 1494 2238 1557 petrarant,
2287 1489 2464 1558 palam
2508 1489 2798 1546 reducebat
2843 1490 2910 1545 ad
2946 1493 3283 1559 memoriam,
3321 1509 3526 1566 eosque

1944 1582 2009 1639 ad
2033 1585 2366 1654 poenitentiae
2398 1586 2697 1643 remedium
2735 1589 2984 1643 vocabat.

2014 1674 2083 1730 In
2135 1675 2335 1747 foribus
2382 1685 2653 1747 portarum
2697 1679 2864 1733 urbis.
2929 1677 3054 1751 (ln.)
3107 1676 3252 1734 Urbs
3290 1677 3526 1745 Domini,

1941 1766 2183 1824 Ecclesia
2213 1784 2277 1824 ex
2314 1777 2542 1840 utroque
2588 1770 2785 1841 populo
2813 1771 3074 1837 adunata,
3101 1779 3236 1836 etc.,
3265 1787 3428 1841 usque
3451 1770 3525 1825 ad

1943 1859 2170 1931 gratiam
2211 1875 2362 1915 suam
2409 1862 2729 1927 revocabat;
2761 1861 2836 1916 ita
2879 1869 2958 1924 ut,
2986 1860 3126 1916 sicut
3165 1860 3340 1915 Lucas
3399 1861 3519 1914 ait:

1937 1951 2110 2008 Multa
2147 1952 2298 2006 turba
2333 1953 2662 2008 sacerdotum
2693 1953 2919 2008 obediret
2944 1953 3070 2022 ﬁdei
3110 1951 3249 2020 (Act.
3285 1951 3382 2024 vr).

2013 2047 2177 2101 Vens.
2213 2046 2302 2101 22.
2335 2077 2405 2086 —
2443 2043 2739 2117 Usquequo.
2775 2045 2899 2099 1am
2941 2043 3215 2100 Christum
3261 2044 3315 2098 in
3356 2058 3524 2099 carne

1940 2139 2153 2196 vidistis
2179 2139 2436 2194 miracula
2479 2137 2789 2203 facientem,
2821 2152 2981 2208 quem
3013 2137 3293 2207 sprevistis
3319 2151 3334 2191 :
3362 2137 3522 2192 modo

1937 2234 2022 2290 vel
2051 2234 2430 2290 resuscitatum
2468 2248 2499 2289 a
2541 2241 2716 2288 morte
2756 2230 2994 2303 diligite,
3033 2238 3090 2286 et
3114 2229 3348 2285 dimittet
3376 2227 3522 2298 quod

1935 2325 2221 2398 peccastis.

2010 2419 2249 2476 Parvuli.
2309 2419 2491 2492 (ΗΑΒ.)
2544 2417 2759 2473 Parvuli
2818 2416 3072 2473 dicuntur
3115 2429 3278 2471 sensu
3321 2415 3526 2470 tardio-

1935 2528 2057 2578 res,
2087 2520 2216 2578 etc.,
2243 2529 2404 2582 usque
2433 2511 2504 2565 ad
2533 2526 2654 2583 quae
2683 2510 2823 2566 [ilius
2863 2510 2978 2582 ipse
2998 2508 3226 2564 veniens
3268 2506 3525 2579 perfectis

1936 2619 2101 2660 sensu
2127 2602 2399 2659 contulit?

2007 2693 2171 2749 Vens.
2230 2693 2320 2748 25.
2371 2724 2442 2734 -
2485 2691 2884 2748 Convertimini.
2945 2690 3226 2764 Sapientia
3272 2690 3524 2748 hortatur

1933 2786 2175 2843 converti
2196 2786 2263 2841 ad
2294 2786 2484 2852 Deum,
2513 2794 2568 2841 et
2587 2785 2798 2856 profert
2821 2784 3095 2856 spiritum.

2003 2879 2086 2934 Ad
2117 2879 2510 2934 correctionem.
2559 2875 2666 2934 Per
2711 2875 2984 2948 apostolos
3023 2874 3239 2933 Judaaos
3279 2876 3522 2946 corripit,

1933 2979 1988 3026 et
2020 2970 2106 3024 vel
2141 2981 2263 3040 post
2301 2970 2676 3027 ascensionem
2728 2977 2785 3026 et
2825 2968 3283 3026 resurrectionem
3337 2977 3525 3024 monet

1932 3063 2193 3119 converti.

2003 3155 2170 3211 Vens.
2220 3154 2310 3211 26.
2359 3186 2430 3196 —
2484 3153 2596 3226 Ego
2655 3172 2876 3228 quoque.
2951 3155 3075 3227 (ln.)
3143 3155 3405 3212 Similiter
3466 3157 3520 3212 in

1932 3248 2162 3320 psalmo,
2188 3257 2322 3315 etc.,
2351 3266 2517 3320 usque
2543 3248 2610 3303 ad
2639 3248 2794 3318 quasi
2822 3247 2957 3303 nihil
2981 3256 3414 3305 contemnerent.

249 3369 433 3425 ctrina:
479 3368 642 3436 illius,
678 3376 741 3424 ut
782 3365 948 3423 etiam
999 3365 1141 3423 inter
1179 3379 1279 3421 nos
1319 3364 1520 3422 vixisse
1564 3378 1672 3420 non
1712 3380 1824 3421 me-

2004 3341 2165 3397 Vens.
2213 3341 2304 3396 27.
2355 3371 2426 3381 ——-
2475 3337 2607 3395 Cum
2653 3339 2867 3394 irruerit
2915 3340 3182 3412 repentina
3220 3339 3521 3397 calamitas.

249 3469 509 3519 moretur.

313 3578 480 3635 Vens.
521 3575 608 3632 15.
631 3606 705 3618 -
729 3573 948 3632 Omnem
997 3573 1275 3646 pretiosam
1301 3573 1650 3628 substantiam
1689 3587 1834 3644 repe-

248 3672 458 3728 ricmus.
484 3667 774 3734 Homines,
807 3665 1050 3732 scilicet,
1074 3680 1212 3736 quos
1242 3664 1460 3721 Christo
1492 3664 1833 3721 adhaerentes

252 3763 538 3830 videbant,
563 3776 702 3834 quos
723 3761 985 3833 putabant
1009 3759 1077 3814 ab
1107 3758 1225 3831 ejus
1254 3775 1440 3816 amore
1479 3768 1535 3815 et
1575 3759 1834 3816 comitatu

245 3867 527 3912 secernere
564 3853 611 3909 si
647 3867 771 3910 eum
809 3851 1150 3918 occiderent,
1182 3859 1238 3906 et
1274 3851 1458 3923 spoliis
1513 3851 1699 3908 talium
1737 3853 1834 3909 do-

242 3959 362 4000 mos
410 3959 536 4000 suas
591 3942 830 4014 replere,
881 3941 936 3997 id
982 3949 1103 4008 est,
1157 3957 1346 3999 eorum
1393 3943 1681 4001 animabus
1731 3960 1830 4002 sua

241 4034 636 4092 conventicula.
1155 4041 1174 4104 ί

311 4127 476 4184 Vens.
511 4126 599 4181 M.
629 4157 699 4167 —
726 4125 933 4183 Sortem
969 4128 1116 4182 mitte
1160 4127 1446 4182 nobiscum.
1479 4127 1558 4185 De
1599 4129 1827 4188 latroni-

241 4220 340 4277 bus
367 4217 691 4291 generaliter
717 4226 900 4290 patet,
937 4219 1065 4290 quia
1096 4218 1278 4284 sociis,
1309 4234 1445 4289 quos
1479 4221 1827 4291 conquirunt,

240 4312 433 4386 praeda:
453 4313 756 4384 portionem
783 4313 1135 4383 promittunt;
1161 4311 1257 4366 sed
1274 4320 1328 4365 et
1350 4310 1551 4368 Christi
1573 4328 1826 4384 persecu-

243 4417 408 4474 tores,
452 4421 802 4478 quoscunque
841 4405 942 4461 sibi
966 4413 1240 4476 poterant,
1281 4404 1668 4478 adjungebant,
1691 4423 1827 4478 quos

241 4515 365 4556 eum
390 4498 546 4571 sequi
578 4497 853 4564 videbant,
879 4506 1033 4553 extra
1061 4511 1390 4570 synagogam
1422 4496 1722 4564 faciebant,
1773 4499 1826 4554 id

241 4599 342 4658 est,
368 4606 465 4648 sua
498 4589 877 4647 communione
900 4588 1204 4659 privabant.

318 4685 476 4740 Vens.
510 4681 597 4738 16.
625 4680 796 4736 -Αά
834 4679 1030 4736 malum
1060 4689 1296 4734 currunt.
1326 4678 1444 4734 Non
1476 4678 1647 4735 solum
1682 4679 1824 4750 quod

1933 3431 2279 3490 Obsidionem
2303 3431 2603 3489 Jerusalem
2624 3431 2858 3488 subitam
2879 3440 2934 3487 et
2966 3431 3420 3504 expugnationem
3445 3441 3528 3488 to-

1933 3529 2041 3585 tius
2065 3527 2358 3600 provincias
2381 3542 2413 3582 a
2437 3525 2700 3582 Romanis
2727 3524 2930 3581 factam
2959 3524 3110 3582 dicit.
3148 3525 3224 3581 De
3255 3539 3360 3596 qua
3383 3566 3398 3591 ,
3440 3523 3528 3579 Vi-

1932 3618 2059 3674 dens
2080 3620 2341 3674 civitatem
2365 3618 2504 3690 flevit
2528 3633 2686 3689 super
2711 3633 2827 3673 eam
2849 3614 3001 3689 (Luc.
3038 3614 3176 3688 nx).

2006 3711 2229 3778 Quando
2260 3712 2450 3767 venerit
2479 3727 2637 3780 super
2664 3727 2774 3765 vos.
2805 3708 2987 3781 (Ralm)
3015 3710 3199 3766 Potest
3245 3709 3362 3766 haec
3400 3717 3514 3766 tota

1933 3805 2199 3862 correctio
2245 3804 2544 3875 sapientiae,
2583 3812 2714 3869 etc.,
2764 3820 2925 3877 usque
2962 3803 3031 3858 ad
3061 3803 3205 3877 quod
3249 3803 3396 3860 enim
3431 3818 3519 3861 se-

1932 3897 2138 3970 quitur,
2765 3974 2774 3977 Α

2006 3989 2168 4046 Vens.
2195 3989 2286 4047 28.
2315 4022 2384 4032 —
2411 3990 2569 4049 Mane
2589 4003 2901 4066 consurgent
2930 4002 2976 4050 et
3005 4009 3109 4049 non
3131 3991 3390 4048 invenient
3413 4008 3518 4058 me,

1931 4091 2146 4155 tempus
2186 4083 2374 4155 judicii
2415 4086 2716 4159 signiﬁcat,
2746 4102 2854 4160 quo
2885 4086 2976 4143 alii
3019 4087 3072 4142 in
3102 4086 3303 4153 vitam,
3329 4084 3421 4140 alii
3461 4085 3515 4139 in

1929 4177 2278 4249 opprobrium
2310 4189 2592 4250 resurgent
2621 4179 3031 4250 sempiternum.

2001 4269 2348 4326 1nvocabunt.
2376 4271 2494 4326 Non
2522 4270 2772 4340 leguntur
2801 4269 2968 4325 Judaei
3004 4269 3054 4322 in
3092 4268 3371 4324 obsidione
3409 4270 3516 4324 Do-

1929 4361 2136 4416 minum
2161 4363 2443 4417 invocasse
2469 4381 2482 4416 :
2507 4362 2609 4417 etsi
2638 4362 2731 4432 qui
2770 4362 3190 4427 invocaverunt,
3227 4361 3351 4432 quia
3390 4378 3518 4418 vere

1929 4467 2038 4508 non
2063 4452 2454 4522 ptenituerunt,
2483 4452 2723 4508 exauditi
2755 4467 2862 4508 non
2887 4459 3033 4507 sunt.

2000 4564 2164 4620 Vens.
2191 4563 2282 4619 29.
2315 4595 2388 4604 —
2411 4563 2644 4619 Exosam
2684 4564 2999 4621 habuerunt.
3053 4565 3240 4624 Justus
3291 4579 3516 4626 econtra

1928 4655 2166 4728 Iniquos,
2197 4656 2390 4726 inquit,
2413 4657 2535 4712 odio
2563 4657 2746 4726 habui,
2774 4668 2822 4714 et
2853 4659 3014 4730 legem
3037 4670 3184 4716 tuam
3217 4663 3401 4718 dilexi.

241 4775 458 4842 facturi,
491 4773 587 4830 sed
616 4773 760 4844 quod
788 4759 888 4844 pro
924 4769 1082 4827 factis
1100 4769 1335 4842 passuri.
1363 4769 1497 4826 Nam
1524 4723 1728 4842 quantb
1757 4774 1826 4829 ad

2002 4723 2169 4800 Vens.
2197 4723 2288 4800 31.
2311 4777 2383 4788 ——
2403 4747 2682 4803 Comedent
2712 4723 3044 4824 igituriﬂn.)
3071 4751 3206 4822 Quia
3224 4755 3343 4810 vias
3366 4770 3516 4813 meas

242 4867 452 4924 facinus
481 4866 812 4938 implendum
844 4871 1166 4936 properant,
1202 4871 1350 4919 tanto
1371 4863 1439 4918 ad
1473 4878 1691 4936 ptenam
1729 4880 1826 4936 pro

241 4961 479 5017 facinore
505 4959 836 5017 tolerandam
874 4958 1256 5028 propinquant.

312 5054 478 5111 Vens.
511 5055 598 5108 17.
629 5084 700 5094 -
740 5050 989 5106 Frustra.
1028 5049 1211 5124 (ΗΑΒ.)
1243 5049 1448 5106 Caetera
1489 5049 1556 5107 de
1599 5051 1826 5108 insidia-

240 5148 452 5203 toribus
477 5145 678 5202 Cbristi
705 5143 1032 5216 specialiter,
1063 5152 1194 5210 etc.,
1223 5159 1384 5215 usque
1407 5144 1475 5198 ad
1498 5143 1551 5200 in
1577 5147 1826 5217 pauperi-

239 5241 343 5298 bus
367 5239 510 5297 enim
536 5238 670 5295 nihil
698 5239 861 5294 habet
893 5252 1090 5293 causai.
1527 5221 1540 5228 ’

311 5333 477 5389 Vens.
511 5331 600 5387 20.
629 5362 698 5372 —
719 5329 1010 5402 Sapientia.
1051 5329 1341 5402 ﬂuensque
1388 5331 1820 5404 persecutiones,

238 5439 376 5495 quas
428 5423 646 5480 Christo
688 5422 856 5479 Judaei
901 5423 1162 5490 intulere;
1227 5424 1355 5480 hinc
1399 5439 1495 5491 ea,
1545 5440 1666 5496 quae
1725 5441 1824 5497 per

239 5516 513 5587 apostolos
540 5516 974 5588 persecutoribus
1002 5516 1205 5572 eisdem
1250 5525 1370 5587 post
1399 5517 1704 5587 passionem
1737 5518 1820 5573 lo-

238 5610 442 5682 quitur.
473 5607 774 5680 Sapientia,
796 5609 848 5663 id
868 5619 948 5664 cst
987 5609 1266 5676 Christus,
1293 5608 1530 5678 loquitur
1563 5611 1696 5682 foris
1716 5655 1730 5679 ,
1766 5615 1818 5669 id

236 5710 322 5757 est
365 5701 418 5757 in
454 5701 576 5758 luce
601 5699 808 5772 palam,
851 5710 907 5754 ut
951 5701 1138 5756 relicta
1183 5701 1408 5756 infantia
1458 5702 1566 5758 sint
1611 5705 1817 5776 parvuli

236 5792 465 5850 malitia.

1934 4839 2141 4910 ingredi
2165 4839 2472 4904 noluerunt,
2504 4849 2634 4906 etc.,
2657 4857 2820 4913 usque
2843 4844 2912 4897 ad
2941 4854 2988 4898 et
3017 4844 3142 4901 bene
3167 4847 3262 4901 tibi
3286 4849 3405 4902 erit.
3445 4858 3452 4862 ·

2005 4930 2227 5003 Suisque
2289 4931 2520 4988 consiliis
2585 4936 2985 4993 satarabuntur.
3054 4939 3300 5006 aQuibus
3363 4940 3514 4998 dice-

1928 5025 2082 5093 bant,
2117 5033 2250 5092 etc.,
2274 5043 2438 5099 usque
2479 5028 2548 5083 ad
2577 5036 2755 5100 potest
2781 5032 2975 5104 accipi.

1997 5137 2160 5193 Vens.
2203 5137 2290 5194 52.
2328 5170 2391 5180 -
2417 5138 2650 5196 Aversio.
2685 5143 2910 5202 Aversio
2939 5153 2994 5200 et
3027 5147 3362 5218 prosperitas
3392 5166 3516 5222 per-

1930 5233 2029 5300 dit,
2074 5248 2199 5289 cum
2245 5249 2278 5289 a
2320 5234 2514 5290 timore
2538 5233 2839 5294 conditoris
2875 5252 3100 5294 aversus
3143 5239 3379 5309 animus,
3427 5244 3508 5298 ira

1928 5324 2168 5395 ejusdem
2203 5327 2501 5384 conditoris
2536 5330 2590 5384 in
2625 5331 2742 5396 his,
2777 5345 2894 5401 quae
2918 5340 3144 5402 peccat,
3175 5333 3308 5388 nihil
3351 5336 3514 5391 susti-

1928 5433 2060 5475 nere
2103 5419 2318 5476 videtur
2343 5421 2574 5477 adversi.
2602 5422 2709 5478 Sed
2731 5432 2792 5478 ut
2818 5421 2918 5479 Job
2950 5425 3026 5479 ait
3056 5443 3069 5480 :
3096 5425 3308 5482 Ducunt
3337 5446 3393 5482 in.
3423 5430 3515 5484 bo-

1929 5515 2010 5570 nis
2035 5515 2144 5570 dies
2169 5531 2313 5580 suos,
2342 5517 2463 5571 etin
2495 5526 2688 5588 puncto
2714 5517 2784 5570 ad
2807 5516 3073 5586 infernum
3097 5521 3438 5578 descendunt.

2000 5607 2369 5669 Parvulorum.
2399 5611 2593 5678 Sensu,
2617 5613 2760 5668 unde
2780 5629 2964 5685 supra,
2986 5623 3114 5684 etc.,
3143 5634 3303 5690 usque
3328 5620 3398 5674 ad
3417 5620 3513 5678 sed

1925 5703 2050 5775 quia
2080 5713 2352 5770 avertunt,
2389 5719 2446 5759 se
2474 5704 2826 5762 interficiunt.

1997 5795 2162 5851 Vens.
2189 5793 2277 5850 55.
2304 5826 2374 5836 -
2405 5794 2508 5861 Qui
2551 5805 2726 5850 autem
2761 5813 2842 5852 me
2877 5799 3138 5869 audierit,
3173 5802 3366 5874 absque
3393 5802 3510 5861 'ter-

311 5875 788 5984 tonorum—usque
823 5906 892 5966 ad
935 5906 1098 5964 linem
1142 5905 1266 5974 libri
1306 5907 1633 5981 principium
1667 5917 1724 5980 et
1757 5909 1918 5967 finem
1942 5917 2152 5967 tantum
2178 5911 2400 5976 damus,
2427 5907 2545 5967 loca
2575 5909 2802 5969 Rabano
2822 5915 3082 5978 ascribas.
