4008 6348
613 413 748 471 1087

1101 398 1492 462 WALAFRIDI
1531 393 1779 453 STRABI
1813 390 2021 449 FULD.
2063 385 2228 445 ΜΟΝ.
2267 385 2419 442 ΟΡΡ.
2460 385 2642 442 PARS
2677 384 2719 440 l.
2759 411 2828 426 —-
2865 383 3322 442 THEOLOGlCA.

3672 392 3772 449 l088

613 536 698 584 est
721 525 962 580 actiones
986 519 1274 592 aequitatis,
1303 526 1434 583 etc.,
1479 530 1638 586 usque
1677 512 1746 568 ad
1782 510 1835 567 in
1870 511 2012 566 viam
2034 505 2182 578 pacis
2207 506 2262 568 Α
2285 509 2633 558 consecratur
2664 519 2677 556 :
2703 516 2808 572 quo
2829 501 3051 557 nitidius
3079 515 3240 557 suum
3271 506 3449 572 guttur
3474 510 3692 572 ostentat,
3712 514 3776 580 qui

614 619 935 692 dirigentur.

683 706 850 765 Vens.
885 707 972 762 12.
997 736 1069 746 -
1089 704 1158 758 Et
1197 717 1432 758 currens.
1463 698 1582 767 Quo
1616 697 1847 767 amplius
1872 703 1928 752 et
1956 693 2189 750 alacrius

615 803 686 859 ad
728 799 998 872 implenda
1053 797 1148 853 Dei
1197 793 1449 850 mandata
1494 789 1832 854 cucurreris,
1896 802 1961 844 eo
2009 787 2191 842 minus

617 896 875 958 adversa,
912 907 1033 964 qua:
1067 897 1119 945 te
1143 887 1437 958 impediant
1461 883 1698 940 timebis.
1729 881 1862 937 Nam
1885 881 2192 952 quicunque

619 989 674 1045 in
704 1001 872 1060 prava
911 985 1121 1040 actione
1146 981 1441 1045 desudant,
1489 976 1870 1034 olfeudiculum
1914 975 1969 1029 in
2015 974 2192 1030 medio

616 1097 781 1140 cursu
807 1080 1106 1151 reperiunt,
1135 1077 1262 1148 quia
1288 1073 1576 1147 extemplo,
1604 1073 1732 1128 dum
1754 1085 1861 1126 non
1885 1068 2188 1141 provident,

617 1175 903 1247 rapiuntur
925 1171 992 1227 ad
1018 1183 1256 1241 poenam.

709 1266 873 1321 Vens.
925 1263 1012 1317 17.
1058 1291 1131 1302 -
1181 1257 1471 1314 Comedunt
1537 1272 1724 1328 panem
1779 1253 2080 1325 impietatis.
2132 1249 2195 1305 In

618 1355 832 1413 actione
877 1353 1141 1411 scelerum
1159 1391 1174 1418 ,
1226 1357 1332 1408 etc.
1359 1390 1377 1418 ,
1429 1364 1594 1420 usque
1643 1347 1712 1402 ad
1765 1353 1993 1403 testatur
2045 1341 2194 1398 Scri-

617 1456 800 1519 ptura.

690 1540 853 1597 Vens.
898 1538 1084 1596 18.--
1117 1535 1393 1592 Justorum
1445 1542 1622 1590 autem
1669 1532 1878 1588 semita.
1914 1529 2193 1587 Justorum

618 1649 784 1706 opera
812 1633 868 1688 in
895 1632 1016 1688 luce
1053 1630 1293 1688 scientia:
1335 1637 1688 1701 peraguntur,
1713 1634 1769 1682 et
1803 1634 2061 1681 aeternam
2101 1625 2199 1680 du-

620 1737 750 1786 cunt
782 1729 850 1784 ad
872 1727 1041 1782 vitam
1068 1740 1190 1797 quae
1214 1733 1298 1780 est
1323 1721 1562 1794 perfecta
1592 1721 1726 1776 dies.

691 1821 855 1876 Vens.
908 1819 994 1873 19.
1021 1849 1094 1860 -
1125 1816 1226 1872 Via
1265 1817 1568 1887 impiorum.
1614 1811 1756 1868 Dicit
1803 1811 1870 1868 de
1906 1811 2012 1876 his,
2061 1818 2191 1878 etc.,

618 1929 780 1985 usque
801 1911 871 1967 ad
897 1911 1021 1982 quia
1052 1925 1279 1967 currens
1299 1923 1405 1964 non
1433 1906 1652 1964 habebit
1684 1904 2084 1962 oll‘endiculum.

689 2003 854 2059 Vens.
878 2002 968 2058 20.
991 2031 1062 2043 -
1085 2000 1194 2056 Fili
1227 2001 1321 2068 mi,
1351 1998 1588 2054 ausculta
1615 2013 1878 2053 sermones
1902 2013 2063 2052 meos.
2088 1995 2199 2052 Au-

618 2093 961 2154 scultandum
985 2101 1170 2148 monet
1201 2090 1541 2148 sermonibus
1580 2089 1713 2156 suis,
1744 2096 1800 2145 et
1833 2087 2196 2144 recedendum

601 2203 652 2264 la
687 2185 1102 2259 cogitationibus
1130 2185 1330 2255 pravis.

589 2265 618 2278 ”
691 2279 856 2334 Vens.
881 2280 975 2334 25.
998 2309 1070 2319 -
1098 2276 1256 2334 Omni
1279 2275 1517 2332 custodia
1542 2293 1690 2332 serva
1723 2269 1814 2331 cor
1843 2283 2011 2330 tuum.
2057 2273 2198 2330 Sunt

621 2374 894 2444 qui'recte
912 2372 1096 2428 vivere
1117 2371 1371 2428 videntur
1405 2371 1742 2438 hominibus,
1772 2379 1901 2438 etc.,
1932 2386 2097 2442 usque
2127 2369 2197 2425 ad

620 2466 814 2522 modus
839 2465 1137 2522 aestimatur
1168 2464 1313 2520 vitae.

698 2558 860 2615 Vens.
882 2557 1291 2614 24.—Remove
1311 2575 1344 2613 α
1373 2566 1442 2614 te.
1473 2556 1688 2614 Duobus
1717 2557 1892 2613 modis
1918 2556 2197 2613 sciendum

623 2659 726 2719 est,
744 2661 879 2708 utos
903 2661 1053 2709 tuum
1081 2665 1149 2708 ne
1170 2649 1397 2722 pravum
1415 2652 1670 2721 loquatur
1697 2650 1928 2721 aliquid:
1951 2658 2038 2704 tua
2053 2648 2199 2705 labia

624 2759 695 2800 ne
715 2745 1134 2800 detractionibus
1159 2753 1472 2801 assuescant
1496 2744 1802 2810 custodias;
1821 2751 1877 2797 et
1901 2741 2034 2797 alios
2059 2756 2195 2812 quo-

627 2851 750 2905 que,
789 2850 925 2905 quos
958 2834 1085 2890 huic
1117 2834 1252 2890 vitio
1281 2835 1524 2891 subditos
1571 2834 1738 2899 nosti,
1771 2848 1840 2888 ne
1875 2839 1931 2888 te
1957 2846 2200 2888 corrum-

625 2936 774 3001 pant,
812 2927 1004 2998 fugias.

697 3021 862 3078 Vens.
885 3022 975 3077 25.
995 3053 1067 3064 -
1095 3020 1167 3077 Et
1191 3021 1470 3094 palpebrae.
1492 3019 1601 3077 lter
1619 3019 1863 3092 justitiaa,
1892 3026 2018 3086 etc.,
2035 3034 2200 3091 usque

629 3118 697 3172 ad
726 3117 1032 3173 meditando
1067 3116 1382 3189 praevidere.

699 3209 863 3264 Vens.
885 3207 1057 3264 26.-
1077 3207 1438 3265 Stabilientttr.
1463 3207 1541 3263 Ne
1566 3205 1783 3262 levitate
1806 3205 2004 3262 mentis
2024 3218 2054 3260 a
2075 3219 2201 3276 pro-

2287 613 2384 654 sua
2423 611 2578 654 sensa
2622 603 2838 668 patrum
2885 594 2990 650 ﬁde
3034 592 3332 665 anteponit.

2360 691 2525 747 Vens.
2548 690 2601 745 4.
2630 719 2702 732 -—
2737 689 3039 744 Novissima
3068 697 3266 743 autem.
3311 685 3461 743 Potio
3487 687 3699 748 absinthii
3719 695 3777 751 in-

2290 792 2376 840 tus
2424 783 2736 850 amarescit,
2766 790 2872 856 etc.
2895 823 2914 848 ,
2966 799 3126 854 usque
3178 781 3250 834 ad
3300 795 3462 850 quare
3501 791 3653 838 autem
3681 785 3778 841 idem

2290 879 2500 954 gladius
2545 881 2712 949 biceps
2744 881 2816 936 sit
2859 863 3052 944 dictus,
3083 876 3256 949 aperit
3286 875 3534 932 Dominus
3570 893 3669 934 cum
3691 883 3775 936 ait:

2291 971 2395 1029 Sed
2419 991 2538 1030 eum
2581 975 2755 1028 timete
2781 959 2872 1045 qui
2915 979 3078 1042 potest
3103 969 3339 1024 animam
3363 977 3410 1022 et
3437 984 3604 1040 corpus
3625 975 3779 1042 perdere

2291 1067 2346 1121 in
2374 1067 2660 1137 gehennam
2691 1063 2844 1137 (Luc.
2872 1062 2994 1134 xu).

2362 1155 2528 1211 Vens.
2557 1155 2610 1210 6.
2643 1185 2715 1196 —
2747 1152 2900 1225 Vagi,
2925 1163 3030 1208 etc.
3057 1150 3194 1222 Vagi
3239 1157 3363 1207 sunt
3389 1164 3589 1222 gressus
3624 1151 3781 1206 haereti-

2292 1265 2504 1315 corum,
2542 1257 2676 1315 ctc.,
2703 1264 2865 1319 usque
2887 1246 2956 1302 ad
3001 1245 3132 1318 quia
3177 1260 3287 1299 una
3324 1244 3600 1314 eademque
3632 1245 3781 1302 cunctis

2293 1351 2378 1400 est
2405 1342 2584 1414 agnita
2608 1355 2705 1410 per
2742 1347 2912 1395 totum
2963 1339 3156 1396 orbem
3197 1337 3462 1392 ﬁdelibus.

2364 1430 2531 1486 Vens.
2553 1431 2604 1486 8.
2630 1459 2704 1472 -—
2730 1427 2903 1500 Longe
2931 1429 3037 1500 fac.
3067 1425 3364 1499 Apostolus
3401 1425 3494 1490 ait,
3534 1431 3645 1489 etc.,
3672 1440 3781 1496 usque

2294 1522 2365 1578 ad
2393 1521 2624 1578 inﬁrmis
2657 1520 2998 1576 auditoribus
3023 1519 3271 1591 prodest.

2365 1615 2530 1670 Vens.
2573 1613 2627 1668 9.
2658 1611 2728 1654 -'—-
2768 1612 2852 1667 Ne
2892 1612 2983 1666 des
3007 1653 3022 1678 ,
3062 1621 3172 1666 etc.
3229 1608 3309 1664 Ne
3354 1608 3612 1674 honorem,
3637 1609 3780 1680 quoad

2295 1706 2584 1778 imaginem
2612 1704 2712 1760 Dei
2743 1711 2958 1761 creatus
3009 1717 3090 1768 es,
3141 1699 3533 1757 immundorum
3571 1701 3778 1770 spirituum

2295 1798 2662 1856 voluntatibus
2708 1796 2910 1854 subdas
2956 1810 3138 1867 neque
3179 1801 3402 1864 accepta
3438 1792 3624 1848 vivendi
3667 1791 3779 1862 spatia

2219 1893 2270 1955 B
2297 1892 2364 1949 ad
2389 1892 2600 1948 libitum
2637 1889 2936 1947 adversarii
2971 1887 3208 1945 crudelis
3233 1885 3514 1956 expendas.

2369 1983 2534 2038 Vens.
2582 1981 2672 2037 10.
2717 2011 2789 2022 -—
2818 1980 2903 2036 Ne
2950 1981 3084 2052 forte
3128 1977 3450 2049 impleantur
3492 1969 3699 2030 extranei.
3733 1973 3780 2028 Ne

2295 2077 2684 2136 damoniorum
2723 2074 2866 2131 facta
2908 2073 3153 2145 adiuves,
3199 2078 3330 2136 etc.,
3372 2084 3524 2140 usque
3551 2067 3608 2120 ad
3637 2067 3777 2120 utinam

2296 2169 2508 2228 lateret.

2365 2267 2438 2322 Et
2466 2282 2662 2338 gemas,
2692 2273 2799 2322 etc.
2829 2263 2955 2320 Ideo
2983 2270 3038 2319 te
3065 2266 3284 2318 castum
3304 2257 3526 2324 custodi,
3544 2264 3651 2320 etc.,
3673 2270 3779 2324 usque

2297 2361 2366 2417 ad
2397 2360 2583 2416 dicant
2611 2375 2732 2430 quae
2760 2365 3078 2428 sequuntur.

2366 2452 2530 2508 Vens.
2563 2452 2650 2508 12.
2678 2482 2752 2493 -
2773 2448 2884 2505 Cur
2901 2448 3232 2518 detestatus.
3261 2445 3338 2501 De
3368 2440 3612 2500 haereticis
3637 2438 3779 2510 specia-

2297 2547 2424 2603 liter
2441 2554 2614 2619 patet,
2639 2545 2766 2615 quia
2811 2557 2915 2600 nec
2941 2550 3194 2598 veterum
3222 2547 3434 2612 patrum
3474 2552 3564 2592 nec
3600 2547 3780 2590 novorum

2298 2639 2458 2697 dictis
2505 2647 2560 2694 et
2608 2635 2870 2707 exemplis
2919 2641 3223 2704 potuerunt
3266 2633 3337 2688 ab
3380 2643 3551 2688 errore
3595 2621 3777 2682 revocari.

2369 2731 2536 2788 Vens.
2568 2729 2653 2784 14.
2675 2759 2748 2770 -
2769 2727 2838 2784 In
2859 2727 3027 2783 medio
3052 2725 3289 2781 ecclesitc
3339 2739 3359 2780 :
3411 2723 3542 2780 idem
3588 2728 3653 2776 est
3686 2716 3781 2772 Gne-

2299 2841 2382 2895 ce,
2407 2834 2538 2892 etc.,
2562 2839 2722 2896 usque
2768 2821 2838 2879 ad
2871 2821 3106 2879 alienam
3145 2821 3219 2876 ab
3248 2819 3329 2876 eis
3355 2818 3513 2874 vitam
3537 2814 3691 2870 ducere
3709 2821 3777 2864 non

2304 2919 2507 2977 timuit.

2370 3010 2538 3068 Vens.
2567 3010 2656 3067 15.
2677 3039 2748 3051 -
2773 3007 2903 3064 Bibe
2931 3022 3147 3080 aquam.
3185 3007 3354 3063 Docet
3383 3003 3447 3060 ab
3481 2995 3701 3057 haereticis
3718 3006 3777 3047 ca-

2299 3103 2529 3159 vendum
2559 3111 2618 3159 et
2636 3100 2894 3158 custodiae
2917 3097 3322 3170 Scripturarum
3360 3111 3423 3151 ac
3449 3091 3634 3149 lectioni
3659 3093 3775 3141 atten-

2301 3194 2564 3251 dendum:
2586 3192 2888 3258 scientiam,
2919 3190 3115 3261 inquit,
3130 3206 3296 3260 quam
3319 3188 3435 3244 aliis
3457 3184 3688 3258 praedicas,
3707 3179 3776 3248 ipse

627 3299 802 3371 posito
827 3300 966 3355 bono
982 3301 1270 3366 movearis,
1286 3301 1425 3356 unde
1447 3299 1770 3371 Apostolus:
1797 3297 2019 3353 Stabiles
2040 3263 2200 3352 estote
2225 3263 2270 3328 Ο
2301 3301 2477 3352 serva,
2503 3292 2560 3340 et
2597 3283 2677 3338 tui
2709 3283 2974 3354 rigatione
3002 3283 3276 3337 sermonis
3305 3279 3584 3335 infundere.

629 3403 677 3449 et
703 3393 1010 3462 immobiles,
1037 3393 1358 3450 abundantes
1384 3393 1442 3450 in
1468 3410 1618 3465 opere
1659 3392 1873 3448 Domini
1899 3409 2100 3464 semper
2134 3389 2199 3464 (Ι

633 3483 754 3539 Cor.
801 3485 914 3556 xv).

723 3576 886 3632 Vens.
932 3576 1020 3632 27.
1071 3607 1144 3619 --
1189 3576 1273 3634 Ne
1318 3576 1563 3634 declines.
1625 3576 1855 3633 Dextera
1896 3576 1986 3632 via
2057 3575 2202 3634 bona

633 3677 717 3726 est
737 3710 753 3735 ,
792 3677 921 3736 etc.,
964 3686 1128 3742 usque
1155 3671 1224 3725 ad
1249 3672 1390 3742 quod
1419 3680 1474 3726 et
1501 3670 1567 3727 de
1591 3670 1802 3727 caeteris
1830 3668 2122 3726 virtutibus
2148 3675 2205 3726 et

636 3761 780 3816 vitiis
799 3762 986 3816 eodem
1021 3762 1182 3818 modo
1217 3763 1556 3835 intelligitur.

634 3907 644 3917 _
708 3850 890 3904 Averte
923 3850 1102 3920 pedem
1133 3862 1300 3908 tuum.
1351 3853 1462 3911 Hoc
1496 3863 1598 3922 est,
1635 3870 1704 3912 ne
1749 3855 1855 3911 huc
1888 3853 1974 3910 vel
2003 3853 2129 3911 illuc
2175 3869 2206 3910 a

637 3951 787 3997 recto
815 3942 1028 4009 devies,
1062 3944 1190 4013 quia
1231 3945 1457 4001 virtutes
1500 3946 1878 4002 discretionem
1933 3954 2204 4016 quaerunt,

641 4050 869 4106 quarum
901 4035 1151 4092 nimietas
1187 4037 1363 4092 omnis
1391 4037 1449 4092 in
1476 4040 1607 4094 vitio
1650 4047 1752 4094 est.
1801 4039 1860 4094 Si
1890 4039 2153 4112 averteris
2177 4054 2209 4093 a

639 4125 780 4180 malo
807 4126 998 4195 pedem
1024 4135 1196 4181 tuum.
1227 4125 1284 4182 Si
1310 4128 1478 4195 bona,
1508 4143 1626 4198 qua:
1662 4128 1838 4195 docui,
1861 4128 2090 4184 Domino
2118 4129 2211 4183 ad-

636 4219 876 4303 iuvante,
921 4219 1102 4277 facere
1129 4222 1423 4288 studueris,
1451 4223 1626 4278 aderit
1653 4223 1767 4294 ipse
1810 4223 2076 4294 propitius
2121 4237 2212 4278 co-

641 4313 854 4369 natibus
881 4313 1006 4379 tuis,
1037 4323 1096 4368 ut
1126 4321 1181 4369 et
1208 4329 1352 4370 nunc
1396 4322 1542 4370 recte
1583 4314 1825 4386 ingredi,
1858 4323 1915 4370 et
1967 4323 2096 4371 tunc
2142 4313 2212 4370 ad

641 4423 828 4490 pacem
857 4408 1038 4464 valeas
1070 4409 1355 4480 pervenire
1384 4417 1663 4466 aeternam.

1253 4545 1480 4605 CAPUT
1537 4547 1602 4604 V.

713 4685 821 4741 Fili
849 4687 945 4752 mi,
975 4687 1202 4742 attende.
1250 4684 1524 4741 Hactenus
1567 4681 1887 4755 generaliter
1917 4679 2215 4751 castigave-

643 4789 725 4836 rat
751 4779 1071 4846 auditorem,
1094 4780 1222 4834 hinc
1248 4777 1350 4833 sub
1397 4775 1572 4849 specie
1612 4772 1912 4830 meretricis
1953 4772 2020 4827 ab
2047 4772 2216 4826 luere-

646 4877 876 4932 ticorum
908 4873 1147 4945 nequitia
1174 4871 1446 4945 prohibet.

735 4967 944 5024 Inclina
989 4983 1192 5021 aurem.
1235 4963 1525 5035 Sapientia
1572 4959 1936 5018 inclinandam
1993 4971 2212 5025 aurem,

645 5073 698 5125 et
740 5081 772 5119 a
817 5060 1106 5118 meretrice
1149 5056 1493 5128 fugiendum,
1538 5053 1807 5126 praecipue
1849 5067 1881 5107 a
1926 5049 2214 5106 fornicaria

647 5161 850 5213 monet.

720 5247 885 5303 Vens.
907 5246 962 5302 2.
993 5275 1064 5287 -
1087 5242 1255 5300 Labia
1297 5251 1412 5297 tua.
1446 5239 1634 5307 Labia,
1676 5247 1808 5307 etc.,
1853 5252 2014 5310 usque
2039 5235 2110 5290 ad
2135 5234 2219 5290 vel

649 5343 826 5414 turpia
851 5340 1092 5396 faciendo
1113 5335 1494 5395 commaculat.

721 5431 888 5490 Vens.
931 5433 986 5488 5.
1018 5436 1095 5473 '—-
1142 5427 1323 5484 Favus
1367 5428 1525 5484 enim.
1579 5424 1714 5482 Cum
1756 5425 1810 5479 in
1852 5437 1947 5479 ore
2003 5418 2220 5477 haereti-

650 5541 747 5592 co,
783 5532 914 5589 etc.,
946 5537 1109 5595 usque
1133 5523 1202 5578 ad
1240 5521 1445 5576 veritas
1469 5533 1500 5573 a
1527 5515 1706 5572 stultis
1739 5515 2052 5570 aestimatur.

717 5617 885 5675 Labia
913 5614 1214 5670 meretricis.
1241 5612 1398 5667 Patet
1431 5611 1496 5666 de
1531 5606 1839 5670 meretrice,
1870 5605 1995 5674 quia
2029 5610 2084 5658 et
2115 5616 2226 5658 ser-

652 5712 829 5770 monis
857 5709 1182 5766 suavitatem
1227 5713 1282 5761 et
1309 5701 1702 5760 formositatem
1754 5698 1996 5768 corporis
2038 5695 2104 5750 ad
2132 5708 2226 5749 ca-

654 5803 878 5873 piendos
906 5800 1136 5856 miseros
1164 5797 1375 5868 quaerit.

2369 3376 2530 3432 Vens.
2556 3375 2730 3431 16.-
2755 3374 3083 3429 Deriventur.
3113 3372 3252 3429 Cum
3283 3374 3394 3443 ipse
3412 3366 3683 3428 servaveris,
3696 3371 3776 3415 tunc

2299 3477 2356 3528 et
2381 3467 2501 3524 aliis
2525 3466 2780 3540 praedica,
2809 3473 2866 3522 et
2884 3465 2941 3520 in
2969 3477 3168 3536 magna
3194 3463 3490 3520 auditorum
3521 3453 3776 3540 amplitudine

2303 3559 2483 3616 divina
2509 3539 2742 3628 eloquia,
2779 3553 2934 3625 juxta
2962 3553 3391 3625 uniuscujusque
3413 3547 3694 3622 qualitatem,
3712 3539 3778 3594 dis-

2303 3662 2488 3722 pensa.

2374 3738 2538 3794 Vens.
2578 3735 2666 3790 17.
2695 3764 2767 3774 -
2795 3731 3025 3799 Habeto,
3053 3739 3158 3789 etc.
3198 3732 3379 3802 Aquas
3403 3730 3454 3785 in
3496 3722 3654 3798 plateis
3688 3716 3778 3773 divi-

2307 3836 2505 3899 dimus,
2537 3838 2592 3887 et
2615 3839 2796 3885 tamen
2827 3827 2928 3884 soli
2975 3827 3262 3892 habemus,
3296 3822 3499 3896 quando
3540 3825 3585 3874 et
3618 3809 3778 3870 exterius

2308 3929 2414 3984 late
2438 3923 2850 3998 praedicationes
2871 3921 3169 3986 fundimus,
3194 3929 3249 3976 et
3270 3928 3442 3975 tamen
3469 3929 3554 3986 per
3569 3923 3644 3964 eas
3657 3902 3779 3960 laudes

2309 4022 2572 4076 humanas
2583 4030 2692 4071 non
2721 4013 3012 4074 ambimus.

2383 4109 2494 4165 Nec
2518 4111 2621 4164 sint
2646 4107 2827 4163 alieni.
2840 4139 2910 4148 —
2921 4106 3188 4162 lmmundi
3214 4105 3428 4176 spiritus
3445 4094 3682 4173 participes
3697 4085 3779 4141 ﬁlii“

2311 4203 2569 4267 doctoris,
2592 4201 2638 4256 si
2667 4199 2784 4270 ejus
2807 4197 3164 4264 mentem,vel
3186 4197 3420 4252 elatione
3442 4193 3556 4247 dum
3574 4181 3772 4258 pradicet.

2311 4295 2398 4352 vel
2443 4294 2681 4365 quolibet
2722 4293 2856 4347 vitio
2902 4297 3278 4360 corrumpunt.
3323 4285 3474 4342 Solus
3500 4287 3648 4335 autem
3671 4280 3775 4338 at!“

2311 4385 2572 4460 possidet,
2601 4399 2724 4440 cum
2763 4383 3024 4438 membris
3049 4380 3304 4438 Ecclesia:
3333 4375 3543 4433 lldeliter
3563 4372 3774 4426 connexus.

2313 4485 2382 4543 ab
2410 4481 2682 4540 extraneis
2710 4495 2771 4537 se
2801 4486 3108 4537 conservat.

2387 4574 2550 4631 Vens.
2575 4574 2662 4630 18.
2690 4602 2761 4614 -
2791 4571 2874 4627 Sit
2908 4588 3057 4626 vena.
3107 4568 3193 4625 Sit
3235 4564 3470 4623 doctrina
3509 4556 3779 4646 temeti?”

2319 4683 2534 4741 cunque
2555 4675 2852 4722 nascuntur
2883 4679 2950 4718 ex
2985 4677 3069 4728 ea,
3107 4663 3160 4717 in
3192 4657 3543 4717 benedictione
3582 4640 3779 4741 Ecclesia?

2320 4770 2372 4816 et
2410 4735 2589 4814 lactare
2609 4773 2728 4811 cum
2770 4771 2854 4822 ea,
2890 4755 2974 4809 cui
2997 4754 3060 4808 ab
3089 4747 3450 4811 adolescentia,
3479 4742 3526 4798 id
3551 4743 3617 4795 est
3646 4746 3695 4785 ex
3716 4735 3781 4793 αυο

2319 4850 2618 4915 credidisti,
2645 4847 2964 4920 conjunctus
2988 4859 3068 4900 es.

2391 4905 2556 4999 Vens.
2586 4905 2673 4998 l9.
2699 4905 2772 4982 -ἶ-
2794 4935 2959 4993 Cerva
2983 4933 3308 4991 charissima.
3353 4925 3445 4983 Vel
3481 4913 3730 4994 gratissimi.
3746 4905 3780 4952 υῐ

2321 5038 2538 5111 quidem
2587 5035 2800 5092 codices
2845 5031 3067 5096 habent,
3112 5035 3297 5084 sancta
3339 5031 3417 5079 est
3466 5005 3779 5111 Ecclesjavﬁtc"

2318 5105 2481 5202 usque
2503 5127 2592 5194 ad,
2624 5134 2811 5183 contra
2838 5122 3216 5180 haereticorum
3245 5113 3450 5172 fraudes
3469 5105 3735 5202 instmintlli:

2392 5183 2602 5286 :Amore,
2629 5228 2737 5276 etc.
2767 5215 2883 5272 Non
2926 5214 3120 5270 uxorio
3173 5208 3341 5267 amori
3387 5201 3608 5260 insistere

2322 5316 2417 5372 sed
2441 5329 2510 5369 ne
2533 5312 2708 5384 prima
2733 5309 2948 5363 vivente
2971 5304 3133 5360 aliam
3171 5303 3350 5364 ducas,
3378 5291 3456 5350 vel
3477 5279 3695 5345 meretrici
3719 5279 3780 5319 un-

2324 5421 2487 5478 quam
2521 5401 2774 5459 socieris.

2814 5491 3042 5562 Respicit
3093 5487 3362 5544 Dominus.
3418 5477 3521 5534 Non
3571 5481 3619 5524 60

2325 5594 2556 5655 adulteri
2582 5591 2757 5648 noctis
2789 5547 3050 5653 tenebris,
3075 5593 3209 5651 etc.,
3235 5593 3390 5652 usque
3417 5571 3479 5647 ad
3503 5582 3521 5622 :
3541 5571 3581 5618 et
3599 5567 3678 5612 nos
3696 5547 3780 5600 δίεπ’

2327 5691 2438 5745 dies
2462 5683 2868 5741 illuminabitur.

2400 5781 2566 5836 Vens.
2593 5777 2683 5832 22.
2712 5806 2783 5818 —
2805 5772 3138 5845 Iniquitates,
3160 5777 3261 5824 etc.
3283 5763 3539 5820 Peccatol'.
3560 5751 3662 5801 εῑεσι
3679 5739 3778 5793 "me

729 5849 877 5947 Et}:
893 5849 1542 5962 pallui-fﬂjleo'Spiritus
1582 5883 1758 5944 sancti
1797 5881 1930 5939 ﬁdes
1967 5877 2229 5935 catholica
2331 5873 2400 5928 ad
2422 5885 2586 5942 quam
2615 5882 2723 5939 quo
2748 5880 2809 5922 se
2838 5863 3040 5920 arctius
3073 5860 3334 5931 obligem,
3362 5849 3524 5920 agunt-
