4008 6348
235 481 380 543 1680

1269 478 1542 540 GLOSSA
1577 475 1976 539 ORDlNARlA.
2015 507 2086 524 -ι
2121 478 2250 537 LIB.
2292 477 2499 540 PROV.

3365 477 3506 538 1090

312 599 478 655 Vens.
500 596 593 654 25.
619 627 690 640 -—
717 596 840 670 Ipse
857 598 1128 655 morietur.
1151 597 1288 668 Quia
1303 600 1369 656 de
1389 599 1819 668 adulteris,etc.,
1846 597 1902 660 Α
1923 610 1992 652 ex
2021 612 2098 665 se,
2122 605 2254 667 etc.,
2275 615 2438 671 usque
2459 597 2528 653 ad
2551 597 2644 655 sed
2674 595 3131 677 quia_Jerusalem
3168 594 3324 669 plura
3362 611 3508 654 com-

237 707 405 764 usque
429 690 499 748 ad
525 691 652 764 quia
675 691 1019 765 disciplinam
1036 691 1163 750 vita:
1191 692 1447 752 detestati
1472 700 1618 750 sunt.

743 827 975 886 CAPUT
1000 829 1088 886 Vl.

312 957 480 1018 Vens.
497 959 549 1016 1.
565 958 688 1015 —F
691 960 750 1016 ili
765 963 854 1017 mi.
872 961 1210 1020 Litteraliter
1223 971 1394 1037 patet,
1411 972 1542 1030 etc.,
1569 979 1732 1035 usque
1755 962 1824 1019 ad

241 1055 476 1128 teipsum
497 1055 649 1128 prius
676 1070 898 1112 necesse
928 1064 1034 1124 est,
1073 1073 1194 1129 quae
1228 1057 1455 1125 dixeris,
1488 1057 1779 1114 custodire.

310 1150 476 1206 Vens.
507 1148 562 1203 5.
588 1180 656 1190 -—
678 1147 909 1206 Suscita.
936 1148 1052 1206 Non
1079 1158 1288 1207 tantum
1307 1151 1424 1222 ipse
1442 1151 1581 1208 bene
1595 1149 1825 1208 vivendo

237 1241 463 1312 vigilare
509 1251 805 1310 memento,
854 1242 950 1300 sed
999 1243 1180 1311 illum,
1209 1243 1297 1301 cui
1327 1257 1520 1316 praees,
1549 1259 1582 1299 a
1615 1242 1847 1335 peccati,

238 1343 460 1406 torpone
483 1335 827 1407 praedicando
849 1336 1073 1394 suscita.

310 1426 477 1482 Vens.
517 1426 573 1482 4.
622 1459 695 1469 -
739 1427 823 1484 Ne
873 1428 1080 1484 dederis
1130 1445 1381 1486 somnum
1424 1429 1638 1495 oculis,
1689 1436 1820 1496 etc.,

239 1539 400 1593 usque
425 1521 494 1576 ad
522 1524 617 1578 sed
641 1521 757 1579 haec
780 1532 1000 1596 propter
1019 1525 1220 1581 mentis
1239 1525 1460 1581 taedium
1483 1525 1645 1596 digna
1675 1523 1828 1580 inve-

239 1614 420 1670 ctione
447 1629 557 1670 non
587 1615 832 1686 corrigit.

310 1708 474 1762 Vens.
502 1707 554 1762 5.
577 1739 648 1749 —
679 1707 902 1763 Eruere.
927 1707 1093 1777 Quasi
1117 1708 1262 1766 dicat
1289 1727 1302 1764 :
1336 1707 1498 1764 Velut
1521 1707 1735 1764 damula
1758 1704 1827 1761 de

239 1814 401 1854 manu
430 1800 722 1870 captantis,
750 1808 882 1866 etc.,
912 1818 1076 1874 usque
1099 1800 1170 1857 ad
1189 1809 1246 1858 et
1277 1800 1521 1858 ctelestis
1558 1800 1684 1855 vitae
1724 1813 1823 1872 pa-

239 1904 368 1946 scua
397 1891 662 1947 merearis
699 1891 924 1948 intrare.

1924 689 2096 746 misit.

1996 780 2163 848 Vens.
2199 782 2288 839 54.
2326 814 2395 824 -
2427 783 2568 852 Quia
2591 783 2731 840 zelus
2757 793 2807 839 et
2835 783 2989 855 furor
3013 783 3111 839 viri
3151 800 3274 850 non,
3302 791 3408 838 etc.
3439 781 3508 838 Et

1925 873 1994 930 de
2020 873 2249 931 Domino
2272 875 2675 948 intelligendum
2702 883 2806 944 est,
2822 885 2953 944 etc.,
2978 891 3140 947 usque
3164 874 3234 928 ad
3260 873 3376 930 sive
3392 871 3512 928 ani-

1925 983 2074 1025 mam
2095 983 2370 1042 quamque
2396 968 2611 1026 ﬁdelem
2638 984 2988 1042 corrumpere
3013 967 3310 1040 praesumit.

2529 1101 2759 1161 CAPUT
2793 1103 2904 1162 VII.

1996 1243 2161 1300 Vens.
2187 1242 2238 1298 1.
2263 1273 2332 1284 -
2352 1240 2462 1298 Fili
2495 1243 2588 1298 mi.
2621 1241 2748 1299 Haec
2772 1241 3030 1316 periocha
3055 1241 3245 1298 eadem
3279 1256 3400 1312 qua:
3422 1257 3483 1297 su

1923 1337 2108 1408 perior
2129 1337 2342 1408 plenius
2379 1336 2633 1409 explicat.

1998 1429 2159 1487 Vens.
2190 1431 2245 1486 2.
2275 1461 2344 1471 -
2363 1431 2434 1486 Et
2460 1429 2623 1502 legem
2646 1446 2838 1486 meam.
2881 1429 3016 1485 Tam
3063 1427 3290 1485 solerter
3332 1442 3511 1495 serva,

1927 1537 2048 1593 quae
2083 1522 2272 1590 doceo,
2303 1522 2461 1594 quasi
2491 1521 2565 1578 nil
2588 1522 2722 1578 recti
2747 1521 2865 1578 sine
2896 1521 2983 1577 his
3013 1521 3264 1592 aspicias.

1999 1611 2167 1669 Vens.
2191 1615 2246 1670 4.
2274 1646 2344 1656 --
2371 1615 2472 1670 Dic
2511 1616 2803 1687 sapientia,
2835 1632 3003 1670 soror.
3045 1613 3374 1686 Sapientiam
3429 1629 3516 1670 ec-

1879 1757 1882 1759 λ
1927 1705 2246 1763 clesiastica:
2274 1707 2534 1762 doctrinae
2561 1708 2770 1764 sororia
2795 1707 2892 1762 tibi
2923 1706 3210 1763 dilectione
3229 1705 3514 1776 conjungc,

1926 1808 1988 1855 ut
2009 1799 2126 1855 haec
2157 1807 2208 1854 te
2231 1815 2261 1854 a
2285 1798 2580 1870 pollutione
2612 1795 2795 1854 servet
2819 1797 3074 1854 haeretica
3094 1837 3110 1864 ,
3146 1812 3268 1867 qua;
3315 1813 3347 1852 a
3387 1810 3517 1852 vera

1928 1891 2178 1948 castitate
2205 1891 2459 1948 Ecclesia:
2483 1891 2745 1962 probatur
2763 1899 3045 1945 extranea.

309 1979 475 2039 Vens.
509 1983 561 2039 6.
593 2015 662 2025 —
700 1983 843 2040 Vade
891 1985 960 2039 ad
1005 1985 1300 2055 formicam.
1355 1985 1496 2042 Hinc
1538 1993 1822 2042 vacantem
1853 1969 1905 2034 Β
1999 1983 2166 2039 Vens.
2192 1983 2246 2040 6.
2275 2014 2346 2024 —
2373 1982 2450 2038 De
2471 1961 2722 2053 fenestra.
2744 1980 3080 2053 Patetjuxta
3105 1961 3516 2046 litteram,etc.,

243 2074 520 2141 hortatur,
551 2085 685 2143 etc.,
713 2093 877 2149 usque
914 2076 984 2132 ad
1013 2077 1079 2133 de
1104 2077 1304 2135 horreo
1345 2079 1565 2150 priscze.
1593 2079 1822 2136 actionis

239 2167 384 2238 quod
405 2169 707 2225 recondidit
731 2169 1000 2242 proferre.

310 2262 474 2320 Vens.
505 2264 558 2320 9.
610 2295 681 2304 —
734 2261 1030 2337 Usquequa,
1079 2267 1247 2338 piger,
1292 2266 1543 2336 dormies,
1588 2269 1821 2341 quando.

241 2354 548 2428 Usquequo,
582 2358 756 2431 piger,
773 2359 1009 2416 dormies
1031 2359 1088 2414 in
1113 2359 1281 2428 vitiis,
1296 2370 1427 2428 etc.,
1444 2379 1604 2434 usque
1633 2363 1703 2418 ad
1725 2364 1824 2420 hoc

239 2455 321 2504 est
349 2448 495 2504 enim
523 2450 668 2520 quod
696 2452 976 2522 sequitur,
999 2459 1054 2508 et
1080 2453 1242 2508 veniet
1285 2453 1377 2508 tibi
1427 2455 1581 2526 quasi
1631 2456 1823 2511 viator.

309 2539 473 2596 Vens.
502 2541 590 2596 11.
631 2573 702 2582 -
742 2543 988 2614 Egestas,
1032 2552 1084 2598 et
1130 2555 1430 2617 paupertas.
1476 2545 1633 2602 Patet
1672 2546 1827 2616 juxta

239 2630 496 2702 litteram,
520 2643 652 2704 etc.,
675 2653 840 2708 usque
864 2637 934 2691 ad
963 2638 1092 2708 quia
1119 2638 1414 2710 improvisa
1441 2648 1498 2695 et
1519 2641 1821 2696 subitanea.

314 2726 374 2782 Si
412 2744 530 2783 vero
560 2729 798 2801 impiger.
848 2729 1082 2786 Fructus
1137 2732 1361 2798 terreni,
1389 2741 1522 2800 etc.,
1551 2750 1712 2805 usque
1758 2733 1828 2787 ad

240 2819 364 2890 quia
395 2821 702 2877 mercedem
724 2821 970 2878 laborum
999 2822 1400 2880 indeiicientem
1433 2824 1720 2895 percipiet.

309 2909 475 2966 Vens.
504 2912 592 2966 12.
612 2943 681 2952 -
703 2911 876 2967 Homo
893 2924 1151 2984 apostata.
1180 2915 1407 2971 Dixerat
1439 2918 1506 2973 de
1546 2917 1744 2972 haeresi
1773 2927 1829 2973 et
1863 2937 1866 2940 ’

239 3003 358 3061 aliis
382 3003 636 3060 vitiorum
659 3007 966 3078 generibus.
997 3017 1140 3076 etc.,
1168 3026 1332 3079 usque
1372 3009 1443 3063 ad
1496 3010 1642 3080 quod
1683 3009 1829 3066 nulla

241 3094 471 3152 interius
520 3095 704 3151 radice
761 3097 1044 3153 subsistat.

312 3187 477 3243 Vens.
509 3185 598 3243 16.
620 3218 694 3229 -
721 3187 826 3245 Sea:
853 3199 996 3244 sunt.
1027 3189 1104 3244 De
1131 3190 1320 3246 eodem
1349 3206 1513 3262 quam
1539 3191 1613 3248 sit
1652 3192 1827 3249 odibi-

240 3279 307 3337 lis
333 3282 444 3338 Deo
467 3281 786 3338 seminando
807 3282 1134 3339 discordiam
1158 3284 1414 3340 insinuat.

1925 2091 2088 2147 usque
2119 2074 2187 2129 ad
2218 2073 2346 2146 quia
2376 2073 2616 2131 deseruit
2639 2080 2928 2144 angustam
2954 2071 3099 2126 viam
3125 2086 3246 2143 quae
3279 2070 3429 2128 ducit
3450 2069 3520 2126 ad

1833 2217 1835 2220 .
1925 2169 2118 2225 vitam.

1997 2261 2164 2318 Vens.
2188 2259 2244 2317 8.
2275 2289 2348 2302 —
2373 2257 2544 2315 Juxta
2563 2257 2839 2332 angulum,
2868 2257 2997 2329 quia
3025 2255 3262 2313 deﬂectit
3289 2271 3320 2314 a
3363 2253 3520 2312 recti-

1927 2353 2144 2420 tudine;
2200 2361 2254 2410 et
2279 2367 2438 2425 prope
2457 2354 2597 2408 viam
2619 2354 2806 2407 domus
2836 2350 2980 2405 illius
3005 2349 3287 2421 graditur:
3309 2349 3436 2419 quia
3487 2363 3518 2403 a

1926 2447 2013 2502 via
2039 2446 2287 2503 veritatis
2314 2445 2621 2514 declinavit,
2646 2445 2842 2502 merito
2865 2443 2969 2499 viae
2996 2443 3188 2500 domus
3213 2439 3520 2497 meretricis

1926 2539 2011 2597 vel
2058 2539 2302 2596 haeretici
2328 2539 2631 2611 appropiat.

1998 2631 2164 2688 Vens.
2197 2632 2250 2688 9.
2277 2662 2350 2672 —
2376 2629 2444 2686 In
2473 2631 2694 2687 obscura
2723 2631 3199 2702 advesperascente.
3242 2627 3379 2696 Quia
3401 2625 3516 2698 jam

1929 2723 2052 2781 talis
2079 2739 2178 2794 per
2202 2723 2501 2780 caecitatem
2523 2724 2722 2792 cordis,
2757 2724 2825 2780 ad
2853 2724 3108 2781 tenebras
3130 2721 3354 2779 festinat
3389 2736 3518 2793 pec-

1929 2818 2038 2876 cati
2063 2826 2117 2874 et
2143 2816 2530 2874 damnationis.
3094 2810 3097 2812 ’

1997 2907 2163 2964 Vens.
2197 2907 2370 2964 10.--
2391 2907 2460 2963 Et
2484 2925 2598 2964 ecce
2619 2907 2808 2964 mulier
2825 2908 3052 2964 occurrit
3076 2913 3266 2964 ornatu
3286 2904 3366 2960 illi
3395 2921 3503 2960 me-

1931 3001 2157 3055 retricio.
2182 3001 2378 3056 Patent
2413 3002 2532 3058 hzec
2585 3011 2814 3068 cuncta,
2843 3009 2971 3067 etc.,
3003 3017 3167 3073 usque
3212 2999 3283 3054 ad
3345 2998 3506 3070 spiri-

1931 3094 2063 3149 tuali
2092 3104 2270 3149 morte
2291 3094 2532 3164 perimit.

1999 3185 2162 3241 Vens.
2195 3186 2281 3240 11.
2317 3215 2389 3226 -
2413 3183 2526 3240 Nec
2544 3184 2721 3240 valens
2749 3186 2806 3239 in
2834 3184 3012 3239 doma.
3039 3183 3197 3239 Nulla
3219 3190 3305 3239 cst
3345 3183 3520 3238 haere-

1932 3279 2031 3346 sis,
2059 3295 2180 3351 quas
2231 3280 2424 3351 primis
2472 3288 2728 3336 contenta
2783 3281 2855 3336 sit
2905 3279 3182 3350 discipulis
3233 3277 3326 3349 (hi
3379 3278 3524 3332 enim

310 3374 614 3431 Detestatur
645 3377 847 3431 anima.
895 3375 1208 3433 Secundum
1249 3378 1696 3434 consuetudinem
1731 3378 1830 3434 ho-
1858 3348 1905 3413 Ο
1935 3348 2276 3429 suntdomus
2310 3371 2476 3445 ejus),
2503 3371 2598 3429 sed
2624 3386 2840 3443 semper
2883 3348 3083 3439 novos,
3111 3348 3250 3441 quos
3292 3367 3526 3438 decipiat

248 3467 458 3524 minum
483 3467 744 3540 loquitur,
775 3477 836 3525 ut
867 3484 992 3524 cum
1021 3470 1176 3526 valde
1228 3470 1364 3527 tales
1405 3471 1587 3528 odisse
1627 3471 1832 3542 signiﬁ-

244 3569 350 3628 cet,
379 3561 523 3617 unde
547 3561 604 3616 in
619 3559 760 3617 Isaia
790 3577 806 3615 :
837 3558 1206 3618 Salemnitates
1227 3571 1423 3617 vestras
1453 3562 1615 3618 adivit
1652 3562 1833 3618 anima

242 3671 356 3710 mea
393 3651 532 3726 (Isa.
555 3653 617 3726 1).

317 3746 476 3804 Vens.
527 3745 618 3800 17.
645 3776 719 3787 -
747 3744 966 3812 Oculos,
989 3754 1096 3803 etc.
1135 3747 1437 3804 Enumerat
1462 3762 1558 3804 sex
1581 3747 1832 3819 capitalia

244 3838 489 3903 crimina,
512 3845 618 3893 etc.
633 3855 822 3910 ,usque
843 3838 914 3892 ad
935 3838 1030 3908 qui
1055 3837 1403 3895 concordiam
1433 3838 1684 3896 fraterna:
1711 3839 1830 3895 uni-

243 3930 372 3987 tatis
399 3929 696 3986 sciderunt.

313 4021 479 4077 Vens.
502 4021 592 4076 20.
635 4052 705 4062 —
753 4021 1038 4089 Conserva,
1083 4022 1182 4093 ﬁli.
1231 4022 1386 4078 Nunc
1427 4024 1528 4079 sub
1575 4023 1832 4080 adulterae

243 4113 488 4170 mulieris
512 4113 693 4185 specie
724 4113 982 4185 prohibet
1011 4113 1078 4168 ab
1101 4113 1378 4170 auditione
1399 4115 1685 4170 lmreseos.

316 4204 818 4278 Vens.21.—Liga
843 4223 906 4260 ea
927 4206 986 4261 in
1007 4205 1183 4274 corde,
1214 4205 1267 4263 id
1289 4215 1393 4274 est,
1425 4205 1481 4262 in
1505 4206 1832 4278 cogitatione

242 4305 510 4370 praecepta
536 4297 633 4353 Dei
658 4298 765 4352 ﬁxa
795 4306 940 4354 tene.

312 4389 478 4446 Vens.
511 4390 604 4446 22.
629 4420 700 4431 -
729 4389 862 4446 Cum
891 4389 1261 4447 ambulaueris.
1293 4390 1466 4447 Tanta
1495 4391 1567 4448 sit
1605 4393 1830 4450 medita-

243 4482 321 4540 tio
365 4481 560 4538 divina:
601 4481 758 4553 legis,
798 4491 933 4549 etc.,
973 4498 1136 4554 usque
1170 4481 1280 4537 ad:
1311 4482 1625 4553 gradiantur
1661 4493 1830 4538 tecum

241 4577 494 4633 mandata
516 4575 636 4642 Dei,
662 4585 717 4630 ut
741 4585 790 4631 te
813 4576 1099 4630 instruant.

314 4667 446 4723 Cum
472 4665 749 4721 dormieris
808 4682 828 4720 :
884 4665 941 4721 in
999 4673 1173 4720 morte
1227 4665 1540 4721 custodiant
1590 4665 1828 4720 animam

245 4770 416 4827 tuam,
446 4777 515 4816 ne
536 4758 712 4831 rapiat
732 4759 924 4814 hostis.
955 4756 1092 4813 Cum
1120 4757 1461 4828 evigilaveris
1499 4758 1554 4812 in
1585 4774 1831 4815 resurre-

242 4851 443 4916 ctione,
467 4850 690 4921 loquere
719 4865 843 4905 cum
889 4847 970 4904 eis
1025 4848 1394 4920 exspectando
1435 4849 1678 4920 przemia,
1710 4866 1831 4921 quae

245 4939 364 5006 tibi,
393 4939 439 4996 si
467 4955 531 4995 ea
559 4955 858 5007 servasses,
881 4939 1146 5010 promissa
1169 4947 1344 4995 erant.

311 5033 482 5090 Vens.
505 5034 595 5089 25.
625 5065 697 5076 —
727 5034 851 5090 Non
874 5034 1226 5104 concupiscat.
1266 5033 1425 5089 Patet
1467 5034 1535 5089 de
1564 5034 1826 5103 adultera,

248 5129 346 5185 sed
376 5129 624 5186 haeretici
653 5129 700 5186 si
738 5129 880 5185 bene
908 5129 1092 5184 vivere
1119 5136 1174 5184 et
1193 5138 1317 5199 apte
1349 5144 1408 5185 se
1449 5144 1613 5200 agere
1647 5129 1832 5186 viden-

249 5231 356 5290 tur,
379 5223 502 5280 vide
526 5240 594 5280 ne
617 5224 900 5280 seducaris
927 5238 1118 5280 eorum
1139 5223 1420 5279 doctrinis.

318 5312 481 5370 Vens.
513 5314 602 5370 28.
623 5345 694 5356 -
721 5311 962 5370 Pretium
986 5313 1124 5370 enim
1159 5314 1340 5369 scorti.
1372 5313 1561 5371 Brevis
1587 5315 1834 5386 voluptas

247 5405 643 5474 fornicationis,
671 5415 799 5473 etc.,
833 5423 995 5479 usque
1018 5405 1089 5461 ad
1119 5406 1211 5463 sed
1255 5415 1378 5477 post
1419 5407 1699 5479 paululum
1743 5424 1834 5464 ar-

249 5498 462 5555 dentior
490 5499 647 5555 redit.

319 5587 484 5646 Vens.
540 5590 630 5647 29.
678 5621 749 5631 —
810 5590 1066 5663 Nunquid
1109 5601 1274 5662 potest
1318 5591 1472 5646 homo
1519 5592 1835 5650 abscondere

247 5682 439 5756 ignem.
465 5681 576 5738 Soli
601 5683 649 5738 ei
681 5685 998 5740 conceditur
1027 5685 1406 5739 haereticorum
1429 5683 1595 5740 libros
1633 5685 1833 5758 legere,

249 5774 347 5847 qui
376 5775 513 5830 adeo
533 5773 797 5832 solidatus
824 5783 908 5830 est
935 5775 991 5831 in
1019 5774 1126 5830 fide
1151 5775 1440 5840 catholica,
1464 5783 1523 5829 ut
1546 5777 1836 5834 verborum

254 5865 535 5922 dulcedine
555 5867 642 5922 vel
670 5867 870 5924 astutia
892 5874 1127 5937 nequeat
1147 5866 1215 5921 ab
1239 5880 1303 5922 ea
1323 5867 1583 5938 separari.

329 5958 488 6020 Vens.
523 5961 613 6021 30.
639 5992 710 6005 -ο
733 5959 859 6020 Non
897 5961 1113 6035 grandis
1135 5968 1211 6019 est
1234 5959 1410 6034 culpa.
1459 5959 1688 6023 Furtum
1727 5980 1833 6021 non

1861 4726 1908 4786 Ι)

1934 3464 2148 3535 quaerit.

2006 3555 2169 3613 Vens.
2202 3557 2289 3612 15.
2309 3587 2381 3597 -
2399 3555 2891 3628 Apprehensumque
2912 3552 3248 3610 deosculatur
3257 3552 3523 3623 juvenem,

1933 3645 1990 3708 id
2020 3661 2122 3717 est,
2154 3651 2418 3708 falsorum
2447 3652 2740 3708 verborum
2791 3648 3181 3707 blandimentis
3231 3655 3404 3703 tentet
3449 3646 3528 3700 in-

1933 3743 2203 3800 stabilem.
2567 3731 2570 3736 ’

2007 3836 2076 3892 Et
2101 3837 2316 3908 procaci
2335 3836 2484 3892 vultu
2515 3836 2805 3904 blanditur,
2830 3835 3008 3891 dicens
3041 3851 3060 3890 :
3102 3832 3264 3892 Juxta
3291 3831 3525 3890 litteram

1933 3938 2106 4000 patet,
2127 3937 2256 3998 etc.,
2283 3946 2446 4000 usque
2467 3928 2536 3984 ad
2568 3945 2696 3984 nam
2727 3937 2783 3984 et
2808 3926 3074 3983 Dominus
3094 3925 3162 3982 ad
3190 3924 3524 3996 discipulos:

1936 4019 2042 4078 Sed
2097 4023 2233 4076 venit
2287 4021 2442 4090 hara,
2489 4029 2546 4076 ut
2592 4021 2760 4077 omnis
2813 4021 2904 4092 qui
2954 4017 3200 4089 interﬁcit
3259 4034 3370 4085 vos,
3419 4023 3528 4074 etc.

1939 4111 2124 4185 (Joan.
2150 4112 2288 4181 xvi).

2008 4201 2174 4260 Vens.
2223 4204 2310 4260 16.
2356 4234 2428 4245 -
2466 4202 2681 4260 Ιηεεωιιί
2740 4200 2953 4273 funibus
3012 4197 3281 4255 lectulum.
3343 4197 3530 4254 Solent

1933 4297 2084 4364 lecti,
2124 4306 2258 4368 etc.,
2304 4313 2466 4368 usque
2506 4295 2574 4349 ad
2604 4310 2702 4364 per
2730 4309 2895 4363 quam
2931 4291 3186 4346 haeretica
3211 4303 3366 4344 mens
3402 4304 3528 4344 sen-

1936 4407 2056 4447 sum
2105 4389 2369 4446 doctrinae
2421 4387 2744 4457 pestilentis,
2793 4383 2951 4454 quasi
2998 4380 3258 4437 meretrix
3311 4381 3528 4436 thorum

1934 4483 2216 4547 facinoris,
2251 4499 2311 4539 se
2340 4482 2576 4536 texuisse
2633 4479 2914 4550 gloriatur.

2007 4574 2172 4628 Vens.
2201 4573 2287 4628 17.
2318 4603 2389 4612 -
2413 4572 2627 4643 Aspersi
2655 4569 2822 4624 cubile
2857 4585 3051 4624 meum.
3099 4567 3432 4624 Promittunt
3469 4583 3528 4622 sc

1937 4666 2074 4722 tales
2124 4669 2348 4721 odorem
2404 4664 2709 4720 caelestium
2743 4663 2946 4718 habere
2996 4661 3290 4730 virtutum,
3333 4661 3530 4732 quibus

1937 4775 2036 4817 sua
2063 4772 2394 4826 suorumque
2420 4755 2614 4820 corda,
2651 4753 2797 4809 velut
2843 4753 3062 4808 funibus
3115 4752 3315 4808 cubilia
3364 4767 3532 4806 venu-

1938 4860 2046 4916 sta,
2080 4856 2494 4915 consecrantur,
2517 4847 2703 4918 quasi,
2735 4845 2938 4902 Christi
2966 4846 3142 4902 bonus
3163 4844 3300 4901 odor
3340 4858 3529 4899 sumus

1937 4943 2068 5000 Deo.

2008 5033 2175 5091 Vens.
2203 5034 2291 5089 18.
2317 5064 2388 5074 -
2424 5029 2576 5100 Veni,
2603 5030 2920 5086 inebriemur
2948 5026 3213 5084 uberibus.
3254 5025 3528 5082 Doctrina:

1937 5138 2140 5184 sanctae
2167 5126 2375 5198 poculis
2396 5142 2455 5182 se
2476 5125 2706 5180 invicem
2736 5122 3016 5180 satiandos
3031 5121 3240 5192 jactant
3265 5118 3527 5183 haeretici,

1935 5228 1992 5276 et
2016 5221 2278 5276 virtutum
2302 5219 2475 5288 gratia
2493 5215 2930 5289 conjungendos,
2961 5215 3132 5270 donec
3157 5226 3346 5269 eorum
3377 5219 3528 5284 gesta

1937 5311 2031 5366 lux
2069 5319 2328 5381 sequatur
2362 5319 2586 5364 aeterna.

2009 5403 2175 5460 Vens.
2203 5405 2294 5459 20.
2325 5435 2396 5446 -
2418 5403 2703 5461 Saeculum
2725 5401 2960 5475 pecunia:
3012 5417 3185 5456 secum
3221 5398 3361 5455 tulit.
3397 5397 3530 5456 Glo-

1940 5497 2077 5552 riam
2107 5498 2544 5564 resurrectionis,
2571 5493 2996 5551 immortalitatis
3026 5493 3210 5562 decus,
3234 5508 3342 5564 quo
3383 5492 3530 5550 illius

1938 5590 2131 5662 patriae
2157 5592 2304 5648 cives
2333 5590 2636 5646 laetificaret
2661 5596 2716 5643 et
2745 5586 2966 5642 ditaret.

2003 5681 2178 5740 Vens.
2205 5683 2294 5739 26.
2326 5714 2394 5723 -
2422 5683 2488 5737 Et
2517 5680 2792 5753 [artissimi
2820 5679 3010 5751 quique
3029 5678 3286 5747 interfecti
3317 5687 3438 5733 sunt
3462 5673 3528 5731 ab

1939 5794 2024 5834 ea.
2052 5776 2124 5834 Ut
2145 5777 2258 5850 ipse
2281 5775 2538 5833 Salomon
2561 5773 3032 5845 sapientissimus,
3075 5780 3207 5839 etc.,
3249 5786 3411 5845 usque
3458 5769 3528 5825 ad

1939 5869 2033 5942 qui
2060 5870 2340 5943 negaverit
2368 5875 2534 5924 errat.

2014 5961 2176 6022 Vens.
2209 5964 2301 6018 27.
2335 5992 2402 6005 -
2457 5959 2571 6017 Via:
2606 5959 2767 6032 inferi
2790 5959 2977 6016 domus
3015 5955 3148 6031 ejus,
3179 5961 3524 6040 penetrantes.
