4008 6348
234 403 373 468 1093

1255 415 1521 478 GLOSSA
1558 417 1956 480 ORDINARIA.
1997 457 2067 468 —
2102 427 2233 486 LIB.
2269 431 2475 489 PROV.

3363 447 3504 508 1094

235 495 404 596 nique
424 522 658 580 oscillius
683 525 934 598 iniquitas
967 531 1170 602 operuit
1204 533 1296 604 qui
1325 534 1381 590 in
1409 539 1694 594 tormentis
1719 554 1816 610 po-
1841 543 1897 603 Α
1920 543 2171 611 nescivit,
2203 555 2336 614 etc.,
2370 565 2531 620 usque
2567 549 2636 604 ad
2673 556 2728 608 et
2767 551 2838 608 ad
2874 568 2970 610 eos
3006 553 3237 616 fortasse
3261 561 3503 634 pertinet

237 617 376 674 situs
412 615 467 674 in
495 615 675 689 lingua
707 619 829 688 sibi,
884 621 940 677 in
977 639 1085 694 qua
1135 623 1205 681 ob
1251 627 1408 698 plura
1439 630 1642 688 scelera
1693 633 1816 704 plus

235 709 457 780 punitus
484 717 586 776 est,
614 709 957 783 refrigerium
979 719 1250 786 quaesivit.

304 798 473 858 Vens.
495 802 926 861 7.—Hemoria.
957 808 1014 863 ln
1044 811 1147 867 hac
1177 813 1284 868 vita
1309 815 1438 873 boni
1469 817 1657 885 bonos,
1677 829 1810 889 etc.,

233 911 396 963 usque
419 894 488 950 ad
510 905 567 951 et
594 896 736 968 ignis
766 914 953 954 eorum
981 918 1087 957 non
1111 905 1504 978 exstinguetur.

302 987 467 1044 Vens.
498 988 552 1046 8.
581 1021 653 1031 —
683 989 890 1048 Stultus
917 995 1122 1052 ceditur
1141 998 1316 1069 labiis,
1349 1003 1434 1057 vel
1457 1004 1592 1072 suis,
1615 1007 1812 1076 quibus

231 1081 476 1138 damnari
505 1085 723 1153 meruit,
775 1087 900 1157 quia
948 1107 1090 1147 mors
1119 1103 1166 1148 et
1196 1095 1299 1150 vita
1339 1097 1395 1152 in
1418 1098 1660 1154 manibus
1703 1099 1810 1157 lin-

229 1189 346 1243 gute
376 1173 511 1244 (Isa.
535 1176 704 1248 LXVI),
746 1179 832 1235 vel
875 1194 1062 1238 eorum
1103 1199 1134 1238 a
1176 1186 1392 1256 quibus,
1439 1190 1567 1259 quia
1611 1193 1809 1265 corrigi

228 1281 334 1322 non
360 1269 557 1337 potuit,
594 1273 921 1328 sententiam
956 1275 1321 1334 damnationis
1346 1283 1586 1354 accepit;
1624 1285 1764 1342 unde
1792 1303 1805 1340 :

225 1361 470 1432 Domine,
497 1364 661 1422 libera
699 1369 930 1426 animam
954 1390 1123 1430 meam
1167 1393 1202 1430 a
1229 1375 1381 1433 labiis
1412 1379 1603 1452 iniquis
1631 1380 1804 1455 (Psal.

223 1457 392 1530 CXIX).

293 1547 456 1606 Vens.
482 1549 536 1607 9.
561 1581 630 1595 —
657 1554 764 1626 Qui
786 1559 1048 1630 ambulat,
1077 1565 1171 1635 qui
1197 1565 1594 1638 simpliciterse
1621 1572 1805 1630 vivere

222 1645 394 1712 novit,
423 1655 553 1715 etc.,
581 1666 744 1724 usque
790 1655 861 1708 ad
917 1671 982 1712 ac
1019 1658 1178 1731 digna
1216 1661 1372 1720 factis
1417 1667 1625 1738 recipit,
1672 1671 1804 1726 nihil

223 1737 361 1792 enim
381 1739 641 1798 occultum
662 1746 803 1816 quod
829 1764 930 1804 non
971 1751 1222 1808 reveletur
1250 1753 1464 1826 (Matth.
1496 1737 1574 1830 κ).

292 1828 459 1887 Vens.
490 1833 577 1889 l5.
603 1867 676 1876 —
713 1835 872 1911 Virga
911 1842 963 1896 in
1009 1843 1166 1900 dorso
1191 1846 1324 1916 ejus.
1350 1828 1600 1906 Vindicta
1632 1853 1686 1908 in
1713 1869 1798 1910 se-

1916 633 2060 703 quod
2083 638 2343 707 sequitur.

1987 723 2324 798 Exspectatio
2353 729 2724 790 sollicitarum.
2762 735 3079 798 Sollicitudo
3107 742 3374 802 bonorum
3416 755 3503 808 est

1914 817 2142 888 implere
2173 823 2270 878 Dei
2322 837 2624 900 praecepta;
2679 839 2735 885 at
2775 833 3041 894 malorum
3097 838 3332 896 scienter
3367 856 3500 912 pee-

1912 911 2172 980 cantium,
2205 917 2349 986 quod
2375 926 2636 976 mternam
2666 923 2946 994 rapientur
2974 927 3042 984 ad
3066 945 3306 1002 pmnam.
3341 911 3496 990 Ideo-

1913 1019 2020 1074 que
2045 1009 2382 1078 exspectatio
2411 1012 2624 1068 illorum
2650 1019 3034 1086 coronabitur;
3077 1021 3304 1081 istorum
3351 1023 3496 1083 dam-

1913 1095 2148 1162 nabitur,
2197 1100 2361 1156 etiam
2416 1111 2540 1161 ante
2578 1103 2870 1180 judicium,
2927 1112 3221 1173 damnante
3263 1121 3486 1196 pr0pria

1916 1188 2272 1244 conscientia.

1982 1277 2147 1336 Vens.
2173 1281 2226 1338 9.
2249 1315 2322 1325 —
2345 1283 2658 1344 Simulator.
2704 1289 3000 1352 Haereticus
3023 1297 3286 1359 simulans
3309 1301 3501 1363 cathe-

1909 1369 2071 1427 licam
2119 1376 2456 1447 doctrinam,
2495 1382 2696 1455 decipit
2729 1387 3033 1446 auditorem
3065 1408 3242 1450 suum.
3277 1396 3378 1465 Qui
3409 1413 3501 1454 ve-

1909 1467 2125 1524 ritatem
2164 1483 2462 1544 sequuntur
2494 1477 2769 1552 Evangelii
2812 1483 3184 1547 liberabuntur
3230 1495 3492 1566 sapientia

1906 1562 2191 1631 catholica,
2224 1581 2292 1623 ne
2317 1569 2564 1641 decipula
2600 1573 2940 1648 decipiantur
2965 1581 3239 1650 heretica.

1975 1652 2141 1710 Vens.
2173 1657 2256 1714 12.
2288 1690 2359 1700 -
2389 1662 2493 1728 Qui
2523 1665 2758 1738 despicit,
2790 1679 2893 1726 etc.
2926 1671 3044 1730 Non
3072 1685 3158 1734 est
3193 1678 3496 1751 despicien-

1905 1746 2026 1815 dus,
2056 1749 2148 1818 qui
2174 1767 2272 1807 nos
2305 1753 2632 1824 simpliciter
2656 1770 2824 1828 amat,
2850 1765 2952 1821 etsi
2979 1767 3110 1838 quid
3132 1746 3311 1844 inepte
3338 1782 3491 1846 agat:

1904 1840 1996 1909 qui
2020 1843 2166 1897 enim
2189 1844 2296 1900 hoc
2323 1844 2477 1915 facit,
2497 1849 2702 1923 indiget
2725 1855 3008 1924 sapientia.
3037 1840 3285 1936 Prudens
3313 1840 3495 1922 autem

217 1925 403 1995 quenti
434 1926 734 1997 vita,'etc.,
765 1949 925 2004 usque
954 1935 1024 1990 ad
1066 1947 1217 1994 recte
1257 1941 1507 1997 subditur
1534 1941 1797 2016 :Sapieu—
1828 1916 1876 1978 B
1903 1933 2120 2004 Pumice
2155 1945 2315 2004 lace"
2368 1941 2581 1998 θεουίιθ
2619 1947 2880 2018 οεδιίελιν
2913 1931 3054 2020 (ιιιοέι
3086 1951 3284 2010 melius
3318 1955 3376 2010 in
3410 1971 3496 2014 ὅθ’

217 2028 292 2074 tes
324 2019 673 2090 abscondunt,
701 2032 808 2080 etc.

286 2110 452 2169 Vens.
487 2114 572 2170 l5.
597 2146 668 2156 —
689 2117 1003 2176 Substantia
1029 2121 1228 2180 divitis.
1260 2123 1666 2197 Spiritualiter:
1697 2132 1798 2202 Qui

212 2202 270 2259 iu
299 2205 469 2261 Deum
497 2207 649 2264 dives
685 2220 768 2265 est
809 2226 908 2281 per
943 2214 1083 2269 bona
1115 2231 1301 2287 opera,
1351 2221 1578 2278 conlidit
1603 2224 1657 2280 in
1687 2226 1796 2294 llo,

213 2295 367 2364 quasi
399 2297 492 2368 qui
529 2298 582 2354 in
614 2300 748 2356 urbe
774 2301 1200 2378 inexpugnabili,
1255 2325 1375 2380 quze
1407 2329 1438 2366 a
1470 2314 1617 2372 nullo
1643 2317 1799 2375 hoste

211 2389 388 2459 possit
437 2393 720 2464 superari;
773 2405 849 2464 at,
892 2399 984 2468 qui
1034 2400 1295 2457 virtutum
1344 2405 1523 2476 inopia
1563 2408 1800 2483 coangu-

209 2491 446 2552 stantur,
485 2486 618 2544 ideo
636 2487 948 2546 caelestibus
979 2502 1140 2564 egent
1181 2495 1404 2560 divitiis,
1456 2500 1584 2570 quia
1631 2504 1798 2560 noxio

206 2593 413 2648 pavore
444 2579 636 2637 timent
666 2582 832 2638 duros
873 2599 972 2655 pro
1017 2583 1248 2644 Domino
1297 2588 1529 2648 tolerare
1559 2593 1795 2652 labores.

281 2668 448 2726 Vens.
475 2671 561 2728 l8.
590 2703 662 2712 —
686 2672 1028 2729 Abscondunt
1068 2678 1365 2746 scientiam,
1414 2689 1520 2736 etc.
1567 2681 1625 2738 Si
1663 2700 1796 2757 ergo

205 2777 372 2818 verax
395 2773 450 2817 et
470 2764 684 2835 sapiens
719 2781 838 2821 esse
864 2765 1164 2835 desideras,
1203 2770 1387 2826 odium
1416 2787 1591 2844 neque
1619 2775 1673 2830 in
1701 2774 1797 2832 ab-

205 2857 454 2916 scondito
491 2859 674 2916 cordis
710 2870 984 2934 conteges,
1016 2877 1194 2934 neque
1227 2881 1329 2936 per
1359 2867 1471 2923 oris
1509 2877 1794 2926 contume-

203 2946 333 3004 liam
349 2948 633 3019 proferas;
668 2951 764 3008 sed
785 2960 936 3016 tmm
965 2968 1061 3010 cor
1073 2954 1365 3016 dilectione
1393 2968 1448 3014 et
1474 2975 1538 3017 os
1564 2962 1794 3020 veritate

203 3040 497 3110 repleatur.

280 3135 448 3190 Vens.
473 3133 566 3190 25.
586 3165 653 3175 -
681 3133 849 3203 Quasi
869 3155 966 3210 per
995 3140 1160 3196 risum
1187 3141 1380 3198 stultus
1415 3155 1662 3215 operatur
1677 3161 1791 3201 sce-

202 3223 309 3277 lus.
363 3223 710 3283 Prudentiaa
739 3229 1075 3300 providendo
1126 3249 1326 3290 nomen
1378 3237 1608 3307 accepit.
1650 3237 1795 3293 Stul-

205 3324 296 3372 tus
324 3327 408 3373 est
434 3318 600 3390 igitur
631 3321 720 3391 qui
746 3323 944 3393 gaudet
969 3324 1024 3380 in
1045 3325 1270 3382 scelere.
1301 3324 1575 3397 Sapientis
1607 3340 1790 3386 autem

200 3417 288 3466 est
328 3417 384 3466 et
415 3409 530 3480 ejus
558 3412 652 3483 qui
702 3414 806 3470 viri
836 3416 1054 3474 nomine
1093 3417 1286 3490 dignus
1336 3419 1429 3486 sit,
1467 3422 1788 3492 praevidere,

199 3503 328 3573 quia
361 3503 502 3560 risus
550 3505 733 3561 dolore
772 3507 1111 3577 miscebitur,
1162 3519 1218 3566 et
1271 3511 1468 3583 gaudia
1521 3515 1790 3585 peccandi

196 3611 364 3667 pmna
395 3605 654 3668 sequetur
683 3596 924 3655 ultionis.

273 3690 442 3748 Vens.
469 3690 816 3758 24.—-Quod
853 3693 996 3748 timet
1045 3695 1261 3767 impius,
1308 3695 1474 3752 veniet
1507 3713 1680 3768 super.
1711 3698 1788 3754 De

199 3783 294 3842 illo
324 3786 490 3856 impio
518 3784 672 3854 dicit,
721 3796 859 3855 etc.,
886 3804 1048 3860 usque
1073 3788 1144 3844 ad
1167 3789 1310 3861 quod
1357 3791 1524 3846 corde
1577 3798 1782 3858 tenent,

197 3879 473 3935 adveniet.

268 3973 437 4030 Vens.
462 3973 553 4030 25.
583 4005 651 4015 -
681 3972 846 4040 Quasi
887 3981 1184 4046 tmpestas.
1228 3973 1306 4030 De
1339 3976 1785 4046 persecutoribus

195 4065 454 4124 Ecclesiae
473 4067 625 4133 dicit,
657 4067 748 4137 qui
762 4068 983 4124 domum
1007 4067 1133 4123 ﬁdei
1158 4069 1478 4123 subvertere
1506 4077 1778 4139 quaerunt.

197 4159 308 4217 Sed
339 4161 424 4216 illa
453 4163 509 4216 in
538 4178 668 4218 vero
698 4161 1072 4231 fundamento,
1113 4163 1168 4219 id
1204 4171 1311 4231 est,
1339 4163 1395 4219 in
1423 4162 1640 4220 Christo
1669 4164 1782 4221 col-

195 4255 396 4324 locata,
429 4256 531 4328 ipsi
561 4257 834 4328 extemplo
865 4258 1198 4330 dispereunt.

266 4351 429 4406 Vens.
460 4351 550 4406 26.
585 4381 654 4391 -
689 4350 839 4408 Sicut
881 4361 1085 4407 acetum
1116 4354 1377 4410 dentibus.
1413 4355 1566 4412 Sicut
1605 4357 1782 4413 haere-

193 4445 426 4502 ticorum
453 4447 707 4516 perﬁdia.
735 4455 866 4513 etc.,
895 4465 1057 4520 usque
1086 4452 1155 4504 ad
1183 4457 1239 4505 et
1289 4450 1452 4506 etiam
1481 4451 1659 4506 verbis
1682 4451 1782 4505 im—

194 4547 458 4609 pugnant,
487 4539 635 4594 unde
664 4557 680 4594 :
713 4540 758 4592 A
787 4541 935 4595 nobis
975 4543 1238 4610 exierunt,
1271 4542 1363 4598 sed
1394 4560 1458 4597 ea:
1501 4543 1647 4596 nobis
1675 4559 1778 4596 non

195 4640 344 4686 erant
371 4629 420 4703 (1
450 4629 614 4685 Joan.
642 4632 730 4702 ιι).

262 4722 427 4779 Vens.
448 4723 538 4779 28.
569 4753 640 4764 —-
681 4721 810 4794 Spes
859 4733 1055 4778 autem.
1114 4722 1230 4779 Non
1275 4730 1466 4778 contra
1527 4723 1583 4780 id
1634 4723 1777 4794 quod

193 4832 354 4888 supra
384 4816 605 4884 dicitur,
651 4824 784 4883 etc.,
814 4833 975 4888 usque
999 4817 1068 4872 ad
1093 4817 1169 4874 De
1189 4818 1274 4874 his
1303 4818 1396 4889 qui
1423 4818 1659 4908 scienter
1685 4818 1778 4874 de-

192 4909 463 4980 linquunt,
500 4910 767 4982 adiungit.

263 5001 426 5059 Vens.
452 5002 924 5060 29.—Fortitudo
943 5002 1196 5074 simplicis
1225 5005 1310 5059 via
1355 5003 1490 5075 ejus,
1515 5015 1563 5059 et
1591 5022 1768 5076 pavor.

195 5094 250 5150 Si
277 5095 509 5151 obscura
533 5094 962 5169 Scripturarum,
981 5104 1113 5162 etc.,
1139 5112 1302 5169 usque
1321 5097 1391 5154 ad
1412 5099 1625 5170 operari
1647 5113 1773 5156 con-

193 5198 460 5247 temnunt.
831 5229 839 5237 .

801 5259 1030 5319 CAPUT
1063 5260 1157 5318 XI.

261 5379 428 5438 Vens.
455 5379 507 5435 l.
533 5406 606 5420 —-
646 5375 856 5434 Statera
893 5377 1099 5434 dolosa.
1144 5377 1238 5434 Vel
1269 5378 1513 5448 pecuniae
1561 5379 1642 5436 vel
1683 5379 1772 5453 ju-

195 5477 340 5543 dicii,
368 5485 501 5540 etc.,
529 5491 692 5547 usque
719 5474 787 5528 ad
815 5483 872 5530 et
889 5473 1090 5530 actioni
1119 5475 1390 5546 congruit.

262 5568 580 5626 Vens.2.—
605 5565 702 5622 Ubi
735 5567 894 5638 fuerit
917 5566 1182 5639 superbia.
1217 5565 1472 5638 Superbi,
1521 5569 1606 5624 vel
1647 5584 1766 5626 cono

196 5662 474 5718 tumeliose
502 5675 561 5717 se
591 5667 788 5732 gerunt
812 5676 906 5730 per
945 5666 1319 5730 contemptum
1348 5660 1463 5715 sive
1491 5676 1590 5732 per
1611 5661 1767 5733 igno-

194 5755 428 5812 rantiam
464 5752 784 5824 disciplinae,
818 5751 902 5806 vel
953 5751 1216 5821 proximis
1260 5754 1648 5810 contumeliam
1685 5755 1769 5810 in-

192 5855 406 5926 gemat,
437 5846 521 5902 vel
546 5845 637 5917 qui
662 5859 718 5900 se
750 5843 955 5898 exultat
983 5844 1374 5900 humiliabitur.

258 5938 426 5999 Vens.
456 5938 506 5992 7.
535 5966 607 5979 -
635 5933 849 5993 Mortuo
889 5934 1094 5992 homine
1118 5937 1316 6007 impio.
1366 5937 1478 5995 Hoc
1505 5938 1767 6012 Origenes

1904 2029 2194 2097 quentibus
2221 2034 2482 2103 aperitur.
2563 2073 2567 2077 η

1974 2121 2143 2180 Vens.
2175 2125 2261 2180 l4.
2291 2157 2361 2167 —
2389 2126 2489 2184 Ubi
2517 2147 2622 2187 non
2649 2143 2725 2188 est
2751 2135 3091 2206 gubernator,
3127 2141 3349 2214 populus
3374 2160 3492 2198 cor-

1903 2225 2039 2284 ruet,
2069 2217 2214 2273 salus
2243 2231 2420 2276 autem
2449 2223 2537 2278 ubi
2567 2225 2734 2280 multa
2763 2229 3004 2285 consilia.
3039 2229 3119 2288 Ne
3147 2234 3292 2290 enim
3330 2243 3492 2308 puta-

1902 2324 2012 2376 res,
2039 2319 2174 2378 etc.,
2205 2331 2370 2386 usque
2403 2317 2473 2371 ad
2500 2325 2559 2374 ut
2584 2334 2618 2374 a
2647 2320 2896 2392 pluribus
2915 2327 3242 2399 corrigatur.

1973 2406 2138 2465 Vens.
2176 2411 2263 2468 15.
2290 2443 2362 2455 —-
2389 2414 2678 2488 Aﬁtigetur.
2731 2421 2814 2476 Ad
2857 2422 3098 2481 litteram
3136 2435 3314 2498 patet,
3347 2439 3491 2499 etc.,

1899 2518 2063 2574 usque
2107 2504 2178 2558 ad
2220 2506 2458 2578 seipsum
2494 2519 2623 2566 ante
2657 2511 2890 2570 districti
2931 2515 3131 2588 iudicis
3177 2521 3365 2579 oculos
3403 2523 3492 2580 ul-

1901 2595 2050 2652 tione
2078 2598 2299 2670 dignum
2330 2602 2537 2658 reddet.

1971 2688 2078 2756 Qui
2105 2701 2282 2748 autem
2314 2704 2459 2749 cavet
2483 2695 2698 2768 laqueos
2723 2716 2940 2758 securus
2979 2704 3098 2760 erit.
3128 2703 3364 2776 Secutus
3389 2708 3504 2770 erit

1899 2781 1955 2836 in
1991 2784 2172 2839 futuro
2202 2785 2296 2854 qui
2322 2801 2469 2840 nunc
2490 2787 2630 2844 bene
2655 2789 3041 2852 formidolosus
3059 2805 3116 2854 et
3143 2813 3245 2860 sua
3269 2809 3492 2871 peccatu

1895 2887 1995 2944 per
2022 2873 2400 2944 paenitentiam
2436 2887 2613 2947 curat,
2640 2890 2697 2938 et
2721 2883 2790 2940 ab
2815 2883 3273 2956 impmnitentium
3311 2893 3491 2949 socie-

1897 2968 2008 3016 tate
2038 2977 2098 3018 se
2119 2963 2416 3021 immunem
2449 2979 2650 3026 servat.

1969 3055 2136 3111 Vens.
2169 3057 2258 3111 21.
2289 3089 2357 3098 -
2380 3059 2576 3118 Manus
2602 3065 2658 3119 in
2696 3083 2882 3123 manu.
2921 3068 3026 3137 Qui
3066 3087 3287 3132 manum
3312 3076 3492 3150 jungit

1897 3146 1954 3200 in
1978 3161 2170 3215 manu,
2193 3159 2328 3217 etc.,
2366 3167 2530 3224 usque
2559 3157 2628 3208 ad
2660 3158 2801 3214 unde
2819 3161 3165 3229 praemissum
3187 3175 3276 3223 est
3297 3146 3326 3222 τί
3350 3146 3490 3226 ,4ὑό-

1898 3240 2148 3296 minabile
2171 3241 2398 3298 Domino
2432 3261 2524 3300 cor
2549 3264 2787 3318 pravum.

1969 3329 2132 3388 Vens.
2162 3334 2251 3390 22.
2284 3367 2354 3377 -
2381 3335 2624 3394 Circulus
2665 3357 2857 3398 aureus
2891 3343 2949 3399 in
2985 3347 3225 3417 naribus,
3270 3360 3375 3408 etc.
3426 3355 3485 3411 Si

1894 3427 2009 3484 suis
2054 3429 2279 3486 naribus
2317 3431 2582 3487 circulum
2631 3435 2746 3490 auri
2789 3435 2998 3507 ﬂxeris,
3037 3448 3166 3510 etc.,
3211 3460 3376 3516 usque
3413 3448 3485 3506 ad

1892 3519 2015 3590 quia
2043 3520 2355 3578 carnalibus
2387 3523 2618 3581 deditus.

1963 3608 2128 3666 Vens.
2161 3609 2251 3666 27.
2277 3643 2348 3652 -
2387 3611 2528 3669 Bene
2572 3620 2839 3690 consurgit
2883 3621 3121 3680 diluculo
3157 3628 3250 3697 qui
3293 3631 3484 3700 quaerit

1891 3701 2046 3767 bona,
2080 3712 2211 3769 etc.,
2251 3704 2306 3759 id
2333 3714 2417 3760 est
2455 3707 2521 3762 ad
2549 3708 2712 3764 vitam
2743 3714 3024 3786 consurgit
3049 3717 3102 3770 in
3129 3727 3372 3790 tempore
3389 3739 3480 3779 rc-

1888 3794 2262 3861 surrectionis,
2299 3798 2425 3866 quia
2459 3814 2604 3854 nunc
2627 3801 2772 3857 bona
2799 3805 2911 3876 agit
2939 3806 2992 3861 in
3023 3817 3266 3882 tempore
3286 3828 3478 3884 opera-

1889 3886 2072 3943 tionis.
2105 3888 2210 3955 Qui
2233 3897 2414 3976 autem
2440 3891 2600 3956 mala,
2629 3910 2748 3965 qua:
2774 3897 2921 3953 dicat
2942 3901 3025 3956 vel
3050 3913 3193 3974 agat,
3227 3906 3475 3978 inquirit,

1887 3993 2072 4034 eorum
2099 3969 2336 4051 pondere
2363 3983 2432 4038 ab
2459 3983 2742 4043 altioribus
2771 3969 3100 4048 retardatur:

1958 4069 2124 4126 Vens.
2155 4071 2246 4128 28.
2279 4105 2352 4114 -
2377 4075 2521 4130 Justi
2563 4088 2738 4133 autem
2778 4084 2964 4152 quasi,
2995 4093 3102 4142 etc.
3145 4086 3334 4156 Quasi,
3381 4092 3473 4162 qui

1885 4177 1979 4234 spe
2006 4163 2308 4221 futurorum
2340 4168 2686 4238 prtemiorum
2718 4171 2857 4228 bona
2884 4173 3092 4234 faciunt
3113 4178 3172 4236 in
3191 4182 3472 4250 praesenti,

1877 4255 2044 4328 juste,
2074 4259 2485 4332 quodtsperant,
2527 4262 2816 4331 accipiunt.
2851 4265 3044 4322 Virens
3067 4269 3264 4338 quippe
3296 4271 3348 4326 in
3379 4287 3471 4326 ar-

1882 4353 2016 4408 bore
2058 4352 2266 4420 l‘olium,
2297 4353 2526 4419 fructus,
2567 4371 2702 4425 quos
2730 4359 2967 4412 nondum
3009 4363 3266 4429 ostendit,
3297 4363 3474 4434 signat

1883 4443 2146 4499 aifuturos
2178 4461 2190 4497 :
2230 4453 2287 4498 et
2323 4442 2456 4512 justi
2487 4445 2643 4515 quasi
2677 4445 2860 4502 virens
2895 4447 3084 4506 folium
3123 4453 3466 4523 germinant,

1883 4537 1974 4606 qui
1999 4549 2093 4606 spe
2115 4536 2248 4592 salvi
2269 4536 2398 4592 facti
2415 4537 2470 4592 in
2493 4537 2618 4594 ﬁdei
2638 4553 2704 4594 ac
2727 4539 2987 4596 virtutum
3007 4546 3184 4614 gratia
3205 4547 3472 4617 proﬁcere

1881 4645 1989 4684 non
2023 4637 2258 4685 cessant.

1954 4719 2119 4776 Vens.
2158 4721 2246 4778 29.
2278 4754 2347 4762 -
2376 4722 2480 4789 Qui
2508 4723 2700 4780 stultus
2725 4735 2820 4781 est.
2847 4727 3049 4798 impius
3075 4731 3207 4788 vivit
3227 4733 3470 4804 pio;.ille

1881 4817 2192 4878 damnatur,
2230 4815 2332 4871 iste
2361 4817 2559 4887 accipit
2584 4819 2851 4886 bravium,
2879 4836 2978 4892 pro
3000 4839 3107 4894 quo
3129 4828 3393 4883 certabat.

1951 4909 2114 4964 Vens.
2143 4907 2234 4963 50.
2267 4940 2334 4949 -
2365 4910 2470 4976 Qui
2513 4913 2748 4982 suscipit.
2783 4914 2884 4982 Qui
2927 4917 3230 4973 animarum
3280 4936 3468 4978 curam

1876 5018 1975 5075 pro
1999 5004 2228 5059 Domino
2249 5004 2496 5074 suscipit,
2527 5012 2656 5072 etc.,
2679 5023 2842 5078 usque
2869 5009 2938 5063 ad
2959 5019 3018 5066 ut
3037 5011 3320 5068 sublimius
3343 5027 3468 5070 cum

1881 5096 2108 5153 Domino
2133 5105 2339 5169 regnet,
2374 5107 2651 5174 procurat.

1951 5188 2119 5244 Vens.
2142 5188 2232 5244 51.
2253 5221 2325 5230 --
2339 5189 2399 5246 Si
2414 5190 2611 5260 justus.
2641 5190 2699 5247 Si
2727 5202 2993 5266 martyres
3015 5202 3164 5251 tanta
3185 5197 3468 5268 patiuntur

1879 5283 2098 5354 injuste,
2131 5291 2259 5349 etc.,
2300 5300 2459 5355 usque
2500 5287 2570 5339 ad
2605 5287 2706 5342 etsi
2739 5289 2881 5343 enim
2921 5290 3068 5358 impii
3114 5305 3220 5346 non
3253 5309 3460 5362 sumus,

1878 5384 2027 5432 certe
2073 5376 2118 5431 si
2163 5385 2481 5446 peccatores
2507 5395 2606 5434 nos
2637 5395 2758 5435 esse
2786 5395 3065 5450 negamus,
3111 5386 3346 5454 nosipsos
3385 5406 3463 5443 se-

1879 5468 2142 5536 ducimus,
2173 5478 2222 5522 et
2247 5469 2433 5524 veritas
2459 5471 2514 5525 in
2537 5471 2682 5525 nobis
2706 5487 2809 5525 non
2827 5481 2922 5526 est.

2473 5601 2698 5661 CAPUT
2746 5604 2858 5661 XII.

1949 5739 2110 5798 Vens.
2145 5743 2195 5798 1.
2227 5774 2296 5783 -
2327 5743 2432 5810 Qui
2461 5743 2626 5798 bonus
2649 5754 2745 5812 est,
2781 5753 2888 5802 etc.
2921 5744 3124 5802 Horum
3164 5751 3458 5809 versiculo-

1878 5858 1998 5898 rum
2052 5843 2316 5900 connexio
2363 5842 2485 5898 talis
2514 5851 2626 5910 est;
2660 5845 2750 5915 qui
2795 5845 2969 5902 bonus
2993 5855 3209 5904 estnon
3239 5849 3461 5908 conﬁdit

1877 5940 1930 5993 in
1977 5941 2393 6012 cogitationilms
2425 5941 2568 6006 suis;
2604 5940 2698 5997 sed
2728 5940 2940 5997 Domini
2982 5945 3208 6014 gratiam
3241 5946 3456 6017 quaerit,
