4008 6348
480 469 618 530 1095
962 455 1354 519 WALAFRIDI
1389 452 1632 511 STRABI
1665 449 1870 508 FULD.
1912 445 2077 505 MON.

2212 445 2264 501 P.
2304 441 2486 502 PARS
2519 441 2564 500 ι.
2613 471 2684 484 -
2718 436 3177 498 THEOLOGICA.
3589 431 3739 492 1096

478 603 544 644 ac
567 600 663 658 per
694 582 839 640 illam
878 542 967 652 pie
1010 577 1163 632 vivit.
1188 573 1290 642 Qui
1318 580 1498 626 autem
1535 569 1589 623 in
1629 561 2043 635 cogitationibus
2067 562 2124 623 Α
2216 559 2381 658 Vens.
2425 557 2517 613 27.
2544 555 2764 656 -.Νοη
2805 553 3044 618 inueniet,
3086 559 3193 658 etc.
3227 547 3455 658 fraude
3491 561 3739 658 namqtte

481 631 865 741 suizvconﬁd—it,
881 631 1068 728 rbonus
1105 631 1235 725 esse
1267 663 1456 734 nequit
1482 679 1494 716 :
1521 660 1615 731 qui
1651 631 1796 714 enim
1819 655 2047 728 gratiam
2148 647 2412 718 acquisita
2437 643 2687 716 pecunia,
2709 650 2839 708 etc.,
2867 657 3032 712 usque
3055 637 3124 692 ad
3149 635 3345 709 quibus
3363 643 3586 691 aeterne
3609 631 3743 689 vita:

481 771 580 830 Dei
608 786 716 826 non
736 773 900 828 curat,
914 777 1179 836 quaerere,
1210 759 1265 813 in
1287 770 1454 828 prava
1481 752 1692 808 actione
1718 748 1991 821 perdurat.

555 865 718 921 Vens.
747 861 803 920 4.
831 889 902 900 -
921 854 1136 913 Mulier.
1177 851 1260 908 Ad
1300 848 1560 911 litteram,
1587 842 1782 899 mulier
1806 840 1950 894 bona
1998 844 2052 892 et

485 967 656 1024 casta,
685 962 814 1022 etc.,
858 965 1021 1024 usque
1062 945 1130 1004 ad
1171 941 1399 1016 putredo
1443 937 1596 1011 pravi
1625 933 1889 1008 dogmatis
1929 945 2054 988 cor-

486 1049 706 1121 rumpit.

555 1118 720 1195 Vens.
751 1137 804 1192 5.
831 1163 902 1176 —
925 1128 1298 1202 Cogitationes.
1343 1121 1482 1179 Justi
1528 1135 1626 1178 sua
1669 1118 1812 1174 facta
1835 1157 1850 1185 ,
1899 1123 2004 1170 etc.
2036 1153 2052 1182 ,

489 1247 648 1302 usque
677 1227 744 1283 ad
772 1223 926 1282 obliti
957 1220 1164 1278 timoris
1192 1215 1425 1274 Domini.

467 1313 470 1316 ’
563 1298 729 1379 Vens.
758 1319 812 1373 7.
839 1347 908 1358 —
950 1312 1097 1370 Verte
1137 1311 1342 1383 impios.
1371 1306 1537 1362 Multa
1565 1301 1816 1374 impietas
1859 1300 1916 1357 in
1960 1298 2062 1355 diis

489 1418 749 1492 gentium,
773 1422 905 1478 etc.,
927 1424 1091 1481 usque
1111 1407 1178 1462 ad
1203 1405 1297 1462 sed
1317 1414 1649 1474 quaecunque
1669 1398 1912 1454 membra
1935 1395 2062 1450 hinc

490 1489 616 1566 illuc
642 1504 980 1576 perveniunt,
1009 1516 1127 1571 quae
1149 1495 1461 1569 sperabant,
1492 1492 1686 1565 gaudia
1715 1489 2012 1546 inveniunt.

563 1600 724 1656 Vens.
763 1600 850 1654 10.
877 1624 948 1637 -
974 1592 1132 1649 Novit
1153 1633 1168 1658 ,
1200 1589 1253 1645 id
1277 1597 1363 1645 est
1386 1586 1710 1656 compatitur
1751 1578 2062 1638 hebetudini

492 1713 557 1753 ac
583 1691 856 1765 fragilitati
879 1687 1250 1762 proximorum
1279 1682 1381 1740 sibi
1407 1678 1841 1738 commissorum.

581 1784 790 1850 Viscera
835 1789 1010 1835 autem
1051 1776 1329 1846 impiorum
1370 1767 1634 1832 crudelia,
1662 1765 1755 1836 qui
1786 1779 1891 1818 non
1920 1776 2066 1817 com—

2150 741 2372 798 claritas
2402 754 2536 796 auro
2557 736 2848 811 pretiosior
2871 733 3091 789 emitur.

2737 869 2964 928 CAPUT
2996 868 3133 924 XIII.

2227 1012 2391 1070 Vens.
2437 1012 2488 1068 1.
2519 1041 2590 1052 -
2613 1007 2788 1065 Filius
2831 1009 3057 1080 sapiens.
3101 1007 3334 1062 Tantum
3380 1005 3545 1062 distat
3597 1004 3750 1060 inter

2157 1105 2456 1176 sapientem
2501 1112 2557 1160 et
2599 1102 2863 1170 stultum,
2910 1112 2972 1157 ut
3012 1101 3101 1156 hic
3149 1099 3437 1170 aliquando
3489 1097 3749 1170 profectu

2159 1197 2474 1253 eruditionis
2499 1196 2567 1252 ad
2595 1212 2742 1262 eum,
2766 1195 2861 1266 qui
2891 1210 2951 1252 se
2978 1195 3255 1260 docuerat,
3285 1192 3589 1249 docendum
3625 1206 3755 1263 per-

2159 1292 2344 1348 veniat
2375 1310 2387 1345 :
2421 1291 2529 1356 ille,
2555 1306 2646 1358 ne,
2675 1305 2798 1346 cum
2823 1289 3088 1361 arguitur,
3123 1287 3324 1342 audiat.

2233 1382 2399 1439 Vens.
2436 1382 2490 1437 4.
2513 1412 2587 1448 -τ-
2621 1379 2742 1436 Vult
2773 1391 2823 1437 et
2860 1399 2964 1436 non
2989 1380 3094 1435 vult
3129 1381 3292 1450 piger.
3339 1378 3469 1434 Vult
3514 1394 3756 1451 regnare

2163 1489 2286 1530 cum
2315 1473 2561 1538 Domino,
2590 1479 2719 1537 etc.,
2746 1489 2908 1543 usque
2947 1471 3016 1526 ad
3047 1479 3101 1527 et
3127 1469 3286 1526 Jesus
3315 1470 3458 1526 (ilius
3493 1469 3704 1526 Sirach
3739 1485 3754 1523 :

2175 1565 2266 1624 Vw
2292 1566 2553 1640 pcccatori
2571 1575 2765 1622 terram
2787 1565 2993 1619 duabus
3022 1565 3117 1619 viis
3138 1563 3469 1632 ingredienti.

2233 1661 2425 1716 Anima
2483 1671 2657 1714 autem
2693 1657 3018 1729 operantium
3058 1655 3210 1727 jussa
3245 1656 3521 1712 dominica
3558 1657 3760 1726 impin-

2166 1753 2430 1824 guabitur,
2459 1751 2586 1822 quia
2615 1749 2851 1821 perfecta
2893 1764 3247 1821 supernorum
3291 1747 3578 1804 dulcedine
3627 1748 3758 1801 reti-

493 1841 771 1948 patiuntur
801 1867 1061 1932 subditis;
1093 1840 1188 1920 sed
1234 1863 1374 1918 sicut
1417 1857 1675 1914 Dominus
1716 1858 1831 1909 ait:
1863 1851 2063 1905 Percu-
2095 1933 2139 1948 ﬁ
2170 1843 2370 1916 cietul1;
2399 1845 2578 1900 unde:
2606 1843 2754 1900 Sicut
2775 1844 2928 1913 adipe
2956 1841 3130 1914 (Psal.
3158 1841 3329 1913 xxvi),
3353 1849 3493 1905 etc.;
3520 1840 3636 1905 vel,
3669 1842 3762 1908 qui

494 1930 628 2018 iiunt
663 1974 850 2028 pueros
876 1965 924 2010 et
952 1930 1192 2018 ancillas,
1239 1949 1478 2006 dicentes
1507 1962 1522 2000 :
1551 1943 1760 1998 Moram
1789 1941 1917 2012 facit
1954 1937 2066 1994 Do-
2095 1933 2142 1994 Β
2167 1938 2273 2012 piis
2304 1953 2403 2008 pro
2431 1937 2660 1992 Domino
2687 1935 2960 1992 laboribus
3006 1934 3280 2000 insudant,
3308 1930 3764 1989 immarcescihili

499 2057 670 2111 minus
690 2067 833 2106 meus
864 2047 1051 2104 uenire.

569 2145 735 2201 Vens.
768 2141 856 2196 12.
887 2169 959 2182 -
985 2135 1336 2192 Desiderium.
1378 2130 1661 2188 Desiderat
1694 2127 1914 2199 impius,
1937 2132 2069 2192 etc.,

497 2254 660 2309 usque
688 2234 755 2290 ad
783 2231 968 2288 dicite
987 2233 1178 2284 contra
1201 2225 1268 2280 de
1294 2222 1470 2278 bonis.

570 2303 747 2383 Radix
771 2333 945 2378 autem
966 2319 1232 2392 justorum
1258 2314 1490 2386 proﬁciet
1508 2352 1523 2376 ,
1552 2310 1704 2375 ﬁdes,
1729 2322 1872 2379 spes,
1897 2303 2077 2361 chari-

499 2430 602 2485 tas,
639 2417 833 2488 quibus
854 2413 911 2468 in
932 2410 1148 2467 Christo
1173 2414 1300 2462 sunt
1327 2402 1554 2460 radicati
1589 2415 1695 2456 non
1727 2414 1822 2454 eos
1848 2395 2074 2462 fallunt;

504 2511 600 2569 sed
628 2509 747 2581 plus
777 2520 937 2577 quam
965 2507 1183 2573 sperant
1204 2497 1260 2552 in
1286 2495 1467 2550 futuro
1494 2491 1811 2565 percipient.

576 2605 740 2660 Vens.
773 2600 860 2656 16.
890 2627 962 2640 --
987 2595 1218 2661 Fatuus,
1252 2601 1358 2648 ctc.
1383 2590 1486 2658 Qui
1509 2589 1564 2644 in
1590 2585 1842 2659 praesenti
1872 2583 2080 2639 deside-

507 2708 594 2756 rat
637 2696 858 2761 ulcisci,
887 2694 1069 2748 fatuus
1095 2697 1216 2754 est;
1248 2686 1340 2757 qui
1365 2692 1544 2740 autem
1571 2697 1672 2752 pro
1700 2679 1928 2736 Domino
1951 2691 2082 2733 con-

506 2791 720 2856 temnit,
751 2787 967 2858 sapiens
993 2789 1097 2839 est.

581 2882 684 2949 Qui
712 2886 886 2934 autem
931 2870 1219 2928 dissimulat
1248 2885 1267 2924 :
1288 2883 1395 2924 non
1439 2868 1519 2930 sic
1563 2865 1678 2921 vult
1711 2861 1994 2926 occultari,
2025 2867 2085 2914 ut

509 2977 688 3039 duret,
714 2970 810 3028 sed
838 2966 1058 3024 omnino
1087 2963 1356 3027 deleatur;
1384 2968 1469 3016 est
1501 2958 1644 3014 enim
1674 2964 1866 3012 natura
1891 2954 1986 3008 irae
2025 2958 2086 3008 ut

505 3065 737 3139 prolata,
765 3059 937 3132 magis
961 3057 1200 3121 ferveat;
1239 3050 1526 3115 occultata,
1553 3048 1884 3120 languescat.

579 3159 746 3215 Vens.
791 3154 878 3210 18.
907 3182 979 3192 ——
1005 3147 1212 3218 Lingua
1255 3155 1427 3200 autem
1471 3141 1786 3213 sapientium
1836 3147 1912 3193 est
1943 3138 2088 3193 sani-

511 3263 590 3308 tas
611 3291 626 3317 ,
655 3257 761 3306 etc.
783 3287 798 3314 ,
827 3243 953 3315 quia
982 3251 1033 3296 et
1063 3239 1224 3302 bona,
1255 3252 1374 3306 quae
1405 3234 1744 3305 promittunt,
1773 3230 1877 3300 ipsi
1923 3228 2084 3298 perii-

2172 2046 2375 2087 corona
2399 2029 2763 2086 donabuntur.

2248 2123 2406 2179 Vens.
2441 2121 2492 2176 7.
2517 2153 2591 2164 —
2619 2121 2713 2176 Est
2747 2122 2899 2192 quasi
2942 2121 3102 2188 dives,
3135 2137 3241 2176 non
3268 2132 3415 2184 vere,
3447 2127 3511 2172 ut
3541 2117 3642 2188 qui
3681 2116 3767 2171 in-

2175 2215 2440 2272 duebatur
2460 2229 2698 2286 purpura
2725 2223 2780 2269 et
2801 2214 2962 2284 bysso
2985 2211 3136 2285 (Luc.
3153 2211 3265 2284 xvi)
3287 2227 3302 2278 ;
3325 2210 3419 2266 sed
3436 2210 3566 2280 quia
3591 2211 3768 2264 Deum

2175 2325 2284 2366 non
2307 2309 2514 2376 habuit,
2542 2315 2674 2377 etc.,
2701 2295 2952 2378 usquead
2973 2305 3103 2377 quid
3134 2320 3264 2360 vera
3283 2313 3584 2375 paupertas
3615 2310 3766 2372 agat,

2178 2401 2448 2460 subditur.

2249 2493 2414 2550 Vens.
2442 2493 2531 2549 11.
2557 2492 2982 2558 —Substantia,
3025 2498 3132 2548 etc.
3179 2491 3279 2559 Qui
3328 2490 3522 2547 volunt
3565 2488 3774 2545 divites

2180 2588 2299 2645 ﬁeri
2324 2585 2571 2642 incidunt
2613 2585 2669 2641 in
2714 2585 3094 2651 tentationem,
3123 2591 3252 2650 etc.,
3289 2599 3450 2654 usque
3475 2583 3546 2636 ad
3581 2581 3772 2636 multi-

2181 2682 2341 2754 plicia
2387 2695 2634 2753 supernae
2685 2680 3035 2738 beatitudinis
3078 2696 3306 2737 munera
3347 2678 3657 2751 percipiet,
3705 2678 3772 2732 de

2188 2789 2294 2844 quo
2326 2788 2342 2828 :

2255 2862 2420 2920 Vens.
2454 2864 2541 2920 12.
2567 2895 2641 2905 -
2664 2863 2794 2936 Spes
2836 2880 2954 2937 quia
2995 2864 3260 2935 differtur,
3283 2870 3389 2918 etc.
3425 2861 3566 2929 Quia
3607 2861 3779 2916 nimi-

2185 2971 2328 3022 rum,
2365 2963 2494 3024 etc.,
2528 2973 2690 3028 usque
2718 2957 2786 3010 ad
2817 2957 2931 3028 ipse
2963 2963 3049 3013 est
3073 2955 3219 3012 enim
3247 2955 3447 3026 lignum
3479 2955 3607 3009 uitta
3654 2970 3773 3007 am-

2183 3049 2524 3122 plectentibus
2550 3067 2626 3105 se.

2257 3143 2590 3199 Vens.l3.—
2607 3141 2711 3209 Qui
2721 3142 2964 3197 detrahit.
2981 3141 3282 3209 Aliter,etc.
3293 3181 3308 3207 ,
3323 3155 3486 3212 usque
3501 3139 3572 3194 ad
3584 3139 3732 3194 unde
3753 3157 3766 3190 :

2188 3232 2246 3290 Si
2281 3243 2672 3304 praroccupatus
2712 3232 2868 3303 fuerit
2895 3233 3046 3288 homo
3066 3233 3122 3287 in
3149 3231 3325 3302 aliquo
3347 3229 3562 3296 delicto,
3586 3237 3701 3284 etc.

509 3303 700 3403 ciendo
724 3303 796 3398 ad
812 3303 978 3395 vitam
997 3303 1351 3406 perveniunt;
1383 3303 1441 3386 et
1465 3327 1605 3394 aliis,
1630 3339 1749 3396 quae
1767 3329 2083 3393 sequantur,
2111 3303 2159 3368 (ἶ
2264 3303 2429 3380 Vens.
2461 3303 2548 3380 11.
2577 3354 2647 3365 -
2667 3323 2778 3379 Lex
2807 3324 3074 3395 sapientis.
3114 3324 3193 3379 Ex
3228 3339 3336 3396 quo
3368 3323 3534 3379 homo
3577 3337 3781 3392 sapere

510 3440 882 3495 demonstrant

587 3526 745 3582 Vens.
778 3523 866 3578 19.
890 3517 1190 3574 ——Labium
1212 3512 1465 3577 veritatis,
1491 3517 1599 3566 etc.
1633 3506 1796 3563 Fides
1824 3503 2091 3562 catholica

511 3634 727 3690 semper
743 3611 1114 3688 permanebit;
1133 3607 1225 3679 qui
1243 3615 1420 3660 autem
1443 3609 1664 3672 repente
1680 3613 1819 3655 nova
1837 3598 2090 3671 dogmata

514 3711 726 3776 inserit,
756 3704 1022 3764 mendacii
1055 3700 1303 3757 minister
1329 3703 1430 3752 est.

586 3803 755 3860 Vens.
782 3797 874 3854 25.
908 3826 980 3838 -
1001 3793 1173 3849 Homo
1199 3799 1450 3846 versutus.
1487 3784 1713 3858 Sapiens
1740 3791 1795 3839 et
1819 3780 2086 3853 prudens:

515 3898 608 3970 qui
641 3891 928 3965 aliquando
956 3888 1098 3946 celat
1121 3885 1423 3949 scientiam,
1448 3880 1534 3937 vel
1559 3895 1667 3936 non
1705 3877 1890 3933 valens
1918 3873 2089 3944 loqui,

518 3967 673 4063 quasi
703 3983 1093 4056 spiritualibus,
1121 3979 1216 4036 sed
1241 3975 1397 4048 quasi
1418 3972 1762 4037 carnalibus;
1791 3968 1875 4025 vel
1903 3967 2092 4022 nolens

519 4085 650 4141 dare
683 4084 933 4136 sanctum
962 4073 1208 4138 canibus,
1247 4067 1332 4124 vel
1365 4065 1686 4138 margaritas
1729 4070 1853 4118 ante
1898 4073 2093 4131 porcos

517 4171 803 4247 projicere,
828 4166 915 4223 vel
942 4164 1178 4221 mittere.

591 4263 698 4320 Cor
725 4258 1080 4333 insipientium
1105 4259 1368 4326 provocat.
1409 4247 1508 4306 Vel
1534 4245 1748 4318 quando
1779 4243 1900 4315 plus
1935 4257 2095 4314 appe-

517 4363 640 4412 tunt
668 4366 862 4424 sapere
885 4362 1047 4422 quam
1081 4351 1295 4416 oportet
1332 4355 1544 4412 sapere,
1572 4348 1628 4394 et
1661 4337 1716 4392 in
1757 4333 2097 4407 cogitationi-

2191 3416 2401 3487 incipit,
2436 3416 2606 3472 utitur
2630 3416 2734 3473 hac
2759 3416 2909 3488 lege,
2943 3424 3004 3472 ut
3043 3426 3273 3474 mortem
3318 3415 3450 3472 vitet
3497 3426 3554 3470 et
3602 3417 3780 3470 vitam

2189 3509 2456 3580 acquirat.

2259 3601 2426 3658 Vens.
2457 3599 2544 3657 16.
2571 3631 2642 3642 -
2665 3598 2798 3656 Cum
2841 3601 3078 3667 consilio,
3113 3601 3350 3657 maxime
3379 3598 3584 3664 divino,
3631 3598 3784 3669 quod

2192 3703 2276 3751 est
2315 3695 2371 3750 in
2418 3695 2732 3766 Scripturis.
2780 3693 2986 3750 Fatuus
3028 3694 3172 3750 enim
3209 3701 3294 3749 est
3331 3693 3422 3764 qui
3459 3702 3622 3748 extra
3674 3690 3782 3745 hoc

2193 3788 2478 3845 consilium
2520 3787 2690 3856 vivit,
2741 3787 2988 3859 quamvis
3037 3785 3361 3844 naturaliter
3400 3783 3650 3858 prudens
3703 3781 3784 3837 vi—

2195 3875 2405 3933 deatur.

2268 3966 2432 4022 Vens.
2471 3966 2560 4022 20.
2603 3996 2658 4006 --
2685 3964 2788 4033 Qui
2828 3981 2946 4020 cum
2984 3965 3326 4038 sapientibus.
3360 3963 3604 4033 Quilibet
3651 3963 3783 4018 sim-

2195 4058 2319 4131 plex
2345 4065 2438 4114 aut
2461 4057 2720 4125 rusticus,
2751 4057 2843 4127 qui
2871 4072 3072 4112 arcana
3100 4057 3375 4129 sapientiae
3410 4055 3782 4126 comprehen-

2195 4149 2324 4206 dere
2353 4149 2558 4222 nequit,
2602 4149 2648 4205 si
2693 4157 2874 4204 tamen
2905 4147 3153 4220 exempla
3182 4148 3489 4220 sapientum
3541 4146 3782 4203 vivendo

2197 4254 2456 4313 sectatur,
2478 4245 2600 4316 jure
2628 4244 2770 4300 inter
2797 4244 3068 4316 sapientes
3094 4244 3479 4300 numerabitur.

2267 4337 2480 4392 Amicus
2521 4336 2820 4392 stultorum.
2852 4337 2957 4405 Qui
2986 4337 3196 4403 stultos,
3221 4352 3328 4394 non
3356 4336 3484 4407 quia
3527 4334 3786 4391 homines

519 4445 622 4501 bus
648 4420 1042 4505 evanescendo,
1080 4450 1180 4506 pro
1205 4431 1467 4504 sapientia
1490 4427 1777 4486 stultitiam
1815 4426 2018 4482 habent
2042 4431 2100 4480 et
2197 4439 2344 4497 sum,
2395 4430 2489 4486 sed
2533 4438 2753 4500 propter
2793 4420 3097 4495 ειυιιίὶίδω,
3147 4428 3272 4500 quia
3313 4426 3464 4483 mimi
3507 4435 3672 4491 sum,
3703 4426 3788 4482 vel

521 4546 737 4602 tenent;
769 4532 856 4588 vel
890 4531 1030 4596 aliis,
1061 4543 1181 4598 quae
1209 4531 1484 4596 nequeunt
1510 4536 1738 4593 capere,
1769 4519 2094 4590 ingerentes,

522 4627 678 4698 quasi
707 4622 937 4680 inﬁmis
963 4620 1133 4677 oculis
1171 4617 1353 4672 lumen
1395 4614 1544 4680 solis,
1585 4613 1642 4668 id
1677 4619 1762 4669 est
1796 4611 2094 4683 sapientia},

523 4731 687 4790 quam
714 4713 914 4769 habere
937 4711 1256 4766 videbantur
1283 4705 1551 4762 auferunt.

594 4807 760 4862 Vens.
787 4803 879 4858 24.
901 4832 972 4843 ——
1003 4801 1194 4856 Manus
1235 4798 1472 4871 fortium.
1497 4791 1733 4850 Perfecti
1773 4807 1881 4847 non
1922 4790 2096 4847 solum

523 4904 782 4961 vitiorum
809 4897 946 4956 bella
973 4902 1248 4966 superant,
1275 4892 1368 4948 sed
1391 4898 1445 4947 et
1477 4887 1664 4944 electis
1693 4884 1950 4943 fratribus
1976 4901 2094 4941 ma-

520 4999 640 5072 jore
665 4995 927 5070 virtutum
951 4987 1124 5061 gratia
1151 4986 1540 5057 principantur.

603 5090 732 5156 Qute
775 5095 949 5142 autem
990 5079 1224 5136 remissa.
1267 5077 1370 5144 Qui
1417 5073 1661 5130 dissoluti
1707 5073 1916 5136 animo,
1964 5077 2097 5136 etc.,

456 5181 464 5190 “
527 5198 690 5254 usque
712 5179 779 5234 ad
805 5193 910 5233 non
933 5174 1079 5231 enim
1107 5171 1174 5226 de
1202 5168 1397 5225 talibus
1427 5165 1818 5238 desperandum
1841 5169 1944 5232 est,
1973 5177 2096 5219 cum

529 5271 791 5344 adiungit,
825 5283 1013 5324 maror
1037 5263 1192 5336 justi,
1221 5267 1327 5318 etc.

498 5394 500 5397 -
602 5367 768 5423 Vens.
807 5360 896 5419 25.
925 5390 992 5400 —
1017 5356 1210 5412 Μωνοι·
1256 5353 1312 5407 in
1354 5350 1524 5415 corde,
1549 5359 1679 5416 etc.,
1719 5348 1844 5419 quia
1877 5359 2100 5403 necesse

485 5441 505 5449 'I
531 5467 616 5516 est
635 5465 693 5512 ut
713 5454 862 5527 prius
881 5458 1216 5522 peccatorem
1241 5459 1444 5501 mceror
1464 5441 1790 5513 poenitentiae
1812 5439 2100 5496 salubriter

533 5549 803 5614 humiliet,
823 5553 880 5600 et
904 5550 1024 5615 post
1043 5538 1413 5612 perjudicium
1434 5535 1731 5592 sacerdotis
1761 5535 1899 5591 datae
1920 5548 2102 5589 recon-

531 5639 823 5701 ciliationis
846 5650 1024 5694 sermo
1046 5633 1278 5689 lzetiiicet
1300 5631 1386 5687 vel
1416 5628 1645 5686 reﬁciat.

608 5734 714 5802 Qui
761 5730 970 5801 negligit
1017 5726 1265 5782 damnum
1293 5765 1309 5791 ,
1361 5732 1468 5780 etc.
1518 5722 1576 5777 Si
1616 5721 1720 5778 hoc
1759 5720 1828 5775 ad
1865 5721 2101 5778 litteram

538 5825 822 5897 accipitur,
855 5831 960 5878 etc.
983 5859 998 5886 ,
1036 5834 1196 5889 usque
1232 5816 1300 5872 ad
1342 5815 1427 5871 vel
1462 5816 1637 5886 ipsam
1676 5827 1900 5870 carnem
1943 5814 2105 5870 morti

539 5915 712 5974 tradit
726 5915 750 5967 ‘l

2199 4523 2511 4590 histriones,
2554 4521 2640 4579 vel
2688 4523 3023 4596 hujusmodi,
3055 4538 3162 4580 non
3211 4530 3272 4577 ut
3311 4520 3634 4576 instruendo
3666 4537 3788 4575 cor-

2202 4614 2381 4686 rigat,
2419 4619 2598 4681 amat,
2644 4613 2738 4669 sed
2774 4621 2836 4668 ut
2885 4612 3147 4679 favendo,
3192 4611 3484 4668 deteriores
3536 4609 3785 4667 efﬁciat:

2200 4705 2329 4762 licet
2369 4706 2583 4777 sapiens
2625 4704 2896 4774 videatur,
2925 4704 3211 4762 stultorum
3240 4702 3588 4760 damnatione
3619 4711 3787 4759 tene-

2200 4796 2365 4853 bitur.

2270 4906 2436 4964 Vens.
2478 4907 2568 4963 22.
2595 4938 2664 4949 -
2687 4907 2870 4963 Bonus
2912 4908 3066 4963 Ιιοηιο
3087 4947 3104 4974 ,
3132 4914 3266 4973 etc.,
3313 4918 3455 4976 saepe
3485 4902 3620 4960 boui
3668 4903 3792 4960 sine

2202 5001 2328 5056 ﬁliis
2370 5001 2602 5068 obeunt,
2627 5009 2757 5067 etc.,
2787 5015 2951 5069 usque
2973 4999 3044 5054 ad
3069 5011 3296 5070 regnum
3323 4978 3421 5052 tiei
3465 4994 3661 5052 damm
3706 5003 3789 5049 est

2207 5097 2352 5170 genti
2381 5096 2600 5153 facienti
2621 5095 2856 5151 fructum
2882 5092 3020 5164 ejus.

2274 5208 2441 5265 Vens.
2479 5209 2570 5264 25.
2615 5239 2684 5249 —
2725 5207 2882 5262 Multi
2924 5206 3046 5262 cibi.
3087 5205 3239 5262 Alius
3285 5202 3597 5270 translator,
3641 5213 3785 5268 etc.,

2205 5320 2367 5376 usque
2388 5305 2458 5370 ad
2479 5304 2694 5373 utrique
2715 5311 2892 5357 autem
2919 5299 3098 5356 sensui
3121 5297 3388 5370 congruit,
3410 5297 3558 5368 quod
3579 5296 3785 5352 subdit.

2277 5397 2443 5454 Vens.
2467 5393 2761 5461 24.-—Qui
2783 5393 2948 5466 parcit
2968 5393 3125 5464 uirga:
3143 5391 3253 5446 odit
3276 5389 3446 5461 ﬁlium
3469 5404 3648 5451 suum,
3677 5396 3785 5442 etc.

2205 5487 2341 5545 Nam
2377 5497 2432 5544 et
2455 5489 2627 5545 bonus
2656 5495 2811 5558 pater
2836 5483 3005 5540 tilium
3023 5524 3037 5550 ,
3069 5491 3126 5540 et
3165 5481 3490 5553 discipulum
3518 5480 3789 5552 magister

2206 5580 2528 5648 catholicus,
2570 5594 2637 5634 ne
2687 5577 2755 5634 ad
2799 5575 3139 5648 iniquitatem
3185 5572 3467 5640 deﬂectat,
3517 5571 3788 5629 sollicitus

2206 5673 2403 5731 erudit.
3009 5662 3025 5675 '

2795 5761 3022 5821 CAPUT
3061 5759 3208 5832 xw,

2282 5903 2444 5962 Vens.
2483 5905 2533 5960 1.
2561 5933 2632 5946 --
2656 5903 2899 5976 Sapiens,
2938 5911 3042 5962 etc.
3081 5901 3327 5976 _Destruet
3363 5896 3505 5954 male
3526 5893 3782 5982 vivendo.
