4008 6348
231 385 381 447 1097

1272 387 1542 449 GLOSSA
1576 387 1974 448 OBDINARIA.
2011 423 2083 436 —
2118 393 2246 453 LIB.
2284 397 2491 456 PROV.

3373 417 3511 479 1098

226 516 287 563 et
312 505 605 577 aliquando
625 516 813 580 aperte
835 507 1130 582 regnando,
1161 515 1296 576 etc.,
1330 525 1492 583 usque
1512 511 1582 566 ad
1613 511 1678 568 de
1699 511 1819 583 qui-
1844 513 1896 575 Α
1923 518 2004 567 tra
2034 512 2290 596 Ecclesiae
2336 518 2586 577 doctores
2624 521 2866 583 stultitia:
2906 541 3018 585 suae
3063 527 3266 591 ﬂuenta
3316 534 3510 594 funde-

223 598 334 654 bus
359 607 545 670 aperte
574 600 791 655 subdit:

301 689 468 746 Vnus.
495 690 549 745 '5.
577 720 650 731 —
673 689 744 747 In
783 707 872 748 ore
893 693 1060 749 stulti.
1113 693 1251 762 Quia
1281 693 1431 750 stulti
1474 710 1573 767 per
1614 697 1821 753 vanilo-

221 782 416 855 quium
451 783 704 851 humiles,
749 800 888 857 quos
929 786 1267 860 despiciunt,
1321 788 1598 862 afﬂigunt;
1637 795 1732 848 sed
1761 791 1818 847 hi

218 889 326 947 per
344 875 650 932 doctrinam
683 877 1017 950 .sapientium
1039 920 1056 946 ,
1107 895 1179 938 ne
1203 882 1563 954 decipiantur,
1610 900 1670 942 se
1699 901 1818 940 mu-

217 965 400 1021 niunt.

293 1059 461 1117 Vnus.
492 1061 547 1116 4.
578 1092 650 1103 —
673 1061 776 1118 Ubi
799 1080 926 1132 non,
969 1074 1078 1122 etc.
1114 1064 1240 1123 Haec
1281 1067 1492 1124 haerent
1515 1069 1814 1140 superiori-

215 1153 346 1221 bus,
386 1163 516 1222 etc.,
547 1173 709 1230 usque
730 1158 800 1213 ad
825 1160 918 1232 qui
947 1159 1306 1232 Sareptenam
1338 1161 1556 1227 viduam
1582 1164 1756 1235 pascit
1781 1179 1814 1220 a

215 1261 327 1317 qua
355 1253 411 1300 et
433 1246 551 1318 ipse
578 1249 846 1318 pascitur.

289 1336 455 1394 Vnus.
487 1339 541 1394 6.
568 1371 642 1382 -
670 1339 873 1407 Ωιιωτὶι
911 1343 1116 1399 derisor
1166 1344 1479 1415 sapientiam
1503 1386 1518 1412 ,
1569 1354 1676 1403 etc.
1741 1347 1814 1405 Ut

213 1429 469 1500 Caiphas,
497 1437 630 1496 etc.,
662 1448 827 1504 usque
847 1434 918 1488 ad
946 1435 1073 1504 quia
1099 1450 1356 1506 perverse
1378 1446 1647 1508 quaerunt,
1678 1455 1810 1493 nun-

213 1537 380 1594 quam
407 1538 634 1592 prorsus
660 1523 960 1582 inveniunt.

290 1611 452 1668 Vnus.
477 1613 530 1669 7.
555 1644 624 1654 —
655 1614 802 1670 Vade
821 1626 1024 1686 contra,
1055 1627 1158 1675 etc.
1208 1620 1332 1676 Ideo
1357 1619 1571 1677 derisor
1589 1621 1804 1693 sapien-

210 1707 367 1773 tiam,
398 1723 562 1778 quam
592 1712 808 1780 quaerit,
838 1726 944 1766 non
971 1712 1195 1778 invenit,
1225 1723 1356 1780 etc.,
1387 1731 1549 1787 usque
1575 1716 1643 1769 ad
1669 1716 1808 1788 ejus.

209 1815 317 1870 que
349 1800 688 1858 meditationi
725 1817 946 1874 operam
973 1805 1103 1859 dare
1127 1813 1397 1877 satagunt.

1924 601 2074 658 bant.

1999 689 2161 752 Vsus.
2185 698 2237 754 5.
2269 732 2340 742 -
2365 701 2571 760 Stultus
2596 707 2796 763 irridet.
2835 709 3045 770 Stultus
3068 724 3154 771 est
3177 720 3354 778 omnis
3382 738 3510 794 pec-

1923 794 2096 854 cator,
2128 791 2244 859 qui,
2285 795 2516 851 terrenis
2544 797 2754 856 actibus
2805 802 3039 870 deditus,
3085 805 3324 867 futurum
3371 791 3510 873 nihil

1918 879 2209 947 praavidet:
2241 883 2288 938 is
2315 883 2649 957 disciplinam
2673 889 2883 960 irridet,
2915 896 3041 952 dum
3064 899 3288 974 derogat
3309 904 3509 964 divinae

1919 975 2261 1030 correctioni.

1990 1065 2154 1123 Vens.
2189 1069 2240 1124 7.
2264 1101 2337 1112 —-
2361 1071 2467 1128 Cor
2489 1075 2767 1134 stultorum
2789 1081 3060 1141 dissimile.
3115 1088 3212 1146 Vel
3242 1093 3506 1153 dissimile

1917 1155 2019 1212 sibi
2050 1157 2171 1229 ipsi,
2202 1161 2368 1218 variis
2387 1167 2828 1239 cogitationibus,
2852 1182 2907 1229 et
2934 1192 3206 1250 nunquam
3229 1183 3371 1240 idem
3392 1202 3508 1244 ma-

1913 1257 2026 1302 net.
2081 1251 2280 1307 Contra
2307 1257 2454 1326 quod
2503 1259 2569 1315 de
2611 1261 2768 1319 Anna
2802 1265 3038 1325 dicitur:
3080 1271 3367 1348 Vultusque
3389 1280 3506 1351 ejus

1913 1355 2017 1395 non
2049 1347 2177 1398 sunt
2213 1349 2439 1414 amplius
2477 1352 2533 1406 in
2575 1354 2781 1411 diversa
2807 1363 3012 1417 mutati.

1984 1431 2148 1490 Vens.
2184 1436 2269 1492 10.
2295 1469 2367 1478 -
2387 1439 2638 1498 Doctrina
2658 1447 2821 1502 mala.
2864 1450 2969 1517 Qui
2999 1453 3207 1512 solverit
3250 1477 3412 1517 unum
3434 1463 3502 1520 de

1910 1522 2175 1579 mandatis
2205 1526 2319 1582 istis
2347 1531 2598 1600 minimis,
2621 1547 2667 1590 et
2691 1537 2928 1596 docuerit
2952 1546 3029 1599 sic
3050 1546 3307 1619 homines,
3347 1556 3502 1612 mini-

1909 1625 2025 1664 mus
2051 1624 2125 1668 est
2150 1616 2207 1670 in
2234 1634 2390 1690 regno
2416 1623 2684 1681 caelorum.
2717 1629 2936 1690 Talibus
2963 1646 3160 1704 tamen,
3191 1643 3238 1698 si
3266 1616 3499 1707 correcti

1907 1701 2129 1770 fuerint,
2180 1717 2332 1777 patet
2369 1715 2574 1772 reditus
2626 1720 2694 1774 ad
2720 1724 2972 1782 veniam:
3012 1731 3058 1785 si
3096 1701 3278 1792 autem
3317 1701 3501 1798 inc—re:

1906 1795 2156 1861 patioues
2183 1814 2292 1854 non
2340 1808 2668 1876 receperint,
2695 1815 2917 1872 omnino
2947 1823 3267 1883 morientur.

282 1891 447 1948 Vens.
483 1892 570 1948 l0.
610 1922 683 1933 —
721 1892 1040 1951 Extraneus.
1089 1896 1146 1951 Id
1193 1905 1276 1951 est
1321 1897 1620 1968 reprobus,
1667 1906 1783 1965 etc.1

1915 1976 1948 1997 Π
1985 1887 2146 1988 Vens.
2179 1891 2264 1945 15.
2304 1923 2377 1933 —
2418 1895 2611 1954 Omnes
2664 1903 2794 1960 dies.
2847 1908 3021 1969 Omne
3063 1922 3276 1990 tempus
3315 1927 3500 1997 populi

207 1997 374 2053 usque
403 1980 474 2035 ad
521 1983 668 2038 unde
696 1983 979 2039 subditur:
1007 1985 1265 2041 Dominus
1287 1987 1590 2058 impiorum,
1620 1997 1726 2043 etc.

207 2113 210 2116 ~
281 2073 507 2146 Sapiens
557 2077 704 2131 timet
737 2087 787 2132 et
816 2077 1063 2132 declinat.
1117 2077 1270 2135 Sicut
1313 2079 1464 2136 stulti
1493 2089 1578 2136 est
1605 2081 1672 2136 de
1701 2096 1798 2138 sua

206 2165 487 2223 alacritate
532 2166 828 2234 conlidere,
865 2179 1007 2236 etc.,
1049 2187 1212 2242 usque
1255 2172 1325 2226 ad
1367 2181 1462 2228 aut
1489 2181 1610 2244 post
1652 2189 1801 2230 mor--

207 2265 315 2312 tem
344 2255 558 2314 fortiter
585 2272 778 2330 pmnas
807 2259 964 2316 ferat.

276 2348 442 2407 Vens.
473 2352 559 2407 17.
587 2383 660 2394 -
691 2351 1002 2424 Impatiens,
1033 2361 1141 2410 etc.
1184 2353 1643 2425 chrehensibilis
1677 2357 1797 2428 qui-

203 2441 325 2499 dem
374 2451 457 2498 est
491 2443 803 2516 impatiens,
838 2453 944 2500 etc.
971 2486 987 2513 ,
1047 2462 1210 2517 usque
1235 2447 1305 2500 ad
1352 2447 1495 2504 inter
1534 2449 1796 2519 reprobos

203 2534 522 2589 aestimatur.

275 2627 438 2682 Vens.
479 2628 569 2684 i9.
591 2659 666 2670 —
689 2627 949 2684 Iacebant
978 2630 1107 2684 mali
1149 2639 1270 2685 ante
1314 2612 1496 2686 bonos:
1533 2629 1793 2689 Videntes

203 2727 472 2775 tormenta
511 2733 718 2785 eorum,
750 2729 880 2788 etc.,
926 2738 1090 2794 usque
1130 2722 1202 2776 ad
1251 2722 1320 2777 ad
1347 2723 1576 2780 videnda
1599 2741 1790 2784 eorum

199 2810 478 2881 supplicia.

270 2902 434 2958 Vsus.
495 2901 586 2958 24.
622 2933 696 2945 -
732 2902 984 2960 Fatuitas
1035 2905 1336 2962 stultorum.
1397 2909 1785 2982 Imprudentia,

197 2995 352 3064 quasi
387 2994 801 3065 improvidentia
836 2996 1054 3051 dicitur.

266 3086 432 3143 Vnus.
464 3084 555 3140 25.
591 3116 662 3126 -—
684 3084 892 3141 Liberat
922 3087 1129 3140 animas
1157 3089 1301 3142 testis
1338 3089 1531 3160 ﬁdelis.
1584 3091 1786 3150 Catho-

194 3178 331 3234 licus
355 3178 700 3248 praedicatur,
751 3181 841 3250 qui
871 3181 1180 3236 testimonia
1212 3181 1614 3256 Scripturarum
1645 3188 1782 3244 lide-

195 3267 320 3324 liter
348 3268 628 3338 praedicat,
655 3278 709 3325 et
733 3269 940 3342 profert
965 3287 980 3338 ;
1019 3271 1309 3330 haereticus
1336 3277 1637 3333 mendacia.

263 3360 478 3434 Profert
505 3365 800 3420 mendacia.
828 3366 945 3421 Alia
977 3367 1293 3426 translatio:
1327 3369 1572 3428 Incendit
1602 3383 1786 3431 autem

192 3456 478 3512 mendacio
503 3457 713 3514 animas
739 3459 954 3516 dolosus
976 3462 1251 3532 deceptor.

273 3547 597 3621 Versipellis,
636 3551 690 3606 id
710 3561 794 3608 est
823 3553 1089 3621 diabolus,
1121 3556 1214 3625 qui
1242 3557 1406 3623 mala,
1437 3574 1560 3629 qua:
1587 3575 1784 3632 sugge-

191 3642 278 3706 rit,
311 3643 455 3699 bona
485 3645 746 3701 mentitur
779 3663 792 3701 :
821 3654 877 3701 et
915 3647 1042 3702 dum
1070 3649 1213 3704 bona
1247 3652 1517 3720 promittit
1550 3662 1778 3722 :zeterna,

191 3733 338 3791 ducit
361 3735 430 3790 ad
453 3743 737 3792 tormenta.

259 3826 424 3883 Vens.
456 3827 547 3882 26.
596 3860 668 3871 —
717 3827 785 3884 In
823 3831 1008 3886 timore
1055 3831 1288 3888 Domini.
1338 3833 1523 3890 Timor
1565 3838 1779 3897 Domini

192 3918 441 3974 ﬁduciam
473 3919 802 3977 fortitudinis
842 3931 1084 3993 praestat,
1115 3932 1246 3991 etc.,
1273 3943 1434 3999 usque
1459 3929 1529 3983 ad
1586 3946 1776 4001 spera-

188 4019 384 4066 verunt
405 4011 461 4064 in
491 4011 737 4068 Domino.

262 4103 428 4160 Vens.
455 4103 546 4160 27.
577 4135 646 4145 —
675 4104 855 4161 Timor
875 4107 1107 4164 Domini.
1143 4108 1270 4166 limo
1297 4120 1382 4168 est
1410 4129 1535 4184 spes
1563 4129 1774 4186 eorum,

184 4203 319 4261 etc.,
353 4213 514 4268 usque
539 4195 608 4252 ad
633 4197 798 4265 unde,
827 4198 1047 4254 Initium
1079 4202 1348 4273 sapientia:
1375 4204 1535 4260 timor
1561 4205 1777 4264 Domini

183 4287 358 4362 (Psal.
392 4288 492 4362 lx).

254 4378 420 4436 Vnus.
456 4381 547 4436 30.
579 4411 648 4420 —
685 4379 804 4437 Vita
835 4384 1093 4440 carnium.
1129 4385 1234 4443 Per
1269 4403 1495 4446 carnem
1531 4391 1771 4462 inllrma,

177 4487 278 4543 per
311 4488 436 4529 ossa
461 4473 638 4529 firma.
667 4471 726 4530 Si
755 4475 954 4532 mentis
982 4477 1287 4536 innocentia
1315 4484 1636 4549 custoditur,
1667 4485 1772 4542 etsi

1906 1976 2034 2080 Dei,
2090 1988 2229 2049 etc.,
2274 2001 2435 2056 usque
2488 1991 2558 2044 ad
2604 1998 2762 2064 quasi
2805 1997 2924 2071 jugi
2975 1976 3498 2076 delectantur‘czmt

1904 2083 2069 2124 VIVIO.

1977 2161 2288 2264 Vens-“l7.
2333 2201 2404 2212 —-
2440 2172 2633 2232 Melius
2681 2191 2758 2236 est
2799 2190 2977 2243 vorari
3018 2192 3090 2247 ad
3119 2194 3284 2255 olera.
3332 2201 3498 2264 Multo

1901 2252 2047 2308 enim
2097 2255 2281 2313 utilius
2325 2272 2408 2316 est
2462 2265 2724 2338 simplicis
2775 2273 2900 2330 vita:
2957 2279 3323 2344 innocentiam
3371 2252 3496 2352 cum

1898 2344 2164 2446 charitate
2189 2365 2427 2421 servare,
2469 2366 2598 2426 etc.,
2625 2379 2786 2434 usque
2823 2368 2913 2436 ad,
2944 2371 3194 2436 discedite
3219 2398 3252 2435 a
3273 2400 3356 2439 me
3370 2404 3496 2458 ope-

1899 2443 2028 2486 ram
2058 2443 2368 2508 iniquitatis.

1924 2620 1934 2632 .
1970 2525 2134 2640 Vens.
2173 2531 2256 2588 19.
2287 2564 2358 2576 —
2385 2536 2700 2640 Pigrorum,
2731 2566 2867 2621 quos
2913 2558 3058 2631 piget
3083 2569 3299 2634 operari
3328 2569 3492 2640 justi-

1897 2630 2049 2730 tiam,
2082 2635 2184 2730 etc.
2211 2667 2226 2692 ,
2257 2646 2420 2734 usque
2464 2638 2534 2691 ad
2580 2645 2675 2697 sed
2705 2647 2833 2716 quia
2864 2630 3171 2714 hocbouos
3199 2678 3304 2718 nou
3328 2630 3489 2737 'przc-

1893 2725 2062 2783 pedit,
2095 2725 2339 2793 aujungit
2368 2743 2382 2778 :

1979 2807 2072 2925 Vlia
2093 2811 2582 2925 jastorumnbsque
2607 2830 2944 2898 offendicula.
2998 2840 3136 2900 Justi
3167 2851 3310 2906 enim
3336 2857 3493 2925 quid—

1892 2899 2022 2968 quid
2071 2906 2416 2966 adversitatis
2459 2915 2513 2969 in
2561 2933 2658 2974 sua
2696 2933 3109 2990 conversatione
3161 2899 3371 2999 invent;
3389 2947 3488 3014 int,

1892 3005 1997 3014 Μ*
2053 2994 2226 3014 μιν,
2312 3009 2322 3014 ,
2463 3005 2473 3014 .

1891 3005 2018 3094 ιιρη.
2049 2994 2352 3065 ollendunt,
2383 3005 2508 3071 quia
2535 3019 2753 3068 mterum
2773 3020 2883 3086 spei
2913 3031 2966 3075 ct
2995 3023 3221 3085 internae
3245 2994 3491 3094 contem:

1889 3080 2143 3150 platiouis
2168 3089 2305 3143 saltu
2338 3094 2561 3152 adversa
2597 3080 2926 3165 transiliunt.

1963 3171 2128 3278 Vens.
2183 3180 2273 3234 25.
2303 3213 2374 3223 -
2411 3185 2650 3245 Laztatur
2695 3197 2868 3254 homo.
2933 3203 3239 3268 Humanum
3281 3225 3365 3272 est
3419 3223 3487 3278 de

1813 3246 1859 3312 C
1891 3269 2160 3370 sententia
2207 3276 2364 3342 quasi
2391 3279 2687 3347 prudenter
2709 3290 2920 3359 prolata
2971 3295 3164 3356 lauari.
3220 3246 3487 3371 lSc‘duve‘tl';

1889 3359 2107 3474 ῗτῳῗῗηῗ
2135 3378 2243 3474 no."
2282 3367 2455 3471 imum
2503 3378 2648 3444 quod
2677 3379 2934 3453 Imluitur,
2967 3391 3062 3445 sed
3091 3359 3487 3474 etiam

1887 3453 2176 3566 guinitatem
2201 3457 2303 3562 loci
2323 3499 2348 3566 ,.
2367 3472 2422 3518 et
2449 3472 2728 3540 temporis,
2755 3486 2808 3532 et
2832 3494 3080 3550 persona:
3100 3490 3187 3544 cui
3220 3453 3481 3566 loquitur,

1887 3543 2171 3616 diligenter
2201 3551 2443 3623 inquirit.

1956 3638 2122 3698 Vens.
2157 3645 2244 3701 24.
2276 3679 2349 3692 --
2374 3651 2452 3708 De
2473 3656 2678 3727 inferno
2707 3665 3004 3739 novissimo,
3029 3684 3134 3732 etc.
3158 3677 3374 3742 Primus
3397 3686 3482 3744 in-

1883 3729 2073 3791 fernus
2101 3741 2319 3798 czecitas
2343 3752 2620 3815 peccantis
2643 3755 2858 3827 animae,
2891 3772 2948 3818 et
2967 3782 3110 3824 verae
3130 3771 3266 3830 lucis
3299 3779 3480 3836 scien-

1883 3827 1959 3882 tia
1985 3834 2248 3933 carcntis,
2276 3837 2342 3892 dc
2366 3854 2473 3909 quo
2508 3861 2522 3897 :
2554 3845 2890 3910 Descendunt
2919 3859 2974 3914 in
3003 3862 3270 3933 infernum
3302 3871 3475 3929 viven-

1881 3927 1957 3976 tes
1991 3921 2162 3995 (Psal.
2203 3929 2335 4002 Liv).

1956 4014 2120 4072 Vsus.
2163 4021 2256 4125 25ζ
2309 4057 2402 4130 -.
2445 4027 2624 4090 Vidua:
2677 4037 2946 4108 Ecclesiat,
3001 4048 3210 4110 scilicet
3265 4072 3478 4130 sponsa:

1880 4123 2010 4175 sum,
2040 4127 2141 4182 pro
2173 4120 2326 4185 cujus
2352 4120 2460 4176 vita
2493 4128 2632 4182 mori
2660 4131 2912 4204 dignatus
2935 4148 3038 4196 est.

1951 4203 2116 4310 Vnus:
2137 4207 2227 4310 20.
2259 4243 2332 4252 -
2356 4213 2686 4310 ιξὶνηιαόίηιν
2707 4241 2726 4279 :
2757 4227 2810 4282 in
2838 4228 3068 4301 judicio,
3107 4244 3322 4310 quando
3361 4262 3472 4306 non

1878 4297 2051 4444 solitam
2083 4300 2260 4370 factis,
2297 4307 2392 4362 sed
2427 4319 2482 4364 et
2518 4316 2696 4371 verbis
2741 4297 2994 4380 omnibus
3038 4297 3199 4400 digna

1878 4403 1938 4443 re
2011 4400 2085 4444 et.

1876 4400 2085 4448 reddet.

1948 4480 2112 4538 Vsus.
2141 4486 2228 4540 50.
2255 4517 2329 4528 —-
2351 4488 2470 4545 Lua:
2496 4494 2765 4554 oculorum
2793 4499 3028 4573 ltetiﬁcat
3051 4511 3306 4573 animam.
3337 4518 3470 4580 Iure

178 4579 300 4635 qua:
326 4564 460 4621 foris
483 4563 696 4621 infirma
720 4571 1204 4642 sunt,quandoque
1232 4574 1598 4644 roborantur;
1628 4579 1772 4635 unde
1793 4615 1850 4676 Β
1875 4585 2114 4634 mentem
2144 4581 2376 4640 delectat
2406 4587 2715 4660 humanam,
2747 4606 2877 4666 etc.,
2930 4619 3096 4677 usque
3121 4611 3192 4666 ad
3221 4615 3300 4672 sic
3320 4563 3468 4678 enim:

177 4658 362 4713 subdit
402 4676 417 4713 :

249 4747 484 4805 Putredo
529 4750 725 4806 ossium
775 4751 996 4819 invidia,
1051 4754 1178 4826 quia
1215 4771 1313 4826 per
1355 4759 1547 4816 livoris
1574 4762 1768 4820 vitium

175 4850 304 4897 ante
329 4842 517 4899 oculos
553 4843 649 4900 Dei
683 4853 912 4916 pereunt
935 4861 999 4900 ea
1029 4862 1148 4918 quae
1173 4849 1425 4908 humanis
1451 4854 1623 4910 oculis
1651 4856 1766 4912 for-

176 4933 253 4988 tia
273 4932 545 4992 videntur.
569 4934 704 4992 Ossa
733 4937 877 4992 enim
909 4954 1007 5010 per
1033 4939 1288 4999 invidiam
1314 4952 1651 5016 putrescere,
1682 4959 1769 5008 est

173 5027 393 5084 robusta
427 5044 653 5102 quaeque
679 5031 876 5101 perire.

765 5164 994 5224 CAPUT
1026 5165 1143 5224 XV.

241 5295 408 5352 Vnus.
444 5296 498 5354 i.
530 5326 601 5340 —
637 5297 926 5371 Responsio
967 5302 1142 5360 mollis
1193 5305 1392 5380 frangit
1437 5309 1594 5366 iram.
1654 5311 1757 5382 Qui

168 5393 338 5450 verba
363 5392 695 5466 increpantis
721 5396 998 5454 humiliter
1022 5400 1266 5472 suscipit,
1293 5403 1406 5475 jam
1428 5407 1754 5478 propinquat

165 5486 343 5544 venite
385 5496 572 5544 reatus
607 5504 769 5560 quem
812 5491 998 5563 gessit.
1056 5491 1160 5561 Qui
1212 5499 1459 5569 arguenti
1505 5501 1752 5572 resultat,

167 5589 360 5636 contra
390 5595 451 5637 se
478 5580 613 5636 iram
635 5579 834 5652 judicis
859 5594 1137 5655 provocat.

237 5667 404 5726 Vens.
429 5669 486 5727 2.
511 5699 584 5713 --
609 5670 808 5726 Ebullit
830 5674 1127 5732 stultitiam.
1169 5678 1504 5753 Scripturam
1533 5700 1754 5757 perver-

167 5762 363 5828 tendo,
413 5778 540 5818 suos
585 5779 777 5821 sensus
806 5768 1118 5824 auctoritati
1161 5777 1558 5845 praeponenda;
1609 5781 1758 5838 velut

164 5855 297 5911 fatui
316 5855 644 5927 philosophi,
673 5866 732 5913 ut
753 5857 1112 5932 Porphyrius,
1140 5872 1196 5919 et
1218 5863 1482 5938 Julianus,
1512 5874 1604 5943 qui
1630 5888 1755 5930 con-

482 5946 757 6013 Psruoc.
803 5950 1029 6018 CXIII.

1872 4669 2047 4740 magis
2073 4668 2245 4728 fervet
2271 4692 2424 4748 opus.

2093 4762 2386 4824 oculorum.
2437 4771 2554 4829 Alia
2585 4779 2868 4840 translatio
2893 4805 2906 4842 :
2949 4787 3142 4852 Videtis
3169 4798 3306 4857 bona
3335 4821 3464 4862 ocu-

1870 4848 1951 4905 lus
1977 4851 2199 4954 delectat
2226 4861 2388 4916 cortla
2417 4866 2572 4933 bona,
2601 4872 2828 4943 scilicet,
2873 4879 3085 4942 Domini
3118 4890 3172 4944 in
3203 4902 3346 4954 terra
3380 4848 3463 4952 vi-

1868 4942 2131 5047 ventium,
2162 4961 2303 5055 qum,
2327 4957 2466 5055 ‘quia
2506 4957 2560 5013 in
2591 4963 2749 5020 oculo
2790 4973 2990 5031 mentis
3036 4984 3460 5055 contemplatur,

1867 5035 2064 5135 merito
2107 5041 2270 5095 corde
2309 5041 2631 5118 delectatur,
2683 5062 2932 5126 quamvis
2982 5035 3458 5140 amigatltrrerle:

2463 5208 2691 5273 CAPUT
2725 5219 2863 5279 XVI.

1936 5312 2102 5417 Vens.
2137 5314 2186 5371 i.
2215 5349 2288 5360 —
2313 5319 2558 5383 Hominis
2585 5338 2660 5384 est
2700 5334 2935 5390 animum
2952 5354 3276 5412 prteparare.
3311 5319 3456 5417 Quo-

1861 5409 2024 5507 modo
2068 5427 2199 5487 ergo
2223 5416 2460 5478 hominis
2495 5433 2581 5481 est
2613 5427 2855 5485 animum
2901 5409 3231 5507 preparare,
3273 5409 3356 5500 et~
3355 5445 3454 5504 Dei

1863 5504 2168 5610 gubernare
2191 5508 2472 5610 linguam?
2500 5519 2594 5575 sed
2618 5504 3034 5592 persecutionis-
3054 5504 3268 5605 tempus
3290 5537 3455 5610 signi-

1863 5594 2010 5661 ﬁcat,
2052 5599 2119 5654 de
2153 5616 2262 5673 quo
2291 5605 2506 5676 dicitur,
2555 5610 2736 5667 Nolite
2765 5617 2993 5687 cogitare
3031 5594 3314 5696 quomodo,
3341 5594 3452 5688 "sit:

1859 5692 2002 5762 quod
2026 5693 2311 5768 loquamini
2334 5715 2354 5754 :
2381 5703 2542 5757 datur
2561 5707 2700 5760 enim
2733 5708 2789 5763 in
2808 5709 2902 5767 illa
2929 5692 3078 5782 hora,
3111 5720 3236 5790 quid
3265 5692 3451 5794 loqua-

1860 5785 1991 5840 mini
2027 5787 2241 5860 (Matth.
2267 5793 2344 5864 x).
2383 5817 2386 5820 ’

1933 5877 2096 5937 Vsus.
2136 5883 2188 5940 2.
2222 5917 2290 5927 -—
2321 5888 2511 5943 Omnes
2545 5892 2655 5947 via’.
2706 5894 2784 5952 lta
2811 5899 3054 5960 actiones
3075 5906 3316 5965 omnium
3348 5911 3447 5968 bo~

2859 5990 2937 6054 35
