4008 6348
584 337 606 392 1
617 335 720 392 099

1076 329 1468 390 WALAFRIDI
1506 307 1754 388 srmm
1787 330 1997 388 rum.
2038 329 2203 390 non.
2240 284 2394 388 ori.
2435 325 2614 387 rans
2647 329 2692 388 ι.
2729 359 2798 374 --
2834 330 3287 390 racemum.

580 464 796 512 norum,
832 445 1059 512 scilicet,
1105 455 1160 501 et
1188 447 1450 501 malorum
1495 445 1622 514 quid
1667 445 1721 498 in
1751 444 1961 500 occulte
1995 444 2142 516 cogi-
2169 453 2221 513 Α
2247 443 2470 499 Constat
2501 444 2569 498 ad
2590 443 2845 508 litteram,
2874 452 3006 510 etc.,
3036 461 3200 515 usque
3227 444 3296 499 ad
3321 444 3449 516 quia
3478 460 3713 505 necesse
3737 449 3837 505 ha-

580 549 710 604 tent,
739 547 881 595 certa
917 539 1069 593 lance
1096 539 1374 601 discernit,
1405 536 1544 591 unde
1569 536 1747 590 subdit
1772 554 1785 588 τ

648 631 812 685 Vens.
843 632 896 686 3.
931 661 999 671 —
1039 629 1225 683 Revela
1261 629 1502 683 Domino.
1531 627 1705 699 Opera
1737 637 1918 684 nostra
1945 630 2146 685 revela-

577 741 716 792 mus,
749 724 985 796 quando,
1016 739 1175 794 quem
1222 723 1354 778 nihil
1405 722 1572 778 latere
1616 723 1882 788 novimus,
1932 723 1985 777 in
2017 737 2147 778 cun-

579 818 699 881 ctis,
729 831 847 884 qua:
886 815 1114 886 agimus,
1165 815 1218 867 in
1249 813 1560 870 memoriam
1609 814 1932 879 reducimus,
1984 823 2146 883 atque

577 908 718 962 illius
741 907 1042 978 ﬂagitamus
1069 905 1323 960 auxilium
1354 921 1368 958 :
1397 915 1452 960 et
1474 913 1601 960 tunc
1628 921 1733 960 non
1761 905 1932 960 solum
1957 919 2142 976 opera,

575 1001 668 1055 sed
694 999 1041 1070 cogitationes
1065 999 1266 1066 dirigit.

646 1093 809 1147 Vens.
858 1089 911 1144 4.
956 1119 1021 1128 -
1064 1087 1313 1142 Universa
1369 1095 1577 1158 propter
1631 1087 1979 1157 semetipsum,
2036 1093 2138 1142 etc.

574 1183 727 1239 Nulla
778 1182 878 1237 l'uit
927 1181 1152 1236 Domino
1179 1196 1338 1236 causa
1365 1180 1644 1250 operandi,
1677 1179 1781 1235 nisi
1821 1179 1932 1235 sola
1958 1179 2143 1234 volun-

584 1281 680 1335 tas,
705 1282 763 1327 ut
782 1287 933 1328 suam
959 1272 1185 1335 scilicet,
1208 1271 1502 1326 bonitatem
1527 1270 1832 1326 rationabili
1858 1282 2138 1339 creaturae,

573 1381 734 1434 quam
775 1374 1035 1434 perpetuo
1086 1363 1289 1418 faceret
1329 1364 1579 1427 beatam,
1629 1365 1970 1419 ostenderet:
2019 1379 2140 1420 eum

570 1471 699 1510 vero
723 1456 812 1524 qui
840 1456 1038 1509 bonum
1064 1455 1388 1510 conditionis
1419 1455 1632 1526 propria
1659 1463 1847 1526 sponte
1880 1455 2138 1520 deseruit,

571 1548 623 1601 id
653 1557 738 1602 est
767 1547 1068 1612 diabolum,
1095 1561 1216 1602 cum
1247 1547 1360 1602 suis
1401 1538 1742 1616 sequacibus,
1769 1545 1914 1617 justa
1941 1546 2141 1602 severi-

569 1651 678 1697 tate
699 1644 992 1698 damnavit.

637 1732 800 1788 Vens.
833 1734 884 1788 5.
916 1764 988 1774 --
1009 1735 1339 1788 Abominatio
1361 1743 1455 1788 est.
1487 1732 1803 1808 Quicunque
1829 1731 2014 1788 tribuit
2035 1731 2136 1788 sibi

2251 539 2343 593 bet
2363 537 2539 593 facere
2563 538 2722 603 bona,
2753 554 2873 608 qua:
2897 539 3045 594 dicit.

2321 631 2488 686 Vens.
2508 630 2598 684 27.
2624 657 2698 671 --
2729 627 2821 683 Vir
2847 630 3096 700 insipiens
3116 630 3250 700 fodit
3269 632 3490 687 malum.
3517 631 3714 691 Potest
3733 637 3835 694 hoc

2247 719 2316 775 de
2337 721 2592 776 haeretico
2616 721 2921 792 specialiter
2955 721 3199 792 intelligi,
3227 730 3358 789 etc.,
3399 741 3566 797 usque
3590 727 3669 781 ad
3693 729 3835 784 unde

2247 808 2480 865 Jaeobus
2505 827 2520 864 :
2563 809 2773 882 Lingua
2797 809 3094 880 inﬂammat
3119 821 3287 868 rotam
3311 814 3600 870 natiuitatis
3637 827 3834 874 nosne

2246 903 2572 974 inﬂammata
2595 921 2627 958 a
2648 904 2880 974 gehenna
2908 902 3116 974 (Iacob.
3148 904 3252 973 tu).

2318 995 2480 1051 Vens.
2507 995 2597 1052 29.
2631 1023 2702 1036 —-
2735 995 2825 1049 Vir
2855 995 3067 1067 iniquus
3086 996 3247 1052 lactat
3265 997 3492 1052 amicam
3513 1014 3702 1065 missu,
3725 1009 3829 1056 etc.

2246 1085 2431 1142 Potest
2461 1086 2562 1142 hoc
2585 1087 2653 1142 de
2679 1087 2934 1143 haeretica
2953 1096 3010 1142 et
3031 1088 3098 1143 de
3126 1089 3275 1143 omni
3320 1087 3532 1146 tautore
3557 1090 3831 1148 malorum

2246 1178 2413 1247 accipi
2457 1195 2470 1232 :
2519 1180 2766 1248 quoniam
2831 1178 3083 1232 laudatur
3139 1189 3382 1250 peccator
3435 1183 3494 1236 in
3551 1185 3832 1240 desideriis

2245 1270 2436 1323 animi!
2459 1285 2589 1334 sum,
2616 1279 2665 1323 et
2697 1270 2908 1341 iniquus
2937 1271 3276 1327 benedicitur.

2291 1359 2477 1415 'Vsns.
2508 1360 2596 1414 50.
2625 1389 2693 1400 —-
2725 1359 2830 1426 Qui
2873 1362 3106 1416 attonitis
3126 1363 3292 1440 oculis
3313 1365 3528 1434 cogitat,
3555 1375 3669 1423 etc.
3693 1367 3834 1424 Gra.

2242 1448 2361 1503 vius
2387 1458 2470 1504 est
2496 1448 2754 1520 perﬁcere
2799 1452 2997 1506 malum
3046 1469 3208 1524 quam
3239 1453 3448 1520 facere,
3477 1465 3622 1525 etc.,
3668 1477 3832 1532 usque

2239 1538 2310 1593 ad
2335 1547 2396 1594 ut
2417 1555 2534 1609 quae
2555 1539 2816 1596 malorum
2842 1557 3062 1599 suorum
3091 1546 3376 1603 retributio
3397 1560 3692 1620 sequatur,
3728 1571 3828 1610 non

2241 1629 2436 1685 videat.

2310 1721 2472 1777 Vsus.
2496 1721 2585 1776 ⁸52.
2611 1753 2680 1764 -
2711 1721 2902 1780 Melior
2929 1734 3008 1782 est
3035 1728 3238 1797 patiens
3271 1731 3380 1786 uiro
3403 1731 3556 1801 (orti.
3587 1742 3709 1790 ac.
3745 1735 3831 1792 Ii-

565 1825 764 1878 bonum
793 1825 933 1893 quod
959 1823 1105 1887 facit,
1149 1824 1359 1880 etiamsi
1392 1823 1524 1879 nihil
1549 1807 1762 1879 videtur
1814 1823 1939 1878 mali
1968 1825 2138 1879 mani-
2168 1807 2214 1874 B
2242 1825 2342 1866 nor
2373 1821 2458 1868 est
2491 1813 2716 1870 victoria
2763 1817 2928 1874 urbes
2948 1832 3290 1890 extrusum.
3321 1831 3451 1890 διο-ν
3479 1841 3654 1895 usque
3684 1831 3756 1882 ad
3780 1839 3830 1886 et

564 1915 663 1969 bus
688 1915 919 1984 operari,
951 1916 1130 1970 cordis
1156 1915 1516 1970 innocentiam
1537 1915 1733 1984 perdit,
1765 1916 1814 1969 in
1843 1930 1948 1984 quo
1973 1915 2135 1986 largi-

564 2005 667 2058 tori
699 2007 960 2060 bonorum
1005 2021 1066 2060 se
1107 2007 1382 2076 praetulit:
1434 2016 1489 2062 et
1525 2007 1643 2061 ideo
1675 2008 1832 2062 talem
1877 2008 2134 2062 Dominus

561 2093 903 2148 abominatur
930 2095 1126 2160 virum,
1158 2110 1315 2164 quem
1344 2096 1444 2151 sibi
1491 2097 1541 2150 in
1567 2097 1843 2152 beneﬁciis
1874 2097 2021 2153 videt
2047 2098 2132 2152 in-

561 2190 792 2250 gratum.

636 2272 798 2326 Vsus.
830 2273 883 2327 7.
925 2304 996 2314 --
1041 2273 1173 2329 Cum
1209 2275 1500 2345 placuerint
1538 2276 1782 2331 Domino.
1837 2276 2006 2332 Tanta
2051 2285 2135 2333 est

560 2362 817 2416 sanctitas
839 2363 1034 2418 divinae
1059 2365 1353 2436 religionis,
1386 2374 1518 2430 etc.,
1549 2383 1709 2436 usque
1744 2367 1813 2420 ad
1835 2368 1930 2422 sed
1967 2368 2130 2422 etiam

558 2452 625 2506 ad
655 2452 933 2506 veritatem
961 2451 1086 2508 ﬁdei
1111 2456 1357 2510 conversi
1382 2466 1524 2510 sunt.

630 2545 792 2600 Vens.
823 2546 876 2600 8.
917 2577 988 2588 —
1015 2546 1204 2602 Melius
1256 2559 1330 2602 est
1374 2565 1560 2619 parum
1604 2565 1722 2602 cum
1752 2548 1986 2617 justitia,
2022 2559 2126 2605 etc.

558 2634 745 2688 Melius
765 2643 847 2689 est
889 2635 942 2688 in
976 2637 1204 2707 simplici
1233 2639 1639 2694 conversatione
1664 2638 1774 2694 Deo
1800 2639 2003 2694 servire
2038 2641 2130 2696 de-

557 2737 699 2790 vote,
733 2741 895 2796 quam
918 2726 1100 2782 multis
1127 2729 1402 2783 abundare
1427 2729 1735 2793 virtutibus,
1766 2737 1820 2784 et
1855 2731 2130 2800 proximo-

555 2835 677 2875 rum
705 2818 844 2876 facta
867 2819 1162 2887 despicere.

628 2911 789 2966 Vens.
821 2909 906 2964 l0.
953 2939 1022 2949 —
1055 2909 1316 2964 Divinatio
1359 2910 1413 2963 in
1443 2909 1595 2964 labiis
1623 2912 1776 2981 regis.
1827 2905 1958 2979 Quis
1991 2909 2126 2968 alius

555 3015 648 3052 rex
678 3014 784 3053 non
812 3007 960 3053 errat
989 3000 1042 3052 in
1067 2997 1290 3066 judicio,
1320 3007 1451 3064 etc.,
1479 3016 1638 3072 usque
1680 3001 1750 3055 ad
1777 3003 1868 3072 qui
1896 3003 2128 3073 prophet-

556 3101 726 3146 tarum
757 3092 872 3161 ejus
899 3107 994 3146 ora
1029 3091 1295 3162 impleret.

2237 1901 2510 1969 patientia
2534 1905 2837 1961 humilitate
2859 1909 3173 1966 substernit.

2310 1992 2475 2048 Vens.
2509 1995 2598 2050 '55.
2649 2027 2719 2040 --
2769 1999 2949 2057 Sortes
2993 2003 3276 2060 mittuntur
3323 2007 3377 2062 in
3415 2009 3622 2063 sinum.
3680 2009 3830 2070 Sicut

2231 2089 2409 2172 sortes
2459 2077 2743 2142 mittuntur
2765 2087 2820 2142 in
2865 2089 3064 2156 sinum,
3113 2101 3242 2160 etc.,
3280 2112 3441 2168 usque
3467 2099 3542 2154 ad
3565 2103 3738 2172 quasi
3763 2103 3828 2161 de

2235 2169 2354 2225 sinu
2381 2174 2644 2231 examinis
2675 2177 2861 2232 divini.

2811 2305 3037 2366 CAPUT
3076 2310 3246 2369 XVII.

2304 2433 2467 2492 Vens.
2505 2437 2559 2491 1.
2599 2468 2668 2478 -
2694 2437 2885 2496 Melior
2912 2451 2988 2497 est
3017 2443 3266 2501 buccella.
3307 2448 3498 2505 Melius
3531 2461 3622 2508 est
3657 2469 3825 2524 parva

2227 2525 2371 2582 bona
2421 2544 2560 2583 cum
2605 2530 2871 2589 charitate
2921 2535 3144 2604 facere,
3183 2539 3302 2596 sine
3348 2543 3580 2601 scientia
3621 2548 3822 2618 praedi-

2232 2618 2392 2674 candi
2425 2618 2568 2691 (hoc
2597 2630 2680 2677 est
2707 2624 2852 2678 enim
2885 2626 3086 2682 siccam
3125 2629 3424 2688 buccellam
3451 2651 3578 2692 esse
3605 2638 3627 2707 )
3659 2655 3822 2709 quam

2231 2709 2402 2778 magis
2457 2709 2711 2784 effulgere
2767 2715 3076 2784 virtutibus,
3131 2735 3254 2776 cum
3315 2725 3654 2786 admistione
3709 2733 3822 2788 dis-

2229 2807 2446 2862 cordiae.
3105 2821 3111 2840 ί

2301 2895 2464 2950 Vens.
2507 2897 2558 2952 6.
2587 2929 2659 2940 —
2685 2897 2893 2957 Corona
2930 2921 3147 2975 senum,
3177 2918 3281 2968 etc.
3323 2910 3531 2982 Senes,
3577 2919 3820 2988 patriar-

2229 2987 2374 3052 ehae,
2414 2991 2720 3063 prophetae,
2756 2995 2848 3064 qui
2887 3012 2919 3051 a
2959 2997 3084 3055 ﬁliis
3145 3000 3412 3070 ﬁliorum.
3449 3007 3506 3064 id
3543 2987 3638 3065 est
3697 3027 3818 3068 suc-

2228 3084 2536 3140 cessoribus
2571 3089 2964 3160 apostolorum,
3001 3093 3186 3152 divina
3211 3096 3369 3152 laude
3417 3100 3776 3160 celebrantur
3797 3125 3814 3160 :

622 3181 840 3237 Pondus
862 3193 908 3236 et
939 3191 1156 3236 statera.
1195 3183 1423 3254 Lapides
1437 3183 1569 3253 justi
1593 3183 1777 3250 fortes,
1803 3194 1938 3252 etc.,
1969 3202 2126 3257 usque

2248 3179 2288 3226 at
2323 3173 2492 3243 gloria
2531 3184 2616 3232 est
2661 3173 3075 3249 praedicatorum
3124 3184 3258 3241 Novi
3310 3187 3692 3260 Testamenti,
3727 3197 3816 3266 qui

551 3274 620 3328 ad
651 3289 958 3330 mensuram
993 3274 1116 3330 ﬁdei
1152 3282 1206 3329 et
1241 3276 1538 3345 gratiarum
1568 3275 1860 3331 distribuit.

621 3362 782 3420 Vsus.
819 3362 906 3417 15.
933 3393 1003 3402 -
1035 3361 1287 3420 Voluntas
1320 3381 1519 3434 regum,
1563 3372 1693 3431 etc.,
1739 3365 1796 3419 id
1820 3374 1925 3430 est,
1949 3365 2125 3436 justo-

551 3470 690 3509 rum.
726 3454 884 3508 Multi
925 3471 1064 3526 reges
1106 3465 1152 3508 et
1182 3456 1443 3525 propheta:
1469 3455 1736 3511 voluerunt
1775 3457 1964 3524 ridere,
2007 3476 2126 3530 qua:

549 3565 636 3602 vos
674 3548 907 3614 vidistis,
957 3558 1006 3602 et
1051 3564 1156 3602 non
1181 3548 1438 3602 uiderunt.
1472 3546 1536 3602 lli
1568 3549 1711 3604 enim
1739 3557 1796 3604 et
1815 3550 1959 3606 vitiis
1983 3552 2123 3627 msi-

549 3646 719 3704 stunt,
757 3647 812 3693 et
853 3638 1112 3693 virtutum
1151 3639 1434 3708 obsequio,
1460 3640 1614 3708 quasi
1641 3640 1956 3706 satellitum.
1995 3658 2125 3699 eon-

547 3729 834 3799 stipantur.
881 3729 1053 3801 Reges
1080 3729 1224 3786 enim
1255 3739 1412 3790 terrae
1449 3745 1592 3801 saepe
1619 3731 1760 3790 labia
1797 3733 1946 3802 iusta
1977 3735 2122 3792 dete-

545 3827 776 3884 stantur,
809 3827 869 3873 ut
897 3817 1140 3874 Herodes
1163 3817 1448 3875 Joannem.

618 3907 784 3963 νεεδ.
809 3908 896 3962 14.
924 3938 996 3950 --
1025 3908 1214 3966 Nuntii
1241 3911 1441 3965 mortis.
1470 3910 1655 3980 Angeli
1688 3911 1918 3979 Satanat,
1951 3914 2122 3970 haere-

544 3999 656 4065 tici,
688 4009 816 4063 etc.,
851 4017 1012 4072 usque
1037 4000 1106 4054 ad
1137 4015 1294 4070 quem
1318 4003 1543 4074 contigit
1566 4004 1728 4061 stulte
1748 4004 2015 4075 loquendo
2039 4007 2121 4064 ot-

542 4088 878 4235 fenglcstifzbit.
903 4179 1109 4252 (litem,
1140 4181 1204 4235 de
1237 4192 1400 4236 morte
1422 4181 1708 4256 Fabiola.)
1744 4185 1912 4242 David
1937 4187 2116 4242 homi-

539 4271 740 4328 cidium
768 4281 821 4328 et
849 4273 1168 4328 adulterium
1205 4282 1408 4344 septem
1437 4274 1646 4328 dierum
1676 4275 1818 4331 fame
1846 4279 2112 4349 purgavit.

612 4365 774 4420 Vens.
805 4365 890 4420 15.
921 4396 991 4406 -
1024 4363 1091 4419 In
1120 4365 1383 4419 hilaritate
1430 4365 1604 4420 vultus
1636 4368 1768 4437 regis
1814 4369 1940 4424 vita.
1986 4369 2117 4436 Qui-

540 4469 750 4523 cunque
777 4454 1000 4508 hilarem
1045 4452 1246 4509 Christi
1271 4455 1474 4508 vultum
1499 4455 1683 4508 videre
1707 4465 2000 4524 merentur,
2025 4458 2111 4516 his

541 4543 594 4596 in
633 4551 893 4596 :eternnm
942 4558 1064 4598 cum
1113 4542 1202 4596 illo
1229 4542 1408 4598 vivere
1451 4543 1683 4600 dabitur.
1730 4546 1902 4602 Aliter
1945 4542 2142 4606 etiam:

537 4634 724 4689 videbit
746 4637 910 4688 omnis
937 4652 1059 4688 caro
1084 4635 1314 4689 salutare
1337 4635 1434 4690 Dei
1458 4655 1471 4688 :
1505 4638 1598 4692 sed
1631 4647 1758 4694 tunc
1771 4640 1901 4710 justi
1930 4641 2111 4712 placa-

537 4727 675 4788 t'um,
709 4722 919 4792 reprobi
947 4725 1197 4780 videbunt
1227 4725 1443 4779 iratum.

608 4811 677 4866 Et
698 4812 968 4867 clementia
990 4814 1103 4884 ejus
1140 4817 1287 4886 quasi
1317 4816 1480 4870 imber
1500 4820 1778 4874 serotinus.
1827 4819 2108 4882 Serotinus

533 4910 708 4965 imber
738 4909 790 4964 in
828 4899 1009 4964 Indica
1034 4925 1203 4978 usque
1241 4911 1400 4967 hodie
1424 4912 1537 4984 jam
1572 4915 1798 4971 maturis
1842 4919 2109 4976 messibus

533 5001 719 5056 venire
746 4998 1043 5062 consuevit,
1070 5008 1199 5063 etc.,
1230 5016 1390 5070 usque
1421 5003 1489 5056 ad
1517 5003 1612 5059 sed
1637 5005 1854 5074 superni
1880 5005 2012 5063 facit
2036 5009 2110 5063 ir-

530 5093 727 5164 rigatio
755 5091 984 5146 Domini.

605 5183 766 5236 Vens.
795 5181 884 5236 22.
910 5212 982 5222 -
1013 5179 1158 5237 Fons
1187 5183 1324 5237 uiue.
1363 5183 1496 5250 Quia
1525 5186 1614 5242 ille
1633 5183 1955 5258 praedicator
1976 5208 2105 5250 vere

530 5272 644 5328 suis
670 5272 1002 5328 auditoribus
1031 5271 1145 5328 vias
1171 5273 1293 5328 vita:
1319 5275 1514 5343 aperit,
1538 5287 1666 5344 etc.,
1702 5296 1864 5352 usque
1884 5282 1953 5336 ad
1984 5297 2103 5354 qua}

528 5361 717 5420 dicunt
740 5364 899 5430 bona,
933 5361 1081 5420 fatuo
1105 5367 1265 5422 corde
1289 5376 1656 5425 contemnunt.

597 5448 764 5510 Vnus.
789 5452 880 5507 24.
905 5452 1177 5510 —Favus
1223 5456 1391 5512 mellis
1444 5461 1727 5531 composita
1769 5463 1942 5530 verba,
1991 5474 2096 5522 etc.

530 5540 678 5598 Multi
705 5559 802 5614 per
824 5543 1204 5616 eloquentiam,
1231 5558 1361 5616 etc.,
1393 5568 1550 5623 usque
1572 5555 1642 5608 ad
1663 5571 1780 5624 quae
1798 5573 1863 5612 ex
1889 5559 2100 5616 interna

528 5635 721 5691 animae
741 5633 1021 5694 dulcedine
1042 5642 1356 5708 procedunt.

600 5724 763 5780 Vna.
801 5727 888 5785 26,
1026 5730 1214 5783 Anima
1256 5730 1540 5789 laborantis
1587 5735 1790 5792 laborat
1827 5739 1947 5804 sibi,
1987 5748 2092 5796 etc.

2230 3275 2474 3322 veterum
2504 3277 2720 3340 patrum
2751 3271 2851 3328 ﬁlii
2882 3289 3003 3332 esse
3032 3290 3399 3348 meruerunt..

2298 3356 2462 3415 Vsus.
2493 3361 2545 3416 8.
2569 3392 2640 3402 -
2663 3361 2880 3421 Gemma
2903 3369 3223 3439 gratissima.
3249 3371 3348 3440 Qui
3372 3377 3604 3446 prunis
3631 3378 3814 3437 futura

2227 3447 2460 3507 ﬁdeliter
2489 3464 2767 3528 exspectat
2788 3495 2806 3524 ,
2837 3465 2967 3526 etc.,
2998 3476 3158 3534 usque
3183 3463 3253 3516 ad
3279 3466 3583 3536 prudenter
3615 3470 3812 3527 intelli-

2225 3557 2376 3614 gens,
2400 3545 2663 3612 Quoniam
2689 3549 3024 3622 diligentibus
3055 3553 3221 3610 Deum
3253 3559 3430 3613 omnia
3456 3575 3816 3634 cooperuit

2223 3635 2280 3690 in
2307 3637 2497 3694 bonum
2530 3639 2548 3711 (
2572 3639 2724 3696 Rom.
2753 3658 2851 3698 vm
2879 3645 2919 3714 ).

2293 3727 2460 3784 Vens.
2495 3730 2655 3786 12.-
2675 3732 2904 3806 Expedit
2927 3738 3092 3810 magis
3115 3756 3275 3807 ursaa,
3297 3751 3402 3798 etc.
3429 3743 3684 3804 Facilius
3699 3757 3813 3804 erat

2221 3819 2422 3874 sanctis
2453 3821 2762 3880 doctoribus
2790 3823 2962 3882 furori
2987 3832 3302 3900 gentilitatis
3327 3849 3652 3905 occurrere,
3682 3852 3810 3908 etc.,

2219 3924 2380 3978 usque
2429 3911 2536 3976 ad,
2582 3921 2637 3967 et
2687 3915 2788 3970 hoc
2839 3930 2980 3987 sazpe
3024 3918 3235 3976 facilius
3277 3922 3366 3989 ﬁt,
3419 3940 3588 3996 quam
3639 3931 3811 3987 hatre-

2219 3999 2386 4058 ticum
2435 4001 2500 4056 ad
2547 4002 2705 4060 ﬁdem
2753 4017 2957 4064 rectam
3001 4026 3292 4080 revocare,
3335 4016 3423 4072 vel
3460 4020 3804 4078 catholicum

2213 4107 2386 4172 prave
2419 4106 2664 4167 agentem
2695 4099 2762 4154 ad
2793 4101 2994 4162 bonum
3021 4119 3157 4176 Opus
3185 4108 3464 4168 reducere.

2288 4185 2452 4240 Vens.
2492 4187 2578 4241 15.
2603 4218 2678 4229 -
2706 4188 2829 4256 Qui.
2866 4192 3079 4262 Aquam
3115 4197 3424 4266 dimittere,
3462 4211 3606 4270 etc.,
3647 4221 3812 4277 usque

2215 4281 2285 4362 ad
2321 4286 2462 4340 unde
2491 4293 2684 4344 contra
2715 4304 2727 4340 :
2771 4287 2874 4354 Qui
2909 4291 3126 4360 imponit
3155 4293 3317 4350 stulto
3346 4296 3626 4356 silentium
3647 4342 3670 4368 ,
3703 4305 3808 4356 iras

2213 4374 2435 4443 mitigat.

2225 4545 2242 4554 ᾖ
2285 4464 2447 4520 Vens.
2481 4465 2567 4523 16.
2593 4497 2665 4508 --
2692 4467 2832 4535 Quid
2873 4471 3102 4542 prodest.
3149 4473 3288 4544 Quid
3333 4477 3558 4554 prodest
3603 4483 3810 4552 populo

2212 4549 2521 4610 Iudaeorum
2571 4557 2808 4624 inﬁdeli,
2849 4569 2975 4639 etc.,
3009 4578 3172 4633 usque
3200 4565 3270 4618 ad
3304 4549 3426 4620 cum
3465 4549 3808 4639 sapient—iam

2209 4644 2315 4720 piae
2347 4647 2576 4704 actionis
2607 4649 2811 4704 habere
2841 4636 3187 4722 neglexerit?

2286 4736 2450 4792 Vens.
2505 4739 2590 4794 17.
2638 4769 2710 4780 —
2754 4739 2910 4796 Omni
2969 4753 3217 4816 tempore.
3275 4745 3376 4814 Qui
3433 4748 3614 4808 Deum
3678 4768 3808 4810 vere

2211 4835 2392 4894 amat,
2427 4830 2574 4884 omni
2613 4840 2850 4902 tempore
2879 4833 2995 4904 ejus
3023 4837 3260 4891 custodit
3287 4852 3532 4896 amorem
3561 4856 3578 4906 ;
3620 4857 3809 4913 neque

2210 4917 2265 4973 in
2297 4921 2542 4992 angustia
2579 4923 2850 4992 passionis
2886 4923 3120 4993 deserit,
3156 4943 3318 5000 quem
3351 4929 3406 4984 in
3441 4931 3600 5008 pacis
3643 4941 3804 4989 tran-

2209 5011 2476 5080 quillitate
2490 5013 2778 5074 ,conlessus
2807 5024 2910 5071 est.

2280 5101 2444 5157 Vens.
2477 5103 2564 5159 18.
2594 5134 2662 5144 -
2689 5103 2864 5160 Homo
2889 5103 3078 5164 stultus
3097 5109 3316 5180 planum
3342 5112 3612 5169 manibus.
3647 5113 3803 5172 Stul-

2205 5200 2294 5248 tus
2330 5203 2442 5260 est,
2479 5195 2570 5265 qui
2605 5211 2728 5250 cum
2763 5195 2950 5253 fratris
2986 5200 3067 5254 sui
3106 5201 3341 5260 animam
3376 5207 3654 5276 suscipiat
3707 5224 3799 5264 re-

2204 5287 2453 5360 gendam,
2496 5288 2562 5343 de
2593 5289 2706 5343 suis
2734 5289 3000 5361 gloriatur
3030 5293 3273 5360 actibus,
3303 5304 3359 5354 et
3386 5312 3493 5356 non
3519 5300 3722 5372 potius
3747 5301 3800 5356 ei

2203 5373 2392 5432 humili
2421 5380 2793 5451 compassione
2819 5381 3078 5452 quidquid
3103 5395 3280 5456 potest
3305 5388 3492 5444 auxilii
3523 5388 3800 5450 salutaris

2200 5463 2480 5540 impendit.

2269 5560 2487 5615 Animus
2515 5562 2764 5633 gaudens.
2798 5558 2898 5632 Qui
2931 5565 3140 5622 interna
3173 5571 3343 5626 sancti
3375 5569 3617 5641 Spiritus
3657 5591 3795 5631 con-

2197 5649 2457 5707 solatione
2506 5653 2737 5722 laatatur,
2790 5667 2928 5727 etc.,
2996 5677 3154 5732 usque
3207 5664 3275 5717 ad
3340 5665 3571 5736 gloriam
3653 5668 3792 5724 dile-

2197 5744 2396 5802 ctionis
2423 5749 2624 5804 amisit.
