4008 6348
203 385 342 450 "Ol

1237 383 1507 444 GLOSSA
1543 379 1938 441 ORDINAMA.
1977 411 2060 423 —~
2083 380 2210 438 LIB.
2244 379 2450 439 PROV.

3305 386 3444 442 1102

275 499 440 558 Vens.
469 497 561 556 24.
587 517 658 541 -'—
683 496 752 554 In
784 480 918 570 facie
950 497 1238 570 prudentis.
1273 496 1332 550 In
1381 493 1524 549 facie
1558 491 1768 548 Christi
1795 498 1846 560 Α
1869 490 1953 562 gis
1979 489 2230 547 amarent
2254 489 2538 547 credentes
2561 505 2628 547 ex
2652 491 2920 562 gentibus,
2947 507 3114 564 quam
3137 511 3247 554 suae
3267 500 3444 570 gentis

199 593 422 650 lucebat
457 591 720 663 sapientia
751 591 1008 655 Deitatis,
1039 599 1170 654 etc.,
1213 603 1376 658 usque
1426 586 1494 640 ad
1544 593 1660 640 tota
1690 583 1780 640 in-

207 685 448 741 tentione
471 682 810 754 perquirunt.

279 757 441 832 νέω.
499 773 589 828 26.
624 803 696 814 --
735 771 858 828 Non
910 781 984 827 est
1038 772 1229 826 bonum
1279 771 1530 825 damnum
1557 768 1776 838 inferre

197 867 372 940 justo.
409 866 476 920 Et
511 865 580 920 de
608 865 724 936 ipso
745 861 932 933 judice
965 877 1030 918 ac
1064 863 1306 933 principe
1341 860 1659 916 saeculorum
1685 859 1778 930 qui

207 975 310 1032 pro
336 957 506 1014 nostri
538 957 707 1013 salute
737 957 944 1026 percuti
969 954 1168 1019 voluit,
1201 954 1369 1024 accipi
1395 959 1600 1023 potest,
1630 959 1686 1006 et
1712 951 1782 1006 de

210 1051 463 1108 omnibus
500 1050 803 1106 rectoribus
837 1049 1122 1116 Ecclesiae,
1176 1050 1268 1119 qui
1313 1048 1397 1104 vel
1433 1047 1779 1103 facultatibus

211 1146 398 1202 nudati
426 1145 494 1200 ab
523 1143 702 1216 impiis
719 1183 733 1208 ,
761 1143 848 1199 vel
876 1143 992 1213 ipsa
1021 1151 1148 1198 sunt
1176 1149 1352 1197 morte
1381 1139 1706 1209 consumpti.

775 1301 999 1362 CAPUT
1036 1301 1222 1358 XVIII.

199 1441 208 1446 ’
279 1438 446 1494 Vnus.
471 1438 522 1493 1.
545 1430 834 1509 —Impius
858 1453 975 1491 cum
1003 1438 1057 1490 in
1082 1435 1398 1508 profundum
1422 1435 1613 1490 venerit
1632 1475 1646 1500 ,
1673 1442 1777 1489 etc.

209 1529 310 1598 Qui
365 1530 539 1602 longis
605 1539 948 1599 peccatorum
1003 1529 1236 1584 tenebris
1294 1527 1565 1582 involutus
1617 1525 1782 1580 semel

214 1621 282 1677 de
331 1621 452 1677 luce
503 1622 786 1692 desperat,
834 1636 898 1676 ex
949 1621 1323 1692 desperatione
1373 1619 1474 1674 sibi
1525 1616 1782 1688 peccandi

212 1709 364 1769 frena
393 1713 637 1778 relaxat;
672 1713 765 1767 sed
793 1712 1141 1783 opprobrium
1189 1710 1380 1765 futurae
1425 1705 1784 1774 damnationis

212 1807 358 1863 nulla
387 1805 597 1861 ratione
628 1805 841 1870 evadit,
870 1818 1030 1874 quem
1061 1801 1203 1857 nulla
1235 1801 1403 1857 divini
1433 1798 1640 1854 timoris
1672 1811 1785 1852 me-

211 1897 383 1954 moria
411 1897 668 1952 cohibuit.

281 2006 447 2064 Vsus.
497 2007 552 2062 4.
595 2037 666 2049 -
706 2006 855 2080 Aqua
903 2005 1186 2077 profunda.
1239 2005 1374 2072 Quia
1423 2005 1685 2062 Dominus
1731 2015 1787 2062 et

213 2096 439 2168 apostoli
489 2095 668 2168 palam
722 2096 1005 2166 utriusque
1059 2093 1388 2151 Testamenti
1445 2105 1784 2152 sacramenta

213 2189 413 2245 mundo
460 2189 809 2254 reserabant,
866 2189 931 2242 de
979 2187 1171 2257 quibus
1209 2187 1430 2242 subdit:
1466 2187 1534 2241 Et
1578 2196 1784 2242 torrens

215 2280 510 2335 redundans
548 2279 664 2350 fons
708 2279 996 2349 sapientiw.
1044 2277 1196 2347 Aqua
1224 2277 1520 2349 profunda,
1573 2279 1626 2333 id
1681 2287 1783 2346 est,

213 2373 378 2428 verba
405 2372 726 2444 sapientium
756 2371 941 2426 lavant
969 2381 1176 2426 mentes
1205 2379 1260 2427 et.
1289 2372 1502 2442 rigant,
1546 2387 1614 2427 ne
1657 2387 1787 2443 pec-

220 2472 464 2520 catorum
514 2462 672 2520 sorde
722 2461 989 2518 deformes
1037 2469 1350 2516 remaneant
1397 2469 1490 2516 aut
1536 2461 1787 2519 ariditate

219 2555 485 2616 deﬁciant.

286 2669 450 2726 Vsus.
485 2667 538 2726 9.
565 2697 637 2710 -—
663 2665 768 2735 Qui
820 2665 994 2722 mollis
1040 2675 1089 2722 et
1136 2666 1442 2722 dissolutus.
1497 2666 1600 2734 Qui
1640 2667 1788 2728 enim

216 2771 394 2834 coepta
437 2761 582 2818 bona
619 2758 864 2822 districte
906 2772 1014 2813 non
1053 2756 1388 2828 exsequitur,
1437 2755 1790 2812 dissolutione

213 2852 554 2925 negligentia:
579 2864 799 2905 manum
829 2847 1154 2904 destruentis
1185 2848 1444 2903 imitatur.
1698 2847 1701 2849 ’

288 2965 452 3020 Vnus.
491 2962 578 3016 11.
606 2989 678 3001 --
713 2957 1016 3014 Substantia
1049 2957 1224 3012 diuitis
1258 2956 1384 3010 urbs
1415 2956 1618 3010 roboris
1652 2956 1787 3026 ejus.

217 3051 532 3109 Substantia
563 3057 809 3112 terrena,
839 3055 971 3112 etc.,
999 3062 1158 3115 usque
1185 3046 1253 3099 ad
1280 3045 1435 3114 quasi
1462 3045 1793 3116 inexpugna-

219 3145 312 3201 bili
345 3156 502 3198 muro
527 3146 750 3196 cunctas
776 3137 1012 3194 hostium
1041 3144 1191 3192 arcet
1218 3136 1467 3192 insidias.

1874 581 2198 639 incredulos.
2589 610 2594 614 ·

2441 651 2666 710 CAPUT
2705 653 2842 710 XIX.

1950 770 2116 826 Vnus.
2151 773 2202 826 1.
2231 801 2302 814 --
2327 771 2519 826 Melior
2545 780 2618 826 est
2649 787 2867 841 pauper.
2897 771 3086 827 Melior
3111 782 3194 830 est
3221 775 3448 846 simplex

1876 862 2092 918 auditor
2119 862 2270 918 verbi
2301 861 2430 926 Dei,
2462 862 2508 916 si
2537 875 2633 926 ea,
2665 875 2784 930 qua:
2812 863 2864 916 in
2907 861 3204 933 Scripturis
3246 864 3448 922 intelli-

1876 952 1988 1024 git,
2035 953 2309 1023 operando
2338 952 2584 1023 prolicit,
2616 969 2776 1023 quam
2827 955 3105 1021 eruditus,
3139 957 3186 1012 si
3230 958 3288 1013 in
3329 958 3448 1026 his,

1876 1061 1996 1118 quae
2040 1055 2198 1103 caute
2247 1046 2604 1114 intellexerit,
2653 1049 2720 1102 ad
2767 1048 3012 1104 haeresim
3054 1051 3453 1120 praedicandam

1877 1137 2020 1196 labia
2049 1139 2355 1209 detorquet.

1951 1229 2112 1284 Vsns.
2141 1229 2193 1284 2.
2216 1258 2287 1270 —-
2311 1227 2410 1282 Ubi
2434 1243 2537 1282 non
2559 1267 2573 1290 ,
2595 1234 2700 1282 etc.
2725 1227 2930 1284 Anima:
2954 1227 3200 1284 humanae
3225 1228 3454 1286 scientia

1878 1321 2004 1376 vitae
2031 1319 2268 1376 scelestis
2295 1318 2602 1375 necessaria
2629 1326 2745 1383 est,
2785 1327 2924 1385 etc.,
2953 1336 3113 1390 usque
3141 1321 3208 1374 ad
3239 1334 3270 1374 a
3309 1327 3459 1376 statu

1879 1412 2226 1468 beatitudinis
2251 1412 2304 1466 in
2351 1425 2566 1482 pcenam
2613 1411 2844 1468 miseria:
2887 1420 2940 1467 et
2983 1412 3327 1469 mortalitatis
3368 1413 3454 1469 in-

1882 1502 2156 1558 ciderunt.
3175 1538 3208 1574 ο

1955 1591 2118 1646 Vens.
2149 1590 2204 1644 5.
2232 1619 2300 1631 —-
2329 1589 2568 1647 Stultitia
2588 1632 2604 1657 ,
2633 1601 2739 1648 etc.
2776 1592 2964 1657 Stulti,
2999 1609 3119 1649 cum
3147 1596 3290 1650 viam
3316 1595 3458 1652 veri-

1885 1682 2012 1738 tatis
2035 1681 2318 1745 deserunt,
2344 1688 2475 1745 etc.,
2504 1697 2665 1751 usque
2691 1683 2759 1736 ad
2789 1682 2962 1752 ipsum
2989 1683 3274 1741 Dominum
3301 1684 3460 1756 quasi

1885 1773 2246 1844 importabilia
2275 1787 2462 1832 onera
2504 1774 2846 1842 imposuerit,
2893 1786 3072 1836 mente
3115 1777 3463 1847 reprehendit

1812 1855 1862 1916 Β
1888 1865 2100 1920 insana.

1960 1956 2121 2012 Vens.
2147 1955 2202 2011 4.
2229 1985 2301 1998 --
2325 1955 2536 2012 Divitiae
2563 1957 2766 2014 addunt
2796 1960 3012 2014 amicos.
3056 1960 3266 2016 Divitiae
3307 1963 3462 2033 regni

1887 2050 2158 2115 caelestis,
2207 2064 2330 2119 quae
2373 2063 2470 2119 per
2513 2056 2730 2106 sanctos
2775 2050 3022 2108 doctores
3069 2051 3315 2108 ﬁdelibus
3363 2053 3462 2107 tri-

1888 2139 2114 2196 buenda:
2143 2139 2526 2210 praedicantur,
2557 2137 2754 2196 multos
2779 2140 2986 2194 amicos
3013 2148 3068 2194 et
3093 2141 3297 2197 eisdem
3329 2157 3466 2212 prae-

1888 2232 2256 2296 dicatoribus,
2307 2238 2361 2288 et
2403 2245 2592 2290 earum
2639 2230 2882 2303 largitori
2928 2232 3037 2288 Deo
3086 2232 3374 2289 asciscunt.
3418 2233 3463 2289 Α

1887 2323 2164 2394 prophetis
2193 2332 2372 2378 autem
2397 2363 2412 2389 ,
2443 2322 2570 2392 quia
2597 2322 2734 2378 nihil
2765 2329 2926 2378 certa
2953 2323 3301 2380 beatitudinis
3331 2339 3462 2394 pro-

1888 2416 2149 2482 mittunt,
2177 2424 2232 2470 et
2261 2415 2318 2470 hi
2346 2431 2482 2485 quos
2509 2415 2712 2472 habent
2753 2423 3092 2487 separantur,
3124 2417 3369 2473 conversi
3396 2416 3467 2475 ad

1888 2507 2247 2562 certissimam
2279 2506 2575 2563 Dominicas
2604 2505 2730 2562 ﬁdei
2759 2507 3193 2575 promissionem.

1959 2599 2121 2654 Vens.
2153 2597 2206 2652 5.
2235 2627 2305 2638 -—-
2337 2596 2504 2653 Testis
2553 2597 2738 2666 falsus.
2797 2597 3166 2668 Redarguerat
3206 2614 3330 2654 eum
3377 2597 3469 2668 qui

1889 2700 2102 2748 tantum
2137 2692 2301 2746 verba
2340 2691 2672 2758 sectabatur,
2713 2705 2855 2748 nunc
2895 2690 3045 2746 illum
3074 2692 3350 2763 redarguit
3376 2693 3466 2762 qui

1887 2785 2059 2840 Verba
2117 2783 2412 2838 Dominicis
2469 2781 2810 2838 auctoritatis
2866 2782 3010 2838 male
3064 2782 3470 2852 interpretando

1891 2876 2206 2946 corrumpit.
2261 2874 2416 2943 Quod
2463 2874 2634 2929 multa
2675 2873 2871 2944 saepius
2912 2874 3180 2930 iterantur
3205 2913 3221 2939 ,
3270 2873 3470 2930 conﬁr-

1893 2967 2064 3022 matio
2092 2971 2208 3029 est,
2235 2972 2298 3017 ut
2321 2963 2522 3034 Joseph
2550 2965 2658 3028 ait,
2687 2977 2753 3020 eo
2780 2964 2924 3034 quod
2949 2978 3128 3020 sermo
3156 2963 3227 3019 sit
3264 2962 3391 3029 Dei,
3419 2970 3473 3018 et

1891 3059 2132 3114 velocius
2155 3058 2509 3128 compleatur.

1967 3149 2130 3205 Vsus.
2167 3145 2254 3201 10.
2281 3177 2353 3188 -
2382 3145 2506 3201 Non
2532 3147 2710 3201 decent
2738 3147 2975 3202 stultum.
3005 3147 3121 3202 Non
3151 3149 3341 3204 decent
3365 3148 3475 3202 hac-

294 3235 458 3290 Vnns.
510 3234 597 3289 15.
633 3263 705 3276 —-
731 3233 836 3300 Qui
865 3233 1012 3304 prius
1067 3233 1338 3302 respondet
1387 3247 1544 3302 quam
1592 3233 1792 3287 audiat.
1823 3227 1868 3293 Ο
1902 3240 2126 3295 reticnm
2155 3237 2360 3294 deliciae
2387 3237 2784 3306 Scripturarum
2817 3239 2940 3308 quia
2971 3239 3056 3294 his
3085 3239 3222 3293 bene
3249 3238 3328 3292 uti
3364 3254 3472 3294 non

221 3325 326 3394 Qui
373 3327 524 3396 prius
567 3325 828 3405 πείθων
876 3339 998 3380 esse
1045 3324 1348 3389 desiderat,
1378 3339 1543 3395 quam
1590 3325 1796 3392 discat,

221 3419 462 3475 stultitia:
489 3433 686 3474 noxam
713 3433 822 3472 non
852 3417 1105 3472 declinat.
1139 3416 1240 3484 Qui
1261 3415 1504 3485 judicare
1527 3417 1800 3489 proximo-

233 3527 352 3566 rum
383 3509 522 3566 facta
541 3550 556 3574 ,
587 3510 737 3581 prius
769 3523 930 3578 quam
960 3509 1240 3578 utriusque
1268 3508 1426 3578 plene
1450 3524 1671 3566 causam
1699 3523 1799 3564 no-

229 3605 402 3670 verit,
451 3604 754 3659 inordinate
802 3602 1059 3669 festinat,
1109 3617 1170 3658 se
1217 3603 1435 3674 dignum
1485 3603 1802 3660 confusione

229 3705 512 3756 monstrat.

297 3787 463 3842 Vnus.
495 3787 584 3841 ﬂ.
613 3817 685 3828 —
707 3785 936 3858 Spiritus
965 3787 1066 3841 viri
1092 3795 1348 3840 sustentat
1374 3785 1800 3842 imbecillitatem.

225 3880 296 3940 Et
325 3882 441 3952 ipse
465 3889 646 3937 autem
674 3881 777 3948 vir,
805 3889 936 3946 etc.,
961 3895 1122 3951 usque
1148 3879 1218 3934 ad
1245 3880 1442 3936 mentis
1491 3878 1805 3935 fortitudine

223 3979 514 4030 sustentat.

305 4062 564 4133 Spiritum
611 4079 727 4118 vero
773 4062 842 4116 ad
889 4062 1239 4116 irascendum.
1293 4060 1433 4116 Dicit
1472 4061 1617 4116 enim
1663 4075 1806 4131 saepe

227 4155 401 4212 iratus
447 4170 512 4212 ea
553 4170 676 4227 quae
711 4155 993 4226 placatus,
1039 4154 1164 4224 quia
1209 4153 1376 4221 dixit,
1423 4154 1716 4224 pmniteat,
1752 4163 1808 4210 et

228 4247 548 4318 plerumque
568 4263 638 4304 an
663 4247 890 4312 dixerit,
921 4247 1132 4320 ignoret
1159 4264 1172 4300 :
1199 4247 1355 4318 cujus
1382 4255 1562 4302 tamen
1585 4247 1805 4302 vesania

229 4352 330 4409 per
358 4338 682 4409 sapientium
713 4338 1033 4394 modestiam
1063 4335 1321 4394 facillime
1347 4335 1607 4394 suffer-tur
1646 4346 1810 4406 atque

229 4432 462 4503 sopitus.

308 4523 518 4580 Donum
538 4525 784 4580 hominis.
812 4524 1024 4578 Donum
1050 4522 1369 4590 charitatis,
1393 4531 1524 4590 etc.,
1555 4537 1716 4593 usque
1739 4521 1810 4575 ad

232 4631 302 4670 ac
337 4615 438 4670 sibi
465 4615 696 4670 libenter
721 4615 1095 4684 obtemperare
1123 4612 1343 4667 faceret.

308 4707 470 4766 Vens.
511 4709 597 4764 l7.
621 4735 694 4748 -—
715 4706 900 4760 Justus
929 4707 1094 4776 prior.
1133 4703 1324 4760 Omnis
1361 4703 1454 4774 qui
1479 4717 1608 4759 vere
1628 4700 1810 4772 justus

231 4809 322 4858 est
341 4839 356 4866 ,
385 4809 493 4858 etc.
511 4839 528 4866 ,
555 4815 717 4872 usque
740 4798 810 4853 ad
835 4795 952 4866 eius
978 4795 1334 4852 humilitatem
1367 4793 1530 4866 digna
1556 4795 1810 4851 mercede

232 4899 570 4954 remunerat.

309 4983 470 5040 Vens.
512 4982 600 5039 19.
628 5011 703 5024 -
731 4978 925 5035 Frater
955 4980 1046 5051 qui
1078 4978 1379 5050 adjuvetur.
1420 4976 1557 5033 Cum
1583 4975 1814 5047 populus

234 5073 547 5134 Iudaeorum
575 5079 631 5128 et
657 5070 924 5144 gentium,
953 5078 1084 5136 etc.,
1109 5083 1271 5139 usque
1309 5066 1380 5122 ad
1422 5067 1490 5122 ab
1518 5064 1812 5122 inﬁdelium

238 5165 551 5222 incursione
581 5162 894 5220 defendunt.

317 5257 476 5312 Vens.
507 5255 598 5310 25.
620 5283 694 5295 —
713 5253 844 5307 Cum
869 5249 1304 5308 obsecrationibus
1329 5249 1569 5324 loquetur
1594 5262 1812 5320 pauper.

239 5349 487 5408 Humiles
507 5348 701 5421 spiritu
724 5345 999 5402 humiliter
1025 5345 1310 5402 Dominum
1337 5344 1596 5406 adorant,
1623 5348 1686 5396 ut
1705 5338 1815 5394 Pu-

239 5441 487 5500 blicanus
515 5458 529 5493 :
559 5437 777 5510 superbi
802 5451 901 5494 sua
927 5436 1120 5504 merita
1137 5434 1378 5506 iactant,
1407 5441 1466 5490 ut
1489 5429 1814 5500 Pharisams.

322 5534 480 5592 Vens.
505 5533 596 5590 24.
623 5561 695 5574 -
722 5530 818 5586 Vir
844 5531 1104 5588 amabilis.
1133 5528 1360 5586 Gentilis
1385 5538 1681 5582 mnversus
1703 5539 1820 5594 ma-

245 5625 331 5698 gis
371 5635 582 5681 amatur
608 5640 639 5680 a
671 5622 932 5687 Domino,
972 5638 1134 5694 quam
1165 5619 1382 5676 Judaeus
1429 5615 1659 5671 inﬁdelis
1698 5629 1819 5686 per-

246 5723 486 5787 durans,
517 5721 582 5774 de
608 5733 716 5790 quo
745 5717 1039 5773 secundum
1071 5728 1287 5769 carnem
1317 5718 1475 5770 natus
1503 5719 1605 5772 est.
1632 5709 1819 5764 Potest

213 5873 217 5876 ,
241 5820 304 5876 .et
333 5813 398 5870 de
425 5809 681 5882 apostolis
700 5847 717 5876 ,
741 5807 810 5863 de
835 5805 1014 5862 Iudaea
1044 5803 1217 5868 natis,
1247 5800 1469 5873 intelligi
1496 5817 1511 5867 ;
1546 5800 1673 5871 quia
1704 5814 1818 5854 ma-

1895 3331 2078 3397 novit,
2122 3344 2298 3400 neque
2338 3329 2520 3396 illum,
2552 3331 2642 3399 qui
2689 3330 2865 3385 adhuc
2909 3344 3097 3385 servus
3124 3337 3206 3384 est
3235 3327 3474 3399 peccati,

1893 3421 2141 3494 praeferri
2171 3421 2328 3477 decet
2348 3421 2511 3490 iustis
2539 3421 2591 3476 in
2625 3420 2886 3491 regimine
2919 3419 3196 3476 Ecclesiae.

1969 3510 2137 3567 Vnus.
2176 3511 2263 3566 11.
2288 3540 2358 3550 ——
2387 3510 2642 3564 Doctrina
2686 3509 2802 3566 viri.
2856 3510 3107 3566 Doctrina
3149 3507 3479 3565 ecclesiasti-

1899 3618 1965 3660 ca
1985 3644 2002 3668 ,
2031 3611 2140 3658 etc.
2161 3643 2176 3668 ,
2208 3618 2371 3672 usque
2398 3603 2466 3656 ad
2502 3610 2645 3657 recte
2673 3610 2853 3657 autem
2881 3601 3127 3658 subditur
3159 3616 3174 3654 :

1973 3694 2042 3750 Et
2072 3695 2240 3766 gloria
2265 3695 2380 3764 ejus
2408 3705 2482 3750 est
2509 3695 2692 3766 iniqua
2720 3695 3076 3766 prwtergredi.
3116 3693 3346 3749 Perfecti
3392 3700 3480 3770 est

1903 3785 2047 3842 enim
2077 3785 2346 3850 doctoris,
2393 3785 2470 3840 sic
2508 3784 2736 3840 aliorum
2775 3785 3173 3855 improbitatem
3209 3786 3480 3857 patienter

1901 3876 2156 3940 sufferre,
2201 3883 2261 3931 ut
2305 3890 2367 3932 se
2409 3877 2622 3933 noverit
2665 3877 2733 3932 ab
2777 3877 2977 3948 iniquis
3003 3879 3271 3948 patienter
3297 3877 3483 3933 obser-

1903 3983 2054 4024 vare.
2085 3967 2270 4040 Neque
2297 3969 2442 4024 enim
2470 3968 2688 4038 propria
2731 3968 2998 4024 munditia
3039 3969 3156 4024 sine
3199 3967 3481 4024 tolerantia

1903 4061 2136 4128 sufﬁcit,
2165 4077 2340 4133 neque
2367 4061 2654 4118 tolerantia
2683 4062 2799 4118 sine
2829 4061 3109 4118 munditia.

1979 4154 2146 4208 Vens.
2179 4154 2266 4209 15.
2294 4183 2364 4196 --
2389 4153 2555 4209 Dolor
2580 4155 2763 4224 patris.
2796 4153 2939 4210 Deus
2963 4155 3020 4208 in
3047 4163 3240 4209 natura
3268 4167 3482 4224 semper

1909 4242 2284 4313 lmpassibilis,
2307 4243 2490 4299 dolere
2517 4252 2695 4298 tamen
2723 4251 2910 4297 nostro
2935 4258 3086 4298 more
3114 4243 3329 4308 dicitur,
3358 4257 3484 4297 cum

1908 4335 2192 4398 homines,
2252 4350 2390 4404 quos
2438 4337 2504 4388 ad
2561 4349 2618 4388 se
2668 4332 2996 4387 credendum
3052 4332 3484 4401 laudandumque

1909 4428 2144 4490 creavit,
2192 4423 2406 4482 diabolo
2449 4424 2656 4484 servire
2699 4421 2981 4493 conspicit.
3032 4419 3190 4492 Unde
3231 4421 3486 4492 paenituit

1907 4527 2034 4571 eum
2063 4513 2206 4583 quod
2237 4513 2511 4568 hominem
2543 4510 2758 4568 fecisset
2785 4525 2948 4582 super
2976 4519 3208 4578 terram,
3235 4518 3290 4565 et
3315 4519 3488 4565 tactus

1831 4589 1888 4654 Β
1911 4605 2091 4662 dolore
2131 4605 2306 4666 cordis
2340 4605 2655 4660 intrinsecus
2682 4618 2700 4656 :
2733 4602 2921 4658 Delebo
2941 4641 2958 4669 ,
2991 4602 3176 4674 inquit,
3221 4603 3482 4657 hominem

1911 4713 2065 4768 quem
2092 4697 2261 4750 erravi
2292 4713 2323 4749 a
2355 4695 2492 4764 facie
2521 4704 2673 4748 teme
2701 4693 2720 4765 (
2744 4689 2874 4747 Gen.
2906 4707 2959 4746 vr
2981 4691 3026 4764 ).

1990 4785 2146 4842 Tecta
2184 4786 2404 4857 jugiter.
2461 4784 2614 4841 Sicut
2661 4792 2802 4842 tecta
2848 4785 3204 4857 perstillantia
3249 4785 3482 4858 pluviam

1915 4880 2134 4951 quidem
2179 4877 2507 4948 suscipiunt,
2553 4885 2691 4944 etc.,
2719 4893 2880 4950 usque
2903 4877 2973 4932 ad
3013 4885 3070 4934 et
3122 4878 3282 4934 sorde
3329 4876 3488 4932 mista

1917 4969 2256 5025 auditoribus
2282 4965 2480 5022 reddit.

1992 5059 2160 5116 Vens.
2192 5059 2279 5114 15.
2302 5087 2374 5100 —-
2397 5056 2626 5129 Pigredo
2671 5059 2900 5115 immittit
2945 5074 3200 5130 soporem.
3227 5055 3386 5129 Piger
3411 5055 3492 5112 di-

1920 5154 2066 5210 citur
2104 5151 2196 5222 qui
2235 5159 2383 5206 recte
2427 5149 2646 5221 sciendo
2685 5150 2902 5222 vigilat,
2934 5150 3029 5206 sed
3059 5147 3191 5203 nihil
3217 5148 3492 5218 operando

1922 5244 2186 5316 torpescit
2211 5261 2227 5311 ;
2262 5243 2355 5299 sed
2383 5243 2599 5315 pigredo
2627 5244 2859 5298 immittit
2886 5259 3123 5314 soporem
3140 5282 3156 5308 ,
3187 5242 3314 5312 quia
3356 5257 3489 5312 pau-

1920 5339 2090 5411 lisper
2121 5346 2267 5392 recte
2305 5336 2572 5391 sentiendi
2612 5335 2886 5413 vigilantia
2915 5334 3198 5402 amittitur,
3249 5334 3374 5390 dum
3421 5333 3492 5389 ab

1924 5445 2090 5502 opere
2117 5437 2380 5486 cessatur.
2413 5427 2578 5483 Recte
2605 5435 2785 5482 autem
2816 5425 3098 5498 subditur:

1998 5521 2068 5576 Et
2099 5523 2277 5590 anima
2303 5517 2562 5584 dissoluta
2589 5517 2798 5580 esuriet.
2830 5513 2964 5570 Nam
2993 5513 3120 5585 quia
3145 5529 3203 5572 se
3229 5515 3297 5570 ad
3339 5530 3496 5585 supe—

1924 5615 2072 5684 riora
2109 5610 2420 5684 stringendo
2467 5622 2572 5666 non
2615 5605 2826 5676 dirigit,
2861 5603 3158 5676 neglectam
3187 5620 3246 5662 se
3272 5603 3497 5660 inferius

1916 5687 2020 5784 per
2049 5685 2313 5766 desideria
2343 5699 2628 5772 expandit,
2661 5707 2714 5754 et
2743 5699 2868 5753 dum
2896 5698 3194 5754 studiorum
3223 5698 3494 5753 subtilium

1926 5799 2110 5868 vigore
2156 5811 2265 5851 non
2303 5789 2707 5856 constringitur,
2750 5783 3058 5860 cupiditatis
3096 5787 3292 5843 inﬁma:
3342 5787 3496 5841 famm
