  <div class='ocr_page' id='page_1' title='image "/cluster/home/n/w/nwhite01/storage/ocr_20150623/113/hvd.32044018909572/558.png"; bbox 0 0 4008 6348; ppageno 0'>
   <div class='ocr_carea' id='block_1_1' title="bbox 194 401 353 461">
    <p class='ocr_par' dir='ltr' id='par_1_1' title="bbox 194 401 353 461">
     <span class='ocr_line' id='line_1_1' title="bbox 194 401 353 461; baseline 0 -1"><span class='ocrx_word' id='word_1_1' title='bbox 194 401 353 461; x_wconf 76' lang='grc'><strong>1105</strong></span> 
     </span>
    </p>
   </div>
   <div class='ocr_carea' id='block_1_2' title="bbox 1275 395 2506 460">
    <p class='ocr_par' dir='ltr' id='par_1_2' title="bbox 1275 395 2506 460">
     <span class='ocr_line' id='line_1_2' title="bbox 1275 395 2506 460; baseline -0.002 0"><span class='ocrx_word' id='word_1_2' title='bbox 1275 395 1546 460; x_wconf 82' lang='lat' dir='ltr'><strong>GLOSSA</strong></span> <span class='ocrx_word' id='word_1_3' title='bbox 1585 399 1981 460; x_wconf 76' lang='lat' dir='ltr'><strong>ORDINARIA.</strong></span> <span class='ocrx_word' id='word_1_4' title='bbox 2019 433 2090 445; x_wconf 94' lang='lat'><strong>—</strong></span> <span class='ocrx_word' id='word_1_5' title='bbox 2128 403 2257 459; x_wconf 83' lang='lat' dir='ltr'><strong>LIB.</strong></span> <span class='ocrx_word' id='word_1_6' title='bbox 2297 397 2506 460; x_wconf 81' lang='lat' dir='ltr'><strong>PROV.</strong></span> 
     </span>
    </p>
   </div>
   <div class='ocr_carea' id='block_1_3' title="bbox 3341 401 3482 467">
    <p class='ocr_par' dir='ltr' id='par_1_3' title="bbox 3341 401 3482 467">
     <span class='ocr_line' id='line_1_3' title="bbox 3341 401 3482 467; baseline 0.021 -3"><span class='ocrx_word' id='word_1_7' title='bbox 3341 401 3482 467; x_wconf 67' lang='lat'><strong>“06</strong></span> 
     </span>
    </p>
   </div>
   <div class='ocr_carea' id='block_1_4' title="bbox 204 519 3487 597">
    <p class='ocr_par' dir='ltr' id='par_1_4' title="bbox 204 519 3487 597">
     <span class='ocr_line' id='line_1_4' title="bbox 204 519 3487 597; baseline 0.002 -20"><span class='ocrx_word' id='word_1_8' title='bbox 204 525 210 532; x_wconf 84' lang='lat'>&#39;</span> <span class='ocrx_word' id='word_1_9' title='bbox 276 521 446 596; x_wconf 51' lang='lat' dir='ltr'><strong>Vens.</strong></span> <span class='ocrx_word' id='word_1_10' title='bbox 472 519 564 576; x_wconf 72' lang='lat'><strong>28.</strong></span> <span class='ocrx_word' id='word_1_11' title='bbox 589 550 660 562; x_wconf 85' lang='lat'><strong>——</strong></span> <span class='ocrx_word' id='word_1_12' title='bbox 687 519 854 577; x_wconf 84' lang='lat' dir='ltr'><strong>Testis</strong></span> <span class='ocrx_word' id='word_1_13' title='bbox 874 521 1122 578; x_wconf 72' lang='lat' dir='ltr'><strong>mendax.</strong></span> <span class='ocrx_word' id='word_1_14' title='bbox 1147 519 1251 588; x_wconf 86' lang='lat' dir='ltr'><strong>Qui</strong></span> <span class='ocrx_word' id='word_1_15' title='bbox 1271 534 1330 576; x_wconf 91' lang='lat' dir='ltr'><strong>se</strong></span> <span class='ocrx_word' id='word_1_16' title='bbox 1357 519 1468 578; x_wconf 88' lang='lat' dir='ltr'><strong>Deo</strong></span> <span class='ocrx_word' id='word_1_17' title='bbox 1493 520 1698 578; x_wconf 82' lang='lat' dir='ltr'><strong>servire</strong></span> <span class='ocrx_word' id='word_1_18' title='bbox 1719 531 1798 579; x_wconf 77' lang='lat' dir='ltr'><strong>te-</strong></span> <span class='ocrx_word' id='word_1_19' title='bbox 1823 534 1878 593; x_wconf 71' lang='grc' dir='ltr'>Α</span> <span class='ocrx_word' id='word_1_20' title='bbox 1901 521 2120 590; x_wconf 82' lang='lat' dir='ltr'><strong>vicinia,</strong></span> <span class='ocrx_word' id='word_1_21' title='bbox 2148 530 2204 578; x_wconf 91' lang='lat' dir='ltr'><strong>et</strong></span> <span class='ocrx_word' id='word_1_22' title='bbox 2242 522 2343 594; x_wconf 83' lang='lat' dir='ltr'><strong>ipsi</strong></span> <span class='ocrx_word' id='word_1_23' title='bbox 2371 523 2618 594; x_wconf 88' lang='lat' dir='ltr'><strong>pereant,</strong></span> <span class='ocrx_word' id='word_1_24' title='bbox 2651 519 2796 594; x_wconf 86' lang='lat' dir='ltr'><strong>quod</strong></span> <span class='ocrx_word' id='word_1_25' title='bbox 2825 537 2955 580; x_wconf 89' lang='lat' dir='ltr'><strong>casu</strong></span> <span class='ocrx_word' id='word_1_26' title='bbox 2980 521 3130 582; x_wconf 68' lang='lat' dir='ltr'><strong>Iudae</strong></span> <span class='ocrx_word' id='word_1_27' title='bbox 3176 524 3295 582; x_wconf 87' lang='lat' dir='ltr'><strong>ﬁeri</strong></span> <span class='ocrx_word' id='word_1_28' title='bbox 3322 539 3487 597; x_wconf 76' lang='lat' dir='ltr'><strong>posse</strong></span> 
     </span>
    </p>
   </div>
   <div class='ocr_carea' id='block_1_5' title="bbox 191 612 1800 686">
    <p class='ocr_par' dir='ltr' id='par_1_5' title="bbox 191 612 1800 686">
     <span class='ocr_line' id='line_1_5' title="bbox 191 612 1800 686; baseline 0 -14"><span class='ocrx_word' id='word_1_29' title='bbox 191 623 402 678; x_wconf 87' lang='lat' dir='ltr'><strong>statur,</strong></span> <span class='ocrx_word' id='word_1_30' title='bbox 440 621 574 679; x_wconf 93' lang='lat' dir='ltr'><strong>etc.,</strong></span> <span class='ocrx_word' id='word_1_31' title='bbox 604 629 766 686; x_wconf 84' lang='lat' dir='ltr'><strong>usque</strong></span> <span class='ocrx_word' id='word_1_32' title='bbox 793 613 864 668; x_wconf 88' lang='lat' dir='ltr'><strong>ad</strong></span> <span class='ocrx_word' id='word_1_33' title='bbox 887 628 987 686; x_wconf 88' lang='lat' dir='ltr'><strong>per</strong></span> <span class='ocrx_word' id='word_1_34' title='bbox 1012 612 1277 686; x_wconf 70' lang='lat' dir='ltr'><strong>justitiam</strong></span> <span class='ocrx_word' id='word_1_35' title='bbox 1298 612 1500 684; x_wconf 71' lang='lat' dir='ltr'><strong>iudicis</strong></span> <span class='ocrx_word' id='word_1_36' title='bbox 1541 623 1667 685; x_wconf 89' lang='lat' dir='ltr'><strong>post</strong></span> <span class='ocrx_word' id='word_1_37' title='bbox 1714 616 1800 672; x_wconf 86' lang='lat' dir='ltr'><strong>vl-</strong></span> 
     </span>
    </p>
   </div>
   <div class='ocr_carea' id='block_1_6' title="bbox 195 704 982 777">
    <p class='ocr_par' dir='ltr' id='par_1_6' title="bbox 195 704 982 777">
     <span class='ocr_line' id='line_1_6' title="bbox 195 704 982 777; baseline -0.004 -13"><span class='ocrx_word' id='word_1_38' title='bbox 195 708 438 764; x_wconf 87' lang='lat' dir='ltr'><strong>ctoriam</strong></span> <span class='ocrx_word' id='word_1_39' title='bbox 465 704 699 777; x_wconf 80' lang='lat' dir='ltr'><strong>palmam</strong></span> <span class='ocrx_word' id='word_1_40' title='bbox 727 705 982 776; x_wconf 78' lang='lat' dir='ltr'><strong>percipit.</strong></span> 
     </span>
    </p>
   </div>
   <div class='ocr_carea' id='block_1_7' title="bbox 219 797 1801 872">
    <p class='ocr_par' dir='ltr' id='par_1_7' title="bbox 219 797 1801 872">
     <span class='ocr_line' id='line_1_7' title="bbox 219 797 1801 872; baseline 0.002 -18"><span class='ocrx_word' id='word_1_41' title='bbox 219 823 222 826; x_wconf 70' lang='lat'><strong><em>~</em></strong></span> <span class='ocrx_word' id='word_1_42' title='bbox 275 798 447 854; x_wconf 76' lang='lat' dir='ltr'><strong>Vens.</strong></span> <span class='ocrx_word' id='word_1_43' title='bbox 470 797 560 854; x_wconf 78' lang='lat'><strong>29.</strong></span> <span class='ocrx_word' id='word_1_44' title='bbox 582 797 759 853; x_wconf 88' lang='lat' dir='ltr'><strong>—Vir</strong></span> <span class='ocrx_word' id='word_1_45' title='bbox 775 800 988 872; x_wconf 89' lang='lat' dir='ltr'><strong>impius.</strong></span> <span class='ocrx_word' id='word_1_46' title='bbox 1010 797 1198 868; x_wconf 73' lang='lat' dir='ltr'><strong>ludas,</strong></span> <span class='ocrx_word' id='word_1_47' title='bbox 1221 806 1352 866; x_wconf 89' lang='lat' dir='ltr'><strong>etc.,</strong></span> <span class='ocrx_word' id='word_1_48' title='bbox 1376 815 1540 872; x_wconf 88' lang='lat' dir='ltr'><strong>usque</strong></span> <span class='ocrx_word' id='word_1_49' title='bbox 1567 799 1636 856; x_wconf 88' lang='lat' dir='ltr'><strong>ad</strong></span> <span class='ocrx_word' id='word_1_50' title='bbox 1658 797 1801 872; x_wconf 89' lang='lat' dir='ltr'><strong>quod</strong></span> 
     </span>
    </p>
   </div>
   <div class='ocr_carea' id='block_1_8' title="bbox 194 892 1150 969">
    <p class='ocr_par' dir='ltr' id='par_1_8' title="bbox 194 892 1150 969">
     <span class='ocr_line' id='line_1_8' title="bbox 194 892 1150 969; baseline -0.002 -17"><span class='ocrx_word' id='word_1_51' title='bbox 194 893 457 969; x_wconf 82' lang='lat' dir='ltr'><strong>negando</strong></span> <span class='ocrx_word' id='word_1_52' title='bbox 476 892 721 966; x_wconf 75' lang='lat' dir='ltr'><strong>deliquit.</strong></span> <span class='ocrx_word' id='word_1_53' title='bbox 1147 901 1150 904; x_wconf 83' lang='grc'><strong>’</strong></span> 
     </span>
    </p>
   </div>
   <div class='ocr_carea' id='block_1_9' title="bbox 776 1029 1216 1090">
    <p class='ocr_par' dir='ltr' id='par_1_9' title="bbox 776 1029 1216 1090">
     <span class='ocr_line' id='line_1_9' title="bbox 776 1029 1216 1090; baseline -0.007 -2"><span class='ocrx_word' id='word_1_54' title='bbox 776 1030 1006 1090; x_wconf 83' lang='lat' dir='ltr'><strong>CAPUT</strong></span> <span class='ocrx_word' id='word_1_55' title='bbox 1053 1029 1216 1086; x_wconf 81' lang='lat' dir='ltr'><strong>XXII.</strong></span> 
     </span>
    </p>
   </div>
   <div class='ocr_carea' id='block_1_10' title="bbox 275 1163 1801 1236">
    <p class='ocr_par' dir='ltr' id='par_1_10' title="bbox 275 1163 1801 1236">
     <span class='ocr_line' id='line_1_10' title="bbox 275 1163 1801 1236; baseline -0.003 -14"><span class='ocrx_word' id='word_1_56' title='bbox 275 1164 448 1223; x_wconf 72' lang='lat' dir='ltr'><strong>Vsus.</strong></span> <span class='ocrx_word' id='word_1_57' title='bbox 475 1167 528 1222; x_wconf 77' lang='lat' dir='ltr'><strong>l.</strong></span> <span class='ocrx_word' id='word_1_58' title='bbox 557 1197 629 1208; x_wconf 95' lang='lat'><strong>—</strong></span> <span class='ocrx_word' id='word_1_59' title='bbox 654 1166 847 1224; x_wconf 80' lang='lat' dir='ltr'><strong>Melius</strong></span> <span class='ocrx_word' id='word_1_60' title='bbox 882 1177 976 1223; x_wconf 88' lang='lat' dir='ltr'><strong>est.</strong></span> <span class='ocrx_word' id='word_1_61' title='bbox 1008 1165 1143 1222; x_wconf 83' lang='lat' dir='ltr'><strong>Nam</strong></span> <span class='ocrx_word' id='word_1_62' title='bbox 1168 1165 1213 1222; x_wconf 91' lang='lat' dir='ltr'><strong>si</strong></span> <span class='ocrx_word' id='word_1_63' title='bbox 1249 1165 1370 1236; x_wconf 89' lang='lat' dir='ltr'><strong>quis</strong></span> <span class='ocrx_word' id='word_1_64' title='bbox 1397 1166 1657 1221; x_wconf 91' lang='lat' dir='ltr'><strong>mundum</strong></span> <span class='ocrx_word' id='word_1_65' title='bbox 1680 1163 1801 1219; x_wconf 52' lang='lat' dir='ltr'><strong>uni.</strong></span> 
     </span>
    </p>
   </div>
   <div class='ocr_carea' id='block_1_11' title="bbox 199 1256 1802 1325">
    <p class='ocr_par' dir='ltr' id='par_1_11' title="bbox 199 1256 1802 1325">
     <span class='ocr_line' id='line_1_11' title="bbox 199 1256 1802 1325; baseline -0.001 -14"><span class='ocrx_word' id='word_1_66' title='bbox 199 1271 428 1312; x_wconf 85' lang='lat' dir='ltr'><strong>versum</strong></span> <span class='ocrx_word' id='word_1_67' title='bbox 471 1256 798 1325; x_wconf 89' lang='lat' dir='ltr'><strong>lucraretur,</strong></span> <span class='ocrx_word' id='word_1_68' title='bbox 839 1258 1033 1314; x_wconf 89' lang='lat' dir='ltr'><strong>merito</strong></span> <span class='ocrx_word' id='word_1_69' title='bbox 1077 1265 1250 1313; x_wconf 92' lang='lat' dir='ltr'><strong>totum</strong></span> <span class='ocrx_word' id='word_1_70' title='bbox 1292 1263 1682 1322; x_wconf 90' lang='lat' dir='ltr'><strong>contemneret,</strong></span> <span class='ocrx_word' id='word_1_71' title='bbox 1742 1261 1802 1309; x_wconf 91' lang='lat' dir='ltr'><strong>ut</strong></span> 
     </span>
    </p>
   </div>
   <div class='ocr_carea' id='block_1_12' title="bbox 201 1346 1800 1420">
    <p class='ocr_par' dir='ltr' id='par_1_12' title="bbox 201 1346 1800 1420">
     <span class='ocr_line' id='line_1_12' title="bbox 201 1346 1800 1420; baseline -0.001 -18"><span class='ocrx_word' id='word_1_72' title='bbox 201 1348 326 1420; x_wconf 84' lang='lat' dir='ltr'><strong>ejus</strong></span> <span class='ocrx_word' id='word_1_73' title='bbox 355 1364 551 1405; x_wconf 88' lang='lat' dir='ltr'><strong>nomen</strong></span> <span class='ocrx_word' id='word_1_74' title='bbox 575 1351 908 1406; x_wconf 83' lang='lat' dir='ltr'><strong>scriberetur</strong></span> <span class='ocrx_word' id='word_1_75' title='bbox 934 1352 988 1406; x_wconf 93' lang='lat' dir='ltr'><strong>in</strong></span> <span class='ocrx_word' id='word_1_76' title='bbox 1051 1350 1226 1415; x_wconf 78' lang='lat' dir='ltr'><strong>ctelis,</strong></span> <span class='ocrx_word' id='word_1_77' title='bbox 1256 1346 1482 1418; x_wconf 83' lang='lat' dir='ltr'><strong>ejusque</strong></span> <span class='ocrx_word' id='word_1_78' title='bbox 1537 1346 1800 1405; x_wconf 89' lang='lat' dir='ltr'><strong>memoria</strong></span> 
     </span>
    </p>
   </div>
   <div class='ocr_carea' id='block_1_13' title="bbox 200 1441 1583 1515">
    <p class='ocr_par' dir='ltr' id='par_1_13' title="bbox 200 1441 1583 1515">
     <span class='ocr_line' id='line_1_13' title="bbox 200 1441 1583 1515; baseline -0.001 -17"><span class='ocrx_word' id='word_1_79' title='bbox 200 1441 354 1498; x_wconf 85' lang='lat' dir='ltr'><strong>inter</strong></span> <span class='ocrx_word' id='word_1_80' title='bbox 391 1451 612 1499; x_wconf 90' lang='lat' dir='ltr'><strong>sanctos</strong></span> <span class='ocrx_word' id='word_1_81' title='bbox 640 1455 801 1515; x_wconf 89' lang='lat' dir='ltr'><strong>atque</strong></span> <span class='ocrx_word' id='word_1_82' title='bbox 825 1443 1046 1515; x_wconf 77' lang='lat' dir='ltr'><strong>angelos</strong></span> <span class='ocrx_word' id='word_1_83' title='bbox 1076 1442 1336 1514; x_wconf 89' lang='lat' dir='ltr'><strong>ﬁgeretur</strong></span> <span class='ocrx_word' id='word_1_84' title='bbox 1356 1450 1583 1498; x_wconf 69' lang='lat' dir='ltr'><strong>mterna.</strong></span> 
     </span>
    </p>
   </div>
   <div class='ocr_carea' id='block_1_14' title="bbox 281 1530 1797 1603">
    <p class='ocr_par' dir='ltr' id='par_1_14' title="bbox 281 1530 1797 1603">
     <span class='ocr_line' id='line_1_14' title="bbox 281 1530 1797 1603; baseline -0.001 -17"><span class='ocrx_word' id='word_1_85' title='bbox 281 1531 490 1587; x_wconf 84' lang='lat' dir='ltr'><strong>Nomen</strong></span> <span class='ocrx_word' id='word_1_86' title='bbox 512 1533 720 1588; x_wconf 86' lang='lat' dir='ltr'><strong>bonum.</strong></span> <span class='ocrx_word' id='word_1_87' title='bbox 745 1534 898 1603; x_wconf 87' lang='lat' dir='ltr'><strong>Quod</strong></span> <span class='ocrx_word' id='word_1_88' title='bbox 922 1533 1161 1589; x_wconf 86' lang='lat' dir='ltr'><strong>ﬁdelium</strong></span> <span class='ocrx_word' id='word_1_89' title='bbox 1192 1533 1502 1588; x_wconf 80' lang='lat' dir='ltr'><strong>testimonio</strong></span> <span class='ocrx_word' id='word_1_90' title='bbox 1523 1530 1797 1598; x_wconf 85' lang='lat' dir='ltr'><strong>laudatur,</strong></span> 
     </span>
    </p>
   </div>
   <div class='ocr_carea' id='block_1_15' title="bbox 202 1620 1803 1694">
    <p class='ocr_par' dir='ltr' id='par_1_15' title="bbox 202 1620 1803 1694">
     <span class='ocr_line' id='line_1_15' title="bbox 202 1620 1803 1694; baseline -0.002 -17"><span class='ocrx_word' id='word_1_91' title='bbox 202 1637 316 1677; x_wconf 82' lang='lat' dir='ltr'><strong>non</strong></span> <span class='ocrx_word' id='word_1_92' title='bbox 349 1621 491 1694; x_wconf 82' lang='lat' dir='ltr'><strong>vulgi</strong></span> <span class='ocrx_word' id='word_1_93' title='bbox 515 1623 774 1694; x_wconf 82' lang='lat' dir='ltr'><strong>imperiti,</strong></span> <span class='ocrx_word' id='word_1_94' title='bbox 805 1625 982 1680; x_wconf 91' lang='lat' dir='ltr'><strong>unde:</strong></span> <span class='ocrx_word' id='word_1_95' title='bbox 1009 1622 1068 1678; x_wconf 92' lang='lat' dir='ltr'><strong>Si</strong></span> <span class='ocrx_word' id='word_1_96' title='bbox 1097 1624 1270 1678; x_wconf 84' lang='lat' dir='ltr'><strong>adhuc</strong></span> <span class='ocrx_word' id='word_1_97' title='bbox 1306 1622 1600 1678; x_wconf 85' lang='lat' dir='ltr'><strong>hominibus</strong></span> <span class='ocrx_word' id='word_1_98' title='bbox 1625 1620 1803 1691; x_wconf 85' lang='lat' dir='ltr'><strong>place-</strong></span> 
     </span>
    </p>
   </div>
   <div class='ocr_carea' id='block_1_16' title="bbox 205 1713 1122 1778">
    <p class='ocr_par' dir='ltr' id='par_1_16' title="bbox 205 1713 1122 1778">
     <span class='ocr_line' id='line_1_16' title="bbox 205 1713 1122 1778; baseline 0.002 -10"><span class='ocrx_word' id='word_1_99' title='bbox 205 1729 340 1778; x_wconf 83' lang='lat' dir='ltr'><strong>rem,</strong></span> <span class='ocrx_word' id='word_1_100' title='bbox 363 1713 557 1769; x_wconf 75' lang='lat' dir='ltr'><strong>Christi</strong></span> <span class='ocrx_word' id='word_1_101' title='bbox 586 1733 763 1771; x_wconf 88' lang='lat' dir='ltr'><strong>servus</strong></span> <span class='ocrx_word' id='word_1_102' title='bbox 787 1733 892 1772; x_wconf 89' lang='lat' dir='ltr'><strong>non</strong></span> <span class='ocrx_word' id='word_1_103' title='bbox 915 1734 1076 1771; x_wconf 88' lang='lat' dir='ltr'><strong>essem</strong></span> <span class='ocrx_word' id='word_1_104' title='bbox 1101 1718 1122 1771; x_wconf 93' lang='lat'><strong>.&#39;</strong></span> 
     </span>
    </p>
   </div>
   <div class='ocr_carea' id='block_1_17' title="bbox 241 1804 1803 1880">
    <p class='ocr_par' dir='ltr' id='par_1_17' title="bbox 241 1804 1803 1880">
     <span class='ocr_line' id='line_1_17' title="bbox 241 1804 1803 1880; baseline 0.003 -21"><span class='ocrx_word' id='word_1_105' title='bbox 241 1813 244 1818; x_wconf 87' lang='lat'>&#39;</span> <span class='ocrx_word' id='word_1_106' title='bbox 281 1804 467 1862; x_wconf 78' lang='lat' dir='ltr'><strong>Gratia</strong></span> <span class='ocrx_word' id='word_1_107' title='bbox 491 1808 645 1864; x_wconf 88' lang='lat' dir='ltr'><strong>bona.</strong></span> <span class='ocrx_word' id='word_1_108' title='bbox 677 1809 811 1878; x_wconf 86' lang='lat' dir='ltr'><strong>Quia</strong></span> <span class='ocrx_word' id='word_1_109' title='bbox 835 1827 864 1865; x_wconf 90' lang='lat' dir='ltr'><strong>a</strong></span> <span class='ocrx_word' id='word_1_110' title='bbox 889 1811 1032 1866; x_wconf 89' lang='lat' dir='ltr'><strong>bono</strong></span> <span class='ocrx_word' id='word_1_111' title='bbox 1061 1825 1160 1880; x_wconf 91' lang='lat' dir='ltr'><strong>pro</strong></span> <span class='ocrx_word' id='word_1_112' title='bbox 1189 1809 1346 1866; x_wconf 91' lang='lat' dir='ltr'><strong>bonis</strong></span> <span class='ocrx_word' id='word_1_113' title='bbox 1380 1808 1629 1864; x_wconf 86' lang='lat' dir='ltr'><strong>laudatur</strong></span> <span class='ocrx_word' id='word_1_114' title='bbox 1673 1821 1803 1877; x_wconf 89' lang='lat' dir='ltr'><strong>ope-</strong></span> 
     </span>
    </p>
   </div>
   <div class='ocr_carea' id='block_1_18' title="bbox 1899 615 2314 688">
    <p class='ocr_par' dir='ltr' id='par_1_18' title="bbox 1899 615 2314 688">
     <span class='ocr_line' id='line_1_18' title="bbox 1899 615 2314 688; baseline 0.002 -16"><span class='ocrx_word' id='word_1_115' title='bbox 1899 615 2184 688; x_wconf 89' lang='lat' dir='ltr'><strong>probatum</strong></span> <span class='ocrx_word' id='word_1_116' title='bbox 2210 626 2314 673; x_wconf 89' lang='lat' dir='ltr'><strong>est.</strong></span> 
     </span>
    </p>
   </div>
   <div class='ocr_carea' id='block_1_19' title="bbox 1971 707 3482 781">
    <p class='ocr_par' dir='ltr' id='par_1_19' title="bbox 1971 707 3482 781">
     <span class='ocr_line' id='line_1_19' title="bbox 1971 707 3482 781; baseline 0.003 -18"><span class='ocrx_word' id='word_1_117' title='bbox 1971 707 2136 764; x_wconf 77' lang='lat' dir='ltr'><strong>Vens.</strong></span> <span class='ocrx_word' id='word_1_118' title='bbox 2166 709 2257 764; x_wconf 76' lang='grc'><strong>26.</strong></span> <span class='ocrx_word' id='word_1_119' title='bbox 2291 740 2360 752; x_wconf 88' lang='grc'><strong><em>--</em></strong></span> <span class='ocrx_word' id='word_1_120' title='bbox 2381 707 2512 765; x_wconf 89' lang='lat' dir='ltr'><strong>Noli</strong></span> <span class='ocrx_word' id='word_1_121' title='bbox 2523 725 2633 766; x_wconf 83' lang='lat' dir='ltr'><strong>esse</strong></span> <span class='ocrx_word' id='word_1_122' title='bbox 2653 723 2771 764; x_wconf 86' lang='lat' dir='ltr'><strong>cum</strong></span> <span class='ocrx_word' id='word_1_123' title='bbox 2791 708 2896 774; x_wconf 83' lang='lat' dir='ltr'><strong>his,</strong></span> <span class='ocrx_word' id='word_1_124' title='bbox 2915 709 3006 780; x_wconf 80' lang='lat' dir='ltr'><strong>qui</strong></span> <span class='ocrx_word' id='word_1_125' title='bbox 3024 709 3482 781; x_wconf 78' lang='lat' dir='ltr'><strong>deﬁguntmanus.</strong></span> 
     </span>
    </p>
   </div>
   <div class='ocr_carea' id='block_1_20' title="bbox 1900 797 3487 872">
    <p class='ocr_par' dir='ltr' id='par_1_20' title="bbox 1900 797 3487 872">
     <span class='ocr_line' id='line_1_20' title="bbox 1900 797 3487 872; baseline 0.001 -16"><span class='ocrx_word' id='word_1_126' title='bbox 1900 797 2022 856; x_wconf 84' lang='lat' dir='ltr'><strong>Noli</strong></span> <span class='ocrx_word' id='word_1_127' title='bbox 2044 814 2166 859; x_wconf 88' lang='lat' dir='ltr'><strong>esse</strong></span> <span class='ocrx_word' id='word_1_128' title='bbox 2199 817 2322 858; x_wconf 90' lang='lat' dir='ltr'><strong>cum</strong></span> <span class='ocrx_word' id='word_1_129' title='bbox 2351 800 2460 868; x_wconf 90' lang='lat' dir='ltr'><strong>his,</strong></span> <span class='ocrx_word' id='word_1_130' title='bbox 2496 811 2628 868; x_wconf 88' lang='lat' dir='ltr'><strong>etc.,</strong></span> <span class='ocrx_word' id='word_1_131' title='bbox 2658 815 2821 872; x_wconf 82' lang='lat' dir='ltr'><strong>usque</strong></span> <span class='ocrx_word' id='word_1_132' title='bbox 2842 799 2913 854; x_wconf 88' lang='lat' dir='ltr'><strong>ad</strong></span> <span class='ocrx_word' id='word_1_133' title='bbox 2945 815 3055 872; x_wconf 89' lang='lat' dir='ltr'><strong>quo</strong></span> <span class='ocrx_word' id='word_1_134' title='bbox 3085 800 3306 858; x_wconf 89' lang='lat' dir='ltr'><strong>indutus</strong></span> <span class='ocrx_word' id='word_1_135' title='bbox 3336 801 3487 858; x_wconf 88' lang='lat' dir='ltr'><strong>vide-</strong></span> 
     </span>
    </p>
   </div>
   <div class='ocr_carea' id='block_1_21' title="bbox 2001 892 3110 948">
    <p class='ocr_par' dir='ltr' id='par_1_21' title="bbox 2001 892 3110 948">
     <span class='ocr_line' id='line_1_21' title="bbox 2001 892 3110 948; baseline -0.001 0"><span class='ocrx_word' id='word_1_136' title='bbox 2001 892 2082 948; x_wconf 79' lang='lat' dir='ltr'><strong>is?</strong></span> <span class='ocrx_word' id='word_1_137' title='bbox 3107 921 3110 924; x_wconf 85' lang='lat'><strong><em>~</em></strong></span> 
     </span>
    </p>
   </div>
   <div class='ocr_carea' id='block_1_22' title="bbox 1901 893 3489 1062">
    <p class='ocr_par' dir='ltr' id='par_1_22' title="bbox 1901 893 3489 1062">
     <span class='ocr_line' id='line_1_22' title="bbox 2019 907 3110 947; baseline -0.001 -22"><span class='ocrx_word' id='word_1_138' title='bbox 2019 907 2047 947; x_wconf 65' lang='grc' dir='ltr'><em>ε</em></span> <span class='ocrx_word' id='word_1_139' title='bbox 3107 921 3110 924; x_wconf 83' lang='lat'><strong>.</strong></span> 
     </span>
     <span class='ocr_line' id='line_1_23' title="bbox 1901 893 3489 1062; baseline -0.001 -18"><span class='ocrx_word' id='word_1_140' title='bbox 1901 893 2137 1044; x_wconf 50' lang='lat' dir='ltr'><strong>b33218.</strong></span> <span class='ocrx_word' id='word_1_141' title='bbox 2177 985 2268 1044; x_wconf 72' lang='lat'><strong>28.</strong></span> <span class='ocrx_word' id='word_1_142' title='bbox 2296 1017 2369 1028; x_wconf 94' lang='lat'><strong>—</strong></span> <span class='ocrx_word' id='word_1_143' title='bbox 2392 987 2476 1043; x_wconf 89' lang='lat' dir='ltr'><strong>Ne</strong></span> <span class='ocrx_word' id='word_1_144' title='bbox 2501 989 2935 1062; x_wconf 84' lang='lat' dir='ltr'><strong>lransgrediaris.</strong></span> <span class='ocrx_word' id='word_1_145' title='bbox 2972 985 3092 1044; x_wconf 79' lang='lat' dir='ltr'><strong>Non</strong></span> <span class='ocrx_word' id='word_1_146' title='bbox 3121 985 3489 1058; x_wconf 84' lang='lat' dir='ltr'><strong>transgredia-</strong></span> 
     </span>
    </p>
   </div>
   <div class='ocr_carea' id='block_1_23' title="bbox 1900 1077 3494 1153">
    <p class='ocr_par' dir='ltr' id='par_1_23' title="bbox 1900 1077 3494 1153">
     <span class='ocr_line' id='line_1_24' title="bbox 1900 1077 3494 1153; baseline 0.002 -19"><span class='ocrx_word' id='word_1_147' title='bbox 1900 1079 1978 1134; x_wconf 86' lang='lat' dir='ltr'><strong>ris</strong></span> <span class='ocrx_word' id='word_1_148' title='bbox 2008 1079 2270 1136; x_wconf 88' lang='lat' dir='ltr'><strong>terminos</strong></span> <span class='ocrx_word' id='word_1_149' title='bbox 2293 1078 2585 1138; x_wconf 80' lang='lat' dir='ltr'><strong>Catholicae</strong></span> <span class='ocrx_word' id='word_1_150' title='bbox 2610 1081 2755 1149; x_wconf 91' lang='lat' dir='ltr'><strong>ﬁdei,</strong></span> <span class='ocrx_word' id='word_1_151' title='bbox 2783 1097 2922 1153; x_wconf 89' lang='lat' dir='ltr'><strong>quos</strong></span> <span class='ocrx_word' id='word_1_152' title='bbox 2945 1079 3014 1136; x_wconf 90' lang='lat' dir='ltr'><strong>ab</strong></span> <span class='ocrx_word' id='word_1_153' title='bbox 3051 1077 3209 1134; x_wconf 89' lang='lat' dir='ltr'><strong>initio</strong></span> <span class='ocrx_word' id='word_1_154' title='bbox 3247 1084 3494 1137; x_wconf 78' lang='lat' dir='ltr'><strong>statuere</strong></span> 
     </span>
    </p>
   </div>
   <div class='ocr_carea' id='block_1_24' title="bbox 1901 1169 2170 1226">
    <p class='ocr_par' dir='ltr' id='par_1_24' title="bbox 1901 1169 2170 1226">
     <span class='ocr_line' id='line_1_25' title="bbox 1901 1169 2170 1226; baseline 0 -1"><span class='ocrx_word' id='word_1_155' title='bbox 1901 1169 2170 1226; x_wconf 89' lang='lat' dir='ltr'><strong>doctores.</strong></span> 
     </span>
    </p>
   </div>
   <div class='ocr_carea' id='block_1_25' title="bbox 1973 1256 3497 1331">
    <p class='ocr_par' dir='ltr' id='par_1_25' title="bbox 1973 1256 3497 1331">
     <span class='ocr_line' id='line_1_26' title="bbox 1973 1256 3497 1331; baseline -0.001 -14"><span class='ocrx_word' id='word_1_156' title='bbox 1973 1263 2136 1317; x_wconf 76' lang='lat' dir='ltr'><strong>Vsus.</strong></span> <span class='ocrx_word' id='word_1_157' title='bbox 2161 1261 2254 1318; x_wconf 76' lang='grc'><strong>29.</strong></span> <span class='ocrx_word' id='word_1_158' title='bbox 2275 1293 2350 1304; x_wconf 90' lang='grc'><strong><em>-</em></strong></span> <span class='ocrx_word' id='word_1_159' title='bbox 2380 1261 2572 1318; x_wconf 79' lang='lat' dir='ltr'><strong>Vidisti</strong></span> <span class='ocrx_word' id='word_1_160' title='bbox 2615 1263 2784 1319; x_wconf 89' lang='lat' dir='ltr'><strong>virum</strong></span> <span class='ocrx_word' id='word_1_161' title='bbox 2814 1261 3035 1318; x_wconf 79' lang='lat' dir='ltr'><strong>velocem</strong></span> <span class='ocrx_word' id='word_1_162' title='bbox 3077 1260 3133 1314; x_wconf 92' lang='lat' dir='ltr'><strong>in</strong></span> <span class='ocrx_word' id='word_1_163' title='bbox 3162 1276 3316 1331; x_wconf 87' lang='lat' dir='ltr'><strong>opere</strong></span> <span class='ocrx_word' id='word_1_164' title='bbox 3355 1256 3497 1315; x_wconf 69' lang='lat' dir='ltr'><strong>suo!</strong></span> 
     </span>
    </p>
   </div>
   <div class='ocr_carea' id='block_1_26' title="bbox 1902 1350 3493 1423">
    <p class='ocr_par' dir='ltr' id='par_1_26' title="bbox 1902 1350 3493 1423">
     <span class='ocr_line' id='line_1_27' title="bbox 1902 1350 3493 1423; baseline 0 -19"><span class='ocrx_word' id='word_1_165' title='bbox 1902 1350 2493 1423; x_wconf 91' lang='lat' dir='ltr'><strong>coram.Quemcunque</strong></span> <span class='ocrx_word' id='word_1_166' title='bbox 2508 1351 2745 1407; x_wconf 84' lang='lat' dir='ltr'><strong>velocem</strong></span> <span class='ocrx_word' id='word_1_167' title='bbox 2761 1351 2960 1407; x_wconf 90' lang='lat' dir='ltr'><strong>videris</strong></span> <span class='ocrx_word' id='word_1_168' title='bbox 2979 1350 3032 1405; x_wconf 93' lang='lat' dir='ltr'><strong>in</strong></span> <span class='ocrx_word' id='word_1_169' title='bbox 3044 1364 3208 1421; x_wconf 89' lang='lat' dir='ltr'><strong>opere</strong></span> <span class='ocrx_word' id='word_1_170' title='bbox 3221 1363 3340 1414; x_wconf 90' lang='lat' dir='ltr'><strong>suo,</strong></span> <span class='ocrx_word' id='word_1_171' title='bbox 3355 1355 3493 1414; x_wconf 86' lang='lat' dir='ltr'><strong>etc.,</strong></span> 
     </span>
    </p>
   </div>
   <div class='ocr_carea' id='block_1_27' title="bbox 1901 1443 3488 1517">
    <p class='ocr_par' dir='ltr' id='par_1_27' title="bbox 1901 1443 3488 1517">
     <span class='ocr_line' id='line_1_28' title="bbox 1901 1443 3488 1517; baseline -0.003 -18"><span class='ocrx_word' id='word_1_172' title='bbox 1901 1461 2066 1517; x_wconf 86' lang='lat' dir='ltr'><strong>usque</strong></span> <span class='ocrx_word' id='word_1_173' title='bbox 2105 1445 2175 1500; x_wconf 90' lang='lat' dir='ltr'><strong>ad</strong></span> <span class='ocrx_word' id='word_1_174' title='bbox 2214 1461 2446 1516; x_wconf 87' lang='lat' dir='ltr'><strong>quorum</strong></span> <span class='ocrx_word' id='word_1_175' title='bbox 2490 1445 2635 1502; x_wconf 93' lang='lat' dir='ltr'><strong>cavit</strong></span> <span class='ocrx_word' id='word_1_176' title='bbox 2680 1459 2924 1501; x_wconf 85' lang='lat' dir='ltr'><strong>errorem</strong></span> <span class='ocrx_word' id='word_1_177' title='bbox 2987 1459 3108 1500; x_wconf 89' lang='lat' dir='ltr'><strong>esse</strong></span> <span class='ocrx_word' id='word_1_178' title='bbox 3156 1443 3488 1516; x_wconf 88' lang='lat' dir='ltr'><strong>ponendum.</strong></span> 
     </span>
    </p>
   </div>
   <div class='ocr_carea' id='block_1_28' title="bbox 2476 1562 3202 1642">
    <p class='ocr_par' dir='ltr' id='par_1_28' title="bbox 2476 1562 3202 1642">
     <span class='ocr_line' id='line_1_29' title="bbox 2476 1562 3202 1642; baseline -0.008 0"><span class='ocrx_word' id='word_1_179' title='bbox 2476 1583 2705 1642; x_wconf 84' lang='lat' dir='ltr'><strong>CAPUT</strong></span> <span class='ocrx_word' id='word_1_180' title='bbox 2741 1584 2931 1640; x_wconf 69' lang='grc' dir='ltr'>χχιιι.</span> <span class='ocrx_word' id='word_1_181' title='bbox 3171 1562 3202 1596; x_wconf 83' lang='grc'><strong>⁹</strong></span> 
     </span>
    </p>
   </div>
   <div class='ocr_carea' id='block_1_29' title="bbox 1963 1677 3558 1804">
    <p class='ocr_par' dir='ltr' id='par_1_29' title="bbox 1963 1677 3558 1804">
     <span class='ocr_line' id='line_1_30' title="bbox 1963 1677 3558 1804; baseline 0.002 -34"><span class='ocrx_word' id='word_1_182' title='bbox 1963 1677 2140 1771; x_wconf 50' lang='grc' dir='ltr'><strong>Ὗειιε.</strong></span> <span class='ocrx_word' id='word_1_183' title='bbox 2167 1715 2218 1771; x_wconf 80' lang='grc'><strong>1.</strong></span> <span class='ocrx_word' id='word_1_184' title='bbox 2250 1747 2319 1757; x_wconf 93' lang='grc'><strong><em>-</em></strong></span> <span class='ocrx_word' id='word_1_185' title='bbox 2363 1715 2588 1782; x_wconf 85' lang='lat' dir='ltr'><strong>Quando</strong></span> <span class='ocrx_word' id='word_1_186' title='bbox 2617 1717 2832 1772; x_wconf 84' lang='lat' dir='ltr'><strong>sederis.</strong></span> <span class='ocrx_word' id='word_1_187' title='bbox 2875 1715 3180 1788; x_wconf 80' lang='lat' dir='ltr'><strong>Allegorice</strong></span> <span class='ocrx_word' id='word_1_188' title='bbox 3203 1713 3494 1788; x_wconf 84' lang='lat' dir='ltr'><strong>legendum</strong></span> <span class='ocrx_word' id='word_1_189' title='bbox 3551 1797 3558 1804; x_wconf 25' lang='grc' dir='ltr'>ι</span> 
     </span>
    </p>
   </div>
   <div class='ocr_carea' id='block_1_30' title="bbox 1903 1809 3134 1882">
    <p class='ocr_par' dir='ltr' id='par_1_30' title="bbox 1903 1809 3134 1882">
     <span class='ocr_line' id='line_1_31' title="bbox 1903 1809 3134 1882; baseline -0.002 -15"><span class='ocrx_word' id='word_1_190' title='bbox 1903 1820 2006 1874; x_wconf 88' lang='lat' dir='ltr'><strong>est,</strong></span> <span class='ocrx_word' id='word_1_191' title='bbox 2037 1819 2168 1877; x_wconf 85' lang='lat' dir='ltr'><strong>etc.,</strong></span> <span class='ocrx_word' id='word_1_192' title='bbox 2199 1828 2362 1882; x_wconf 83' lang='lat' dir='ltr'><strong>usque</strong></span> <span class='ocrx_word' id='word_1_193' title='bbox 2389 1811 2458 1865; x_wconf 87' lang='lat' dir='ltr'><strong>ad</strong></span> <span class='ocrx_word' id='word_1_194' title='bbox 2479 1812 2622 1866; x_wconf 90' lang='lat' dir='ltr'><strong>unde</strong></span> <span class='ocrx_word' id='word_1_195' title='bbox 2647 1811 2787 1866; x_wconf 85' lang='lat' dir='ltr'><strong>bene</strong></span> <span class='ocrx_word' id='word_1_196' title='bbox 2817 1809 3096 1882; x_wconf 83' lang='lat' dir='ltr'><strong>subjungit</strong></span> <span class='ocrx_word' id='word_1_197' title='bbox 3119 1825 3134 1864; x_wconf 89' lang='lat'><strong>:</strong></span> 
     </span>
    </p>
   </div>
   <div class='ocr_carea' id='block_1_31' title="bbox 208 1897 3493 1994">
    <p class='ocr_par' dir='ltr' id='par_1_31' title="bbox 208 1897 3493 1994">
     <span class='ocr_line' id='line_1_32' title="bbox 208 1897 3493 1994; baseline 0.002 -43"><span class='ocrx_word' id='word_1_198' title='bbox 208 1897 364 1994; x_wconf 79' lang='lat' dir='ltr'><strong>ribus</strong></span> <span class='ocrx_word' id='word_1_199' title='bbox 383 1898 505 1966; x_wconf 92' lang='lat' dir='ltr'><strong>quis</strong></span> <span class='ocrx_word' id='word_1_200' title='bbox 531 1917 544 1952; x_wconf 89' lang='lat'><strong>:</strong></span> <span class='ocrx_word' id='word_1_201' title='bbox 579 1899 687 1954; x_wconf 91' lang='lat' dir='ltr'><strong>imo</strong></span> <span class='ocrx_word' id='word_1_202' title='bbox 707 1917 806 1971; x_wconf 86' lang='lat' dir='ltr'><strong>pro</strong></span> <span class='ocrx_word' id='word_1_203' title='bbox 827 1901 1038 1956; x_wconf 83' lang='lat' dir='ltr'><strong>collatis</strong></span> <span class='ocrx_word' id='word_1_204' title='bbox 1065 1904 1116 1956; x_wconf 90' lang='lat' dir='ltr'><strong>ei</strong></span> <span class='ocrx_word' id='word_1_205' title='bbox 1147 1901 1302 1957; x_wconf 93' lang='lat' dir='ltr'><strong>donis</strong></span> <span class='ocrx_word' id='word_1_206' title='bbox 1331 1900 1649 1956; x_wconf 87' lang='lat' dir='ltr'><strong>meritorum</strong></span> <span class='ocrx_word' id='word_1_207' title='bbox 1680 1898 1798 1970; x_wconf 86' lang='lat' dir='ltr'><strong>glo-</strong></span> <span class='ocrx_word' id='word_1_208' title='bbox 1827 1933 1878 1994; x_wconf 77' lang='grc' dir='ltr'><strong>Β</strong></span> <span class='ocrx_word' id='word_1_209' title='bbox 1976 1902 2142 1960; x_wconf 75' lang='lat' dir='ltr'><strong>Vens.</strong></span> <span class='ocrx_word' id='word_1_210' title='bbox 2164 1903 2218 1959; x_wconf 78' lang='lat'><strong>5.</strong></span> <span class='ocrx_word' id='word_1_211' title='bbox 2267 1935 2339 1946; x_wconf 91' lang='lat'><strong><em>—</em></strong></span> <span class='ocrx_word' id='word_1_212' title='bbox 2369 1903 2453 1960; x_wconf 88' lang='lat' dir='ltr'><strong>Ne</strong></span> <span class='ocrx_word' id='word_1_213' title='bbox 2479 1904 2762 1970; x_wconf 75' lang='lat' dir='ltr'><strong>desideres,</strong></span> <span class='ocrx_word' id='word_1_214' title='bbox 2809 1904 2915 1959; x_wconf 89' lang='lat' dir='ltr'><strong>hoc</strong></span> <span class='ocrx_word' id='word_1_215' title='bbox 2942 1911 3051 1969; x_wconf 90' lang='lat' dir='ltr'><strong>est,</strong></span> <span class='ocrx_word' id='word_1_216' title='bbox 3102 1916 3174 1957; x_wconf 87' lang='lat' dir='ltr'><strong>ne</strong></span> <span class='ocrx_word' id='word_1_217' title='bbox 3216 1899 3493 1958; x_wconf 80' lang='lat' dir='ltr'><strong>desideres</strong></span> 
     </span>
    </p>
   </div>
   <div class='ocr_carea' id='block_1_32' title="bbox 210 1987 1160 2060">
    <p class='ocr_par' dir='ltr' id='par_1_32' title="bbox 210 1987 1160 2060">
     <span class='ocr_line' id='line_1_33' title="bbox 210 1987 1160 2060; baseline 0.002 -18"><span class='ocrx_word' id='word_1_218' title='bbox 210 1987 460 2043; x_wconf 89' lang='lat' dir='ltr'><strong>riﬁcatur</strong></span> <span class='ocrx_word' id='word_1_219' title='bbox 483 1988 642 2046; x_wconf 87' lang='lat' dir='ltr'><strong>Pater</strong></span> <span class='ocrx_word' id='word_1_220' title='bbox 671 1992 762 2060; x_wconf 85' lang='lat' dir='ltr'><strong>qui</strong></span> <span class='ocrx_word' id='word_1_221' title='bbox 798 1992 849 2047; x_wconf 93' lang='lat' dir='ltr'><strong>in</strong></span> <span class='ocrx_word' id='word_1_222' title='bbox 879 1993 1032 2047; x_wconf 78' lang='lat' dir='ltr'><strong>caelis</strong></span> <span class='ocrx_word' id='word_1_223' title='bbox 1057 2000 1160 2047; x_wconf 91' lang='lat' dir='ltr'><strong>est.</strong></span> 
     </span>
    </p>
   </div>
   <div class='ocr_carea' id='block_1_33' title="bbox 245 2076 1802 2153">
    <p class='ocr_par' dir='ltr' id='par_1_33' title="bbox 245 2076 1802 2153">
     <span class='ocr_line' id='line_1_34' title="bbox 245 2076 1802 2153; baseline 0.003 -22"><span class='ocrx_word' id='word_1_224' title='bbox 245 2111 248 2114; x_wconf 58' lang='grc' dir='ltr'><em>ρ</em></span> <span class='ocrx_word' id='word_1_225' title='bbox 286 2076 448 2134; x_wconf 76' lang='lat' dir='ltr'><strong>Vens.</strong></span> <span class='ocrx_word' id='word_1_226' title='bbox 478 2081 533 2133; x_wconf 74' lang='lat'><strong>‘2.</strong></span> <span class='ocrx_word' id='word_1_227' title='bbox 559 2111 632 2120; x_wconf 96' lang='lat'><strong>—</strong></span> <span class='ocrx_word' id='word_1_228' title='bbox 651 2079 806 2135; x_wconf 88' lang='lat' dir='ltr'><strong>Dives</strong></span> <span class='ocrx_word' id='word_1_229' title='bbox 828 2091 878 2136; x_wconf 88' lang='lat' dir='ltr'><strong>et</strong></span> <span class='ocrx_word' id='word_1_230' title='bbox 903 2097 1124 2153; x_wconf 84' lang='lat' dir='ltr'><strong>pauper.</strong></span> <span class='ocrx_word' id='word_1_231' title='bbox 1156 2079 1340 2152; x_wconf 88' lang='lat' dir='ltr'><strong>Neque</strong></span> <span class='ocrx_word' id='word_1_232' title='bbox 1369 2080 1591 2136; x_wconf 89' lang='lat' dir='ltr'><strong>divitem</strong></span> <span class='ocrx_word' id='word_1_233' title='bbox 1637 2092 1802 2150; x_wconf 89' lang='lat' dir='ltr'><strong>prop-</strong></span> 
     </span>
    </p>
   </div>
   <div class='ocr_carea' id='block_1_34' title="bbox 213 2169 1803 2244">
    <p class='ocr_par' dir='ltr' id='par_1_34' title="bbox 213 2169 1803 2244">
     <span class='ocr_line' id='line_1_35' title="bbox 213 2169 1803 2244; baseline 0.003 -22"><span class='ocrx_word' id='word_1_234' title='bbox 213 2175 298 2224; x_wconf 87' lang='lat' dir='ltr'><strong>ter</strong></span> <span class='ocrx_word' id='word_1_235' title='bbox 323 2169 540 2226; x_wconf 87' lang='lat' dir='ltr'><strong>divitias</strong></span> <span class='ocrx_word' id='word_1_236' title='bbox 567 2171 794 2238; x_wconf 87' lang='lat' dir='ltr'><strong>honora,</strong></span> <span class='ocrx_word' id='word_1_237' title='bbox 827 2187 1004 2244; x_wconf 90' lang='lat' dir='ltr'><strong>neque</strong></span> <span class='ocrx_word' id='word_1_238' title='bbox 1034 2172 1132 2244; x_wconf 89' lang='lat' dir='ltr'><strong>pro</strong></span> <span class='ocrx_word' id='word_1_239' title='bbox 1180 2172 1360 2242; x_wconf 91' lang='lat' dir='ltr'><strong>inopia</strong></span> <span class='ocrx_word' id='word_1_240' title='bbox 1391 2185 1684 2242; x_wconf 90' lang='lat' dir='ltr'><strong>pauperem</strong></span> <span class='ocrx_word' id='word_1_241' title='bbox 1713 2170 1803 2226; x_wconf 85' lang='lat' dir='ltr'><strong>de-</strong></span> 
     </span>
    </p>
   </div>
   <div class='ocr_carea' id='block_1_35' title="bbox 213 2258 1806 2332">
    <p class='ocr_par' dir='ltr' id='par_1_35' title="bbox 213 2258 1806 2332">
     <span class='ocr_line' id='line_1_36' title="bbox 213 2258 1806 2332; baseline 0.003 -20"><span class='ocrx_word' id='word_1_242' title='bbox 213 2258 361 2328; x_wconf 89' lang='lat' dir='ltr'><strong>spice</strong></span> <span class='ocrx_word' id='word_1_243' title='bbox 392 2277 404 2312; x_wconf 91' lang='lat'><strong>:</strong></span> <span class='ocrx_word' id='word_1_244' title='bbox 433 2260 559 2329; x_wconf 88' lang='lat' dir='ltr'><strong>quia</strong></span> <span class='ocrx_word' id='word_1_245' title='bbox 585 2276 721 2332; x_wconf 81' lang='lat' dir='ltr'><strong>Opus</strong></span> <span class='ocrx_word' id='word_1_246' title='bbox 741 2271 866 2317; x_wconf 89' lang='lat' dir='ltr'><strong>sunt</strong></span> <span class='ocrx_word' id='word_1_247' title='bbox 893 2263 1158 2329; x_wconf 89' lang='lat' dir='ltr'><strong>divinum,</strong></span> <span class='ocrx_word' id='word_1_248' title='bbox 1200 2271 1254 2319; x_wconf 89' lang='lat' dir='ltr'><strong>et</strong></span> <span class='ocrx_word' id='word_1_249' title='bbox 1282 2261 1349 2316; x_wconf 90' lang='lat' dir='ltr'><strong>ad</strong></span> <span class='ocrx_word' id='word_1_250' title='bbox 1401 2261 1713 2331; x_wconf 81' lang='lat' dir='ltr'><strong>imaginem,</strong></span> <span class='ocrx_word' id='word_1_251' title='bbox 1748 2268 1806 2316; x_wconf 86' lang='lat' dir='ltr'><strong>et</strong></span> 
     </span>
    </p>
   </div>
   <div class='ocr_carea' id='block_1_36' title="bbox 213 2347 824 2418">
    <p class='ocr_par' dir='ltr' id='par_1_36' title="bbox 213 2347 824 2418">
     <span class='ocr_line' id='line_1_37' title="bbox 213 2347 824 2418; baseline 0.007 -17"><span class='ocrx_word' id='word_1_252' title='bbox 213 2347 280 2402; x_wconf 88' lang='lat' dir='ltr'><strong>ad</strong></span> <span class='ocrx_word' id='word_1_253' title='bbox 306 2363 445 2418; x_wconf 91' lang='lat' dir='ltr'><strong>opus</strong></span> <span class='ocrx_word' id='word_1_254' title='bbox 474 2350 569 2405; x_wconf 90' lang='lat' dir='ltr'><strong>Dei</strong></span> <span class='ocrx_word' id='word_1_255' title='bbox 598 2350 824 2405; x_wconf 84' lang='lat' dir='ltr'><strong>factum.</strong></span> 
     </span>
    </p>
   </div>
   <div class='ocr_carea' id='block_1_37' title="bbox 283 2437 1808 2515">
    <p class='ocr_par' dir='ltr' id='par_1_37' title="bbox 283 2437 1808 2515">
     <span class='ocr_line' id='line_1_38' title="bbox 283 2437 1808 2515; baseline 0.005 -22"><span class='ocrx_word' id='word_1_256' title='bbox 283 2437 449 2493; x_wconf 76' lang='lat' dir='ltr'><strong>Vens.</strong></span> <span class='ocrx_word' id='word_1_257' title='bbox 479 2439 534 2495; x_wconf 76' lang='lat'><strong>3.</strong></span> <span class='ocrx_word' id='word_1_258' title='bbox 560 2472 629 2482; x_wconf 93' lang='lat'><strong><em>—</em></strong></span> <span class='ocrx_word' id='word_1_259' title='bbox 659 2439 900 2498; x_wconf 85' lang='lat' dir='ltr'><strong>Callidus</strong></span> <span class='ocrx_word' id='word_1_260' title='bbox 922 2443 1050 2497; x_wconf 86' lang='lat' dir='ltr'><strong>vidit</strong></span> <span class='ocrx_word' id='word_1_261' title='bbox 1077 2441 1299 2498; x_wconf 89' lang='lat' dir='ltr'><strong>malum.</strong></span> <span class='ocrx_word' id='word_1_262' title='bbox 1326 2442 1478 2498; x_wconf 83' lang='lat' dir='ltr'><strong>Multi</strong></span> <span class='ocrx_word' id='word_1_263' title='bbox 1498 2458 1562 2499; x_wconf 77' lang='lat' dir='ltr'><strong>ex</strong></span> <span class='ocrx_word' id='word_1_264' title='bbox 1601 2442 1808 2515; x_wconf 83' lang='lat' dir='ltr'><strong>princi-</strong></span> 
     </span>
    </p>
   </div>
   <div class='ocr_carea' id='block_1_38' title="bbox 211 2527 1806 2604">
    <p class='ocr_par' dir='ltr' id='par_1_38' title="bbox 211 2527 1806 2604">
     <span class='ocr_line' id='line_1_39' title="bbox 211 2527 1806 2604; baseline 0.006 -22"><span class='ocrx_word' id='word_1_265' title='bbox 211 2527 369 2600; x_wconf 85' lang='lat' dir='ltr'><strong>pibus</strong></span> <span class='ocrx_word' id='word_1_266' title='bbox 391 2529 760 2599; x_wconf 86' lang='lat' dir='ltr'><strong>crediderunt,</strong></span> <span class='ocrx_word' id='word_1_267' title='bbox 781 2542 911 2600; x_wconf 91' lang='lat' dir='ltr'><strong>etc.,</strong></span> <span class='ocrx_word' id='word_1_268' title='bbox 943 2549 1104 2604; x_wconf 87' lang='lat' dir='ltr'><strong>usque</strong></span> <span class='ocrx_word' id='word_1_269' title='bbox 1145 2533 1215 2588; x_wconf 89' lang='lat' dir='ltr'><strong>ad</strong></span> <span class='ocrx_word' id='word_1_270' title='bbox 1241 2543 1296 2590; x_wconf 91' lang='lat' dir='ltr'><strong>et</strong></span> <span class='ocrx_word' id='word_1_271' title='bbox 1338 2533 1395 2590; x_wconf 92' lang='lat' dir='ltr'><strong>in</strong></span> <span class='ocrx_word' id='word_1_272' title='bbox 1424 2534 1806 2592; x_wconf 84' lang='lat' dir='ltr'><strong>communibus</strong></span> 
     </span>
    </p>
   </div>
   <div class='ocr_carea' id='block_1_39' title="bbox 217 2625 873 2692">
    <p class='ocr_par' dir='ltr' id='par_1_39' title="bbox 217 2625 873 2692">
     <span class='ocr_line' id='line_1_40' title="bbox 217 2625 873 2692; baseline 0.012 -18"><span class='ocrx_word' id='word_1_273' title='bbox 217 2631 618 2692; x_wconf 84' lang='lat' dir='ltr'><strong>consequuntur</strong></span> <span class='ocrx_word' id='word_1_274' title='bbox 644 2625 873 2682; x_wconf 84' lang='lat' dir='ltr'><strong>actibus.</strong></span> 
     </span>
    </p>
   </div>
   <div class='ocr_carea' id='block_1_40' title="bbox 293 2713 1808 2791">
    <p class='ocr_par' dir='ltr' id='par_1_40' title="bbox 293 2713 1808 2791">
     <span class='ocr_line' id='line_1_41' title="bbox 293 2713 1808 2791; baseline 0.005 -22"><span class='ocrx_word' id='word_1_275' title='bbox 293 2713 451 2770; x_wconf 74' lang='lat' dir='ltr'><strong>Vens.</strong></span> <span class='ocrx_word' id='word_1_276' title='bbox 492 2715 547 2770; x_wconf 79' lang='grc'><strong>4.</strong></span> <span class='ocrx_word' id='word_1_277' title='bbox 588 2747 662 2758; x_wconf 91' lang='grc'><strong>-</strong></span> <span class='ocrx_word' id='word_1_278' title='bbox 683 2716 838 2774; x_wconf 88' lang='lat' dir='ltr'><strong>Finis</strong></span> <span class='ocrx_word' id='word_1_279' title='bbox 873 2719 1160 2776; x_wconf 73' lang='lat' dir='ltr'><strong>modestiw.</strong></span> <span class='ocrx_word' id='word_1_280' title='bbox 1189 2719 1326 2790; x_wconf 87' lang='lat' dir='ltr'><strong>Quia</strong></span> <span class='ocrx_word' id='word_1_281' title='bbox 1389 2719 1650 2776; x_wconf 89' lang='lat' dir='ltr'><strong>nimirum</strong></span> <span class='ocrx_word' id='word_1_282' title='bbox 1683 2733 1808 2791; x_wconf 87' lang='lat' dir='ltr'><strong>per-</strong></span> 
     </span>
    </p>
   </div>
   <div class='ocr_carea' id='block_1_41' title="bbox 217 2804 1807 2886">
    <p class='ocr_par' dir='ltr' id='par_1_41' title="bbox 217 2804 1807 2886">
     <span class='ocr_line' id='line_1_42' title="bbox 217 2804 1807 2886; baseline 0.006 -25"><span class='ocrx_word' id='word_1_283' title='bbox 217 2804 380 2862; x_wconf 88' lang='lat' dir='ltr'><strong>fectio</strong></span> <span class='ocrx_word' id='word_1_284' title='bbox 398 2808 658 2866; x_wconf 90' lang='lat' dir='ltr'><strong>virtutum</strong></span> <span class='ocrx_word' id='word_1_285' title='bbox 699 2820 803 2880; x_wconf 90' lang='lat' dir='ltr'><strong>est,</strong></span> <span class='ocrx_word' id='word_1_286' title='bbox 825 2821 957 2880; x_wconf 89' lang='lat' dir='ltr'><strong>etc.,</strong></span> <span class='ocrx_word' id='word_1_287' title='bbox 971 2829 1139 2886; x_wconf 87' lang='lat' dir='ltr'><strong>usque</strong></span> <span class='ocrx_word' id='word_1_288' title='bbox 1161 2814 1230 2868; x_wconf 90' lang='lat' dir='ltr'><strong>ad</strong></span> <span class='ocrx_word' id='word_1_289' title='bbox 1245 2828 1313 2870; x_wconf 92' lang='lat' dir='ltr'><strong>ne</strong></span> <span class='ocrx_word' id='word_1_290' title='bbox 1325 2813 1503 2886; x_wconf 68' lang='lat' dir='ltr'><strong>poenis</strong></span> <span class='ocrx_word' id='word_1_291' title='bbox 1525 2812 1667 2870; x_wconf 87' lang='lat' dir='ltr'><strong>forte</strong></span> <span class='ocrx_word' id='word_1_292' title='bbox 1690 2827 1807 2870; x_wconf 84' lang='lat' dir='ltr'><strong>me-</strong></span> 
     </span>
    </p>
   </div>
   <div class='ocr_carea' id='block_1_42' title="bbox 219 2900 627 2972">
    <p class='ocr_par' dir='ltr' id='par_1_42' title="bbox 219 2900 627 2972">
     <span class='ocr_line' id='line_1_43' title="bbox 219 2900 627 2972; baseline 0.007 -18"><span class='ocrx_word' id='word_1_293' title='bbox 219 2908 403 2956; x_wconf 83' lang='lat' dir='ltr'><strong>reatur</strong></span> <span class='ocrx_word' id='word_1_294' title='bbox 431 2900 627 2972; x_wconf 89' lang='lat' dir='ltr'><strong>subigi.</strong></span> 
     </span>
    </p>
   </div>
   <div class='ocr_carea' id='block_1_43' title="bbox 285 2987 1807 3069">
    <p class='ocr_par' dir='ltr' id='par_1_43' title="bbox 285 2987 1807 3069">
     <span class='ocr_line' id='line_1_44' title="bbox 285 2987 1807 3069; baseline 0.007 -27"><span class='ocrx_word' id='word_1_295' title='bbox 285 2987 499 3044; x_wconf 62' lang='lat' dir='ltr'><strong>Divitiae</strong></span> <span class='ocrx_word' id='word_1_296' title='bbox 519 3000 568 3044; x_wconf 86' lang='lat' dir='ltr'><strong>et</strong></span> <span class='ocrx_word' id='word_1_297' title='bbox 591 2989 780 3061; x_wconf 85' lang='lat' dir='ltr'><strong>gloria.</strong></span> <span class='ocrx_word' id='word_1_298' title='bbox 803 2992 954 3048; x_wconf 87' lang='lat' dir='ltr'><strong>Finis</strong></span> <span class='ocrx_word' id='word_1_299' title='bbox 965 2993 1241 3049; x_wconf 73' lang='lat' dir='ltr'><strong>modestia:</strong></span> <span class='ocrx_word' id='word_1_300' title='bbox 1255 2993 1419 3050; x_wconf 91' lang='lat' dir='ltr'><strong>timor</strong></span> <span class='ocrx_word' id='word_1_301' title='bbox 1433 2995 1668 3063; x_wconf 92' lang='lat' dir='ltr'><strong>Domini,</strong></span> <span class='ocrx_word' id='word_1_302' title='bbox 1691 2996 1807 3069; x_wconf 84' lang='lat' dir='ltr'><strong>glo-</strong></span> 
     </span>
    </p>
   </div>
   <div class='ocr_carea' id='block_1_44' title="bbox 218 3077 1804 3152">
    <p class='ocr_par' dir='ltr' id='par_1_44' title="bbox 218 3077 1804 3152">
     <span class='ocr_line' id='line_1_45' title="bbox 218 3077 1804 3152; baseline 0.003 -18"><span class='ocrx_word' id='word_1_303' title='bbox 218 3077 298 3134; x_wconf 88' lang='lat' dir='ltr'><strong>ria</strong></span> <span class='ocrx_word' id='word_1_304' title='bbox 329 3088 386 3133; x_wconf 90' lang='lat' dir='ltr'><strong>et</strong></span> <span class='ocrx_word' id='word_1_305' title='bbox 410 3078 547 3144; x_wconf 90' lang='lat' dir='ltr'><strong>vita,</strong></span> <span class='ocrx_word' id='word_1_306' title='bbox 576 3079 703 3150; x_wconf 86' lang='lat' dir='ltr'><strong>quia</strong></span> <span class='ocrx_word' id='word_1_307' title='bbox 731 3081 994 3152; x_wconf 86' lang='lat' dir='ltr'><strong>perfectio</strong></span> <span class='ocrx_word' id='word_1_308' title='bbox 1021 3083 1282 3138; x_wconf 90' lang='lat' dir='ltr'><strong>virtutum</strong></span> <span class='ocrx_word' id='word_1_309' title='bbox 1303 3094 1389 3138; x_wconf 92' lang='lat' dir='ltr'><strong>est</strong></span> <span class='ocrx_word' id='word_1_310' title='bbox 1414 3084 1468 3138; x_wconf 92' lang='lat' dir='ltr'><strong>in</strong></span> <span class='ocrx_word' id='word_1_311' title='bbox 1517 3085 1619 3140; x_wconf 82' lang='lat' dir='ltr'><strong>hac</strong></span> <span class='ocrx_word' id='word_1_312' title='bbox 1659 3085 1804 3152; x_wconf 90' lang='lat' dir='ltr'><strong>vita,</strong></span> 
     </span>
    </p>
   </div>
   <div class='ocr_carea' id='block_1_45' title="bbox 219 3171 1802 3242">
    <p class='ocr_par' dir='ltr' id='par_1_45' title="bbox 219 3171 1802 3242">
     <span class='ocr_line' id='line_1_46' title="bbox 219 3171 1802 3242; baseline 0.005 -18"><span class='ocrx_word' id='word_1_313' title='bbox 219 3177 279 3224; x_wconf 92' lang='lat' dir='ltr'><strong>ut</strong></span> <span class='ocrx_word' id='word_1_314' title='bbox 305 3177 454 3225; x_wconf 86' lang='lat' dir='ltr'><strong>caste</strong></span> <span class='ocrx_word' id='word_1_315' title='bbox 489 3171 779 3227; x_wconf 90' lang='lat' dir='ltr'><strong>timeamus</strong></span> <span class='ocrx_word' id='word_1_316' title='bbox 805 3171 1003 3240; x_wconf 91' lang='lat' dir='ltr'><strong>Deum;</strong></span> <span class='ocrx_word' id='word_1_317' title='bbox 1039 3174 1161 3229; x_wconf 88' lang='lat' dir='ltr'><strong>ﬁnis</strong></span> <span class='ocrx_word' id='word_1_318' title='bbox 1190 3174 1449 3230; x_wconf 88' lang='lat' dir='ltr'><strong>virtutum</strong></span> <span class='ocrx_word' id='word_1_319' title='bbox 1495 3177 1550 3231; x_wconf 92' lang='lat' dir='ltr'><strong>in</strong></span> <span class='ocrx_word' id='word_1_320' title='bbox 1599 3175 1802 3242; x_wconf 88' lang='lat' dir='ltr'><strong>futuro,</strong></span> 
     </span>
    </p>
   </div>
   <div class='ocr_carea' id='block_1_46' title="bbox 1905 1991 3494 2067">
    <p class='ocr_par' dir='ltr' id='par_1_46' title="bbox 1905 1991 3494 2067">
     <span class='ocr_line' id='line_1_47' title="bbox 1905 1991 3494 2067; baseline -0.002 -16"><span class='ocrx_word' id='word_1_321' title='bbox 1905 1994 2022 2066; x_wconf 87' lang='lat' dir='ltr'><strong>ejus</strong></span> <span class='ocrx_word' id='word_1_322' title='bbox 2051 1995 2357 2051; x_wconf 87' lang='lat' dir='ltr'><strong>auscultare</strong></span> <span class='ocrx_word' id='word_1_323' title='bbox 2385 1996 2746 2064; x_wconf 86' lang='lat' dir='ltr'><strong>sermonibus,</strong></span> <span class='ocrx_word' id='word_1_324' title='bbox 2776 1995 2870 2067; x_wconf 91' lang='lat' dir='ltr'><strong>qui</strong></span> <span class='ocrx_word' id='word_1_325' title='bbox 2895 1994 3185 2053; x_wconf 87' lang='lat' dir='ltr'><strong>dulcedine</strong></span> <span class='ocrx_word' id='word_1_326' title='bbox 3223 1991 3494 2050; x_wconf 89' lang='lat' dir='ltr'><strong>mendacii</strong></span> 
     </span>
    </p>
   </div>
   <div class='ocr_carea' id='block_1_47' title="bbox 1905 2085 2370 2142">
    <p class='ocr_par' dir='ltr' id='par_1_47' title="bbox 1905 2085 2370 2142">
     <span class='ocr_line' id='line_1_48' title="bbox 1905 2085 2370 2142; baseline 0.002 -1"><span class='ocrx_word' id='word_1_327' title='bbox 1905 2087 2183 2142; x_wconf 88' lang='lat' dir='ltr'><strong>auditores</strong></span> <span class='ocrx_word' id='word_1_328' title='bbox 2211 2085 2370 2142; x_wconf 86' lang='lat' dir='ltr'><strong>fallit.</strong></span> 
     </span>
    </p>
   </div>
   <div class='ocr_carea' id='block_1_48' title="bbox 1976 2171 3496 2249">
    <p class='ocr_par' dir='ltr' id='par_1_48' title="bbox 1976 2171 3496 2249">
     <span class='ocr_line' id='line_1_49' title="bbox 1976 2171 3496 2249; baseline -0.002 -15"><span class='ocrx_word' id='word_1_329' title='bbox 1976 2177 2141 2234; x_wconf 70' lang='lat' dir='ltr'><strong>Vens.</strong></span> <span class='ocrx_word' id='word_1_330' title='bbox 2182 2179 2237 2234; x_wconf 73' lang='grc'><strong>4.</strong></span> <span class='ocrx_word' id='word_1_331' title='bbox 2284 2209 2358 2220; x_wconf 93' lang='grc'><strong><em>-</em></strong></span> <span class='ocrx_word' id='word_1_332' title='bbox 2398 2178 2546 2235; x_wconf 86' lang='lat' dir='ltr'><strong>Pone</strong></span> <span class='ocrx_word' id='word_1_333' title='bbox 2599 2179 2837 2234; x_wconf 88' lang='lat' dir='ltr'><strong>modum.</strong></span> <span class='ocrx_word' id='word_1_334' title='bbox 2882 2177 2961 2236; x_wconf 92' lang='lat' dir='ltr'><strong>De</strong></span> <span class='ocrx_word' id='word_1_335' title='bbox 3002 2193 3113 2249; x_wconf 92' lang='lat' dir='ltr'><strong>quo</strong></span> <span class='ocrx_word' id='word_1_336' title='bbox 3151 2191 3359 2248; x_wconf 86' lang='lat' dir='ltr'><strong>supra:</strong></span> <span class='ocrx_word' id='word_1_337' title='bbox 3409 2171 3496 2232; x_wconf 82' lang='lat' dir='ltr'><strong>Ne</strong></span> 
     </span>
    </p>
   </div>
   <div class='ocr_carea' id='block_1_49' title="bbox 1907 2271 3498 2345">
    <p class='ocr_par' dir='ltr' id='par_1_49' title="bbox 1907 2271 3498 2345">
     <span class='ocr_line' id='line_1_50' title="bbox 1907 2271 3498 2345; baseline -0.004 -17"><span class='ocrx_word' id='word_1_338' title='bbox 1907 2271 2316 2345; x_wconf 84' lang='lat' dir='ltr'><strong>transgrediaris</strong></span> <span class='ocrx_word' id='word_1_339' title='bbox 2364 2272 2614 2326; x_wconf 87' lang='lat' dir='ltr'><strong>terminos</strong></span> <span class='ocrx_word' id='word_1_340' title='bbox 2645 2273 2890 2342; x_wconf 85' lang='lat' dir='ltr'><strong>antiquos</strong></span> <span class='ocrx_word' id='word_1_341' title='bbox 2917 2287 3048 2342; x_wconf 81' lang='lat' dir='ltr'><strong>quos</strong></span> <span class='ocrx_word' id='word_1_342' title='bbox 3077 2277 3362 2342; x_wconf 72' lang='lat' dir='ltr'><strong>posuerunt</strong></span> <span class='ocrx_word' id='word_1_343' title='bbox 3399 2284 3498 2340; x_wconf 84' lang='lat' dir='ltr'><strong>pa-</strong></span> 
     </span>
    </p>
   </div>
   <div class='ocr_carea' id='block_1_50' title="bbox 1907 2363 3498 2434">
    <p class='ocr_par' dir='ltr' id='par_1_50' title="bbox 1907 2363 3498 2434">
     <span class='ocr_line' id='line_1_51' title="bbox 1907 2363 3498 2434; baseline -0.003 -14"><span class='ocrx_word' id='word_1_344' title='bbox 1907 2375 2034 2433; x_wconf 87' lang='lat' dir='ltr'><strong>tres,</strong></span> <span class='ocrx_word' id='word_1_345' title='bbox 2070 2365 2280 2422; x_wconf 89' lang='lat' dir='ltr'><strong>scilicet</strong></span> <span class='ocrx_word' id='word_1_346' title='bbox 2305 2365 2572 2422; x_wconf 90' lang='lat' dir='ltr'><strong>terminos</strong></span> <span class='ocrx_word' id='word_1_347' title='bbox 2622 2365 2769 2433; x_wconf 88' lang='lat' dir='ltr'><strong>ﬁdei,</strong></span> <span class='ocrx_word' id='word_1_348' title='bbox 2797 2372 2854 2422; x_wconf 91' lang='lat' dir='ltr'><strong>et</strong></span> <span class='ocrx_word' id='word_1_349' title='bbox 2895 2363 3143 2421; x_wconf 87' lang='lat' dir='ltr'><strong>veritatis</strong></span> <span class='ocrx_word' id='word_1_350' title='bbox 3177 2363 3317 2420; x_wconf 73' lang='lat' dir='ltr'><strong>data:</strong></span> <span class='ocrx_word' id='word_1_351' title='bbox 3341 2377 3372 2416; x_wconf 92' lang='lat' dir='ltr'><strong>a</strong></span> <span class='ocrx_word' id='word_1_352' title='bbox 3397 2375 3498 2434; x_wconf 86' lang='lat' dir='ltr'><strong>pa-</strong></span> 
     </span>
    </p>
   </div>
   <div class='ocr_carea' id='block_1_51' title="bbox 1909 2457 2105 2514">
    <p class='ocr_par' dir='ltr' id='par_1_51' title="bbox 1909 2457 2105 2514">
     <span class='ocr_line' id='line_1_52' title="bbox 1909 2457 2105 2514; baseline -0.005 -1"><span class='ocrx_word' id='word_1_353' title='bbox 1909 2457 2105 2514; x_wconf 86' lang='lat' dir='ltr'><strong>tribus.</strong></span> 
     </span>
    </p>
   </div>
   <div class='ocr_carea' id='block_1_52' title="bbox 1979 2542 3497 2618">
    <p class='ocr_par' dir='ltr' id='par_1_52' title="bbox 1979 2542 3497 2618">
     <span class='ocr_line' id='line_1_53' title="bbox 1979 2542 3497 2618; baseline -0.005 -12"><span class='ocrx_word' id='word_1_354' title='bbox 1979 2551 2146 2608; x_wconf 77' lang='lat' dir='ltr'><strong>Vens.</strong></span> <span class='ocrx_word' id='word_1_355' title='bbox 2172 2549 2226 2606; x_wconf 88' lang='lat'><strong>6.</strong></span> <span class='ocrx_word' id='word_1_356' title='bbox 2267 2580 2340 2592; x_wconf 89' lang='lat'><strong><em>—</em></strong></span> <span class='ocrx_word' id='word_1_357' title='bbox 2365 2547 2450 2606; x_wconf 84' lang='lat' dir='ltr'><strong>Ne</strong></span> <span class='ocrx_word' id='word_1_358' title='bbox 2483 2550 2746 2617; x_wconf 82' lang='lat' dir='ltr'><strong>comedas,</strong></span> <span class='ocrx_word' id='word_1_359' title='bbox 2777 2549 2832 2606; x_wconf 92' lang='lat' dir='ltr'><strong>id</strong></span> <span class='ocrx_word' id='word_1_360' title='bbox 2859 2558 2967 2616; x_wconf 89' lang='lat' dir='ltr'><strong>est,</strong></span> <span class='ocrx_word' id='word_1_361' title='bbox 2992 2563 3064 2605; x_wconf 88' lang='lat' dir='ltr'><strong>ne</strong></span> <span class='ocrx_word' id='word_1_362' title='bbox 3090 2547 3158 2604; x_wconf 91' lang='lat' dir='ltr'><strong>de</strong></span> <span class='ocrx_word' id='word_1_363' title='bbox 3193 2542 3497 2618; x_wconf 86' lang='lat' dir='ltr'><strong>Scripturis</strong></span> 
     </span>
    </p>
   </div>
   <div class='ocr_carea' id='block_1_53' title="bbox 1909 2637 3496 2718">
    <p class='ocr_par' dir='ltr' id='par_1_53' title="bbox 1909 2637 3496 2718">
     <span class='ocr_line' id='line_1_54' title="bbox 1909 2637 3496 2718; baseline -0.009 -13"><span class='ocrx_word' id='word_1_364' title='bbox 1909 2664 2032 2705; x_wconf 92' lang='lat' dir='ltr'><strong>cum</strong></span> <span class='ocrx_word' id='word_1_365' title='bbox 2064 2645 2321 2704; x_wconf 61' lang='lat' dir='ltr'><strong>haeretica</strong></span> <span class='ocrx_word' id='word_1_366' title='bbox 2359 2646 2618 2718; x_wconf 88' lang='lat' dir='ltr'><strong>loquaris,</strong></span> <span class='ocrx_word' id='word_1_367' title='bbox 2653 2645 2742 2716; x_wconf 90' lang='lat' dir='ltr'><strong>qui</strong></span> <span class='ocrx_word' id='word_1_368' title='bbox 2772 2643 2978 2699; x_wconf 86' lang='lat' dir='ltr'><strong>invidet</strong></span> <span class='ocrx_word' id='word_1_369' title='bbox 3015 2641 3270 2698; x_wconf 75' lang='lat' dir='ltr'><strong>humanae</strong></span> <span class='ocrx_word' id='word_1_370' title='bbox 3305 2637 3496 2704; x_wconf 90' lang='lat' dir='ltr'><strong>saluti,</strong></span> 
     </span>
    </p>
   </div>
   <div class='ocr_carea' id='block_1_54' title="bbox 1909 2728 3497 2806">
    <p class='ocr_par' dir='ltr' id='par_1_54' title="bbox 1909 2728 3497 2806">
     <span class='ocr_line' id='line_1_55' title="bbox 1909 2728 3497 2806; baseline -0.008 -13"><span class='ocrx_word' id='word_1_371' title='bbox 1909 2737 2119 2793; x_wconf 89' lang='lat' dir='ltr'><strong>malens</strong></span> <span class='ocrx_word' id='word_1_372' title='bbox 2148 2735 2397 2806; x_wconf 90' lang='lat' dir='ltr'><strong>decipere</strong></span> <span class='ocrx_word' id='word_1_373' title='bbox 2422 2751 2586 2806; x_wconf 89' lang='lat' dir='ltr'><strong>quam</strong></span> <span class='ocrx_word' id='word_1_374' title='bbox 2603 2734 2834 2806; x_wconf 76' lang='lat' dir='ltr'><strong>corrigi;</strong></span> <span class='ocrx_word' id='word_1_375' title='bbox 2857 2732 3118 2804; x_wconf 89' lang='lat' dir='ltr'><strong>quoniam</strong></span> <span class='ocrx_word' id='word_1_376' title='bbox 3143 2730 3287 2787; x_wconf 88' lang='lat' dir='ltr'><strong>sicut</strong></span> <span class='ocrx_word' id='word_1_377' title='bbox 3309 2728 3497 2784; x_wconf 87' lang='lat' dir='ltr'><strong>hario-</strong></span> 
     </span>
    </p>
   </div>
   <div class='ocr_carea' id='block_1_55' title="bbox 1909 2822 3503 2900">
    <p class='ocr_par' dir='ltr' id='par_1_55' title="bbox 1909 2822 3503 2900">
     <span class='ocr_line' id='line_1_56' title="bbox 1909 2822 3503 2900; baseline -0.005 -15"><span class='ocrx_word' id='word_1_378' title='bbox 1909 2829 1994 2887; x_wconf 90' lang='lat' dir='ltr'><strong>lus</strong></span> <span class='ocrx_word' id='word_1_379' title='bbox 2015 2837 2072 2886; x_wconf 92' lang='lat' dir='ltr'><strong>ct</strong></span> <span class='ocrx_word' id='word_1_380' title='bbox 2109 2827 2444 2900; x_wconf 80' lang='lat' dir='ltr'><strong>conjectator</strong></span> <span class='ocrx_word' id='word_1_381' title='bbox 2479 2829 2835 2894; x_wconf 87' lang='lat' dir='ltr'><strong>somniorum,</strong></span> <span class='ocrx_word' id='word_1_382' title='bbox 2883 2826 3140 2891; x_wconf 64' lang='lat' dir='ltr'><strong>aestimat,</strong></span> <span class='ocrx_word' id='word_1_383' title='bbox 3183 2838 3306 2894; x_wconf 62' lang='lat' dir='ltr'><strong>quae</strong></span> <span class='ocrx_word' id='word_1_384' title='bbox 3344 2822 3503 2894; x_wconf 84' lang='lat' dir='ltr'><strong>igno-</strong></span> 
     </span>
    </p>
   </div>
   <div class='ocr_carea' id='block_1_56' title="bbox 1911 2915 3497 2992">
    <p class='ocr_par' dir='ltr' id='par_1_56' title="bbox 1911 2915 3497 2992">
     <span class='ocr_line' id='line_1_57' title="bbox 1911 2915 3497 2992; baseline -0.005 -12"><span class='ocrx_word' id='word_1_385' title='bbox 1911 2930 2033 2990; x_wconf 87' lang='lat' dir='ltr'><strong>rat;</strong></span> <span class='ocrx_word' id='word_1_386' title='bbox 2064 2922 2137 2977; x_wconf 91' lang='lat' dir='ltr'><strong>ita</strong></span> <span class='ocrx_word' id='word_1_387' title='bbox 2167 2923 2472 2987; x_wconf 76' lang='lat' dir='ltr'><strong>haereticus,</strong></span> <span class='ocrx_word' id='word_1_388' title='bbox 2502 2937 2624 2992; x_wconf 72' lang='lat' dir='ltr'><strong>quae</strong></span> <span class='ocrx_word' id='word_1_389' title='bbox 2663 2936 2773 2977; x_wconf 91' lang='lat' dir='ltr'><strong>non</strong></span> <span class='ocrx_word' id='word_1_390' title='bbox 2813 2918 3066 2990; x_wconf 78' lang='lat' dir='ltr'><strong>intelligit</strong></span> <span class='ocrx_word' id='word_1_391' title='bbox 3087 2918 3144 2975; x_wconf 87' lang='lat' dir='ltr'><strong>in</strong></span> <span class='ocrx_word' id='word_1_392' title='bbox 3173 2915 3497 2987; x_wconf 86' lang='lat' dir='ltr'><strong>Scripturis,</strong></span> 
     </span>
    </p>
   </div>
   <div class='ocr_carea' id='block_1_57' title="bbox 1909 3016 2585 3087">
    <p class='ocr_par' dir='ltr' id='par_1_57' title="bbox 1909 3016 2585 3087">
     <span class='ocr_line' id='line_1_58' title="bbox 1909 3016 2585 3087; baseline -0.004 -15"><span class='ocrx_word' id='word_1_393' title='bbox 1909 3025 1973 3072; x_wconf 91' lang='lat' dir='ltr'><strong>ut</strong></span> <span class='ocrx_word' id='word_1_394' title='bbox 1995 3016 2128 3071; x_wconf 87' lang='lat' dir='ltr'><strong>libet</strong></span> <span class='ocrx_word' id='word_1_395' title='bbox 2155 3016 2585 3087; x_wconf 84' lang='lat' dir='ltr'><strong>interpretatur?</strong></span> 
     </span>
    </p>
   </div>
   <div class='ocr_carea' id='block_1_58' title="bbox 1984 3101 3502 3177">
    <p class='ocr_par' dir='ltr' id='par_1_58' title="bbox 1984 3101 3502 3177">
     <span class='ocr_line' id='line_1_59' title="bbox 1984 3101 3502 3177; baseline -0.005 -15"><span class='ocrx_word' id='word_1_396' title='bbox 1984 3104 2228 3173; x_wconf 84' lang='lat' dir='ltr'><strong>Comede,</strong></span> <span class='ocrx_word' id='word_1_397' title='bbox 2255 3115 2362 3162; x_wconf 85' lang='lat' dir='ltr'><strong>etc.</strong></span> <span class='ocrx_word' id='word_1_398' title='bbox 2391 3105 2648 3173; x_wconf 89' lang='lat' dir='ltr'><strong>Securus,</strong></span> <span class='ocrx_word' id='word_1_399' title='bbox 2679 3107 2876 3177; x_wconf 85' lang='lat' dir='ltr'><strong>inquit,</strong></span> <span class='ocrx_word' id='word_1_400' title='bbox 2909 3105 3080 3170; x_wconf 85' lang='lat' dir='ltr'><strong>disce,</strong></span> <span class='ocrx_word' id='word_1_401' title='bbox 3111 3117 3234 3173; x_wconf 69' lang='lat' dir='ltr'><strong>quae</strong></span> <span class='ocrx_word' id='word_1_402' title='bbox 3261 3101 3404 3168; x_wconf 87' lang='lat' dir='ltr'><strong>dico,</strong></span> <span class='ocrx_word' id='word_1_403' title='bbox 3443 3107 3502 3156; x_wconf 89' lang='lat' dir='ltr'><strong>et</strong></span> 
     </span>
    </p>
   </div>
   <div class='ocr_carea' id='block_1_59' title="bbox 1913 3193 3500 3273">
    <p class='ocr_par' dir='ltr' id='par_1_59' title="bbox 1913 3193 3500 3273">
     <span class='ocr_line' id='line_1_60' title="bbox 1913 3193 3500 3273; baseline -0.006 -16"><span class='ocrx_word' id='word_1_404' title='bbox 1913 3216 2015 3273; x_wconf 87' lang='lat' dir='ltr'><strong>age</strong></span> <span class='ocrx_word' id='word_1_405' title='bbox 2051 3215 2173 3272; x_wconf 70' lang='lat' dir='ltr'><strong>quze</strong></span> <span class='ocrx_word' id='word_1_406' title='bbox 2205 3199 2402 3266; x_wconf 88' lang='lat' dir='ltr'><strong>doceo;</strong></span> <span class='ocrx_word' id='word_1_407' title='bbox 2454 3215 2576 3254; x_wconf 91' lang='lat' dir='ltr'><strong>cum</strong></span> <span class='ocrx_word' id='word_1_408' title='bbox 2607 3199 2661 3254; x_wconf 93' lang='lat' dir='ltr'><strong>in</strong></span> <span class='ocrx_word' id='word_1_409' title='bbox 2692 3198 2800 3265; x_wconf 86' lang='lat' dir='ltr'><strong>bis,</strong></span> <span class='ocrx_word' id='word_1_410' title='bbox 2829 3214 2951 3269; x_wconf 73' lang='lat' dir='ltr'><strong>quae</strong></span> <span class='ocrx_word' id='word_1_411' title='bbox 2978 3196 3158 3263; x_wconf 86' lang='lat' dir='ltr'><strong>docet,</strong></span> <span class='ocrx_word' id='word_1_412' title='bbox 3189 3195 3306 3266; x_wconf 90' lang='lat' dir='ltr'><strong>ipse</strong></span> <span class='ocrx_word' id='word_1_413' title='bbox 3336 3193 3500 3248; x_wconf 87' lang='lat' dir='ltr'><strong>ﬁdem</strong></span> 
     </span>
    </p>
   </div>
   <div class='ocr_carea' id='block_1_60' title="bbox 219 3261 3500 3370">
    <p class='ocr_par' dir='ltr' id='par_1_60' title="bbox 219 3261 3500 3370">
     <span class='ocr_line' id='line_1_61' title="bbox 219 3261 3500 3370; baseline 0.007 -54"><span class='ocrx_word' id='word_1_414' title='bbox 219 3269 279 3368; x_wconf 69' lang='lat' dir='ltr'><strong>ut</strong></span> <span class='ocrx_word' id='word_1_415' title='bbox 306 3261 1205 3370; x_wconf 42' lang='lat' dir='ltr'><strong>divitiaspromissaa.haereditatis,</strong></span> <span class='ocrx_word' id='word_1_416' title='bbox 1236 3267 1389 3339; x_wconf 84' lang='lat' dir='ltr'><strong>regni</strong></span> <span class='ocrx_word' id='word_1_417' title='bbox 1423 3267 1662 3325; x_wconf 68' lang='lat' dir='ltr'><strong>caelestis</strong></span> <span class='ocrx_word' id='word_1_418' title='bbox 1691 3269 1805 3342; x_wconf 85' lang='lat' dir='ltr'><strong>glo-</strong></span> <span class='ocrx_word' id='word_1_419' title='bbox 1830 3305 1878 3370; x_wconf 60' lang='grc' dir='ltr'><strong><em>ε</em></strong></span> <span class='ocrx_word' id='word_1_420' title='bbox 1907 3261 2114 3353; x_wconf 51' lang='grc' dir='ltr'><strong>οξηωῖι</strong></span> <span class='ocrx_word' id='word_1_421' title='bbox 2162 3310 2271 3351; x_wconf 69' lang='lat' dir='ltr'><strong>non</strong></span> <span class='ocrx_word' id='word_1_422' title='bbox 2308 3261 2527 3360; x_wconf 46' lang='lat' dir='ltr'><strong>habent,</strong></span> <span class='ocrx_word' id='word_1_423' title='bbox 2559 3293 2739 3350; x_wconf 67' lang='lat' dir='ltr'><strong>sciens</strong></span> <span class='ocrx_word' id='word_1_424' title='bbox 2787 3261 3122 3357; x_wconf 68' lang='lat' dir='ltr'><strong>ﬁnxisse,</strong></span> <span class='ocrx_word' id='word_1_425' title='bbox 3144 3261 3284 3361; x_wconf 61' lang='lat' dir='ltr'><strong>qua:</strong></span> <span class='ocrx_word' id='word_1_426' title='bbox 3323 3288 3500 3344; x_wconf 85' lang='lat' dir='ltr'><strong>docet.</strong></span> 
     </span>
    </p>
   </div>
   <div class='ocr_carea' id='block_1_61' title="bbox 219 3354 1330 3430">
    <p class='ocr_par' dir='ltr' id='par_1_61' title="bbox 219 3354 1330 3430">
     <span class='ocr_line' id='line_1_62' title="bbox 219 3354 1330 3430; baseline 0.005 -20"><span class='ocrx_word' id='word_1_427' title='bbox 219 3354 380 3422; x_wconf 87' lang='lat' dir='ltr'><strong>riam,</strong></span> <span class='ocrx_word' id='word_1_428' title='bbox 407 3364 466 3411; x_wconf 91' lang='lat' dir='ltr'><strong>et</strong></span> <span class='ocrx_word' id='word_1_429' title='bbox 487 3357 656 3412; x_wconf 90' lang='lat' dir='ltr'><strong>vitam</strong></span> <span class='ocrx_word' id='word_1_430' title='bbox 687 3358 1011 3430; x_wconf 88' lang='lat' dir='ltr'><strong>recipiamus</strong></span> <span class='ocrx_word' id='word_1_431' title='bbox 1051 3368 1330 3416; x_wconf 68' lang='lat' dir='ltr'><strong>aeternam.</strong></span> 
     </span>
    </p>
   </div>
   <div class='ocr_carea' id='block_1_62' title="bbox 252 3446 1803 3520">
    <p class='ocr_par' dir='ltr' id='par_1_62' title="bbox 252 3446 1803 3520">
     <span class='ocr_line' id='line_1_63' title="bbox 252 3446 1803 3520; baseline 0.004 -15"><span class='ocrx_word' id='word_1_432' title='bbox 252 3460 258 3464; x_wconf 89' lang='lat'><strong><em>&#39;</em></strong></span> <span class='ocrx_word' id='word_1_433' title='bbox 286 3446 454 3505; x_wconf 70' lang='lat' dir='ltr'><strong>Vnus.</strong></span> <span class='ocrx_word' id='word_1_434' title='bbox 486 3448 539 3505; x_wconf 88' lang='lat'><strong>6.</strong></span> <span class='ocrx_word' id='word_1_435' title='bbox 562 3480 636 3491; x_wconf 95' lang='lat'><strong><em>—</em></strong></span> <span class='ocrx_word' id='word_1_436' title='bbox 665 3450 1004 3506; x_wconf 85' lang='lat' dir='ltr'><strong>Proverbium</strong></span> <span class='ocrx_word' id='word_1_437' title='bbox 1023 3465 1118 3506; x_wconf 86' lang='lat' dir='ltr'><strong>est.</strong></span> <span class='ocrx_word' id='word_1_438' title='bbox 1153 3451 1271 3520; x_wconf 87' lang='lat' dir='ltr'><strong>Quo</strong></span> <span class='ocrx_word' id='word_1_439' title='bbox 1299 3452 1467 3510; x_wconf 84' lang='lat' dir='ltr'><strong>semel</strong></span> <span class='ocrx_word' id='word_1_440' title='bbox 1491 3462 1574 3510; x_wconf 88' lang='lat' dir='ltr'><strong>est</strong></span> <span class='ocrx_word' id='word_1_441' title='bbox 1596 3453 1803 3511; x_wconf 82' lang='lat' dir='ltr'><strong>imbuta</strong></span> 
     </span>
    </p>
   </div>
   <div class='ocr_carea' id='block_1_63' title="bbox 222 3541 1804 3602">
    <p class='ocr_par' dir='ltr' id='par_1_63' title="bbox 222 3541 1804 3602">
     <span class='ocr_line' id='line_1_64' title="bbox 222 3541 1804 3602; baseline 0.004 -6"><span class='ocrx_word' id='word_1_442' title='bbox 222 3553 408 3596; x_wconf 88' lang='lat' dir='ltr'><strong>recens</strong></span> <span class='ocrx_word' id='word_1_443' title='bbox 454 3541 694 3598; x_wconf 85' lang='lat' dir='ltr'><strong>servabit</strong></span> <span class='ocrx_word' id='word_1_444' title='bbox 718 3543 938 3598; x_wconf 89' lang='lat' dir='ltr'><strong>odorem</strong></span> <span class='ocrx_word' id='word_1_445' title='bbox 963 3553 1099 3599; x_wconf 84' lang='lat' dir='ltr'><strong>testa</strong></span> <span class='ocrx_word' id='word_1_446' title='bbox 1127 3544 1240 3599; x_wconf 91' lang='lat' dir='ltr'><strong>diu.</strong></span> <span class='ocrx_word' id='word_1_447' title='bbox 1291 3543 1358 3599; x_wconf 86' lang='lat' dir='ltr'><strong>Et</strong></span> <span class='ocrx_word' id='word_1_448' title='bbox 1397 3543 1584 3600; x_wconf 80' lang='lat' dir='ltr'><strong>Graeca</strong></span> <span class='ocrx_word' id='word_1_449' title='bbox 1615 3553 1804 3602; x_wconf 88' lang='lat' dir='ltr'><strong>narrat</strong></span> 
     </span>
    </p>
   </div>
   <div class='ocr_carea' id='block_1_64' title="bbox 222 3630 1804 3707">
    <p class='ocr_par' dir='ltr' id='par_1_64' title="bbox 222 3630 1804 3707">
     <span class='ocr_line' id='line_1_65' title="bbox 222 3630 1804 3707; baseline 0.004 -19"><span class='ocrx_word' id='word_1_450' title='bbox 222 3630 445 3689; x_wconf 89' lang='lat' dir='ltr'><strong>historia</strong></span> <span class='ocrx_word' id='word_1_451' title='bbox 475 3633 842 3691; x_wconf 79' lang='lat' dir='ltr'><strong>Alexandrum</strong></span> <span class='ocrx_word' id='word_1_452' title='bbox 872 3651 1127 3707; x_wconf 87' lang='lat' dir='ltr'><strong>magnum</strong></span> <span class='ocrx_word' id='word_1_453' title='bbox 1151 3643 1204 3692; x_wconf 91' lang='lat' dir='ltr'><strong>et</strong></span> <span class='ocrx_word' id='word_1_454' title='bbox 1228 3636 1470 3693; x_wconf 86' lang='lat' dir='ltr'><strong>moribus</strong></span> <span class='ocrx_word' id='word_1_455' title='bbox 1503 3646 1558 3694; x_wconf 92' lang='lat' dir='ltr'><strong>et</strong></span> <span class='ocrx_word' id='word_1_456' title='bbox 1582 3638 1804 3695; x_wconf 88' lang='lat' dir='ltr'><strong>incessu</strong></span> 
     </span>
    </p>
   </div>
   <div class='ocr_carea' id='block_1_65' title="bbox 223 3724 1802 3800">
    <p class='ocr_par' dir='ltr' id='par_1_65' title="bbox 223 3724 1802 3800">
     <span class='ocr_line' id='line_1_66' title="bbox 223 3724 1802 3800; baseline 0.004 -20"><span class='ocrx_word' id='word_1_457' title='bbox 223 3724 473 3783; x_wconf 86' lang='lat' dir='ltr'><strong>Leonidis</strong></span> <span class='ocrx_word' id='word_1_458' title='bbox 499 3727 776 3800; x_wconf 62' lang='lat' dir='ltr'><strong>paedagogi</strong></span> <span class='ocrx_word' id='word_1_459' title='bbox 806 3729 892 3784; x_wconf 92' lang='lat' dir='ltr'><strong>sui</strong></span> <span class='ocrx_word' id='word_1_460' title='bbox 921 3744 1029 3784; x_wconf 91' lang='lat' dir='ltr'><strong>non</strong></span> <span class='ocrx_word' id='word_1_461' title='bbox 1061 3729 1302 3799; x_wconf 88' lang='lat' dir='ltr'><strong>potuisse</strong></span> <span class='ocrx_word' id='word_1_462' title='bbox 1329 3743 1540 3798; x_wconf 89' lang='lat' dir='ltr'><strong>carere,</strong></span> <span class='ocrx_word' id='word_1_463' title='bbox 1569 3738 1624 3787; x_wconf 91' lang='lat' dir='ltr'><strong>et</strong></span> <span class='ocrx_word' id='word_1_464' title='bbox 1653 3730 1802 3786; x_wconf 87' lang='lat' dir='ltr'><strong>vitiis</strong></span> 
     </span>
    </p>
   </div>
   <div class='ocr_carea' id='block_1_66' title="bbox 222 3816 1128 3888">
    <p class='ocr_par' dir='ltr' id='par_1_66' title="bbox 222 3816 1128 3888">
     <span class='ocr_line' id='line_1_67' title="bbox 222 3816 1128 3888; baseline 0.006 -19"><span class='ocrx_word' id='word_1_465' title='bbox 222 3816 412 3886; x_wconf 92' lang='lat' dir='ltr'><strong>quibus</strong></span> <span class='ocrx_word' id='word_1_466' title='bbox 436 3831 636 3888; x_wconf 90' lang='lat' dir='ltr'><strong>parvus</strong></span> <span class='ocrx_word' id='word_1_467' title='bbox 661 3816 892 3874; x_wconf 88' lang='lat' dir='ltr'><strong>infectus</strong></span> <span class='ocrx_word' id='word_1_468' title='bbox 930 3817 1128 3874; x_wconf 81' lang='lat' dir='ltr'><strong>fuerat.</strong></span> 
     </span>
    </p>
   </div>
   <div class='ocr_carea' id='block_1_67' title="bbox 289 3907 1802 3984">
    <p class='ocr_par' dir='ltr' id='par_1_67' title="bbox 289 3907 1802 3984">
     <span class='ocr_line' id='line_1_68' title="bbox 289 3907 1802 3984; baseline 0.005 -22"><span class='ocrx_word' id='word_1_469' title='bbox 289 3907 456 3963; x_wconf 72' lang='lat' dir='ltr'><strong>Vnus.</strong></span> <span class='ocrx_word' id='word_1_470' title='bbox 481 3908 534 3964; x_wconf 91' lang='lat'><strong>8.</strong></span> <span class='ocrx_word' id='word_1_471' title='bbox 561 3937 634 3949; x_wconf 92' lang='lat'><strong>—</strong></span> <span class='ocrx_word' id='word_1_472' title='bbox 659 3907 762 3975; x_wconf 85' lang='lat' dir='ltr'><strong>Qui</strong></span> <span class='ocrx_word' id='word_1_473' title='bbox 792 3911 1016 3965; x_wconf 81' lang='lat' dir='ltr'><strong>seminat</strong></span> <span class='ocrx_word' id='word_1_474' title='bbox 1052 3911 1400 3983; x_wconf 79' lang='lat' dir='ltr'><strong>iniquitatem.</strong></span> <span class='ocrx_word' id='word_1_475' title='bbox 1447 3910 1623 3980; x_wconf 86' lang='lat' dir='ltr'><strong>Patet,</strong></span> <span class='ocrx_word' id='word_1_476' title='bbox 1673 3913 1802 3984; x_wconf 89' lang='lat' dir='ltr'><strong>quia</strong></span> 
     </span>
    </p>
   </div>
   <div class='ocr_carea' id='block_1_68' title="bbox 223 3996 1803 4074">
    <p class='ocr_par' dir='ltr' id='par_1_68' title="bbox 223 3996 1803 4074">
     <span class='ocr_line' id='line_1_69' title="bbox 223 3996 1803 4074; baseline 0.006 -22"><span class='ocrx_word' id='word_1_477' title='bbox 223 3996 269 4054; x_wconf 89' lang='lat' dir='ltr'><strong>is</strong></span> <span class='ocrx_word' id='word_1_478' title='bbox 281 3998 372 4068; x_wconf 91' lang='lat' dir='ltr'><strong>qui</strong></span> <span class='ocrx_word' id='word_1_479' title='bbox 391 3997 480 4054; x_wconf 72' lang='grc' dir='ltr'><strong>νει</strong></span> <span class='ocrx_word' id='word_1_480' title='bbox 505 3999 676 4054; x_wconf 89' lang='lat' dir='ltr'><strong>verbo</strong></span> <span class='ocrx_word' id='word_1_481' title='bbox 704 3999 790 4055; x_wconf 88' lang='lat' dir='ltr'><strong>vel</strong></span> <span class='ocrx_word' id='word_1_482' title='bbox 803 3999 1066 4071; x_wconf 81' lang='lat' dir='ltr'><strong>exemplo&#39;</strong></span> <span class='ocrx_word' id='word_1_483' title='bbox 1079 4001 1241 4058; x_wconf 89' lang='lat' dir='ltr'><strong>docet</strong></span> <span class='ocrx_word' id='word_1_484' title='bbox 1259 4002 1625 4074; x_wconf 89' lang='lat' dir='ltr'><strong>iniquitatem,</strong></span> <span class='ocrx_word' id='word_1_485' title='bbox 1641 4006 1803 4061; x_wconf 89' lang='lat' dir='ltr'><strong>susti-</strong></span> 
     </span>
    </p>
   </div>
   <div class='ocr_carea' id='block_1_69' title="bbox 223 4090 1303 4164">
    <p class='ocr_par' dir='ltr' id='par_1_69' title="bbox 223 4090 1303 4164">
     <span class='ocr_line' id='line_1_70' title="bbox 223 4090 1303 4164; baseline 0.003 -19"><span class='ocrx_word' id='word_1_486' title='bbox 223 4091 371 4146; x_wconf 90' lang='lat' dir='ltr'><strong>nebit</strong></span> <span class='ocrx_word' id='word_1_487' title='bbox 389 4090 704 4147; x_wconf 89' lang='lat' dir='ltr'><strong>vindictam.</strong></span> <span class='ocrx_word' id='word_1_488' title='bbox 737 4091 844 4148; x_wconf 90' lang='lat' dir='ltr'><strong>Sed</strong></span> <span class='ocrx_word' id='word_1_489' title='bbox 861 4092 988 4162; x_wconf 85' lang='lat' dir='ltr'><strong>quia</strong></span> <span class='ocrx_word' id='word_1_490' title='bbox 1018 4093 1303 4164; x_wconf 86' lang='lat' dir='ltr'><strong>sequitur:</strong></span> 
     </span>
    </p>
   </div>
   <div class='ocr_carea' id='block_1_70' title="bbox 289 4182 1800 4256">
    <p class='ocr_par' dir='ltr' id='par_1_70' title="bbox 289 4182 1800 4256">
     <span class='ocr_line' id='line_1_71' title="bbox 289 4182 1800 4256; baseline 0.006 -19"><span class='ocrx_word' id='word_1_491' title='bbox 289 4182 358 4238; x_wconf 87' lang='lat' dir='ltr'><strong>Et</strong></span> <span class='ocrx_word' id='word_1_492' title='bbox 391 4187 540 4256; x_wconf 86' lang='lat' dir='ltr'><strong>virga</strong></span> <span class='ocrx_word' id='word_1_493' title='bbox 587 4185 682 4241; x_wconf 75' lang='lat' dir='ltr'><strong>ine</strong></span> <span class='ocrx_word' id='word_1_494' title='bbox 718 4202 850 4242; x_wconf 69' lang='lat' dir='ltr'><strong>suae.</strong></span> <span class='ocrx_word' id='word_1_495' title='bbox 879 4185 1028 4240; x_wconf 86' lang='lat' dir='ltr'><strong>Illam</strong></span> <span class='ocrx_word' id='word_1_496' title='bbox 1078 4186 1420 4256; x_wconf 91' lang='lat' dir='ltr'><strong>iniquitatem</strong></span> <span class='ocrx_word' id='word_1_497' title='bbox 1450 4187 1666 4245; x_wconf 90' lang='lat' dir='ltr'><strong>videtur</strong></span> <span class='ocrx_word' id='word_1_498' title='bbox 1715 4189 1800 4246; x_wconf 90' lang='lat' dir='ltr'><strong>di-</strong></span> 
     </span>
    </p>
   </div>
   <div class='ocr_carea' id='block_1_71' title="bbox 223 4276 1802 4353">
    <p class='ocr_par' dir='ltr' id='par_1_71' title="bbox 223 4276 1802 4353">
     <span class='ocr_line' id='line_1_72' title="bbox 223 4276 1802 4353; baseline 0.002 -18"><span class='ocrx_word' id='word_1_499' title='bbox 223 4293 364 4345; x_wconf 84' lang='lat' dir='ltr'><strong>cere,</strong></span> <span class='ocrx_word' id='word_1_500' title='bbox 392 4288 522 4345; x_wconf 88' lang='lat' dir='ltr'><strong>etc.,</strong></span> <span class='ocrx_word' id='word_1_501' title='bbox 549 4294 714 4350; x_wconf 85' lang='lat' dir='ltr'><strong>usque</strong></span> <span class='ocrx_word' id='word_1_502' title='bbox 733 4279 802 4333; x_wconf 87' lang='lat' dir='ltr'><strong>ad</strong></span> <span class='ocrx_word' id='word_1_503' title='bbox 828 4278 1004 4334; x_wconf 89' lang='lat' dir='ltr'><strong>unde:</strong></span> <span class='ocrx_word' id='word_1_504' title='bbox 1031 4276 1222 4334; x_wconf 87' lang='lat' dir='ltr'><strong>Omnes</strong></span> <span class='ocrx_word' id='word_1_505' title='bbox 1242 4280 1379 4334; x_wconf 90' lang='lat' dir='ltr'><strong>enim</strong></span> <span class='ocrx_word' id='word_1_506' title='bbox 1399 4281 1488 4352; x_wconf 84' lang='lat' dir='ltr'><strong>qui</strong></span> <span class='ocrx_word' id='word_1_507' title='bbox 1511 4281 1802 4353; x_wconf 84' lang='lat' dir='ltr'><strong>acceperint</strong></span> 
     </span>
    </p>
   </div>
   <div class='ocr_carea' id='block_1_72' title="bbox 222 4368 1388 4442">
    <p class='ocr_par' dir='ltr' id='par_1_72' title="bbox 222 4368 1388 4442">
     <span class='ocr_line' id='line_1_73' title="bbox 222 4368 1388 4442; baseline 0.002 -18"><span class='ocrx_word' id='word_1_508' title='bbox 222 4369 473 4441; x_wconf 82' lang='lat' dir='ltr'><strong>gladium,</strong></span> <span class='ocrx_word' id='word_1_509' title='bbox 503 4368 680 4440; x_wconf 88' lang='lat' dir='ltr'><strong>gladio</strong></span> <span class='ocrx_word' id='word_1_510' title='bbox 697 4369 936 4440; x_wconf 85' lang='lat' dir='ltr'><strong>peribunt</strong></span> <span class='ocrx_word' id='word_1_511' title='bbox 968 4368 1184 4440; x_wconf 80' lang='lat' dir='ltr'><strong>(Matth.</strong></span> <span class='ocrx_word' id='word_1_512' title='bbox 1215 4371 1388 4442; x_wconf 72' lang='lat' dir='ltr'><strong>xxvr).</strong></span> 
     </span>
    </p>
   </div>
   <div class='ocr_carea' id='block_1_73' title="bbox 293 4462 1804 4538">
    <p class='ocr_par' dir='ltr' id='par_1_73' title="bbox 293 4462 1804 4538">
     <span class='ocr_line' id='line_1_74' title="bbox 293 4462 1804 4538; baseline 0.001 -19"><span class='ocrx_word' id='word_1_513' title='bbox 293 4464 456 4519; x_wconf 77' lang='lat' dir='ltr'><strong>Vens.</strong></span> <span class='ocrx_word' id='word_1_514' title='bbox 486 4463 574 4518; x_wconf 82' lang='grc'><strong>15.</strong></span> <span class='ocrx_word' id='word_1_515' title='bbox 590 4462 813 4519; x_wconf 85' lang='lat' dir='ltr'><strong>—Dicet</strong></span> <span class='ocrx_word' id='word_1_516' title='bbox 831 4465 996 4535; x_wconf 86' lang='lat' dir='ltr'><strong>piger,</strong></span> <span class='ocrx_word' id='word_1_517' title='bbox 1014 4465 1082 4520; x_wconf 90' lang='lat' dir='ltr'><strong>ad</strong></span> <span class='ocrx_word' id='word_1_518' title='bbox 1108 4465 1248 4521; x_wconf 89' lang='lat' dir='ltr'><strong>bona</strong></span> <span class='ocrx_word' id='word_1_519' title='bbox 1277 4481 1464 4536; x_wconf 91' lang='lat' dir='ltr'><strong>opera,</strong></span> <span class='ocrx_word' id='word_1_520' title='bbox 1487 4475 1617 4530; x_wconf 88' lang='lat' dir='ltr'><strong>etc.,</strong></span> <span class='ocrx_word' id='word_1_521' title='bbox 1643 4483 1804 4538; x_wconf 85' lang='lat' dir='ltr'><strong>usque</strong></span> 
     </span>
    </p>
   </div>
   <div class='ocr_carea' id='block_1_74' title="bbox 224 4559 1656 4628">
    <p class='ocr_par' dir='ltr' id='par_1_74' title="bbox 224 4559 1656 4628">
     <span class='ocr_line' id='line_1_75' title="bbox 224 4559 1656 4628; baseline -0.001 -11"><span class='ocrx_word' id='word_1_522' title='bbox 224 4559 291 4617; x_wconf 87' lang='lat' dir='ltr'><strong>ad</strong></span> <span class='ocrx_word' id='word_1_523' title='bbox 312 4569 424 4628; x_wconf 89' lang='lat' dir='ltr'><strong>aut,</strong></span> <span class='ocrx_word' id='word_1_524' title='bbox 458 4560 598 4616; x_wconf 89' lang='lat' dir='ltr'><strong>sicut</strong></span> <span class='ocrx_word' id='word_1_525' title='bbox 645 4559 780 4616; x_wconf 90' lang='lat' dir='ltr'><strong>alios</strong></span> <span class='ocrx_word' id='word_1_526' title='bbox 802 4559 1001 4628; x_wconf 90' lang='lat' dir='ltr'><strong>justos,</strong></span> <span class='ocrx_word' id='word_1_527' title='bbox 1031 4571 1314 4616; x_wconf 92' lang='lat' dir='ltr'><strong>consumat</strong></span> <span class='ocrx_word' id='word_1_528' title='bbox 1355 4563 1656 4617; x_wconf 88' lang='lat' dir='ltr'><strong>tormentis.</strong></span> 
     </span>
    </p>
   </div>
   <div class='ocr_carea' id='block_1_75' title="bbox 1979 3383 3507 3460">
    <p class='ocr_par' dir='ltr' id='par_1_75' title="bbox 1979 3383 3507 3460">
     <span class='ocr_line' id='line_1_76' title="bbox 1979 3383 3507 3460; baseline -0.007 -14"><span class='ocrx_word' id='word_1_529' title='bbox 1979 3389 2147 3446; x_wconf 74' lang='lat' dir='ltr'><strong>Vens.</strong></span> <span class='ocrx_word' id='word_1_530' title='bbox 2195 3389 2250 3445; x_wconf 89' lang='lat'><strong>8.</strong></span> <span class='ocrx_word' id='word_1_531' title='bbox 2284 3420 2351 3432; x_wconf 89' lang='lat'><strong><em>—</em></strong></span> <span class='ocrx_word' id='word_1_532' title='bbox 2381 3387 2534 3444; x_wconf 87' lang='lat' dir='ltr'><strong>Cibos</strong></span> <span class='ocrx_word' id='word_1_533' title='bbox 2553 3405 2682 3460; x_wconf 84' lang='lat' dir='ltr'><strong>quos</strong></span> <span class='ocrx_word' id='word_1_534' title='bbox 2705 3387 3026 3443; x_wconf 83' lang='lat' dir='ltr'><strong>comederas.</strong></span> <span class='ocrx_word' id='word_1_535' title='bbox 3059 3383 3267 3441; x_wconf 85' lang='lat' dir='ltr'><strong>Sensus</strong></span> <span class='ocrx_word' id='word_1_536' title='bbox 3285 3396 3507 3453; x_wconf 85' lang='lat' dir='ltr'><strong>perver-</strong></span> 
     </span>
    </p>
   </div>
   <div class='ocr_carea' id='block_1_76' title="bbox 1909 3471 3503 3552">
    <p class='ocr_par' dir='ltr' id='par_1_76' title="bbox 1909 3471 3503 3552">
     <span class='ocr_line' id='line_1_77' title="bbox 1909 3471 3503 3552; baseline -0.008 -13"><span class='ocrx_word' id='word_1_537' title='bbox 1909 3498 2025 3550; x_wconf 88' lang='lat' dir='ltr'><strong>sos,</strong></span> <span class='ocrx_word' id='word_1_538' title='bbox 2048 3496 2186 3552; x_wconf 88' lang='lat' dir='ltr'><strong>quos</strong></span> <span class='ocrx_word' id='word_1_539' title='bbox 2229 3480 2298 3536; x_wconf 89' lang='lat' dir='ltr'><strong>ab</strong></span> <span class='ocrx_word' id='word_1_540' title='bbox 2329 3479 2602 3536; x_wconf 63' lang='lat' dir='ltr'><strong>haereticis</strong></span> <span class='ocrx_word' id='word_1_541' title='bbox 2634 3479 2905 3535; x_wconf 90' lang='lat' dir='ltr'><strong>didiceras</strong></span> <span class='ocrx_word' id='word_1_542' title='bbox 2937 3490 3164 3533; x_wconf 88' lang='lat' dir='ltr'><strong>necesse</strong></span> <span class='ocrx_word' id='word_1_543' title='bbox 3187 3483 3292 3540; x_wconf 89' lang='lat' dir='ltr'><strong>est,</strong></span> <span class='ocrx_word' id='word_1_544' title='bbox 3325 3482 3386 3528; x_wconf 89' lang='lat' dir='ltr'><strong>ut</strong></span> <span class='ocrx_word' id='word_1_545' title='bbox 3416 3471 3503 3529; x_wconf 85' lang='lat' dir='ltr'><strong>vel</strong></span> 
     </span>
    </p>
   </div>
   <div class='ocr_carea' id='block_1_77' title="bbox 1907 3564 3505 3647">
    <p class='ocr_par' dir='ltr' id='par_1_77' title="bbox 1907 3564 3505 3647">
     <span class='ocr_line' id='line_1_78' title="bbox 1907 3564 3505 3647; baseline -0.006 -18"><span class='ocrx_word' id='word_1_546' title='bbox 1907 3589 2008 3647; x_wconf 88' lang='lat' dir='ltr'><strong>per</strong></span> <span class='ocrx_word' id='word_1_547' title='bbox 2047 3573 2423 3644; x_wconf 83' lang='lat' dir='ltr'><strong>paenitentiam</strong></span> <span class='ocrx_word' id='word_1_548' title='bbox 2470 3572 2826 3644; x_wconf 90' lang='lat' dir='ltr'><strong>corrigendus</strong></span> <span class='ocrx_word' id='word_1_549' title='bbox 2862 3571 3106 3637; x_wconf 86' lang='lat' dir='ltr'><strong>deseras,</strong></span> <span class='ocrx_word' id='word_1_550' title='bbox 3155 3567 3241 3624; x_wconf 88' lang='lat' dir='ltr'><strong>vel</strong></span> <span class='ocrx_word' id='word_1_551' title='bbox 3284 3580 3384 3638; x_wconf 93' lang='lat' dir='ltr'><strong>pro</strong></span> <span class='ocrx_word' id='word_1_552' title='bbox 3414 3564 3505 3621; x_wconf 85' lang='lat' dir='ltr'><strong>bis</strong></span> 
     </span>
    </p>
   </div>
   <div class='ocr_carea' id='block_1_78' title="bbox 1911 3661 3508 3739">
    <p class='ocr_par' dir='ltr' id='par_1_78' title="bbox 1911 3661 3508 3739">
     <span class='ocr_line' id='line_1_79' title="bbox 1911 3661 3508 3739; baseline -0.004 -17"><span class='ocrx_word' id='word_1_553' title='bbox 1911 3675 2034 3739; x_wconf 90' lang='lat' dir='ltr'><strong>post</strong></span> <span class='ocrx_word' id='word_1_554' title='bbox 2058 3675 2290 3722; x_wconf 89' lang='lat' dir='ltr'><strong>mortem</strong></span> <span class='ocrx_word' id='word_1_555' title='bbox 2329 3679 2520 3736; x_wconf 73' lang='lat' dir='ltr'><strong>pmnas</strong></span> <span class='ocrx_word' id='word_1_556' title='bbox 2544 3664 2838 3731; x_wconf 86' lang='lat' dir='ltr'><strong>sustineas,</strong></span> <span class='ocrx_word' id='word_1_557' title='bbox 2884 3661 3193 3734; x_wconf 87' lang='lat' dir='ltr'><strong>perdasque</strong></span> <span class='ocrx_word' id='word_1_558' title='bbox 3220 3670 3508 3739; x_wconf 73' lang='lat' dir='ltr'><strong>sermones</strong></span> 
     </span>
    </p>
   </div>
   <div class='ocr_carea' id='block_1_79' title="bbox 1908 3747 3506 3828">
    <p class='ocr_par' dir='ltr' id='par_1_79' title="bbox 1908 3747 3506 3828">
     <span class='ocr_line' id='line_1_80' title="bbox 1908 3747 3506 3828; baseline -0.005 -15"><span class='ocrx_word' id='word_1_559' title='bbox 1908 3755 2304 3823; x_wconf 79' lang='lat' dir='ltr'><strong>confessionis,</strong></span> <span class='ocrx_word' id='word_1_560' title='bbox 2351 3757 2549 3827; x_wconf 87' lang='lat' dir='ltr'><strong>quibus</strong></span> <span class='ocrx_word' id='word_1_561' title='bbox 2603 3757 2684 3813; x_wconf 87' lang='lat' dir='ltr'><strong>eis</strong></span> <span class='ocrx_word' id='word_1_562' title='bbox 2745 3754 3170 3828; x_wconf 76' lang='lat' dir='ltr'><strong>praedicantibus</strong></span> <span class='ocrx_word' id='word_1_563' title='bbox 3219 3747 3506 3810; x_wconf 84' lang='lat' dir='ltr'><strong>liumiliter</strong></span> 
     </span>
    </p>
   </div>
   <div class='ocr_carea' id='block_1_80' title="bbox 1909 3833 2692 3919">
    <p class='ocr_par' dir='ltr' id='par_1_80' title="bbox 1909 3833 2692 3919">
     <span class='ocr_line' id='line_1_81' title="bbox 1909 3833 2692 3919; baseline 0 -15"><span class='ocrx_word' id='word_1_564' title='bbox 1909 3849 2197 3904; x_wconf 89' lang='lat' dir='ltr'><strong>favendum</strong></span> <span class='ocrx_word' id='word_1_565' title='bbox 2227 3864 2349 3904; x_wconf 91' lang='lat' dir='ltr'><strong>esse</strong></span> <span class='ocrx_word' id='word_1_566' title='bbox 2376 3833 2692 3919; x_wconf 62' lang='lat' dir='ltr'><strong>putaveras.</strong></span> 
     </span>
    </p>
   </div>
   <div class='ocr_carea' id='block_1_81' title="bbox 1980 3937 3504 3998">
    <p class='ocr_par' dir='ltr' id='par_1_81' title="bbox 1980 3937 3504 3998">
     <span class='ocr_line' id='line_1_82' title="bbox 1980 3937 3504 3998; baseline -0.003 -2"><span class='ocrx_word' id='word_1_567' title='bbox 1980 3940 2146 3997; x_wconf 74' lang='lat' dir='ltr'><strong>Vens.</strong></span> <span class='ocrx_word' id='word_1_568' title='bbox 2189 3941 2244 3998; x_wconf 91' lang='lat'><strong>9.</strong></span> <span class='ocrx_word' id='word_1_569' title='bbox 2265 3971 2336 3982; x_wconf 95' lang='lat'><strong>—</strong></span> <span class='ocrx_word' id='word_1_570' title='bbox 2363 3939 2432 3996; x_wconf 85' lang='lat' dir='ltr'><strong>In</strong></span> <span class='ocrx_word' id='word_1_571' title='bbox 2456 3941 2695 3996; x_wconf 83' lang='lat' dir='ltr'><strong>auribus.</strong></span> <span class='ocrx_word' id='word_1_572' title='bbox 2723 3940 2904 3997; x_wconf 83' lang='lat' dir='ltr'><strong>Nolite</strong></span> <span class='ocrx_word' id='word_1_573' title='bbox 2929 3948 3170 3998; x_wconf 86' lang='lat' dir='ltr'><strong>sanctum</strong></span> <span class='ocrx_word' id='word_1_574' title='bbox 3198 3938 3328 3994; x_wconf 80' lang='lat' dir='ltr'><strong>dare</strong></span> <span class='ocrx_word' id='word_1_575' title='bbox 3352 3937 3504 3993; x_wconf 80' lang='lat' dir='ltr'><strong>cani-</strong></span> 
     </span>
    </p>
   </div>
   <div class='ocr_carea' id='block_1_82' title="bbox 1909 4029 3508 4107">
    <p class='ocr_par' dir='ltr' id='par_1_82' title="bbox 1909 4029 3508 4107">
     <span class='ocr_line' id='line_1_83' title="bbox 1909 4029 3508 4107; baseline -0.004 -16"><span class='ocrx_word' id='word_1_576' title='bbox 1909 4036 2024 4103; x_wconf 86' lang='lat' dir='ltr'><strong>bus,</strong></span> <span class='ocrx_word' id='word_1_577' title='bbox 2061 4051 2224 4107; x_wconf 84' lang='lat' dir='ltr'><strong>neque</strong></span> <span class='ocrx_word' id='word_1_578' title='bbox 2256 4034 2438 4089; x_wconf 88' lang='lat' dir='ltr'><strong>mittas</strong></span> <span class='ocrx_word' id='word_1_579' title='bbox 2467 4034 2785 4106; x_wconf 84' lang='lat' dir='ltr'><strong>margaritas</strong></span> <span class='ocrx_word' id='word_1_580' title='bbox 2811 4042 2933 4090; x_wconf 83' lang='lat' dir='ltr'><strong>ante</strong></span> <span class='ocrx_word' id='word_1_581' title='bbox 2973 4049 3180 4106; x_wconf 79' lang='lat' dir='ltr'><strong>porcos.</strong></span> <span class='ocrx_word' id='word_1_582' title='bbox 3228 4030 3386 4088; x_wconf 89' lang='lat' dir='ltr'><strong>Sicut</strong></span> <span class='ocrx_word' id='word_1_583' title='bbox 3412 4029 3508 4086; x_wconf 84' lang='lat' dir='ltr'><strong>ad-</strong></span> 
     </span>
    </p>
   </div>
   <div class='ocr_carea' id='block_1_83' title="bbox 1908 4120 3507 4192">
    <p class='ocr_par' dir='ltr' id='par_1_83' title="bbox 1908 4120 3507 4192">
     <span class='ocr_line' id='line_1_84' title="bbox 1908 4120 3507 4192; baseline -0.003 -11"><span class='ocrx_word' id='word_1_584' title='bbox 1908 4125 2137 4192; x_wconf 89' lang='lat' dir='ltr'><strong>monuit,</strong></span> <span class='ocrx_word' id='word_1_585' title='bbox 2168 4138 2236 4180; x_wconf 90' lang='lat' dir='ltr'><strong>ne</strong></span> <span class='ocrx_word' id='word_1_586' title='bbox 2264 4125 2643 4181; x_wconf 72' lang='lat' dir='ltr'><strong>bmreticorum</strong></span> <span class='ocrx_word' id='word_1_587' title='bbox 2683 4125 2949 4180; x_wconf 88' lang='lat' dir='ltr'><strong>doctrinis</strong></span> <span class='ocrx_word' id='word_1_588' title='bbox 2991 4122 3336 4179; x_wconf 77' lang='lat' dir='ltr'><strong>auscultat-es</strong></span> <span class='ocrx_word' id='word_1_589' title='bbox 3365 4137 3378 4173; x_wconf 89' lang='lat'>:</span> <span class='ocrx_word' id='word_1_590' title='bbox 3429 4120 3507 4176; x_wconf 87' lang='lat' dir='ltr'><strong>ita</strong></span> 
     </span>
    </p>
   </div>
   <div class='ocr_carea' id='block_1_84' title="bbox 1909 4211 3508 4290">
    <p class='ocr_par' dir='ltr' id='par_1_84' title="bbox 1909 4211 3508 4290">
     <span class='ocr_line' id='line_1_85' title="bbox 1909 4211 3508 4290; baseline -0.005 -15"><span class='ocrx_word' id='word_1_591' title='bbox 1909 4234 2077 4286; x_wconf 91' lang='lat' dir='ltr'><strong>nunc,</strong></span> <span class='ocrx_word' id='word_1_592' title='bbox 2127 4232 2195 4274; x_wconf 90' lang='lat' dir='ltr'><strong>nc</strong></span> <span class='ocrx_word' id='word_1_593' title='bbox 2228 4234 2415 4274; x_wconf 87' lang='lat' dir='ltr'><strong>amore</strong></span> <span class='ocrx_word' id='word_1_594' title='bbox 2465 4233 2620 4274; x_wconf 68' lang='lat' dir='ltr'><strong>vanae</strong></span> <span class='ocrx_word' id='word_1_595' title='bbox 2669 4217 2852 4290; x_wconf 70' lang='lat' dir='ltr'><strong>gloria:</strong></span> <span class='ocrx_word' id='word_1_596' title='bbox 2905 4215 3162 4272; x_wconf 90' lang='lat' dir='ltr'><strong>seductus</strong></span> <span class='ocrx_word' id='word_1_597' title='bbox 3213 4211 3508 4267; x_wconf 90' lang='lat' dir='ltr'><strong>immundis</strong></span> 
     </span>
    </p>
   </div>
   <div class='ocr_carea' id='block_1_85' title="bbox 1910 4304 3246 4378">
    <p class='ocr_par' dir='ltr' id='par_1_85' title="bbox 1910 4304 3246 4378">
     <span class='ocr_line' id='line_1_86' title="bbox 1910 4304 3246 4378; baseline -0.006 -14"><span class='ocrx_word' id='word_1_598' title='bbox 1910 4307 2222 4365; x_wconf 89' lang='lat' dir='ltr'><strong>hominibus</strong></span> <span class='ocrx_word' id='word_1_599' title='bbox 2262 4307 2464 4378; x_wconf 89' lang='lat' dir='ltr'><strong>passim</strong></span> <span class='ocrx_word' id='word_1_600' title='bbox 2489 4321 2689 4362; x_wconf 90' lang='lat' dir='ltr'><strong>arcana</strong></span> <span class='ocrx_word' id='word_1_601' title='bbox 2724 4305 2972 4361; x_wconf 85' lang='lat' dir='ltr'><strong>veritatis</strong></span> <span class='ocrx_word' id='word_1_602' title='bbox 3011 4304 3246 4374; x_wconf 88' lang='lat' dir='ltr'><strong>ingeras.</strong></span> 
     </span>
    </p>
   </div>
   <div class='ocr_carea' id='block_1_86' title="bbox 1979 4393 3504 4466">
    <p class='ocr_par' dir='ltr' id='par_1_86' title="bbox 1979 4393 3504 4466">
     <span class='ocr_line' id='line_1_87' title="bbox 1979 4393 3504 4466; baseline -0.002 -14"><span class='ocrx_word' id='word_1_603' title='bbox 1979 4398 2144 4453; x_wconf 71' lang='lat' dir='ltr'><strong>Vens.</strong></span> <span class='ocrx_word' id='word_1_604' title='bbox 2175 4397 2262 4450; x_wconf 77' lang='lat' dir='ltr'><strong>l0.</strong></span> <span class='ocrx_word' id='word_1_605' title='bbox 2295 4426 2364 4436; x_wconf 93' lang='lat'><strong><em>—</em></strong></span> <span class='ocrx_word' id='word_1_606' title='bbox 2409 4394 2493 4450; x_wconf 89' lang='lat' dir='ltr'><strong>Ne</strong></span> <span class='ocrx_word' id='word_1_607' title='bbox 2522 4397 2770 4466; x_wconf 85' lang='lat' dir='ltr'><strong>attingas,</strong></span> <span class='ocrx_word' id='word_1_608' title='bbox 2818 4404 2926 4451; x_wconf 88' lang='lat' dir='ltr'><strong>etc.</strong></span> <span class='ocrx_word' id='word_1_609' title='bbox 2966 4393 3337 4464; x_wconf 88' lang='lat' dir='ltr'><strong>Propinquum</strong></span> <span class='ocrx_word' id='word_1_610' title='bbox 3376 4407 3504 4465; x_wconf 89' lang='lat' dir='ltr'><strong>par-</strong></span> 
     </span>
    </p>
   </div>
   <div class='ocr_carea' id='block_1_87' title="bbox 1909 4487 3502 4560">
    <p class='ocr_par' dir='ltr' id='par_1_87' title="bbox 1909 4487 3502 4560">
     <span class='ocr_line' id='line_1_88' title="bbox 1909 4487 3502 4560; baseline -0.001 -16"><span class='ocrx_word' id='word_1_611' title='bbox 1909 4491 2156 4544; x_wconf 87' lang='lat' dir='ltr'><strong>vulorum</strong></span> <span class='ocrx_word' id='word_1_612' title='bbox 2187 4498 2242 4545; x_wconf 91' lang='lat' dir='ltr'><strong>et</strong></span> <span class='ocrx_word' id='word_1_613' title='bbox 2267 4489 2592 4560; x_wconf 89' lang='lat' dir='ltr'><strong>pupillorum</strong></span> <span class='ocrx_word' id='word_1_614' title='bbox 2635 4489 2922 4544; x_wconf 91' lang='lat' dir='ltr'><strong>Dominum</strong></span> <span class='ocrx_word' id='word_1_615' title='bbox 2953 4487 3209 4558; x_wconf 83' lang='lat' dir='ltr'><strong>appellat,</strong></span> <span class='ocrx_word' id='word_1_616' title='bbox 3237 4495 3342 4543; x_wconf 90' lang='lat' dir='ltr'><strong>etc.</strong></span> <span class='ocrx_word' id='word_1_617' title='bbox 3367 4531 3382 4554; x_wconf 94' lang='lat'><strong>,</strong></span> <span class='ocrx_word' id='word_1_618' title='bbox 3413 4505 3502 4543; x_wconf 83' lang='lat' dir='ltr'><strong>us-</strong></span> 
     </span>
    </p>
   </div>
   <div class='ocr_carea' id='block_1_88' title="bbox 1909 4578 3501 4651">
    <p class='ocr_par' dir='ltr' id='par_1_88' title="bbox 1909 4578 3501 4651">
     <span class='ocr_line' id='line_1_89' title="bbox 1909 4578 3501 4651; baseline 0.003 -18"><span class='ocrx_word' id='word_1_619' title='bbox 1909 4597 2009 4650; x_wconf 85' lang='lat' dir='ltr'><strong>que</strong></span> <span class='ocrx_word' id='word_1_620' title='bbox 2056 4580 2124 4634; x_wconf 85' lang='lat' dir='ltr'><strong>ad</strong></span> <span class='ocrx_word' id='word_1_621' title='bbox 2173 4579 2264 4650; x_wconf 92' lang='lat' dir='ltr'><strong>qui</strong></span> <span class='ocrx_word' id='word_1_622' title='bbox 2296 4579 2763 4636; x_wconf 87' lang='lat' dir='ltr'><strong>conversationem</strong></span> <span class='ocrx_word' id='word_1_623' title='bbox 2804 4595 2996 4636; x_wconf 93' lang='lat' dir='ltr'><strong>eorum</strong></span> <span class='ocrx_word' id='word_1_624' title='bbox 3039 4578 3238 4635; x_wconf 88' lang='lat' dir='ltr'><strong>bonam</strong></span> <span class='ocrx_word' id='word_1_625' title='bbox 3289 4581 3501 4651; x_wconf 86' lang='lat' dir='ltr'><strong>inquie-</strong></span> 
     </span>
    </p>
   </div>
   <div class='ocr_carea' id='block_1_89' title="bbox 290 4653 1805 4742">
    <p class='ocr_par' dir='ltr' id='par_1_89' title="bbox 290 4653 1804 4724">
     <span class='ocr_line' id='line_1_90' title="bbox 290 4653 1804 4724; baseline -0.003 -11"><span class='ocrx_word' id='word_1_626' title='bbox 290 4657 457 4713; x_wconf 76' lang='lat' dir='ltr'><strong>Vens.</strong></span> <span class='ocrx_word' id='word_1_627' title='bbox 487 4657 573 4712; x_wconf 75' lang='grc'><strong>16.</strong></span> <span class='ocrx_word' id='word_1_628' title='bbox 598 4685 668 4696; x_wconf 89' lang='grc'><strong><em>-</em></strong></span> <span class='ocrx_word' id='word_1_629' title='bbox 705 4653 810 4720; x_wconf 85' lang='lat' dir='ltr'><strong>Qui</strong></span> <span class='ocrx_word' id='word_1_630' title='bbox 851 4653 1229 4708; x_wconf 84' lang='lat' dir='ltr'><strong>calumniatur.</strong></span> <span class='ocrx_word' id='word_1_631' title='bbox 1267 4653 1512 4721; x_wconf 88' lang='lat' dir='ltr'><strong>Constat,</strong></span> <span class='ocrx_word' id='word_1_632' title='bbox 1560 4655 1684 4724; x_wconf 90' lang='lat' dir='ltr'><strong>quia</strong></span> <span class='ocrx_word' id='word_1_633' title='bbox 1718 4671 1804 4710; x_wconf 87' lang='lat' dir='ltr'><strong>ra-</strong></span> 
     </span>
    </p>
   </div>
   <div class='ocr_carea' id='block_1_90' title="bbox 1931 4653 3218 4742">
    <p class='ocr_par' dir='ltr' id='par_1_90' title="bbox 1931 4662 3218 4742">
     <span class='ocr_line' id='line_1_91' title="bbox 1931 4662 3218 4742; baseline -0.002 -16"><span class='ocrx_word' id='word_1_634' title='bbox 1931 4673 2076 4726; x_wconf 85' lang='lat' dir='ltr'><strong>ando</strong></span> <span class='ocrx_word' id='word_1_635' title='bbox 2105 4662 2325 4737; x_wconf 75' lang='lat' dir='ltr'><strong>lzeserit,</strong></span> <span class='ocrx_word' id='word_1_636' title='bbox 2346 4669 2609 4742; x_wconf 86' lang='lat' dir='ltr'><strong>judiciqu</strong></span> <span class='ocrx_word' id='word_1_637' title='bbox 2636 4670 2850 4727; x_wconf 88' lang='lat' dir='ltr'><strong>Domini</strong></span> <span class='ocrx_word' id='word_1_638' title='bbox 2879 4686 2986 4727; x_wconf 92' lang='lat' dir='ltr'><strong>non</strong></span> <span class='ocrx_word' id='word_1_639' title='bbox 3017 4670 3218 4727; x_wconf 87' lang='lat' dir='ltr'><strong>evadit.</strong></span> 
     </span>
    </p>
   </div>
   <div class='ocr_carea' id='block_1_91' title="bbox 224 4742 1803 4822">
    <p class='ocr_par' dir='ltr' id='par_1_91' title="bbox 224 4742 1803 4822">
     <span class='ocr_line' id='line_1_92' title="bbox 224 4742 1803 4822; baseline -0.003 -18"><span class='ocrx_word' id='word_1_640' title='bbox 224 4764 405 4822; x_wconf 90' lang='lat' dir='ltr'><strong>paces,</strong></span> <span class='ocrx_word' id='word_1_641' title='bbox 430 4756 488 4804; x_wconf 89' lang='lat' dir='ltr'><strong>et</strong></span> <span class='ocrx_word' id='word_1_642' title='bbox 511 4761 632 4818; x_wconf 65' lang='lat' dir='ltr'><strong>quae</strong></span> <span class='ocrx_word' id='word_1_643' title='bbox 684 4742 1032 4816; x_wconf 78' lang='lat' dir='ltr'><strong>pauperibus‘</strong></span> <span class='ocrx_word' id='word_1_644' title='bbox 1056 4742 1332 4809; x_wconf 88' lang='lat' dir='ltr'><strong>auferunt,</strong></span> <span class='ocrx_word' id='word_1_645' title='bbox 1391 4751 1447 4798; x_wconf 91' lang='lat' dir='ltr'><strong>et</strong></span> <span class='ocrx_word' id='word_1_646' title='bbox 1491 4760 1611 4814; x_wconf 76' lang='lat' dir='ltr'><strong>quze</strong></span> <span class='ocrx_word' id='word_1_647' title='bbox 1655 4745 1803 4816; x_wconf 83' lang='lat' dir='ltr'><strong>justo</strong></span> 
     </span>
    </p>
   </div>
   <div class='ocr_carea' id='block_1_92' title="bbox 223 4835 1810 4910">
    <p class='ocr_par' dir='ltr' id='par_1_92' title="bbox 223 4835 1810 4910">
     <span class='ocr_line' id='line_1_93' title="bbox 223 4835 1810 4910; baseline -0.001 -15"><span class='ocrx_word' id='word_1_648' title='bbox 223 4841 542 4895; x_wconf 85' lang='lat' dir='ltr'><strong>videbantur</strong></span> <span class='ocrx_word' id='word_1_649' title='bbox 573 4836 870 4909; x_wconf 88' lang='lat' dir='ltr'><strong>possidere,</strong></span> <span class='ocrx_word' id='word_1_650' title='bbox 901 4835 1155 4906; x_wconf 89' lang='lat' dir='ltr'><strong>perdunt,</strong></span> <span class='ocrx_word' id='word_1_651' title='bbox 1197 4851 1322 4891; x_wconf 91' lang='lat' dir='ltr'><strong>cum</strong></span> <span class='ocrx_word' id='word_1_652' title='bbox 1365 4835 1423 4890; x_wconf 89' lang='lat' dir='ltr'><strong>in</strong></span> <span class='ocrx_word' id='word_1_653' title='bbox 1463 4836 1669 4908; x_wconf 85' lang='lat' dir='ltr'><strong>judicio</strong></span> <span class='ocrx_word' id='word_1_654' title='bbox 1708 4852 1810 4910; x_wconf 90' lang='lat' dir='ltr'><strong>pro</strong></span> 
     </span>
    </p>
   </div>
   <div class='ocr_carea' id='block_1_93' title="bbox 226 4926 1348 5003">
    <p class='ocr_par' dir='ltr' id='par_1_93' title="bbox 226 4926 1348 5003">
     <span class='ocr_line' id='line_1_94' title="bbox 226 4926 1348 5003; baseline -0.005 -16"><span class='ocrx_word' id='word_1_655' title='bbox 226 4931 330 4997; x_wconf 87' lang='lat' dir='ltr'><strong>his,</strong></span> <span class='ocrx_word' id='word_1_656' title='bbox 358 4948 478 5002; x_wconf 72' lang='lat' dir='ltr'><strong>qum</strong></span> <span class='ocrx_word' id='word_1_657' title='bbox 507 4937 808 5003; x_wconf 84' lang='lat' dir='ltr'><strong>gesserunt,</strong></span> <span class='ocrx_word' id='word_1_658' title='bbox 844 4942 1035 4999; x_wconf 65' lang='lat' dir='ltr'><strong>poenas</strong></span> <span class='ocrx_word' id='word_1_659' title='bbox 1059 4926 1348 4998; x_wconf 88' lang='lat' dir='ltr'><strong>recipiunt.</strong></span> 
     </span>
    </p>
   </div>
   <div class='ocr_carea' id='block_1_94' title="bbox 260 5017 1810 5092">
    <p class='ocr_par' dir='ltr' id='par_1_94' title="bbox 260 5017 1810 5092">
     <span class='ocr_line' id='line_1_95' title="bbox 260 5017 1810 5092; baseline -0.001 -12"><span class='ocrx_word' id='word_1_660' title='bbox 260 5021 343 5080; x_wconf 86' lang='lat' dir='ltr'><strong>.F</strong></span> <span class='ocrx_word' id='word_1_661' title='bbox 347 5023 405 5078; x_wconf 91' lang='lat' dir='ltr'><strong>ili</strong></span> <span class='ocrx_word' id='word_1_662' title='bbox 435 5025 527 5077; x_wconf 88' lang='lat' dir='ltr'><strong>mi.</strong></span> <span class='ocrx_word' id='word_1_663' title='bbox 562 5020 853 5092; x_wconf 85' lang='lat' dir='ltr'><strong>Hucusque</strong></span> <span class='ocrx_word' id='word_1_664' title='bbox 879 5019 1068 5076; x_wconf 88' lang='lat' dir='ltr'><strong>titulus</strong></span> <span class='ocrx_word' id='word_1_665' title='bbox 1097 5017 1478 5090; x_wconf 88' lang='lat' dir='ltr'><strong>parabolarum</strong></span> <span class='ocrx_word' id='word_1_666' title='bbox 1502 5019 1810 5078; x_wconf 88' lang='lat' dir='ltr'><strong>Salomonis</strong></span> 
     </span>
    </p>
   </div>
   <div class='ocr_carea' id='block_1_95' title="bbox 227 5117 1812 5195">
    <p class='ocr_par' dir='ltr' id='par_1_95' title="bbox 227 5117 1812 5195">
     <span class='ocr_line' id='line_1_96' title="bbox 227 5117 1812 5195; baseline -0.003 -17"><span class='ocrx_word' id='word_1_667' title='bbox 227 5123 315 5194; x_wconf 91' lang='lat' dir='ltr'><strong>qui</strong></span> <span class='ocrx_word' id='word_1_668' title='bbox 363 5137 525 5195; x_wconf 89' lang='lat' dir='ltr'><strong>supra</strong></span> <span class='ocrx_word' id='word_1_669' title='bbox 565 5121 792 5193; x_wconf 89' lang='lat' dir='ltr'><strong>positus,</strong></span> <span class='ocrx_word' id='word_1_670' title='bbox 827 5128 970 5184; x_wconf 91' lang='lat' dir='ltr'><strong>etc.,</strong></span> <span class='ocrx_word' id='word_1_671' title='bbox 1013 5133 1174 5188; x_wconf 87' lang='lat' dir='ltr'><strong>usque</strong></span> <span class='ocrx_word' id='word_1_672' title='bbox 1219 5117 1290 5172; x_wconf 90' lang='lat' dir='ltr'><strong>ad</strong></span> <span class='ocrx_word' id='word_1_673' title='bbox 1336 5124 1392 5172; x_wconf 89' lang='lat' dir='ltr'><strong>et</strong></span> <span class='ocrx_word' id='word_1_674' title='bbox 1419 5132 1516 5174; x_wconf 91' lang='lat' dir='ltr'><strong>cor</strong></span> <span class='ocrx_word' id='word_1_675' title='bbox 1543 5131 1812 5188; x_wconf 83' lang='lat' dir='ltr'><strong>apponere</strong></span> 
     </span>
    </p>
   </div>
   <div class='ocr_carea' id='block_1_96' title="bbox 227 5209 1816 5286">
    <p class='ocr_par' dir='ltr' id='par_1_96' title="bbox 227 5209 1816 5286">
     <span class='ocr_line' id='line_1_97' title="bbox 227 5209 1816 5286; baseline -0.001 -16"><span class='ocrx_word' id='word_1_676' title='bbox 227 5217 292 5270; x_wconf 88' lang='lat' dir='ltr'><strong>ad</strong></span> <span class='ocrx_word' id='word_1_677' title='bbox 323 5215 728 5286; x_wconf 82' lang='lat' dir='ltr'><strong>intelligendum</strong></span> <span class='ocrx_word' id='word_1_678' title='bbox 769 5227 890 5284; x_wconf 70' lang='lat' dir='ltr'><strong>qua:</strong></span> <span class='ocrx_word' id='word_1_679' title='bbox 940 5211 1211 5282; x_wconf 84' lang='lat' dir='ltr'><strong>sapientes</strong></span> <span class='ocrx_word' id='word_1_680' title='bbox 1251 5209 1570 5284; x_wconf 88' lang='lat' dir='ltr'><strong>loquantur,</strong></span> <span class='ocrx_word' id='word_1_681' title='bbox 1619 5212 1816 5284; x_wconf 66' lang='lat' dir='ltr'><strong>praeci-</strong></span> 
     </span>
    </p>
   </div>
   <div class='ocr_carea' id='block_1_97' title="bbox 226 5311 357 5380">
    <p class='ocr_par' dir='ltr' id='par_1_97' title="bbox 226 5311 357 5380">
     <span class='ocr_line' id='line_1_98' title="bbox 226 5311 357 5380; baseline 0 -15"><span class='ocrx_word' id='word_1_682' title='bbox 226 5311 357 5380; x_wconf 89' lang='lat' dir='ltr'><strong>piat.</strong></span> 
     </span>
    </p>
   </div>
   <div class='ocr_carea' id='block_1_98' title="bbox 298 5409 1816 5475">
    <p class='ocr_par' dir='ltr' id='par_1_98' title="bbox 298 5409 1816 5475">
     <span class='ocr_line' id='line_1_99' title="bbox 298 5409 1816 5475; baseline -0.003 -4"><span class='ocrx_word' id='word_1_683' title='bbox 298 5415 464 5471; x_wconf 76' lang='lat' dir='ltr'><strong>Vsns.</strong></span> <span class='ocrx_word' id='word_1_684' title='bbox 496 5413 587 5468; x_wconf 66' lang='grc'><strong>24.</strong></span> <span class='ocrx_word' id='word_1_685' title='bbox 619 5443 692 5454; x_wconf 92' lang='grc'><strong><em>--</em></strong></span> <span class='ocrx_word' id='word_1_686' title='bbox 731 5409 860 5468; x_wconf 83' lang='lat' dir='ltr'><strong>Noli</strong></span> <span class='ocrx_word' id='word_1_687' title='bbox 905 5427 1016 5468; x_wconf 86' lang='lat' dir='ltr'><strong>esse</strong></span> <span class='ocrx_word' id='word_1_688' title='bbox 1062 5409 1282 5465; x_wconf 87' lang='lat' dir='ltr'><strong>amicus.</strong></span> <span class='ocrx_word' id='word_1_689' title='bbox 1315 5409 1667 5475; x_wconf 69' lang='lat' dir='ltr'><strong>Generaliter</strong></span> <span class='ocrx_word' id='word_1_690' title='bbox 1713 5424 1816 5467; x_wconf 88' lang='lat' dir='ltr'><strong>au-</strong></span> 
     </span>
    </p>
   </div>
   <div class='ocr_carea' id='block_1_99' title="bbox 233 5502 1352 5578">
    <p class='ocr_par' dir='ltr' id='par_1_99' title="bbox 233 5502 1352 5578">
     <span class='ocr_line' id='line_1_100' title="bbox 233 5502 1352 5578; baseline -0.006 -15"><span class='ocrx_word' id='word_1_691' title='bbox 233 5516 356 5572; x_wconf 83' lang='lat' dir='ltr'><strong>tem,</strong></span> <span class='ocrx_word' id='word_1_692' title='bbox 387 5515 516 5573; x_wconf 92' lang='lat' dir='ltr'><strong>etc.,</strong></span> <span class='ocrx_word' id='word_1_693' title='bbox 561 5523 723 5578; x_wconf 88' lang='lat' dir='ltr'><strong>usque</strong></span> <span class='ocrx_word' id='word_1_694' title='bbox 751 5506 820 5559; x_wconf 89' lang='lat' dir='ltr'><strong>ad</strong></span> <span class='ocrx_word' id='word_1_695' title='bbox 848 5503 1106 5577; x_wconf 91' lang='lat' dir='ltr'><strong>incipiant</strong></span> <span class='ocrx_word' id='word_1_696' title='bbox 1129 5502 1352 5558; x_wconf 90' lang='lat' dir='ltr'><strong>imitari.</strong></span> 
     </span>
    </p>
   </div>
   <div class='ocr_carea' id='block_1_100' title="bbox 305 5593 1814 5666">
    <p class='ocr_par' dir='ltr' id='par_1_100' title="bbox 305 5593 1814 5666">
     <span class='ocr_line' id='line_1_101' title="bbox 305 5593 1814 5666; baseline -0.001 -14"><span class='ocrx_word' id='word_1_697' title='bbox 305 5597 519 5654; x_wconf 81' lang='lat' dir='ltr'><strong>Homini</strong></span> <span class='ocrx_word' id='word_1_698' title='bbox 555 5596 828 5661; x_wconf 87' lang='lat' dir='ltr'><strong>iracundo,</strong></span> <span class='ocrx_word' id='word_1_699' title='bbox 873 5611 1036 5666; x_wconf 86' lang='lat' dir='ltr'><strong>neque</strong></span> <span class='ocrx_word' id='word_1_700' title='bbox 1068 5593 1302 5648; x_wconf 87' lang='lat' dir='ltr'><strong>ambules</strong></span> <span class='ocrx_word' id='word_1_701' title='bbox 1339 5610 1457 5648; x_wconf 88' lang='lat' dir='ltr'><strong>cum</strong></span> <span class='ocrx_word' id='word_1_702' title='bbox 1487 5595 1618 5650; x_wconf 84' lang='lat' dir='ltr'><strong>viro.</strong></span> <span class='ocrx_word' id='word_1_703' title='bbox 1648 5595 1814 5651; x_wconf 89' lang='lat' dir='ltr'><strong>Cuili-</strong></span> 
     </span>
    </p>
   </div>
   <div class='ocr_carea' id='block_1_101' title="bbox 232 5685 1813 5764">
    <p class='ocr_par' dir='ltr' id='par_1_101' title="bbox 232 5685 1813 5764">
     <span class='ocr_line' id='line_1_102' title="bbox 232 5685 1813 5764; baseline -0.004 -14"><span class='ocrx_word' id='word_1_704' title='bbox 232 5693 342 5760; x_wconf 86' lang='lat' dir='ltr'><strong>bet,</strong></span> <span class='ocrx_word' id='word_1_705' title='bbox 371 5693 642 5764; x_wconf 74' lang='lat' dir='ltr'><strong>prtecipue</strong></span> <span class='ocrx_word' id='word_1_706' title='bbox 677 5688 885 5755; x_wconf 75' lang='lat' dir='ltr'><strong>Judzeo,</strong></span> <span class='ocrx_word' id='word_1_707' title='bbox 928 5688 1018 5756; x_wconf 91' lang='lat' dir='ltr'><strong>qui</strong></span> <span class='ocrx_word' id='word_1_708' title='bbox 1050 5695 1238 5742; x_wconf 81' lang='lat' dir='ltr'><strong>contra</strong></span> <span class='ocrx_word' id='word_1_709' title='bbox 1275 5685 1549 5742; x_wconf 88' lang='lat' dir='ltr'><strong>Christum</strong></span> <span class='ocrx_word' id='word_1_710' title='bbox 1595 5696 1651 5743; x_wconf 92' lang='lat' dir='ltr'><strong>et</strong></span> <span class='ocrx_word' id='word_1_711' title='bbox 1695 5689 1813 5760; x_wconf 85' lang='lat' dir='ltr'><strong>ejus</strong></span> 
     </span>
    </p>
   </div>
   <div class='ocr_carea' id='block_1_102' title="bbox 234 5777 1814 5857">
    <p class='ocr_par' dir='ltr' id='par_1_102' title="bbox 234 5777 1814 5857">
     <span class='ocr_line' id='line_1_103' title="bbox 234 5777 1814 5857; baseline -0.003 -16"><span class='ocrx_word' id='word_1_712' title='bbox 234 5784 525 5857; x_wconf 89' lang='lat' dir='ltr'><strong>discipulos</strong></span> <span class='ocrx_word' id='word_1_713' title='bbox 573 5797 775 5838; x_wconf 89' lang='lat' dir='ltr'><strong>vesana</strong></span> <span class='ocrx_word' id='word_1_714' title='bbox 823 5789 1005 5836; x_wconf 90' lang='lat' dir='ltr'><strong>mente</strong></span> <span class='ocrx_word' id='word_1_715' title='bbox 1043 5777 1317 5844; x_wconf 85' lang='lat' dir='ltr'><strong>furebant,</strong></span> <span class='ocrx_word' id='word_1_716' title='bbox 1359 5795 1388 5833; x_wconf 92' lang='lat' dir='ltr'><strong>a</strong></span> <span class='ocrx_word' id='word_1_717' title='bbox 1421 5795 1650 5850; x_wconf 89' lang='lat' dir='ltr'><strong>quorum</strong></span> <span class='ocrx_word' id='word_1_718' title='bbox 1680 5781 1814 5836; x_wconf 84' lang='lat' dir='ltr'><strong>ami-</strong></span> 
     </span>
    </p>
   </div>
   <div class='ocr_carea' id='block_1_103' title="bbox 234 5871 1814 5954">
    <p class='ocr_par' dir='ltr' id='par_1_103' title="bbox 234 5871 1814 5954">
     <span class='ocr_line' id='line_1_104' title="bbox 234 5871 1814 5954; baseline -0.004 -17"><span class='ocrx_word' id='word_1_719' title='bbox 234 5879 360 5938; x_wconf 86' lang='lat' dir='ltr'><strong>citia</strong></span> <span class='ocrx_word' id='word_1_720' title='bbox 402 5877 776 5954; x_wconf 90' lang='lat' dir='ltr'><strong>prohibentur,</strong></span> <span class='ocrx_word' id='word_1_721' title='bbox 826 5873 922 5948; x_wconf 91' lang='lat' dir='ltr'><strong>qui</strong></span> <span class='ocrx_word' id='word_1_722' title='bbox 967 5871 1169 5932; x_wconf 88' lang='lat' dir='ltr'><strong>salvari</strong></span> <span class='ocrx_word' id='word_1_723' title='bbox 1223 5881 1418 5930; x_wconf 87' lang='lat' dir='ltr'><strong>curant</strong></span> <span class='ocrx_word' id='word_1_724' title='bbox 1459 5890 1474 5930; x_wconf 89' lang='lat'><strong>:</strong></span> <span class='ocrx_word' id='word_1_725' title='bbox 1527 5889 1598 5931; x_wconf 91' lang='lat' dir='ltr'><strong>ne</strong></span> <span class='ocrx_word' id='word_1_726' title='bbox 1625 5889 1814 5932; x_wconf 88' lang='lat' dir='ltr'><strong>eorum</strong></span> 
     </span>
    </p>
   </div>
   <div class='ocr_carea' id='block_1_104' title="bbox 1989 4762 3504 4833">
    <p class='ocr_par' dir='ltr' id='par_1_104' title="bbox 1989 4762 3504 4833">
     <span class='ocr_line' id='line_1_105' title="bbox 1989 4762 3504 4833; baseline 0.001 -15"><span class='ocrx_word' id='word_1_727' title='bbox 1989 4762 2153 4819; x_wconf 73' lang='lat' dir='ltr'><strong>Vsus.</strong></span> <span class='ocrx_word' id='word_1_728' title='bbox 2187 4764 2272 4819; x_wconf 83' lang='grc' dir='ltr'><strong>Π.</strong></span> <span class='ocrx_word' id='word_1_729' title='bbox 2302 4794 2376 4805; x_wconf 96' lang='grc'><strong><em>-</em></strong></span> <span class='ocrx_word' id='word_1_730' title='bbox 2401 4762 2525 4818; x_wconf 87' lang='lat' dir='ltr'><strong>Non</strong></span> <span class='ocrx_word' id='word_1_731' title='bbox 2556 4762 2832 4818; x_wconf 70' lang='lat' dir='ltr'><strong>tumuletur</strong></span> <span class='ocrx_word' id='word_1_732' title='bbox 2870 4779 2962 4816; x_wconf 86' lang='lat' dir='ltr'><strong>cor</strong></span> <span class='ocrx_word' id='word_1_733' title='bbox 2989 4771 3142 4817; x_wconf 86' lang='lat' dir='ltr'><strong>tuum</strong></span> <span class='ocrx_word' id='word_1_734' title='bbox 3182 4775 3504 4833; x_wconf 80' lang='lat' dir='ltr'><strong>peccatores.</strong></span> 
     </span>
    </p>
   </div>
   <div class='ocr_carea' id='block_1_105' title="bbox 1917 4852 3502 4926">
    <p class='ocr_par' dir='ltr' id='par_1_105' title="bbox 1917 4852 3502 4926">
     <span class='ocr_line' id='line_1_106' title="bbox 1917 4852 3502 4926; baseline 0.001 -16"><span class='ocrx_word' id='word_1_735' title='bbox 1917 4853 1975 4911; x_wconf 91' lang='lat' dir='ltr'><strong>Si</strong></span> <span class='ocrx_word' id='word_1_736' title='bbox 2003 4864 2115 4912; x_wconf 88' lang='lat' dir='ltr'><strong>tota</strong></span> <span class='ocrx_word' id='word_1_737' title='bbox 2153 4855 2257 4920; x_wconf 86' lang='lat' dir='ltr'><strong>die,</strong></span> <span class='ocrx_word' id='word_1_738' title='bbox 2304 4862 2446 4919; x_wconf 91' lang='lat' dir='ltr'><strong>etc.,</strong></span> <span class='ocrx_word' id='word_1_739' title='bbox 2495 4870 2658 4923; x_wconf 85' lang='lat' dir='ltr'><strong>usque</strong></span> <span class='ocrx_word' id='word_1_740' title='bbox 2695 4853 2765 4908; x_wconf 89' lang='lat' dir='ltr'><strong>ad</strong></span> <span class='ocrx_word' id='word_1_741' title='bbox 2814 4853 2958 4910; x_wconf 92' lang='lat' dir='ltr'><strong>unde</strong></span> <span class='ocrx_word' id='word_1_742' title='bbox 3021 4852 3076 4908; x_wconf 92' lang='lat' dir='ltr'><strong>in</strong></span> <span class='ocrx_word' id='word_1_743' title='bbox 3128 4853 3452 4926; x_wconf 82' lang='lat' dir='ltr'><strong>Apocalypsi</strong></span> <span class='ocrx_word' id='word_1_744' title='bbox 3489 4875 3502 4911; x_wconf 87' lang='lat'><strong>:</strong></span> 
     </span>
    </p>
   </div>
   <div class='ocr_carea' id='block_1_106' title="bbox 1917 4945 3507 5019">
    <p class='ocr_par' dir='ltr' id='par_1_106' title="bbox 1917 4945 3507 5019">
     <span class='ocr_line' id='line_1_107' title="bbox 1917 4945 3507 5019; baseline 0 -17"><span class='ocrx_word' id='word_1_745' title='bbox 1917 4947 2045 5002; x_wconf 84' lang='lat' dir='ltr'><strong>Esto</strong></span> <span class='ocrx_word' id='word_1_746' title='bbox 2085 4948 2258 5018; x_wconf 76' lang='lat' dir='ltr'><strong>fidelis</strong></span> <span class='ocrx_word' id='word_1_747' title='bbox 2287 4963 2450 5019; x_wconf 83' lang='lat' dir='ltr'><strong>usque</strong></span> <span class='ocrx_word' id='word_1_748' title='bbox 2486 4946 2556 5001; x_wconf 87' lang='lat' dir='ltr'><strong>ad</strong></span> <span class='ocrx_word' id='word_1_749' title='bbox 2599 4956 2842 5016; x_wconf 87' lang='lat' dir='ltr'><strong>mortem,</strong></span> <span class='ocrx_word' id='word_1_750' title='bbox 2881 4955 2932 5003; x_wconf 88' lang='lat' dir='ltr'><strong>et</strong></span> <span class='ocrx_word' id='word_1_751' title='bbox 2957 4945 3096 5003; x_wconf 84' lang='lat' dir='ltr'><strong>dabo</strong></span> <span class='ocrx_word' id='word_1_752' title='bbox 3134 4946 3229 5001; x_wconf 88' lang='lat' dir='ltr'><strong>tibi</strong></span> <span class='ocrx_word' id='word_1_753' title='bbox 3255 4963 3507 5002; x_wconf 80' lang='lat' dir='ltr'><strong>coronans</strong></span> 
     </span>
    </p>
   </div>
   <div class='ocr_carea' id='block_1_107' title="bbox 1915 5037 2400 5111">
    <p class='ocr_par' dir='ltr' id='par_1_107' title="bbox 1915 5037 2400 5111">
     <span class='ocr_line' id='line_1_108' title="bbox 1915 5037 2400 5111; baseline 0 -17"><span class='ocrx_word' id='word_1_754' title='bbox 1915 5040 2034 5094; x_wconf 76' lang='lat' dir='ltr'><strong>vitae</strong></span> <span class='ocrx_word' id='word_1_755' title='bbox 2071 5038 2258 5111; x_wconf 82' lang='lat' dir='ltr'><strong>(Apoc.</strong></span> <span class='ocrx_word' id='word_1_756' title='bbox 2295 5037 2400 5110; x_wconf 78' lang='grc' dir='ltr'><strong>ιι).</strong></span> 
     </span>
    </p>
   </div>
   <div class='ocr_carea' id='block_1_108' title="bbox 1993 5129 3504 5205">
    <p class='ocr_par' dir='ltr' id='par_1_108' title="bbox 1993 5129 3504 5205">
     <span class='ocr_line' id='line_1_109' title="bbox 1993 5129 3504 5205; baseline 0.003 -19"><span class='ocrx_word' id='word_1_757' title='bbox 1993 5129 2158 5188; x_wconf 73' lang='lat' dir='ltr'><strong>Vsus.</strong></span> <span class='ocrx_word' id='word_1_758' title='bbox 2195 5131 2286 5188; x_wconf 76' lang='lat'><strong>20.</strong></span> <span class='ocrx_word' id='word_1_759' title='bbox 2311 5162 2384 5174; x_wconf 93' lang='lat'><strong><em>—</em></strong></span> <span class='ocrx_word' id='word_1_760' title='bbox 2420 5130 2550 5186; x_wconf 82' lang='lat' dir='ltr'><strong>Noli</strong></span> <span class='ocrx_word' id='word_1_761' title='bbox 2595 5149 2704 5188; x_wconf 87' lang='lat' dir='ltr'><strong>esse</strong></span> <span class='ocrx_word' id='word_1_762' title='bbox 2748 5133 2806 5188; x_wconf 75' lang='lat' dir='ltr'><strong>in</strong></span> <span class='ocrx_word' id='word_1_763' title='bbox 2853 5133 3103 5188; x_wconf 83' lang='lat' dir='ltr'><strong>conviviis</strong></span> <span class='ocrx_word' id='word_1_764' title='bbox 3147 5141 3504 5205; x_wconf 78' lang='lat' dir='ltr'><strong>peccatorum.</strong></span> 
     </span>
    </p>
   </div>
   <div class='ocr_carea' id='block_1_109' title="bbox 1918 5221 3508 5291">
    <p class='ocr_par' dir='ltr' id='par_1_109' title="bbox 1918 5221 3508 5291">
     <span class='ocr_line' id='line_1_110' title="bbox 1918 5221 3508 5291; baseline 0.001 -13"><span class='ocrx_word' id='word_1_765' title='bbox 1918 5221 2122 5280; x_wconf 90' lang='lat' dir='ltr'><strong>Carnes</strong></span> <span class='ocrx_word' id='word_1_766' title='bbox 2140 5224 2208 5280; x_wconf 89' lang='lat' dir='ltr'><strong>ad</strong></span> <span class='ocrx_word' id='word_1_767' title='bbox 2221 5224 2545 5281; x_wconf 89' lang='lat' dir='ltr'><strong>vescendum</strong></span> <span class='ocrx_word' id='word_1_768' title='bbox 2559 5223 2827 5291; x_wconf 87' lang='lat' dir='ltr'><strong>conferre,</strong></span> <span class='ocrx_word' id='word_1_769' title='bbox 2849 5232 2932 5280; x_wconf 88' lang='lat' dir='ltr'><strong>est</strong></span> <span class='ocrx_word' id='word_1_770' title='bbox 2949 5223 3006 5278; x_wconf 93' lang='lat' dir='ltr'><strong>in</strong></span> <span class='ocrx_word' id='word_1_771' title='bbox 3026 5221 3238 5279; x_wconf 78' lang='lat' dir='ltr'><strong>colloca</strong></span> <span class='ocrx_word' id='word_1_772' title='bbox 3246 5223 3390 5280; x_wconf 90' lang='lat' dir='ltr'><strong>tione</strong></span> <span class='ocrx_word' id='word_1_773' title='bbox 3409 5225 3508 5280; x_wconf 87' lang='lat' dir='ltr'><strong>de-</strong></span> 
     </span>
    </p>
   </div>
   <div class='ocr_carea' id='block_1_110' title="bbox 1918 5316 3508 5391">
    <p class='ocr_par' dir='ltr' id='par_1_110' title="bbox 1918 5316 3508 5391">
     <span class='ocr_line' id='line_1_111' title="bbox 1918 5316 3508 5391; baseline 0.001 -17"><span class='ocrx_word' id='word_1_774' title='bbox 1918 5319 2214 5391; x_wconf 88' lang='lat' dir='ltr'><strong>rogationis</strong></span> <span class='ocrx_word' id='word_1_775' title='bbox 2236 5318 2477 5374; x_wconf 86' lang='lat' dir='ltr'><strong>vicissim</strong></span> <span class='ocrx_word' id='word_1_776' title='bbox 2491 5319 2622 5375; x_wconf 91' lang='lat' dir='ltr'><strong>vitia</strong></span> <span class='ocrx_word' id='word_1_777' title='bbox 2644 5317 3016 5390; x_wconf 77' lang='lat' dir='ltr'><strong>proximorum</strong></span> <span class='ocrx_word' id='word_1_778' title='bbox 3033 5316 3217 5375; x_wconf 86' lang='lat' dir='ltr'><strong>dicere</strong></span> <span class='ocrx_word' id='word_1_779' title='bbox 3245 5331 3262 5374; x_wconf 88' lang='lat'><strong>:</strong></span> <span class='ocrx_word' id='word_1_780' title='bbox 3287 5318 3354 5376; x_wconf 93' lang='lat' dir='ltr'><strong>de</strong></span> <span class='ocrx_word' id='word_1_781' title='bbox 3375 5334 3508 5391; x_wconf 91' lang='lat' dir='ltr'><strong>quo-</strong></span> 
     </span>
    </p>
   </div>
   <div class='ocr_carea' id='block_1_111' title="bbox 1914 5409 3504 5484">
    <p class='ocr_par' dir='ltr' id='par_1_111' title="bbox 1914 5409 3504 5484">
     <span class='ocr_line' id='line_1_112' title="bbox 1914 5409 3504 5484; baseline 0.002 -17"><span class='ocrx_word' id='word_1_782' title='bbox 1914 5427 2036 5468; x_wconf 90' lang='lat' dir='ltr'><strong>rum</strong></span> <span class='ocrx_word' id='word_1_783' title='bbox 2061 5427 2222 5484; x_wconf 66' lang='lat' dir='ltr'><strong>paena</strong></span> <span class='ocrx_word' id='word_1_784' title='bbox 2251 5427 2376 5468; x_wconf 86' lang='lat' dir='ltr'><strong>mox</strong></span> <span class='ocrx_word' id='word_1_785' title='bbox 2397 5413 2646 5470; x_wconf 90' lang='lat' dir='ltr'><strong>subditur</strong></span> <span class='ocrx_word' id='word_1_786' title='bbox 2676 5429 2690 5468; x_wconf 90' lang='lat'><strong>:</strong></span> <span class='ocrx_word' id='word_1_787' title='bbox 2724 5410 2864 5478; x_wconf 88' lang='lat' dir='ltr'><strong>Quia</strong></span> <span class='ocrx_word' id='word_1_788' title='bbox 2907 5419 3098 5465; x_wconf 85' lang='lat' dir='ltr'><strong>vacant</strong></span> <span class='ocrx_word' id='word_1_789' title='bbox 3137 5409 3364 5483; x_wconf 64' lang='lat' dir='ltr'><strong>potilius,</strong></span> <span class='ocrx_word' id='word_1_790' title='bbox 3395 5418 3504 5470; x_wconf 82' lang='lat' dir='ltr'><strong>etc.</strong></span> 
     </span>
    </p>
   </div>
   <div class='ocr_carea' id='block_1_112' title="bbox 1985 5497 3510 5575">
    <p class='ocr_par' dir='ltr' id='par_1_112' title="bbox 1985 5497 3510 5575">
     <span class='ocr_line' id='line_1_113' title="bbox 1985 5497 3510 5575; baseline 0 -17"><span class='ocrx_word' id='word_1_791' title='bbox 1985 5503 2184 5559; x_wconf 83' lang='lat' dir='ltr'><strong>Dantes</strong></span> <span class='ocrx_word' id='word_1_792' title='bbox 2233 5501 2467 5575; x_wconf 84' lang='lat' dir='ltr'><strong>symbola</strong></span> <span class='ocrx_word' id='word_1_793' title='bbox 2522 5511 2912 5559; x_wconf 84' lang='lat' dir='ltr'><strong>consumentur.</strong></span> <span class='ocrx_word' id='word_1_794' title='bbox 2942 5497 3284 5572; x_wconf 84' lang='lat' dir='ltr'><strong>Symbolum,</strong></span> <span class='ocrx_word' id='word_1_795' title='bbox 3337 5498 3510 5558; x_wconf 76' lang='lat' dir='ltr'><strong>colla-</strong></span> 
     </span>
    </p>
   </div>
   <div class='ocr_carea' id='block_1_113' title="bbox 1916 5590 3504 5668">
    <p class='ocr_par' dir='ltr' id='par_1_113' title="bbox 1916 5590 3504 5668">
     <span class='ocr_line' id='line_1_114' title="bbox 1916 5590 3504 5668; baseline -0.001 -16"><span class='ocrx_word' id='word_1_796' title='bbox 1916 5597 2014 5662; x_wconf 92' lang='lat' dir='ltr'><strong>tio,</strong></span> <span class='ocrx_word' id='word_1_797' title='bbox 2028 5604 2160 5664; x_wconf 88' lang='lat' dir='ltr'><strong>etc.,</strong></span> <span class='ocrx_word' id='word_1_798' title='bbox 2182 5612 2342 5668; x_wconf 84' lang='lat' dir='ltr'><strong>usque</strong></span> <span class='ocrx_word' id='word_1_799' title='bbox 2363 5595 2431 5650; x_wconf 91' lang='lat' dir='ltr'><strong>ad</strong></span> <span class='ocrx_word' id='word_1_800' title='bbox 2457 5593 2807 5652; x_wconf 87' lang='lat' dir='ltr'><strong>detractionis</strong></span> <span class='ocrx_word' id='word_1_801' title='bbox 2819 5608 2930 5650; x_wconf 67' lang='lat' dir='ltr'><strong>sua</strong></span> <span class='ocrx_word' id='word_1_802' title='bbox 2946 5591 3174 5666; x_wconf 80' lang='lat' dir='ltr'><strong>languor</strong></span> <span class='ocrx_word' id='word_1_803' title='bbox 3197 5590 3504 5664; x_wconf 79' lang='lat' dir='ltr'><strong>occupavit.</strong></span> 
     </span>
    </p>
   </div>
   <div class='ocr_carea' id='block_1_114' title="bbox 1990 5683 3501 5758">
    <p class='ocr_par' dir='ltr' id='par_1_114' title="bbox 1990 5683 3501 5758">
     <span class='ocr_line' id='line_1_115' title="bbox 1990 5683 3501 5758; baseline -0.003 -14"><span class='ocrx_word' id='word_1_804' title='bbox 1990 5688 2158 5744; x_wconf 72' lang='lat' dir='ltr'><strong>Vsus.</strong></span> <span class='ocrx_word' id='word_1_805' title='bbox 2189 5687 2280 5745; x_wconf 76' lang='lat'><strong>29.</strong></span> <span class='ocrx_word' id='word_1_806' title='bbox 2307 5719 2380 5730; x_wconf 93' lang='lat'><strong><em>—</em></strong></span> <span class='ocrx_word' id='word_1_807' title='bbox 2409 5686 2508 5742; x_wconf 85' lang='lat' dir='ltr'><strong>Cui</strong></span> <span class='ocrx_word' id='word_1_808' title='bbox 2553 5704 2650 5755; x_wconf 72' lang='lat' dir='ltr'><strong>vce,</strong></span> <span class='ocrx_word' id='word_1_809' title='bbox 2695 5686 2866 5758; x_wconf 86' lang='lat' dir='ltr'><strong>cujus.</strong></span> <span class='ocrx_word' id='word_1_810' title='bbox 2898 5685 3106 5756; x_wconf 63' lang='lat' dir='ltr'><strong>Quzrit</strong></span> <span class='ocrx_word' id='word_1_811' title='bbox 3150 5683 3501 5756; x_wconf 88' lang='lat' dir='ltr'><strong>disputando,</strong></span> 
     </span>
    </p>
   </div>
   <div class='ocr_carea' id='block_1_115' title="bbox 1920 5775 3507 5854">
    <p class='ocr_par' dir='ltr' id='par_1_115' title="bbox 1920 5775 3507 5854">
     <span class='ocr_line' id='line_1_116' title="bbox 1920 5775 3507 5854; baseline -0.004 -16"><span class='ocrx_word' id='word_1_812' title='bbox 1920 5791 2025 5839; x_wconf 86' lang='lat' dir='ltr'><strong>etc.</strong></span> <span class='ocrx_word' id='word_1_813' title='bbox 2050 5823 2066 5848; x_wconf 94' lang='lat'><strong>,</strong></span> <span class='ocrx_word' id='word_1_814' title='bbox 2103 5798 2268 5854; x_wconf 85' lang='lat' dir='ltr'><strong>usque</strong></span> <span class='ocrx_word' id='word_1_815' title='bbox 2299 5781 2370 5836; x_wconf 85' lang='lat' dir='ltr'><strong>ad</strong></span> <span class='ocrx_word' id='word_1_816' title='bbox 2409 5781 2476 5836; x_wconf 93' lang='lat' dir='ltr'><strong>de</strong></span> <span class='ocrx_word' id='word_1_817' title='bbox 2516 5794 2624 5850; x_wconf 91' lang='lat' dir='ltr'><strong>quo</strong></span> <span class='ocrx_word' id='word_1_818' title='bbox 2658 5777 2859 5838; x_wconf 62' lang='lat' dir='ltr'><strong>Judais</strong></span> <span class='ocrx_word' id='word_1_819' title='bbox 2890 5796 2906 5836; x_wconf 90' lang='lat'><strong>:</strong></span> <span class='ocrx_word' id='word_1_820' title='bbox 2952 5775 3058 5836; x_wconf 80' lang='lat' dir='ltr'><strong>Vos</strong></span> <span class='ocrx_word' id='word_1_821' title='bbox 3097 5792 3164 5836; x_wconf 66' lang='lat' dir='ltr'><strong>ex</strong></span> <span class='ocrx_word' id='word_1_822' title='bbox 3189 5786 3342 5850; x_wconf 79' lang='lat' dir='ltr'><strong>patre</strong></span> <span class='ocrx_word' id='word_1_823' title='bbox 3379 5775 3507 5833; x_wconf 81' lang='lat' dir='ltr'><strong>dia-</strong></span> 
     </span>
    </p>
   </div>
   <div class='ocr_carea' id='block_1_116' title="bbox 1921 5872 2576 5948">
    <p class='ocr_par' dir='ltr' id='par_1_116' title="bbox 1921 5872 2576 5948">
     <span class='ocr_line' id='line_1_117' title="bbox 1921 5872 2576 5948; baseline -0.005 -16"><span class='ocrx_word' id='word_1_824' title='bbox 1921 5875 2038 5934; x_wconf 90' lang='lat' dir='ltr'><strong>bolo</strong></span> <span class='ocrx_word' id='word_1_825' title='bbox 2067 5877 2191 5934; x_wconf 88' lang='lat' dir='ltr'><strong>estis</strong></span> <span class='ocrx_word' id='word_1_826' title='bbox 2218 5873 2407 5948; x_wconf 78' lang='lat' dir='ltr'><strong>(Joan.</strong></span> <span class='ocrx_word' id='word_1_827' title='bbox 2434 5872 2576 5946; x_wconf 86' lang='lat' dir='ltr'><strong>vut).</strong></span> 
     </span>
    </p>
   </div>
  </div>
