4008 6348
507 349 642 404 1107

1013 345 1402 404 WALAFRIDI
1442 344 1686 400 STRABI
1725 344 1926 402 FULD.
1969 340 2134 396 MON.
2176 339 2330 416 OPP.
2364 336 2544 392 PARS
2579 335 2619 390 l.
2656 365 2726 398 -τ-
2763 333 3218 391 τιιΕοι.ο(;ιαΑ.

3629 329 3802 387 1108

574 461 673 517 Cui
709 463 880 516 rixis?
903 462 987 515 cui
1015 462 1213 529 fovete?
1241 459 1411 526 Rixte,
1445 458 1568 528 quia
1598 457 1944 514 concordiam
1968 470 2077 511 non
2102 456 2153 518 Α
2251 452 2416 508 Vens.
2441 451 2529 505 21.
2557 481 2626 491 -
2654 449 2798 506 Time
2837 451 3144 516 Dominum,
3190 447 3274 520 ﬁli
3301 449 3394 504 mi.
3440 447 3641 503 Potest
3680 460 3802 518 per

501 561 706 617 servat,
735 560 864 618 etc.,
893 568 1055 622 usque
1097 551 1165 605 ad
1193 559 1247 606 et
1281 549 1572 619 saepissime
1613 549 1665 603 in
1703 547 1912 604 foveam
1943 545 2077 601 inci-

504 643 602 708 dit,
645 643 711 697 de
745 657 852 712 qua
876 659 890 696 :
923 639 1100 695 Focea
1124 640 1262 695 enim
1285 638 1549 710 profunda
1577 647 1654 717 est
1680 637 1947 702 meretrix,
1966 642 2072 692 etc.

573 733 674 789 Cui
712 733 826 788 sine
865 749 1027 788 causa
1055 731 1310 787 vulnera?
1352 727 1476 800 quia
1516 729 1672 784 multi
1712 729 1872 785 nimis
1905 727 2077 798 potati

495 825 726 881 vulnera
763 838 862 894 per
897 832 1163 879 tumorem
1208 830 1553 892 acceperunt,
1594 835 1714 891 qua:
1767 818 1914 875 nulla
1945 817 2077 874 ferri

505 932 669 972 causa
703 915 1062 986 pertulerunt.

576 1007 674 1062 Cui
718 1007 962 1077 suffossio
1007 1003 1323 1060 oculorum?
1363 1004 1490 1076 quia
1515 1003 1904 1058 immoderatus
1942 1001 2077 1056 hau-

503 1103 622 1152 stus
649 1095 780 1160 vini,
813 1103 870 1151 et
896 1094 1186 1151 exterioris
1207 1101 1266 1150 et
1290 1093 1564 1150 interioris
1582 1093 1731 1148 visus
1758 1091 1954 1162 ingerit
1973 1106 2076 1147 ca:-

503 1187 745 1241 citatem.

483 1335 496 1361 ¹
573 1279 739 1334 Vens.
775 1278 863 1334 50.
900 1307 972 1318 -—
1011 1277 1199 1332 Nonne
1223 1277 1325 1332 his.
1353 1275 1470 1332 Non
1508 1283 1656 1332 vetat
1677 1275 1863 1331 bibere
1891 1274 2077 1328 vinum

489 1371 572 1425 -ad
591 1370 987 1432 necessitatem,
1019 1369 1112 1424 sed
1139 1369 1339 1424 morari
1377 1376 1533 1448 extra
1557 1378 1766 1438 tempus
1787 1377 1842 1422 et
1871 1367 2077 1423 utilita-

487 1468 613 1518 ‘tem
643 1463 696 1516 in
717 1462 864 1525 vino,
897 1469 950 1516 et
988 1461 1314 1517 evacuandis
1357 1469 1568 1518 certare
1611 1461 1890 1526 calicibus,
1935 1457 2077 1515 unde

502 1554 668 1609 Isaias
694 1568 708 1606 :
739 1550 830 1606 γε
858 1551 946 1619 qui
982 1561 1212 1621 potentes
1241 1553 1362 1607 estis
1387 1551 1456 1606 ad
1485 1552 1759 1606 bibendum
1798 1550 1996 1616 vinum,
2027 1557 2077 1604 et

502 1646 600 1700 uiri
629 1645 789 1714 fortes
815 1644 886 1698 ad
915 1643 1233 1698 miscendam
1261 1643 1559 1698 ebrietatem
1591 1640 1726 1713 (Isa.
1757 1642 1834 1712 v).

571 1737 736 1792 Vens.
765 1738 856 1792 '55.
893 1765 968 1778 -
993 1735 1148 1791 Oculi
1195 1738 1270 1790 tui
1309 1737 1573 1791 uidebunt.
1625 1735 1772 1790 Pene
1828 1733 2077 1789 naturale

2177 543 2463 599 Dominum
2490 551 2545 597 et
2572 556 2772 612 regem,
2815 541 2978 597 Pater
2997 550 3050 596 et
3081 541 3250 596 Filius
3275 538 3532 610 intelligi,
3561 538 3661 608 qui
3686 553 3806 595 eo-

2177 640 2298 689 dem
2321 633 2620 689 divinitatis
2647 629 2851 689 honore
2877 629 3089 688 colendi
3115 640 3285 688 sunt:
3331 631 3438 698 Qui
3474 632 3626 686 enim
3669 647 3804 686 non

2175 725 2486 795 honoriﬁcat
2506 722 2726 790 Filium,
2769 739 2874 778 non
2896 724 3209 793 honoriﬁcat
3238 722 3478 790 Patrem,
3505 722 3610 793 qui
3631 722 3801 776 nisi!

2174 814 2348 881 illum,
2376 825 2478 872 etc.
2513 815 2699 888 (Joan.
2732 813 2838 887 In).

2245 907 2378 963 Cum
2405 909 2806 964 detractoribus.
2835 909 2971 964 Cum
3011 909 3118 966 illis
3161 909 3394 977 scilicet,
3441 915 3585 976 etc.,
3614 922 3802 978 usque

2175 1001 2243 1055 ad
2270 1009 2326 1055 et
2352 1001 2769 1063 auscultanlium
2796 997 3255 1056 illis’auditorum.

2251 1092 2410 1150 Vsus.
2434 1094 2525 1147 25.
2550 1124 2622 1134 —
2654 1092 2787 1148 Htec
2807 1109 3009 1164 quoque
3041 1091 3386 1162 sapientibus.
3429 1089 3676 1158 Quando
3702 1103 3804 1144 re-

2177 1186 2381 1257 probus
2406 1187 2529 1257 quis
2544 1187 2827 1258 repentino
2847 1186 3072 1241 interitu
3096 1185 3306 1255 rapitur
3325 1199 3358 1238 a
3385 1182 3622 1248 seculo,
3646 1189 3798 1246 etc.,

2177 1291 2338 1346 usque
2375 1277 2442 1330 ad
2478 1276 2562 1332 vel
2613 1277 2808 1332 timore
2851 1291 3129 1347 nunquam
3177 1290 3210 1331 a
3235 1273 3324 1330 via
3351 1273 3616 1330 veritatis
3641 1286 3800 1326 rece-

2179 1367 2366 1423 datur.

2194 1517 2220 1540 .
2248 1459 2412 1515 Vsus.
2457 1459 2550 1516 26.
2577 1490 2648 1501 —
2686 1458 2855 1515 Labia
2885 1459 3294 1516 deosculabitur.
3326 1457 3594 1540 osculum
3635 1456 3800 1527 pacis

2177 1537 2235 1608 et
2259 1552 2459 1608 amoris
2482 1553 2692 1625 signum
2726 1560 2830 1619 est,
2855 1562 2988 1620 etc.,
3031 1569 3193 1624 usque
3224 1553 3292 1606 ad
3316 1537 3391 1606 in.
3412 1551 3629 1606 melius
3652 1563 3794 1603 con-

2179 1658 2387 1698 versos.

2249 1739 2413 1796 Vens.
2462 1741 2554 1795 27.
2586 1770 2655 1780 —
2689 1738 2966 1810 Prtepara.
3014 1738 3326 1810 Praeparato
3372 1750 3542 1808 opere
3589 1751 3796 1807 agrum

503 1829 695 1883 vitium
741 1837 847 1893 est,
891 1834 1013 1896 post
1037 1828 1162 1882 vina
1194 1828 1246 1880 in
1293 1828 1457 1882 corde
1505 1825 1783 1881 mulierem
1825 1825 2078 1897 concupi-
2104 1820 2153 1882 Β
2180 1816 2467 1900 diligenter
2494 1846 2766 1894 exercere,
2811 1840 2941 1896 etc.,
2973 1848 3136 1902 usque
3161 1831 3228 1884 ad
3269 1830 3420 1884 intus
3458 1837 3582 1884 tota
3609 1815 3797 1882 virtu-

505 1934 676 1984 scere,
709 1919 1000 1974 comitante
1025 1919 1186 1974 etiam
1222 1919 1550 1989 turpitudine
1567 1918 1876 1974 verborum.

574 2010 741 2082 Vens.
788 2011 876 2066 54.
907 2039 979 2052 -
1020 2009 1089 2064 Et
1135 2011 1240 2065 eris
1286 2011 1420 2065 sicut
1463 2009 1746 2065 dormiens.
1796 2007 1854 2064 In
1909 2007 2088 2065 medio

504 2101 643 2156 mari
674 2100 971 2165 dormiunt,
1001 2109 1132 2166 etc.,
1156 2116 1321 2170 usque
1354 2101 1422 2154 ad
1443 2099 1678 2156 studium
1711 2098 2088 2156 sollicitudinis

503 2192 701 2263 perdit.

580 2284 738 2340 Vens.
770 2284 860 2340 55.
891 2314 958 2325 —
1005 2282 1410 2339 Verberaverunt
1451 2300 1552 2339 me.
1579 2281 1696 2338 Vox
1719 2283 1962 2354 percussi
2001 2290 2089 2338 est

503 2383 559 2431 et
594 2376 934 2442 dormientis,
973 2383 1105 2441 etc.,
1137 2392 1299 2445 usque
1337 2375 1406 2429 ad
1454 2382 1514 2429 ut
1561 2389 1776 2446 semper
1801 2373 2089 2446 voluptati-

502 2464 605 2522 bus
633 2466 930 2522 debrietur.

1064 2592 1292 2652 CAPUT
1331 2591 1520 2651 XXIV.

573 2740 738 2797 Vens.
766 2742 817 2796 1.
864 2771 940 2784 —
977 2740 1062 2798 Ne
1103 2741 1385 2798 arrtuleris.
1438 2740 1519 2798 Ne
1560 2741 1834 2799 desideres
1882 2742 2086 2799 imitari

505 2846 640 2902 quos
662 2831 936 2901 praedictis
955 2831 1103 2886 vitiis
1127 2833 1328 2887 videris
1353 2832 1652 2902 implicari;
1683 2833 1778 2888 sed
1805 2831 2086 2902 sapientiae

504 2935 727 2992 Operam
771 2920 904 2976 dare
941 2929 1156 2986 curato,
1188 2922 1330 2978 unde
1358 2921 1575 2978 subdit:
1609 2920 1878 2993 sapientia
1917 2922 2085 2992 adi/i-

506 3012 713 3066 cabitur
739 3013 946 3067 domus.
999 3008 1002 3011 ’

576 3102 740 3159 Vens.
770 3103 825 3156 4.
848 3135 920 3144 -
956 3101 1050 3158 Vir
1069 3105 1296 3175 sapiens.
1323 3090 1442 3161 Non
1462 3105 1638 3162 omnis
1661 3103 1816 3160 fortis
1841 3105 2078 3175 sapiens,

2188 1928 2301 1975 tum
2329 1919 2535 1975 fabrica
2567 1919 2708 1974 fame
2733 1919 2860 1974 boni
2889 1929 3168 1975 crescente
3193 1920 3532 1975 destruatur.

2257 2012 2421 2068 Vens.
2443 2013 2531 2067 50.
2549 2043 2620 2053 --
2643 2010 2748 2066 Per
2771 2029 2956 2082 agrum
2977 2011 3200 2066 hominis
3231 2011 3366 2082 pigri
3392 2009 3648 2074 transivi,
3671 2017 3790 2062 etc.

2188 2105 2294 2161 Per
2331 2121 2519 2176 agrum
2550 2105 2869 2174 vineamque
2895 2103 3030 2175 pigri
3060 2118 3124 2158 ac
3163 2102 3313 2158 stulti
3349 2101 3616 2166 transire,
3651 2109 3792 2165 etc.,

2187 2217 2350 2271 usque
2395 2201 2461 2254 ad
2486 2199 2570 2255 vel
2615 2198 2812 2254 diaboli
2842 2198 3190 2268 persuasione
3229 2197 3464 2268 quisque
3495 2193 3791 2266 negligens

2186 2291 2387 2360 perdit.

2753 2355 2983 2412 CAPUT
3033 2354 3198 2411 XXV.

2257 2467 2423 2524 Vens.
2455 2469 2507 2523 1.
2535 2498 2604 2510 —
2645 2465 2747 2522 Ha:
2786 2483 2990 2538 quoque
3029 2464 3314 2537 parabolae.
3347 2464 3490 2520 Hinc
3518 2478 3672 2520 novo
3695 2477 3790 2518 oc-

2188 2561 2314 2617 dine
2340 2560 2486 2630 loqui
2515 2559 2719 2630 incipit,
2749 2569 2883 2626 etc.,
2911 2575 3074 2630 usque
3097 2558 3167 2613 ad
3205 2558 3419 2614 scilicet
3437 2572 3564 2628 qua:
3591 2555 3794 2628 ﬁguris

2188 2659 2328 2725 apta:
2357 2652 2632 2707 videntur.
3517 2653 3522 2656 “

2260 2742 2424 2799 Vens.
2459 2743 2514 2797 2.
2541 2772 2608 2782 —
2633 2740 2816 2797 Gloria
2842 2740 2960 2796 Dei.
2985 2739 3169 2796 Gloria
3192 2738 3428 2804 Domini,
3453 2747 3594 2804 etc.,
3622 2752 3794 2809 usqu

2189 2832 2258 2887 ad
2283 2833 2424 2887 unde
2447 2847 2506 2888 se
2541 2831 2714 2902 magis
2759 2829 2926 2885 ﬁlium
2965 2830 3199 2886 hominis
3243 2845 3406 2900 quam
3445 2827 3658 2884 Filium
3693 2823 3793 2880 Dei

2194 2925 2450 2996 appellat.

2261 3015 2600 3086 Investigare.
2655 3012 2992 3077 Sermonem,
3038 3022 3170 3080 etc.,
3200 3029 3364 3084 usque
3387 3011 3456 3066 ad
3483 3027 3618 3066 nam
3645 3010 3792 3066 illico

2187 3108 2391 3163 audivit
2417 3125 2430 3160 :
2460 3105 2656 3160 Beatus
2686 3122 2738 3159 es
2767 3105 2952 3160 Simon
2975 3102 3236 3174 Barjona,
3267 3103 3390 3175 quia
3418 3119 3572 3168 caro,
3605 3111 3719 3158 etc.

505 3196 600 3252 sed
629 3212 660 3251 e
680 3211 944 3254 converso
975 3215 989 3250 :
1021 3197 1147 3266 quia
1175 3197 1277 3252 etsi
1314 3211 1541 3269 corpore
1571 3197 1763 3253 debilis
1787 3206 1891 3262 est,
1916 3197 1962 3251 si
1988 3196 2084 3250 ad-
2111 3185 2157 3248 C
2259 3197 2423 3254 Vnus.
2450 3197 2502 3252 5.
2543 3227 2614 3236 -
2645 3195 2843 3251 (Icelum
2871 3211 3081 3250 sursum
3108 3205 3156 3249 et
3177 3205 3316 3250 terra
3336 3194 3604 3248 deorsum.
3640 3192 3798 3250 Sicut

506 3288 576 3342 sit
603 3288 885 3358 sapientia,
933 3289 1156 3344 omnino
1196 3287 1374 3355 fortis,
1398 3289 1713 3357 adversarii,
1751 3287 1806 3343 id
1855 3295 1940 3344 est
1967 3287 2082 3342 dia-

504 3378 634 3443 boli,
674 3380 972 3436 certamina
1002 3380 1188 3436 vincit.

576 3471 740 3528 Vens.
773 3473 826 3526 7.
856 3503 923 3514 ——
950 3472 1176 3529 Excelsa
1205 3473 1384 3530 stulto.
1427 3472 1545 3530 Non
1578 3482 1760 3545 potest
1795 3473 1990 3530 stultus
2015 3475 2084 3530 ad

508 3563 826 3634 sapientiam
876 3565 1189 3631 ascendere,
1225 3567 1350 3636 quia
1387 3565 1443 3622 in
1485 3566 1685 3620 inﬁmis
1712 3566 1970 3621 vitiorum
1991 3566 2081 3637 ja-

507 3666 628 3723 cet;
655 3659 783 3727 quia
812 3658 915 3714 etsi
941 3659 1000 3714 in
1039 3660 1290 3730 praesenti
1337 3674 1398 3715 se
1437 3659 1639 3730 aliquid
1675 3675 1866 3730 sapere
1906 3667 2081 3731 putat,

508 3748 564 3804 in
592 3759 768 3818 porta,
794 3750 849 3806 id
874 3758 962 3806 est
984 3750 1042 3806 in
1077 3751 1227 3806 exitu
1254 3750 1413 3822 hujus
1444 3751 1591 3818 vitae,
1617 3751 1754 3806 nihil
1791 3749 1956 3808 fuisse
1997 3752 2084 3806 in-

507 3841 703 3896 veniet.

580 3927 745 3985 νεεδ.
771 3930 921 3986 8.-
943 3930 1048 3996 Qui
1089 3933 1302 4004 cogitat.
1333 3933 1540 4004 Aperit,
1570 3948 1729 4004 quem
1755 3934 1978 3990 stultum
2006 3935 2087 3990 di-

511 4029 634 4076 cat:
665 4035 774 4076 non
820 4021 1034 4093 ingenio
1084 4025 1318 4089 tardum,
1369 4026 1464 4080 sed
1513 4040 1636 4081 eum
1683 4027 1774 4097 qui
1801 4027 1887 4083 vel
1934 4029 2081 4100 cogi—

511 4114 674 4169 tando
701 4123 913 4184 peccat.

582 4205 746 4264 Vens.
781 4208 867 4264 10.
895 4239 968 4250 -
1004 4207 1062 4266 Si
1091 4210 1463 4279 desperaveris.
1509 4211 1652 4266 Nihil
1697 4213 2086 4270 exsecrabilius

515 4299 892 4370 desperatione
917 4318 930 4354 :
959 4315 1123 4370 quam
1152 4300 1246 4371 qui
1277 4301 1546 4368 habuerit,
1577 4311 1632 4358 et
1662 4303 1716 4358 in
1747 4304 2086 4374 generalibus

515 4392 674 4460 hujus
698 4393 820 4448 vita:
845 4393 1140 4462 laboribus,
1166 4403 1221 4449 et
1245 4397 1386 4466 quod
1424 4395 1578 4467 pejus
1602 4405 1704 4466 est,
1737 4397 1795 4453 in
1819 4399 1939 4455 ﬁdei
1967 4415 2088 4457 cer-

517 4483 739 4548 "imine,
767 4485 1122 4540 constantiam
1144 4487 1339 4556 perdit.

2185 3290 2414 3347 altitudo
2481 3288 2602 3344 εωΙὶ
2653 3299 2708 3342 et
2771 3285 3110 3358 profunditas
3158 3295 3315 3340 terra:
3361 3286 3429 3340 ab
3477 3284 3800 3342 hominibus

2186 3382 2314 3439 sciri
2345 3396 2451 3435 non
2477 3388 2676 3451 potest,
2717 3378 2788 3433 ita
2819 3378 3041 3433 scicntia
3077 3377 3444 3447 apostolorum
3474 3385 3534 3432 et
3556 3378 3797 3448 prophe.

2187 3481 2386 3540 tarum,
2431 3473 2523 3545 qui
2566 3487 2765 3527 arcana
2813 3469 3116 3526 Divinitatis
3157 3471 3348 3542 spiritu
3389 3469 3676 3526 revelante
3702 3485 3796 3526 co-

2187 3572 2510 3638 gnoverunt,
2542 3571 2784 3617 nostram
2807 3559 3149 3632 fragilitatem
3177 3560 3530 3620 transcendit.

2241 3645 2243 3648 ’
2261 3659 2428 3716 Vsus.
2444 3658 2497 3713 5.
2514 3686 2579 3696 —
2596 3658 2635 3710 A
2646 3655 2762 3726 ufer
2774 3655 3106 3726 impietatem.
3121 3653 3286 3710 Aufer
3297 3655 3794 3726 impietatem,etc.,

2189 3779 2352 3832 usque
2381 3760 2449 3815 ad
2487 3774 2554 3814 ne
2592 3772 2688 3828 per
2741 3754 3103 3824 arrogantiam
3147 3751 3328 3826 rigidi,
3379 3750 3580 3823 plebis,
3609 3752 3796 3808 odium

2189 3855 2500 3912 incurrant.

2268 3945 2435 4002 Vens.
2460 3947 2512 4001 6.
2545 3976 2617 3986 —
2645 3945 2727 4000 Ne
2750 3944 3010 4017 gloriosus
3033 3959 3310 4014 apparens.
3357 3939 3514 3998 Sicut
3539 3941 3797 4012 superius

2187 4037 2491 4110 praelatum,
2522 4046 2650 4102 etc.,
2678 4053 2838 4108 usque
2863 4037 2933 4092 ad
2961 4036 3102 4092 unde
3129 4051 3145 4090 :
3179 4031 3556 4089 Humiliamini
3581 4033 3684 4088 sub
3705 4047 3797 4102 po-

2189 4129 2318 4183 tenti
2347 4146 2506 4184 manu
2526 4127 2646 4196 Dei,
2665 4138 2722 4183 ut
2745 4128 2934 4184 exultet
2969 4143 3056 4184 uos
3105 4127 3162 4182 in
3207 4135 3435 4196 tempore
3476 4123 3793 4179 uisitationis

2189 4202 2245 4277 (ι
2265 4217 2408 4275 Petr.
2437 4220 2542 4294 ιιι).

2263 4314 2426 4368 Vens.
2453 4314 2538 4368 11.
2569 4343 2642 4355 —
2661 4313 2809 4368 Mala
2831 4329 3014 4368 aurea.
3046 4311 3216 4369 Sacra
3244 4311 3484 4382 eloquia,
3517 4318 3664 4376 etc.,
3693 4326 3782 4366 ns-

2191 4423 2290 4476 que
2315 4406 2382 4458 ad
2407 4414 2614 4461 remoto
2643 4405 2836 4460 litterae
2867 4405 3130 4462 velamine
3157 4389 3364 4476 pandit.

2274 4491 2437 4546 Vens.
2467 4493 2552 4547 12.
2585 4525 2653 4532 --
2673 4492 2887 4548 Inauris
2908 4511 3068 4548 aurea
3096 4496 3506 4565 margaritarum
3555 4493 3790 4565 fulgens.

593 4571 752 4629 Vens.
781 4576 864 4630 11.
887 4606 958 4617 —
985 4577 1128 4632 Erue
1162 4594 1270 4632 eos.
1311 4578 1454 4635 Erue
1478 4594 1572 4635 eos
1603 4581 1696 4650 qui
1724 4582 1794 4636 ab
1830 4583 2100 4639 haereticis
2123 4544 2178 4605 υ
2209 4583 2379 4639 Recte
2406 4583 2625 4639 humilis
2655 4585 2890 4651 auditor,
2922 4594 3056 4650 etc.,
3094 4544 3256 4657 usqu;
3279 4584 3348 4640 ad
3381 4544 3792 4656 gratioremque

517 4665 882 4737 decipiuntur,
923 4680 1054 4735 etc.,
1089 4687 1254 4742 usque
1295 4673 1364 4726 ad
1408 4673 1454 4728 si
1483 4673 1664 4744 algore
1699 4675 1990 4746 perituros,
2023 4677 2102 4732 vi-

518 4765 629 4821 (ἷῑυ,
653 4765 806 4813 veste
834 4773 1038 4814 recrea.

593 4844 752 4904 Vens.
781 4848 868 4904 13.
891 4877 963 4888 —
992 4847 1236 4918 Comede,
1265 4851 1346 4921 ﬁli
1377 4853 1470 4908 mi.
1515 4853 1656 4910 Μοιιὶ
1701 4863 1759 4910 et
1796 4854 1918 4911 favo
1948 4873 2100 4912 com-

520 4945 681 5009 parat
717 4937 1022 4996 doctrinam
1057 4941 1356 5010 sapientim,
1386 4952 1517 5008 etc.,
1554 4959 1718 5015 usque
1759 4945 1829 4999 ad
1859 4953 1914 5002 et
1947 4961 2100 5002 mora

523 5031 840 5102 percipitur.

598 5121 762 5178 Vens.
814 5121 902 5179 15.
947 5153 1020 5166 —-
1059 5123 1144 5179 Ne
1179 5125 1464 5182 insidior-is.
1493 5126 1572 5184 Ne
1603 5145 1815 5200 qucras
1863 5131 2104 5186 occasio-

528 5227 672 5277 nem,
695 5222 824 5278 etc.,
846 5229 1009 5285 usque
1031 5215 1102 5270 ad
1125 5214 1266 5271 unde
1286 5215 1561 5289 subiungit
1591 5235 1605 5273 :

601 5304 762 5360 Vens.
803 5305 891 5371 16.
919 5336 990 5347 -
1011 5306 1212 5378 Septies
1232 5308 1371 5362 enim
1404 5308 1573 5364 cadet.
1596 5308 1784 5367 Justus
1807 5311 2028 5379 dicitur,
2051 5321 2108 5368 et

529 5396 746 5463 cadere,
767 5404 898 5463 etc.,
932 5415 1093 5470 usque
1117 5399 1188 5454 ad
1217 5400 1298 5455 sie
1317 5407 1542 5470 peccato
1569 5403 1874 5458 asseutinnt
1909 5411 1969 5458 ut
1996 5417 2107 5458 non

530 5487 848 5556 pmniteant.

606 5576 766 5634 Vana.
800 5578 886 5632 17.
924 5607 996 5619 —
1031 5576 1164 5636 Cum
1191 5581 1433 5636 ceciderit
1478 5582 1720 5638 inimicus
1759 5593 1904 5638 tuus.
1938 5583 2114 5653 Supra

528 5661 673 5731 justo
699 5666 924 5724 insidias
951 5670 1140 5734 vetuit,
1171 5678 1302 5736 etc.,
1333 5689 1495 5742 usque
1523 5672 1592 5727 ad
1621 5688 1690 5727 ne
1728 5682 1780 5727 te
1805 5674 2032 5728 cadente
2061 5672 2114 5727 in

533 5766 774 5824 peccato,
803 5757 892 5812 ille
918 5758 1246 5829 resipiscens
1272 5772 1517 5818 sanetur.

2209 4676 2470 4748 fulgorem
2507 4693 2730 4747 gemmae
2754 4678 2992 4734 ardentis
3019 4679 3280 4734 annectit.

2280 4766 2651 4822 Vens.13.—
2704 4767 2854 4824 Sicut
2902 4769 3087 4839 frigus.
3147 4769 3516 4840 importunum
3579 4768 3798 4825 videtur

2206 4868 2450 4929 tempore
2475 4860 2666 4915 messis
2691 4859 2932 4932 ningere,
2987 4869 3120 4928 etc.,
3161 4878 3323 4933 usque
3371 4861 3442 4917 ad
3492 4861 3798 4932 prudenter

2207 4950 2416 5022 agendo
2441 4960 2712 5021 repausat.

2282 5041 2443 5098 Vens.
2483 5042 2568 5096 14.
2599 5071 2671 5083 -
2706 5041 2800 5096 Vir
2823 5041 3103 5115 gloriosus.
3135 5042 3280 5100 Idem
3304 5044 3540 5108 videtur,
3573 5040 3692 5098 Nec
3715 5042 3793 5096 la-

2209 5141 2314 5186 ctes
2337 5149 2646 5203 quemquam
2671 5131 2822 5186 labiis
2849 5134 2973 5188 tuis.
3006 5133 3110 5189 Sed
3149 5134 3276 5189 illud
3319 5143 3404 5190 est
3449 5133 3596 5190 idem
3652 5135 3792 5205 quod

2209 5223 2343 5278 dicit
2367 5209 2650 5294 Apostolus
2681 5241 2694 5276 :
2731 5221 2994 5279 Habentes
3017 5226 3238 5293 speciem
3258 5223 3490 5294 pietatis,
3521 5224 3792 5278 ceritatem

2211 5323 2385 5367 autem
2422 5313 2535 5382 ejus
2561 5312 2870 5384 abnegantes
2903 5313 2984 5385 (II
3012 5314 3146 5369 Tim.
3175 5315 3276 5386 ιιι).

2255 5403 2443 5458 'Vsns.
2478 5401 2565 5458 16.
2595 5435 2665 5444 -
2703 5404 2812 5459 Mel
2858 5403 3116 5472 invenisti,
3159 5405 3368 5462 comede
3418 5405 3558 5478 quod
3607 5408 3792 5476 sume-it

2209 5492 2320 5547 tibi.
2354 5492 2540 5548 Potest
2567 5502 2623 5550 et
2651 5494 2729 5550 sic
2760 5495 3000 5566 intelligi,
3031 5505 3160 5560 etc.,
3192 5514 3354 5569 usque
3373 5497 3442 5552 ad
3494 5497 3582 5553 vel
3634 5499 3792 5555 toties

2211 5584 2280 5638 ad
2304 5583 2454 5638 illum
2484 5585 2673 5641 venias
2703 5595 2762 5640 ut
2787 5585 3050 5643 fastidiat.

2285 5673 2449 5730 Vens.
2486 5675 2572 5732 19.
2605 5707 2676 5717 —
2701 5677 2842 5732 Deus
2867 5679 3108 5748 putridus
3138 5688 3186 5734 et
3215 5696 3320 5750 pes.
3348 5677 3636 5748 Jeremias,
3663 5689 3789 5749 etc.,

2217 5783 2382 5837 usque
2406 5768 2474 5822 ad
2505 5767 2561 5824 in
2597 5768 2684 5824 die
2707 5768 2894 5838 judicii
2926 5769 3099 5826 nudus
3125 5769 3350 5841 patebit.

3819 587 3838 650 l

3821 651 3833 678 δ
