4008 6348
203 412 348 472 1109

1227 407 1493 466 GLOSSA
1532 406 1928 466 ORDINABIA.
1969 438 2040 448 —
2079 407 2204 462 LIB.
2247 402 2453 462 PROV.

3353 398 3490 457 1110

278 524 449 582 Vens.
475 523 568 580 20.
608 553 676 564 —
698 522 915 580 Acetum
940 523 997 577 in
1023 523 1160 578 nitro
1182 523 1271 594 qui
1300 531 1498 577 cantat.
1524 521 1736 576 Nitrum
1763 535 1796 576 a
1822 523 1878 583 Α
1978 519 2137 575 Vens.
2169 521 2256 575 15.
2284 550 2354 558 ——
2381 517 2523 571 Dicit
2549 516 2712 586 piger.
2741 512 2892 568 Multi
2919 529 3040 568 cum
3079 515 3244 572 verba
3293 514 3492 570 exhor-

203 617 386 678 Nitria
409 615 714 688 provincia,
741 621 879 683 etc.,
908 631 1070 688 usque
1093 614 1162 670 ad
1193 613 1289 670 sed
1313 628 1511 684 aquam
1539 612 1802 670 lavationi

203 709 450 767 habilem
479 705 676 762 reddit.

277 799 446 855 Vens.
470 796 560 851 22.
587 828 657 837 —
684 793 895 851 Prunas
924 797 1063 851 enim
1098 795 1454 867 congregabis,
1491 793 1544 850 id
1573 802 1678 861 est,
1716 807 1806 848 ar-

205 892 398 948 dorem
424 888 728 946 cbaritatis.
784 887 901 944 Non
957 889 1102 944 enim
1153 889 1374 945 doceret
1402 888 1687 961 sapientia,
1743 893 1806 944 ut

204 984 352 1040 bona
393 981 634 1047 inimico,
679 979 808 1036 mali
843 996 1026 1049 causa,
1063 979 1292 1038 faceres.
1332 981 1419 1036 Fit
1467 982 1612 1037 enim
1661 991 1814 1050 saepe

206 1083 268 1130 ut
297 1073 554 1129 inimicus
581 1072 790 1128 crebris
817 1072 994 1128 victus
1023 1073 1324 1140 beneficiis,
1354 1071 1464 1128 odii
1513 1080 1680 1144 ponat
1728 1071 1805 1127 ri-

207 1180 416 1240 gorem,
441 1175 496 1220 et
517 1164 755 1220 calorem
776 1165 1066 1222 charitatis
1090 1165 1257 1220 menti
1289 1173 1544 1235 apponat.

296 1257 488 1314 Ventus
509 1258 707 1330 aquilo.
739 1255 798 1316 Si
835 1257 992 1315 hilari
1023 1260 1175 1315 vultu
1233 1259 1471 1316 audieris
1515 1259 1805 1314 detrahen-

209 1359 342 1418 tem,
369 1361 426 1405 tu
451 1350 527 1405 illi
559 1351 656 1406 das
687 1349 932 1406 fomitem
982 1352 1322 1407 detrahendi.
1374 1350 1430 1406 Si
1466 1365 1598 1408 vero
1637 1349 1804 1417 tristi,

206 1450 269 1496 ut
295 1441 373 1496 ait
399 1441 643 1511 quidam,
669 1441 828 1497 discit
859 1455 966 1496 non
1004 1441 1241 1498 libenter
1270 1441 1470 1511 dicere,
1533 1442 1678 1514 quod
1726 1441 1806 1497 di-

207 1531 402 1588 dicerit
426 1549 536 1588 non
557 1532 793 1589 libenter
816 1532 1023 1588 audire.

278 1625 444 1682 Vens.
471 1625 562 1680 24.
591 1657 664 1666 -
687 1625 876 1681 Melius
899 1638 974 1682 est
1001 1627 1178 1682 sedere
1206 1629 1261 1682 in
1301 1627 1495 1699 angulo
1545 1627 1799 1694 domatis,

205 1733 386 1788 quam.
417 1717 584 1772 Doma
615 1727 700 1773 est
720 1718 967 1774 excelsus
998 1728 1054 1774 et
1084 1729 1328 1774 secretus
1351 1719 1521 1776 locus.
1565 1719 1624 1774 ιιι
1652 1719 1804 1777 Acti-

203 1807 309 1864 bus
334 1809 478 1863 enim
520 1808 885 1879 apostolorum
916 1809 1056 1882 (Act.
1088 1808 1169 1882 ιι),
1204 1811 1295 1866 ubi
1329 1809 1518 1866 Petrus
1547 1810 1615 1866 ad
1643 1827 1806 1882 supe-

1908 611 2128 667 tationis
2151 611 2398 676 audiunt,
2432 619 2562 675 etc.,
2593 623 2755 678 usque
2778 606 2846 660 ad
2879 605 2933 662 in
2966 605 3082 662 suis
3101 603 3285 674 jacere
3314 604 3493 678 pravi-

1905 705 2108 761 tatibus
2131 719 2239 760 non
2263 703 2549 759 desistunt.

1979 795 2144 850 Vens.
2175 795 2262 850 16.
2293 827 2360 836 --
2389 794 2708 866 Sapientior,
2746 803 2850 851 etc.
2885 792 3104 865 Septem
3132 795 3237 850 viri
3263 794 3496 867 loquen-

1905 898 1991 946 tes
2013 889 2332 956 sententias,
2364 898 2495 956 etc.,
2521 905 2682 960 usque
2734 889 2804 943 ad
2852 897 2908 944 et
2951 889 3152 946 multos
3203 889 3497 961 perfecisse

1907 990 2371 1044 monstraverunt.

1979 1075 2144 1130 Vens.
2183 1073 2268 1130 17.
2301 1105 2372 1115 -—
2403 1073 2549 1130 Sicut
2596 1073 2686 1146 qui
2738 1075 3094 1146 apprehendit.
3150 1072 3270 1130 Noli
3317 1074 3501 1131 verbis

1909 1167 2259 1234 contendere,
2311 1167 2378 1220 ad
2430 1167 2660 1221 nihilum
2687 1165 2816 1221 utile
2840 1174 2924 1221 est
2947 1165 3052 1222 nisi
3088 1167 3156 1222 ad
3184 1167 3500 1222 subversio-

1909 1277 2037 1317 nem
2061 1259 2415 1315 audientium.
2453 1259 2772 1328 Quicunque
2817 1257 3047 1328 simplex
3097 1274 3256 1314 sensu
3309 1266 3392 1314 est
3447 1266 3502 1312 et

1910 1354 2118 1408 duobus
2152 1351 2292 1406 inter
2313 1367 2371 1407 se
2393 1350 2754 1420 jurgantibus,
2784 1349 3026 1405 mordaci
3067 1365 3318 1405 sermone
3344 1357 3504 1418 capta

1909 1443 2026 1513 ejus
2049 1462 2200 1512 aure,
2226 1446 2334 1503 cito
2359 1446 2547 1518 incipit
2573 1446 2727 1515 quasi
2759 1445 2912 1500 canis
2937 1445 3142 1500 latrare
3176 1454 3232 1500 et
3279 1452 3502 1501 conten-

1909 1539 2086 1594 tiones
2109 1553 2388 1612 generare,
2422 1539 2514 1594 sed
2544 1539 2759 1608 sapiens
2788 1537 3012 1592 omnino
3042 1537 3193 1592 vitat.

2457 1629 2685 1685 CAPUT
2744 1627 2958 1684 XXVII.

1982 1721 2148 1776 Vens.
2174 1722 2225 1775 1.
2259 1721 2342 1776 Ne
2371 1721 2628 1792 glorieris.
2669 1720 2747 1775 Ne
2773 1736 2998 1776 securus
3022 1721 3098 1776 sis
3123 1719 3412 1790 aliquando
3435 1719 3505 1776 de

1912 1812 2096 1870 futuro
2121 1831 2135 1880 ;
2163 1815 2288 1884 quia
2319 1816 2422 1870 etsi
2447 1815 2605 1882 hodie
2632 1815 2804 1870 servis
2845 1815 3074 1870 Domino
3103 1815 3277 1885 qualis
3305 1830 3426 1870 esse
3451 1816 3508 1870 in

206 1901 352 1956 riora
381 1899 710 1957 ascenditad
724 1901 1010 1971 orandum,
1032 1917 1134 1975 pro
1149 1903 1590 1975 superioribusin
1621 1903 1811 1960 Graeco
1843 1882 1892 1943 Β
1921 1905 2164 1961 futurum
2190 1908 2386 1977 possis,
2408 1907 2678 1978 quomodo
2705 1908 2844 1962 viam
2875 1907 3050 1974 linire,
3083 1923 3306 1978 prorsus
3329 1907 3512 1964 videre

207 1993 367 2050 doma
398 1993 659 2064 scriptum
684 2003 788 2050 est.
859 2037 862 2040 .

277 2085 446 2142 Vens.
495 2085 588 2142 25.
629 2116 703 2128 —-
744 2085 897 2158 Aqua
930 2086 1146 2157 frigida.
1192 2085 1347 2158 Aqua
1419 2101 1549 2158 ergo
1595 2085 1814 2158 frigida,

205 2185 333 2242 etc.,
391 2194 552 2249 usque
617 2179 686 2234 ad
746 2177 831 2234 vel
898 2177 1052 2236 finito
1103 2181 1400 2236 certamine
1447 2179 1517 2236 ad
1578 2179 1816 2252 palmam

205 2268 579 2326 retributionis
613 2270 892 2327 inducunt.

277 2358 444 2416 Vens.
486 2361 578 2415 26.
605 2391 676 2401 -—-
705 2358 852 2416 Fons
884 2362 1144 2418 turbatus.
1172 2362 1366 2419 Evenit
1408 2378 1571 2434 saepe,
1614 2371 1675 2418 ut
1722 2357 1818 2432 qui

206 2449 403 2518 majori
434 2451 646 2520 praiditi
682 2453 908 2508 scientia
931 2451 1232 2525 fulgebant,
1274 2453 1341 2508 ad
1399 2452 1646 2507 ultimum
1696 2451 1819 2523 plus

207 2543 452 2600 volentes
480 2535 673 2614 sapere
701 2561 864 2616 quam
890 2546 1176 2620 fragilitati
1211 2548 1463 2606 humanae
1496 2565 1818 2606 concessum

208 2645 312 2702 est,
347 2636 401 2691 in
425 2638 751 2709 insipientiae
777 2639 990 2696 foveam
1013 2641 1286 2708 decidant,
1342 2644 1486 2700 unde
1515 2643 1764 2714 adjungit
1797 2660 1812 2696 :

281 2731 447 2789 Vens.
478 2733 566 2789 27.
597 2733 840 2791 —Sicut
885 2737 977 2808 qui
1015 2735 1137 2791 mel.
1191 2735 1429 2793 Dulcedo
1482 2726 1629 2795 enim
1689 2735 1822 2793 mel-

209 2821 296 2889 lis,
329 2834 458 2892 etc.,
483 2841 643 2898 usque
671 2826 738 2880 ad
769 2825 912 2882 unde
937 2827 1184 2898 sequitur
1212 2845 1228 2882 :

281 2915 443 2972 Vens.
475 2917 562 2974 28.
583 2948 654 2958 —
683 2917 831 2973 Sicut
857 2919 977 2973 urbs
1008 2931 1213 2992 patens,
1240 2930 1346 2976 etc.
1378 2919 1437 2975 Si
1482 2920 1631 2977 enim
1686 2936 1808 2976 mu-

212 3023 330 3063 rum
363 3005 563 3062 silentii
589 3023 698 3062 non
725 3007 1058 3072 liabet,etc.,
1085 3025 1247 3079 usque
1280 3008 1352 3062 ad
1380 3017 1574 3066 contra
1613 3017 1820 3066 semet-

211 3099 387 3172 ipsam
416 3113 514 3170 per
545 3098 938 3172 multiloquium
970 3107 1195 3172 pugnat.

788 3233 1015 3292 CAPUT
1038 3234 1228 3294 XXVI.

285 3366 453 3425 Vens.
486 3369 537 3424 1.
561 3399 632 3410 —-
660 3367 934 3436 Quomodo
957 3371 1048 3425 nia;
1079 3370 1134 3426 in
1154 3380 1354 3427 testate.
1399 3367 1503 3426 Nix
1535 3369 1592 3425 in
1621 3365 1810 3427 estate

215 3469 271 3520 et
297 3461 490 3533 pluviae
516 3461 572 3516 in
595 3476 792 3528 messe,
818 3471 947 3528 etc.,
971 3480 1135 3535 usque
1161 3464 1232 3518 ad
1253 3463 1398 3533 quod
1423 3459 1644 3518 Arianae
1670 3455 1811 3518 te'ml-

215 3553 442 3626 pestatis
467 3552 750 3608 calamitas
775 3553 1047 3624 probavit.

287 3643 452 3702 Vens.
480 3643 777 3702 2.—Nam
805 3647 940 3701 sicut
979 3649 1110 3702 avis.
1159 3645 1338 3704 Verba
1385 3654 1664 3717 comparat
1710 3645 1819 3700 avi-

217 3737 342 3805 bus,
374 3747 508 3805 etc.,
535 3756 698 3811 usque
723 3737 793 3793 ad
825 3740 889 3795 de
911 3740 1106 3810 quibus
1137 3758 1150 3794 :
1185 3739 1551 3812 Quodcunque
1578 3739 1818 3811 ligaveris

218 3847 376 3901 super
402 3839 599 3886 terram
630 3833 726 3886 erit
757 3831 977 3904 ligatum
1001 3843 1048 3888 et
1069 3835 1125 3888 in
1145 3834 1288 3889 cwlis
1320 3834 1537 3906 (Matth.
1573 3841 1708 3904 xvi).

293 3921 462 3978 Vens.
493 3921 547 3976 4.
589 3953 660 3963 —
695 3919 820 3978 Non
868 3924 1202 3996 respondeas.
1233 3965 1246 3979 .
1276 3963 1290 3977 .
1347 3923 1618 3994 Responde
1657 3922 1818 3978 stulto

214 4009 372 4083 juxta
398 4010 697 4066 stultitiam.
727 4009 843 4067 Non
875 4022 1001 4068 sunt
1022 4011 1333 4080 contraria;
1359 4022 1647 4084 utrumque
1675 4013 1823 4068 enim

221 4115 320 4172 pro
345 4109 583 4172 tempore
616 4110 671 4156 et
711 4117 1065 4173 personarum
1112 4103 1428 4159 diversitate
1467 4102 1768 4158 concordat
1801 4119 1817 4169 ;

223 4193 350 4249 dum
374 4202 430 4250 et
449 4194 645 4250 stultus
671 4195 998 4262 contemnit,
1041 4196 1166 4267 quia
1214 4209 1322 4252 non
1374 4197 1568 4266 recipit
1614 4195 1828 4266 sapien-

221 4285 356 4341 tiam
377 4295 462 4342 :et
482 4287 644 4342 stulta
668 4287 920 4358 superbia
937 4303 967 4342 a
983 4303 1079 4343 sua
1104 4287 1358 4357 dejicilur
1379 4287 1632 4354 stultitia,
1647 4287 1790 4344 unde
1811 4302 1828 4342 :

223 4376 427 4434 Factus
451 4397 567 4435 sum
603 4380 877 4451 insipiens,
908 4399 995 4436 vos
1025 4399 1104 4437 me
1142 4383 1387 4455 coegistis
1424 4383 1513 4456 (11
1540 4383 1663 4440 Cor.
1705 4383 1826 4458 xu).

298 4471 466 4528 Vens.
503 4472 556 4528 6.
577 4502 650 4513 -
675 4471 912 4528 Claudus
937 4474 1176 4545 pedibus.
1208 4473 1395 4535 Potest
1414 4477 1633 4547 sapiens
1697 4474 1832 4531 stul-

227 4569 344 4618 tum
372 4562 588 4617 mittere
606 4562 877 4628 nesciens,
909 4577 1010 4617 nec
1032 4572 1208 4618 tamen
1240 4563 1517 4634 sapientiae
1546 4579 1658 4618 sua:
1699 4561 1816 4633 glo-

229 4652 370 4710 riam
400 4651 577 4725 perdit
605 4670 617 4706 :
643 4653 770 4723 quia
797 4652 862 4707 de
888 4653 1092 4721 ignoto,
1125 4654 1325 4708 bonum
1367 4654 1512 4724 quod
1545 4654 1817 4720 audierat,

229 4746 424 4802 credit.
454 4747 561 4802 Sed
588 4755 644 4801 et
671 4745 762 4816 qui
792 4745 1106 4800 litereticum
1136 4745 1316 4800 sciens
1354 4745 1520 4800 mittit
1569 4747 1634 4802 ad
1685 4761 1822 4818 prte-

229 4837 539 4906 dicandum,
555 4838 780 4895 claudus
798 4845 882 4894 est
901 4837 1126 4910 pedibus
1143 4855 1158 4895 :
1174 4835 1244 4893 Et
1267 4840 1597 4911 iniquitatem
1623 4839 1823 4907 bibens;

231 4932 364 5002 quia
389 4940 446 4987 et
465 4932 646 5002 operis
675 4933 802 4988 boni
849 4931 983 4988 foris
1007 4933 1282 4991 incessum
1329 4933 1536 5004 amisit,
1586 4943 1642 4991 et
1687 4935 1826 4991 inte-

231 5021 380 5078 riora
405 5023 490 5078 sui
518 5039 711 5081 sensus
739 5025 936 5081 haustu
961 5025 1207 5081 stultitiae
1235 5026 1469 5083 debriat.

306 5109 472 5170 Vens.
499 5113 552 5171 9.
581 5147 653 5156 —
683 5113 958 5183 Quomodo
983 5117 1028 5171 si
1053 5118 1204 5188 spina
1235 5127 1504 5175 nascatur.
1537 5117 1707 5192 Spina
1734 5135 1830 5176 na-

235 5204 410 5261 scitur
447 5205 501 5260 in
528 5221 690 5262 manu
719 5207 1022 5276 temulenti,
1049 5216 1180 5277 etc.,
1213 5227 1375 5284 usque
1404 5210 1475 5265 ad
1503 5219 1602 5268 aut
1626 5211 1834 5284 vitupe-

237 5298 508 5355 rationem
541 5301 738 5372 quaarit
763 5297 1014 5357 aliorum.

312 5387 480 5448 Vens.
516 5392 692 5448 11.-
726 5393 873 5449 Sicut
922 5394 1090 5449 canis.
1145 5393 1309 5451 Canis
1366 5412 1595 5454 vomens
1650 5395 1835 5455 cibum

240 5495 351 5554 quo
371 5495 558 5554 pectus
581 5487 701 5558 ejus
727 5489 1095 5557 premebatur,
1124 5487 1332 5557 abiicit,
1363 5498 1495 5556 etc.,
1547 5507 1710 5564 usque
1763 5491 1834 5546 ad

245 5591 410 5646 quam
436 5588 559 5648 post
588 5577 1010 5646 confessionem,
1037 5579 1163 5634 dum
1189 5588 1468 5651 appetunt,
1527 5591 1828 5639 resumunt.

317 5667 481 5726 Vens.
511 5671 598 5727 12.
621 5703 691 5712 -
723 5671 910 5727 Vidisti
939 5673 1222 5727 hominem.
1253 5673 1309 5728 ln
1337 5671 1601 5745 judicium
1627 5691 1757 5749 ergo
1777 5677 1834 5732 in

246 5760 392 5817 hunc
415 5764 673 5819 mundum
702 5764 826 5820 veni
856 5764 1038 5834 (Joan.
1067 5763 1168 5839 ix),
1197 5774 1257 5820 ut
1280 5767 1373 5836 qui
1401 5752 1520 5823 non.
1540 5768 1726 5828 vident
1745 5771 1830 5826 vi-

223 5853 432 5948 .deant,
455 5862 510 5912 et
531 5857 624 5930 qui
651 5856 858 5927 vident,
885 5854 1019 5916 caeci
1041 5853 1175 5914 flant
1199 5855 1370 5930 (Eccl.
1395 5858 1474 5930 x).

1838 1997 1850 2009 '
1920 2013 2030 2052 non
2061 1997 2227 2053 vales.
2255 1996 2452 2052 Beatus
2481 1999 2635 2053 homo
2655 1999 2745 2069 qui
2765 2015 2971 2068 semper
2998 2009 3071 2053 est
3100 1999 3340 2069 pavidus.

1991 2089 2157 2145 Vens.
2187 2087 2241 2144 '5.
2286 2119 2358 2130 —
2406 2085 2574 2144 Grave
2624 2098 2700 2144 est
2743 2105 2952 2144 saxum.
2999 2087 3176 2145 Grave
3227 2099 3334 2153 est,
3378 2097 3511 2157 etc.,

1921 2199 2082 2252 usque
2107 2180 2177 2236 ad
2209 2181 2285 2237 ita
2310 2181 2512 2237 mentis
2534 2196 2749 2252 quoque
2786 2191 2966 2237 motus
2999 2182 3315 2237 examinant
3343 2189 3396 2237 et
3419 2196 3512 2236 ca-

1918 2270 2140 2341 stigant.

1992 2358 2088 2415 Ira
2117 2360 2268 2416 stulti
2292 2369 2512 2432 utroque
2539 2361 2768 2432 gravior,
2799 2369 2906 2416 etc.
2939 2361 3016 2416 De
3036 2376 3144 2432 quo
3170 2376 3357 2432 supra,
3379 2368 3511 2430 etc.,

1921 2468 2084 2524 usque
2113 2451 2182 2506 ad
2204 2461 2260 2507 et
2279 2434 2446 2506 furori
2478 2451 2630 2506 frena
2659 2449 2825 2506 laxat.

1997 2542 2164 2597 Vens.
2199 2541 2253 2597 5.
2281 2572 2354 2581 —
2380 2541 2570 2596 Melior
2616 2549 2692 2596 est
2720 2541 3000 2612 manifesta
3043 2543 3316 2598 correctio.
3348 2543 3518 2600 Amor

1921 2634 2295 2701 absconditus,
2344 2633 2585 2699 illicitus,
2635 2643 2766 2698 etc.,
2816 2651 2979 2706 usque
3017 2635 3086 2689 ad
3133 2651 3297 2707 quam
3336 2636 3518 2692 studio

1922 2725 2178 2783 similiter
2207 2725 2467 2797 peccandi
2499 2725 2638 2782 clam
2662 2725 2908 2796 diligere.

1993 2817 2160 2872 Vens.
2191 2818 2244 2872 7.
2269 2817 2549 2872 —Anima
2597 2827 2838 2872 saturata
2891 2816 3113 2872 calcabit
3168 2818 3368 2888 favum,
3409 2829 3515 2876 etc.

1920 2910 2117 2965 Anima
2146 2910 2396 2975 divitum,
2444 2919 2574 2976 etc.,
2607 2928 2771 2982 usque
2815 2911 2884 2966 ad
2936 2921 3166 2969 mortem
3213 2913 3382 2984 ipsam
3419 2930 3520 2986 pro

1925 3001 2157 3058 Domino
2187 3004 2298 3070 pati
2334 3002 2488 3057 dulce
2515 3001 2699 3057 habet.

1995 3089 2164 3147 Vens.
2187 3090 2240 3147 8.
2285 3122 2357 3132 —-
2402 3091 2552 3147 Sicut
2593 3093 2702 3147 avis
2752 3095 3154 3165 transmigrans.
3205 3095 3358 3152 Sicut
3405 3098 3522 3154 avis

1928 3195 2054 3248 ova,
2086 3187 2217 3248 etc.,
2251 3197 2414 3254 usque
2443 3180 2515 3235 ad
2545 3195 2614 3236 ne
2654 3196 2686 3237 a
2721 3181 2888 3248 bono,
2933 3184 3077 3254 quod
3127 3184 3386 3254 faciebas,
3429 3187 3523 3243 de-

1838 3246 1886 3318 C
1916 3246 2100 3332 sistas.

1979 3367 2144 3424 Vens.
2170 3365 2256 3421 10.
2275 3363 2550 3421 -Μειὶον
2569 3375 2644 3422 est
2664 3366 2886 3422 vicinus.
2916 3365 3104 3424 Melior
3125 3379 3209 3426 est
3238 3367 3356 3436 tibi,
3384 3377 3518 3440 etc.,

1917 3479 2082 3534 usque
2107 3462 2196 3528 ad,
2229 3462 2285 3516 in
2311 3459 2545 3529 Iericho,
2575 3469 2624 3515 et
2646 3461 2850 3526 incidit,
2883 3469 2968 3518 etc

1993 3553 2159 3609 Vens.
2191 3551 2502 3618 H.—Qui
2553 3551 2805 3607 benedicit
2856 3554 3123 3624 proximo,
3175 3555 3228 3610 id
3281 3563 3388 3622 est,
3427 3555 3524 3627 qui

1921 3645 2112 3702 favore
2159 3643 2442 3714 superfluae
2475 3644 2652 3700 laudis
2685 3660 2809 3700 eum
2839 3645 3073 3714 extollit,
3121 3646 3207 3702 vel
3257 3647 3415 3703 malis
3443 3649 3527 3703 fa-

1922 3739 2124 3803 vendo,
2151 3737 2236 3792 vel
2258 3738 2401 3793 bona
2424 3736 2544 3808 plus
2573 3753 2728 3809 tequo
2770 3737 3058 3794 laudando.
3094 3736 3200 3795 Sed
3235 3740 3326 3795 hic
3359 3740 3526 3797 male-

1925 3830 2128 3886 dicenti
2159 3829 2530 3896 assimilatur;
2564 3829 2692 3901 quia
2714 3829 2800 3886 vel
2820 3830 2876 3884 in
2899 3830 3041 3887 malo
3067 3846 3231 3904 opere
3253 3833 3524 3890 laudando

1929 3922 2316 3978 confidentiam
2375 3923 2585 3989 tribuit,
2637 3922 2722 3979 vel
2758 3923 2814 3980 in
2863 3924 3008 3981 bono
3053 3941 3218 3996 opere
3267 3926 3526 3997 simplici-

1931 4023 2098 4070 tatem
2122 4015 2243 4085 puri
2286 4014 2465 4070 cordis
2510 4015 2726 4081 minuit,
2774 4025 2835 4072 ut
2877 4018 3019 4088 quod
3068 4019 3287 4090 superni
3321 4020 3527 4077 amoris

1929 4121 2094 4162 causa
2118 4107 2439 4176 incoeperat,
2464 4107 2705 4164 humano
2731 4107 2920 4168 favore
2952 4110 3127 4167 ﬁniat.

2005 4197 2172 4256 Vens.
2206 4199 2293 4254 17.
2321 4228 2392 4242 -
2419 4197 2647 4254 Ferrum
2691 4201 2853 4270 ferro.
2890 4201 3040 4257 Bona
3069 4203 3367 4258 consolatio
3397 4219 3528 4259 con-

1931 4289 2111 4346 silium
2137 4291 2481 4362 sapientum:
2511 4291 2602 4360 qui
2647 4291 2776 4346 dum
2825 4307 2885 4347 se
2932 4293 3165 4348 invicem
3197 4293 3527 4352 consolando

1933 4383 2232 4448 instruunt,
2261 4381 2464 4437 ferrum
2498 4381 2643 4439 ferro
2666 4384 2900 4438 acuitur.

2006 4477 2172 4532 Vens.
2200 4474 2290 4528 20.
2317 4504 2390 4514 —
2417 4472 2685 4543 Infernus.
2727 4474 2929 4530 Inferni
2975 4483 3246 4534 tormenta
3286 4496 3395 4536 non
3439 4495 3528 4536 re-

1933 4569 2168 4641 plentur,
2211 4581 2345 4637 etc.,
2395 4585 2560 4641 usque
2611 4570 2680 4624 ad
2733 4571 2779 4626 si
2810 4581 3065 4628 naturam
3114 4574 3378 4632 haberent
3407 4578 3528 4636 sine

1924 4659 2031 4715 ﬁne
2052 4659 2315 4714 vivendi.

1996 4747 2162 4804 Vens.
2214 4747 2306 4804 25.
2360 4779 2432 4788 -—
2485 4747 2793 4821 Diligenter.
2850 4751 3060 4810 Pastori
3098 4755 3354 4815 Ecclesia:
3395 4759 3526 4815 dici-

1926 4846 2034 4905 tur,
2059 4847 2188 4904 etc.,
2220 4855 2384 4910 usque
2405 4839 2474 4892 ad
2500 4838 2544 4893 si
2579 4849 2669 4895 tuo
2697 4847 2941 4912 tempore
2966 4845 3104 4901 bene
3132 4849 3365 4919 paveris.

1999 4930 2166 4986 Vens.
2202 4930 2291 4985 25.
2323 4961 2392 4970 -
2420 4930 2616 5002 Aperta
2636 4943 2754 4987 sunt
2774 4947 2949 5006 prata.
2981 4936 3183 5010 Aperta
3213 4949 3340 4996 sunt
3365 4943 3527 5000 modo

1929 5040 2132 5100 pascua
2160 5036 2628 5085 sacramentorum
2684 5030 3014 5102 cmlestium,
3059 5041 3192 5103 etc.,
3244 5053 3405 5108 usque
3455 5037 3528 5095 ad

1936 5116 2006 5182 ad
2031 5116 2311 5188 spirituaie
2333 5119 2636 5175 subsidium
2657 5121 2804 5176 data.

2009 5207 2176 5266 Vens.
2207 5209 2298 5266 26.
2325 5240 2398 5251 —
2421 5197 2559 5284 Agni
2586 5223 2707 5268 sunt
2731 5213 2801 5268 ad
2842 5216 3222 5272 vestimentum.
3249 5218 3530 5292 Agnorunt

1937 5298 2228 5357 velleribus
2281 5301 2550 5369 vestieris,
2601 5303 2731 5359 dum
2774 5305 2934 5361 bonis
2961 5306 3348 5379 discipulorum
3397 5315 3529 5369 obe-

1941 5393 2202 5453 dientium
2240 5396 2484 5454 moribus
2511 5406 2699 5469 pastor
2738 5397 2854 5468 ipse
2881 5396 3202 5469 profeceris,
3229 5416 3530 5475 eorumque

1941 5486 2234 5545 laudabilia
2263 5489 2405 5545 facta
2429 5505 2679 5557 cernens,
2702 5499 2756 5546 et
2797 5489 2852 5544 in
2875 5498 3066 5546 ornatu
3091 5491 3372 5562 virtutum,
3396 5496 3530 5552 etin

1943 5580 2125 5638 calore
2170 5579 2476 5639 dilectionis
2522 5583 2638 5651 ipse
2686 5580 2955 5654 gloriosus
2981 5593 2984 5598 '
3007 5584 3300 5641 exstiteris.
3349 5585 3528 5644 Baulis

1941 5689 2132 5748 agrum
2161 5691 2468 5748 comparas,
2520 5675 2646 5730 dum
2696 5682 3015 5743 peccatores
3039 5676 3110 5732 ad
3153 5678 3532 5749 paenitentiam

1939 5770 2207 5840 vocando,
2232 5770 2609 5828 sublimiorem
2631 5767 2727 5824 tibi
2751 5766 2805 5823 in
2839 5777 2986 5826 terra
3023 5769 3322 5830 viventium
3351 5772 3530 5831 locum

1943 5881 2197 5935 aequius.
