4008 6348
12 717 20 1120 ἓ

512 456 639 520 llll
1002 459 1394 517 WALAFRlDl
1435 457 1684 515 STIlABl
1720 457 1926 514 FULD.
1966 455 2130 513 ΜΘΝ.
2172 453 2325 513 ΟΡΡ.
2365 453 2546 512 PARS
2582 452 2624 509 l.
2665 483 2734 495 —
2768 451 3232 511 THEOLOGICA.
3651 452 3803 512 Hii

583 579 745 633 Vens.
773 577 864 632 27.
885 607 956 616 ——
981 577 1217 648 Suﬂiciat
1251 579 1343 632 tibi
1369 578 1452 633 lac
1482 595 1780 650 caprarum.
1812 575 1982 632 Tanta
2013 576 2093 630 in-
2120 578 2169 638 Α
2267 569 2432 627 Vens.
2457 573 2547 627 20.
2576 601 2649 612 —
2695 567 2883 626 Vidisti
2911 571 3196 626 hominem.
3227 570 3405 626 Grave
3448 568 3678 642 quidem
3722 575 3805 628 vi-

510 669 707 725 stantia
732 683 898 739 pecus
923 667 1271 722 commissum
1299 683 1484 738 pasce,
1513 679 1646 735 etc.,
1670 685 1832 740 usque
1859 667 1928 722 ad
1955 665 2096 722 haedi
2202 663 2336 720 tium
2363 664 2626 731 stultitim,
2651 664 2744 720 sed
2773 680 2877 719 non
2909 664 3080 720 levius
3103 665 3452 721 verbositatis
3478 682 3494 720 :
3525 681 3659 722 nam
3689 681 3804 721 sa:-

510 776 610 830 pro
654 759 829 830 pretio
881 767 1214 824 sanctorum,
1264 759 1460 829 quibus
1509 769 1826 827 nocuerant,
1883 757 2096 828 ignibus
2197 772 2266 828 pe
2311 760 2595 828 contingit,
2644 767 2703 813 ut
2734 758 2898 813 idiota
2949 758 3147 829 aliquis
3195 758 3357 814 citius
3405 759 3574 815 verba
3602 775 3808 816 corre-

511 853 814 908 tradentur.
1165 921 1190 922 7
1293 921 1296 922 ν
1343 921 1346 922 ν
1372 919 1383 922 _
1445 921 1480 922 η
2196 851 2400 922 ptionis
2425 851 2672 922 accipiat,
2705 865 2868 920 quam
2893 850 2984 921 qui
3009 866 3108 905 sua
3140 852 3286 921 (quae
3321 851 3492 919 novit,
3517 850 3610 908 vel
3634 865 3811 908 nosse

1073 921 1301 978 CAPUT
1340 919 1572 977 ΧΧἫΠ·
2197 919 2374 1016 putat)
2409 919 2580 1015 magis
2601 919 2798 1012 iactat,
2825 919 2986 1012 quam
3017 919 3250 998 aliorum
3281 944 3486 1000 monita
3512 945 3728 1000 audiat.

581 1035 747 1092 Vens.
782 1035 835 1090 1.
861 1066 933 1077 -
955 1033 1114 1106 Fugit
1139 1036 1351 1106 impius.
1377 1035 1477 1102 Qui
1503 1049 1609 1089 non
1631 1044 1714 1090 est
1734 1033 1910 1100 fortis,
1935 1033 2100 1089 etiam
2273 1036 2436 1090 Vnus.
2461 1036 2550 1090 2|.
2574 1067 2644 1075 —
2670 1034 2774 1100 Qui
2797 1036 3020 1089 delicate
3039 1053 3071 1089 a
3090 1036 3313 1106 pueritia
3334 1053 3451 1091 sua.
3471 1036 3594 1092 Alia
3622 1047 3810 1092 trans-

511 1126 558 1182 si
585 1127 763 1184 nullus
813 1137 1194 1200 persequatur,
1246 1136 1438 1196 sponte
1487 1126 1647 1182 {idem
1701 1126 1934 1182 deserit:
1971 1126 2098 1178 dum
2200 1129 2329 1186 latio
2373 1131 2634 1201 pulchre:
2677 1129 2782 1196 Qui
2816 1130 3097 1184 deiiciatur
3132 1149 3165 1185 a
3189 1132 3417 1200 pueritia
3451 1149 3576 1197 sua,
3621 1149 3809 1187 serens

511 1217 842 1287 latrociniis,
869 1219 956 1275 vel
981 1218 1260 1289 perjuriis,
1293 1221 1520 1290 aliisque
1553 1218 1860 1289 huiusmodi
1895 1217 2098 1274 inﬁdeli
2199 1225 2338 1280 erit;
2368 1223 2642 1278 novissime
2666 1233 2842 1278 autem
2883 1224 3300 1278 contristabitur.
3337 1223 3478 1280 Sero
3504 1224 3660 1280 enim
3687 1241 3813 1280 ma-

514 1326 574 1367 se
599 1313 831 1367 similem
870 1312 1067 1368 reddit.
2130 1312 2135 1317 ’
2201 1319 2378 1374 lorum
2399 1318 2644 1386 poenitet,
2675 1317 2768 1386 qui
2797 1316 2853 1371 in
2878 1326 3066 1372 tenera
3092 1303 3471 1373 astate'noluit.

585 1409 772 1462 Justus
798 1417 972 1462 autem
1001 1409 1154 1480 quasi
1175 1407 1275 1462 leo.
1304 1407 1361 1462 in
1391 1423 1622 1464 occursu
1663 1407 1962 1463 bestiarum
1988 1422 2098 1462 non
2271 1411 2437 1466 Vsus.
2462 1409 2552 1464 22.
2574 1439 2643 1449 ——
2691 1407 2787 1462 Vir
2834 1408 3142 1462 iracundus.
3197 1406 3369 1462 Janua
3417 1409 3676 1463 omnium
3727 1406 3814 1463 vi—

489 1499 774 1568 trepitlat,
805 1507 935 1564 etc.,
972 1515 1134 1570 usque
1155 1499 1224 1552 ad
1251 1515 1412 1569 quem
1436 1515 1602 1555 nemo
1641 1498 1842 1552 invitus
1875 1497 2098 1551 amittit.
2203 1501 2402 1557 tiorum
2454 1499 2776 1555 iracundia:
2828 1513 2933 1568 qua
2985 1498 3191 1565 clausa,
3247 1500 3544 1556 virtutibus
3609 1499 3814 1554 intrin-

589 1589 748 1646 Vsns.
787 1591 842 1646 5.
887 1621 958 1631 —-
999 1590 1107 1657 Qui
1163 1601 1336 1646 autem
1392 1590 1682 1663 requirunt.
1737 1588 1928 1644 Omnia
1982 1587 2101 1642 ani-
2203 1608 2360 1649 secus
2386 1591 2603 1646 dabitur
2626 1590 2802 1661 quies,
2833 1598 3041 1660 aperta,
3071 1589 3142 1646 ad
3170 1604 3334 1647 omne
3371 1589 3596 1647 facinus
3632 1605 3816 1646 arma.

512 1683 863 1738 madvertunt
888 1683 1066 1748 electi,
1098 1682 1150 1736 id
1177 1691 1262 1738 est
1289 1693 1345 1758 et
1374 1681 1613 1736 futurum
1660 1681 1952 1735 discrimen
1980 1680 2101 1734 uni-
2201 1684 2350 1740 bitur
2384 1683 2618 1738 animus.

512 1774 742 1829 versalis
787 1773 977 1842 judicii
1006 1791 1020 1839 ;
1071 1782 1126 1828 et
1175 1774 1372 1842 quibus
1423 1773 1680 1842 operibus
1729 1772 1946 1842 requies
1978 1789 1992 1839 ;
2045 1780 2102 1828 et
2273 1775 2437 1832 Vnus.
2468 1776 2560 1831 24.
2584 1807 2656 1817 —
2679 1776 2784 1844 Qui
2818 1794 2936 1832 cum
2962 1777 3079 1848 {ure
3098 1776 3407 1848 participat,
3427 1775 3541 1830 odit
3563 1776 3814 1830 animans

513 1867 710 1938 quibus
737 1883 896 1938 pmna
923 1867 1255 1921 retribuatur
1281 1877 1504 1922 aeterna.
2139 1941 2156 1942 η
2201 1886 2396 1942 ειιτιπι.Δ
2419 1871 2536 1927 Non
2573 1872 2746 1928 solum
2780 1888 2809 1926 a
2835 1879 3080 1942 peccato,
3115 1870 3211 1926 sed
3254 1870 3422 1925 etiam
3451 1885 3485 1924 a
3531 1884 3816 1924 consensu

586 1959 959 2015 Vnus.10.—
989 1961 1090 2025 Qui
1137 1959 1322 2030 decipit
1364 1960 1540 2030 justas
1586 1961 1640 2014 in
1683 1959 1763 2013 via
1813 1976 1950 2024 mea,
1993 1967 2101 2014 etc.
2129 1941 2179 2002 Β
2208 1938 2480 2018 θὺειίιῖθιιε
2522 1962 2680 2018 docet
2707 1938 3010 2033 sapientia:
3061 1976 3127 2014 ne
3157 1961 3342 2014 audiat
3368 1975 3400 2014 a
3426 1959 3695 2014 districto
3719 1957 3816 2026 ju-

514 2049 614 2117 Qui
642 2067 740 2122 per
778 2052 1077 2106 doctrinam
1120 2052 1430 2106 hmreticam
1462 2051 1661 2121 decipit
1702 2060 1973 2106 amatores
2014 2049 2106 2120 ju-
2207 2055 2364 2109 dice:
2390 2053 2449 2108 Si
2485 2053 2694 2108 videbas
2722 2053 2911 2124 furem,
2960 2050 3206 2106 currebas
3259 2065 3378 2103 cum
3422 2065 3506 2114 eo,
3540 2058 3660 2105 etc.
3697 2049 3814 2102 Non

514 2143 696 2209 stitiae,
723 2152 856 2210 etc.,
888 2161 1053 2215 usque
1080 2143 1148 2198 ad
1175 2143 1482 2215 exemplum
1513 2145 1681 2200 etiam
1720 2143 1787 2200 de
1813 2161 1944 2200 casu
1986 2142 2102 2213 ejus
2207 2146 2352 2200 enim
2379 2145 2464 2201 fur
2491 2145 2686 2211 solum,
2737 2145 2832 2202 sed
2875 2151 2932 2199 et
2978 2143 3068 2199 ille
3101 2157 3228 2198 reus
3272 2150 3510 2206 tenetur,
3543 2143 3649 2212 qui
3683 2139 3816 2196 furti

514 2244 752 2292 sumunt.
2206 2238 2479 2302 conscius,
2534 2245 2811 2308 quaerente
2849 2251 3170 2308 possessore
3199 2249 3306 2291 non
3358 2234 3594 2290 indicat.
3648 2233 3718 2288 Et
3751 2248 3818 2287 ne

584 2328 750 2386 Vnus.
786 2331 970 2385 l2.——
1012 2329 1082 2386 In
1124 2329 1492 2397 exsultatione,
1549 2339 1656 2386 etc.
1705 2329 1823 2384 Non
1873 2329 1939 2385 de
1959 2344 2105 2399 prze-
2205 2336 2352 2384 metu
2404 2343 2651 2399 personas
2699 2327 3020 2400 potentioris
3070 2342 3131 2384 se
3175 2332 3425 2394 excuset,
3474 2323 3680 2381 addit:
3711 2323 3817 2391 Qui

514 2425 781 2491 sentibus,
812 2433 944 2490 etc.,
982 2441 1145 2496 usque
1173 2425 1242 2478 ad
1266 2425 1410 2495 quod
1449 2433 1503 2480 et
1525 2425 1592 2480 de
1629 2425 1876 2496 paganis,
1905 2431 1960 2479 et
1988 2423 2102 2479 hte-
2207 2424 2352 2478 timet
2387 2420 2692 2487 Dominum,
2721 2429 2828 2478 etc.

514 2518 721 2612 reticis,
752 2527 808 2612 et
823 2517 1308 2612 _Inalis_Catholicis
1339 2525 1518 2588 potest
1546 2518 1741 2612 accipi.
1803 2610 1830 2612 μ
1874 2609 1905 2612 η
2785 2553 3012 2612 CAPUT
3049 2552 3222 2610 xxx.

585 2609 750 2664 Vnus.
779 2609 864 2662 14.
888 2641 959 2650 —
984 2610 1180 2664 Beatus
1232 2609 1410 2676 homo,
1457 2617 1564 2664 etc.
1603 2609 1684 2664 ira
1719 2609 1909 2680 judicii
1953 2616 2104 2663 tanto

513 2700 811 2755 districtior
838 2701 1164 2769 perlabitur,
1209 2708 1413 2769 quanto
1452 2715 1595 2755 nunc
1633 2701 1813 2754 minus
1861 2699 2100 2754 timetur.
2282 2681 3818 2759 Vsus.1.—Verbacongregantis.Hucusqueparabat:

587 2791 750 2847 Vsus.
777 2792 864 2846 22.
893 2823 964 2832 —-
991 2791 1086 2846 Vir
1111 2794 1200 2863 qui.
1237 2792 1448 2861 festinat
1490 2792 1675 2858 ditari,
1716 2800 1825 2846 etc.
1864 2789 1964 2857 Qui
2007 2806 2104 2844 au-
2206 2773 3812 2853 Salomonis,quastranstuleruntviriEzechiteregisJuda.

511 2899 640 2956 gere
678 2899 809 2954 opes
857 2883 1043 2948 ambit,
1100 2891 1386 2952 peccatum
1437 2881 1680 2953 negligit,
1727 2896 1882 2936 more
1920 2881 2103 2935 avium
2205 2875 2344 2932 Hine
2371 2890 2560 2930 rursus
2602 2872 2766 2928 verba
2807 2870 3144 2936 Salomonis,
3180 2869 3325 2940 quod
3352 2867 3722 2939 perpenditur
3747 2865 3816 2922 ab

510 2981 722 3042 captus,
765 2989 887 3026 eum
929 2987 1110 3028 escam
1165 2981 1441 3028 terrenam
1491 2971 1681 3028 avidus
1730 2971 1968 3042 inspicit,
1996 2987 2103 3042 quo
2205 2968 2324 3038 ipso
2351 2967 2569 3023 nomine
2600 2980 2707 3036 quo
2740 2964 2927 3021 Graece
2959 2962 3348 3027 ἐκκλησιαστής,
3371 2959 3546 3015 latine
3579 2971 3816 3031 congre-

511 3064 880 3134 stranguletur
897 3063 1106 3134 peccati
1132 3064 1346 3134 laqueo,
1370 3059 1478 3120 non
1502 3064 1747 3138 agnoscit
1771 3083 1784 3119 :
1811 3079 1934 3121 cum
1963 3079 2104 3136 qua:-
2205 3078 2341 3136 gans
2365 3079 2380 3128 ;
2411 3061 2651 3117 Ecclesia
2679 3059 2826 3116 enim
2857 3057 3194 3114 convocatio.

509 3151 641 3208 libet
669 3154 852 3209 mundi
898 3153 1042 3210 bona
1072 3155 1367 3224 desiderat,
1420 3170 1543 3227 quae
1571 3155 1640 3212 de
1680 3155 1864 3210 futuro
1903 3155 2100 3211 damna
2283 3156 2428 3212 Visio
2455 3173 2634 3228 quam.
2687 3153 2838 3210 Visio
2886 3167 3051 3222 quam
3081 3151 3297 3207 loeutus
3339 3156 3444 3214 est,
3496 3147 3635 3220 quia
3669 3146 3814 3218 quod

506 3245 747 3314 Ρδιίειιπ
775 3245 1006 3316 ίεηοτειιο
2143 3315 2169 3318 μ
2204 3247 2340 3302 vidit
2371 3247 2512 3318 apud
2540 3245 2713 3300 Deum
2756 3242 3052 3299 secretiora
3089 3238 3510 3311 eontemplando
3547 3237 3814 3310 patefecit

580 3337 746 3394 Vsus.
774 3315 866 3395 28.
892 3371 963 3380 -
991 3339 1124 3395 Cum
1165 3340 1488 3395 surrexerint
1539 3339 1706 3410 impii.
1736 3339 1968 3396 Eosdem
2004 3340 2101 3396 ho-
2126 3315 2172 3380 C
2204 3315 2536 3399 hominibus.
2586 3337 2847 3409 Quisquis
2887 3336 3034 3392 enim
3076 3333 3281 3406 Spiritu
3315 3331 3412 3389 Dei
3459 3331 3812 3388 confortatus

506 3431 705 3496 mines,
738 3445 875 3500 quos
909 3429 1086 3500 justos
1109 3432 1259 3496 dicit,
1291 3431 1416 3502 quia
1443 3430 1597 3500 justi,
1626 3432 1920 3488 creationis
1953 3432 2102 3488 ordi-
2204 3445 2308 3501 est,
2331 3447 2451 3504 qua:
2493 3441 2796 3502 sequuntur
2822 3427 3017 3486 humili
3067 3425 3233 3484 corde
3262 3423 3416 3494 dicit,
3454 3423 3810 3480 stultissimus

507 3537 633 3576 nem
665 3532 924 3578 servant:
962 3524 1115 3580 Unde
1145 3525 1199 3580 in
1229 3524 1329 3580 Job
1351 3523 1418 3579 de
1448 3525 1747 3594 poenitenle
1776 3542 1789 3579 :
1838 3523 2100 3596 Respiciet
2203 3544 2320 3584 sum
2349 3527 2599 3591 virorum,
2622 3535 2727 3581 etc.

507 3609 761 3677 homines,
801 3620 851 3666 et
895 3612 1052 3679 dicet,
1100 3612 1320 3667 Peccavi
1367 3612 1511 3685 (Job.
1536 3614 1755 3685 χχχιιι).
1809 3613 1962 3682 Quod
1992 3622 2096 3682 est,
2275 3619 2438 3677 Vens.
2470 3616 3021 3675 2.—Stultissimus.
3065 3613 3197 3669 Filii
3245 3612 3405 3685 hujus
3447 3609 3644 3667 saeculi
3681 3627 3810 3682 pra.-

507 3698 784 3771 Respiciet
827 3718 940 3768 eos,
972 3704 1063 3774 qui
1103 3713 1354 3758 naturam
1407 3705 1658 3760 humanae
1685 3704 1980 3760 creationis
2004 3720 2098 3760 cu-
2202 3711 2464 3766 dentiores
2484 3718 2606 3765 sunt
2629 3708 2757 3780 ﬁliis
2781 3707 2914 3762 lucis
2937 3707 2993 3761 in
3012 3703 3344 3778 generatione
3363 3719 3461 3758 sua
3484 3699 3648 3772 (Luc.
3671 3699 3811 3770 ιη).

505 3793 770 3858 stodiunt,
796 3801 852 3848 et
885 3809 944 3850 se
985 3795 1261 3865 peccando
1282 3795 1542 3866 jumentis
1569 3795 1896 3854 assimilatos
1923 3811 2096 3868 agno-
2201 3803 2272 3860 Et
2297 3799 2628 3874 Apostolus:
2681 3799 2744 3856 Si
2791 3798 2908 3871 quis
2945 3796 3152 3852 videtur
3201 3811 3314 3850 esse
3341 3794 3554 3865 sapiens
3604 3793 3670 3846 in
3713 3792 3812 3845 hoc

506 3891 683 3938 scunt.
875 3874 877 3876 ’
1067 3956 1098 3962 _
1119 3957 1129 3962 Α
1151 3957 1287 3962 ____
1344 3956 1513 3962 ______
2199 3893 2416 3962 saeculo,
2451 3893 2644 3949 stultus
2673 3891 2794 3962 ﬁat,
2825 3899 2883 3945 ut
2902 3889 2970 3945 sit
3003 3887 3212 3959 sapiens
3238 3885 3289 3960 (1
3317 3883 3441 3942 Cor.
3469 3884 3602 3958 tu):

1059 3956 1288 4015 CAPUT
1344 3956 1537 4013 XX”:
2274 3956 2412 4042 Non.
2426 3983 2591 4040 didici
2620 3956 2688 4039 ab
2715 3956 2961 4049 homine,
2993 3956 3110 4047 sed,
3143 3956 3380 4035 donante
3409 3956 3548 4042 Deo,
3581 3986 3651 4032 ut
3684 3991 3810 4032 san-

576 4066 744 4122 Vens.
773 4067 825 4123 l.
849 4097 923 4110 —
947 4068 1122 4125 Homo
1149 4072 1240 4143 qui
1289 4072 1514 4138 blandis,
1541 4081 1647 4130 etc.
1682 4072 1786 4141 Qui
1811 4073 1952 4129 lictis
1979 4087 2094 4129 ser-
2199 4084 2412 4133 ctorum
2443 4075 2728 4132 scientiam
2755 4088 3002 4130 noscam.
3041 4072 3111 4128 Et
3135 4070 3459 4143 Apostolus:
3494 4066 3616 4124 Nos
3659 4067 3808 4124 stulti

505 4160 756 4216 monibus
785 4163 1094 4232 proximum
1125 4163 1326 4232 laudat,
1357 4174 1515 4236 parat
1541 4167 1590 4221 ei
1619 4167 1866 4233 insidias,
1893 4168 2094 4238 quibus
2197 4178 2411 4241 propter
2449 4167 2717 4223 Christum
2739 4180 2759 4219 :
2787 4166 2985 4222 iterum
3013 4165 3112 4232 ait,
3156 4162 3483 4235 Sapientiam
3521 4173 3708 4218 autem
3731 4163 3811 4217 lo-

505 4249 558 4304 in
587 4252 885 4322 periculum
914 4256 1064 4311 verbi
1097 4265 1191 4312 aut
1214 4258 1395 4328 operis
1425 4257 1670 4314 securior
1707 4259 1932 4318 incidat.
1983 4259 2091 4316 Sed
2196 4259 2409 4331 quimur
2445 4260 2583 4312 inter
2619 4257 2899 4329 perfectos.
2943 4255 3270 4328 Sapientiam
3312 4272 3430 4310 vero
3481 4272 3591 4310 non
3637 4254 3809 4308 homi-

504 4342 782 4402 videamus
823 4347 912 4417 qui
945 4348 1215 4418 capiatur,
1264 4349 1354 4405 cui
1400 4349 1482 4418 ﬁt,
1526 4357 1620 4406 aut
1659 4351 1752 4423 qui
1785 4349 1936 4408 facit.
1993 4349 2092 4407 Se-
2195 4367 2342 4414 num,
2375 4347 2580 4404 scilicet
2605 4363 2781 4420 neque
2803 4346 3107 4419 principum
3137 4344 3297 4417 hujus
3324 4343 3535 4414 surculi,
3585 4345 3690 4418 qui
3718 4345 3812 4402 de-

503 4441 688 4509 quitur
711 4451 728 4492 :
1507 4445 1518 4454 “
2194 4447 2496 4495 struuntur.

573 4528 738 4586 Vens.
763 4532 815 4586 6.
843 4561 915 4573 —
939 4529 1250 4587 Peccantem
1274 4535 1462 4588 uirum.
1503 4533 1619 4590 Non
1658 4550 1789 4607 ergo
1827 4534 1976 4604 justo
2003 4535 2090 4592 la-

2275 4529 2522 4586 VsnsJ.
2551 4559 2624 4571 —-
2651 4527 2784 4596 Quis
2831 4528 3066 4586 ascendit
3112 4529 3170 4583 in
3219 4527 3425 4584 caelum.
3477 4527 3660 4584 Filius
3710 4527 3809 4585 Dei

504 4635 676 4690 quens
700 4623 1056 4692 peccantium,
1096 4633 1227 4689 etc.,
1253 4639 1417 4696 usque
1445 4623 1514 4679 ad
1535 4617 1670 4682 'uam
1700 4626 1794 4698 qui
1832 4626 1968 4684 fodit
2011 4628 2090 4686 fo-
2200 4632 2325 4695 post
2353 4623 2833 4689 resurrectionem,
2875 4633 2932 4679 et
2963 4629 3166 4679 nostra:
3213 4621 3635 4679 resurrectionis
3668 4631 3810 4680 tens~

502 4728 658 4769 veam
689 4715 934 4784 proximo
960 4731 1078 4782 suo,
1109 4716 1312 4772 incidet
1333 4719 1390 4773 in
1415 4733 1556 4774 eam.
2118 4679 2174 4741 Β
2198 4728 2331 4785 pore
2355 4712 2721 4770 descensurus
2753 4721 2838 4769 est
2863 4712 2932 4768 ad
2961 4711 3248 4783 judicium.

573 4803 741 4859 Vens.
773 4805 826 4859 9.
873 4835 945 4848 —
988 4804 1085 4859 Vir
1136 4809 1365 4878 sapiens.
1424 4809 1624 4865 Doctor
1674 4809 1847 4868 ﬁdelis
1896 4821 1952 4868 et
2002 4828 2093 4869 sa-
2275 4807 2406 4875 Quis
2434 4811 2709 4865 continuit.
2741 4807 2930 4866 Omnis
2974 4809 3221 4878 spiritus,
3251 4807 3593 4880 angelorum,
3622 4805 3808 4865 homi-

499 4897 674 4970 piens,
706 4906 835 4964 etc.,
859 4915 1020 4970 usque
1053 4901 1122 4953 ad
1147 4918 1254 4956 non
1283 4903 1501 4958 auditur
1530 4920 1561 4958 a
1585 4905 1771 4960 stulto.
2199 4917 2353 4968 num,
2391 4902 2708 4957 animalium
2756 4910 2811 4958 et
2863 4899 3248 4972 procellarum,
3297 4915 3367 4957 ne
3401 4898 3644 4963 deﬁciat,
3705 4898 3802 4955 Dei

573 4989 737 5044 Vens.
771 4989 957 5045 ll.—-
1004 4987 1188 5046 Totum
1238 4994 1479 5062 spiritum
1527 5011 1702 5050 suum.
1749 4995 2091 5068 Impatientia
2195 4995 2440 5068 polentia
2463 4995 2793 5051 continetur.

500 5079 808 5149 impellente
831 5089 978 5136 totus
1001 5081 1224 5152 spiritus
1245 5081 1393 5141 foras
1412 5086 1740 5157 prorumpit,
1765 5097 1900 5154 etc.,
1926 5103 2090 5159 usque
2271 5086 2402 5153 Quis
2440 5087 2711 5141 suscitavit
2759 5103 2956 5141 omnes.
2991 5085 3060 5140 Et
3104 5099 3250 5141 nunc
3293 5083 3500 5150 omnis,
3530 5098 3659 5154 quae
3698 5097 3802 5155 per

501 5170 572 5224 ad
596 5173 814 5241 sapiens
839 5181 1018 5228 autem
1066 5174 1327 5246 paulatim
1371 5192 1492 5233 eam
1536 5179 1850 5236 maturitate
1879 5177 2092 5238 consilii
2197 5177 2388 5234 orbem
2409 5177 2599 5232 vivunt
2628 5185 2684 5232 et
2704 5185 2980 5243 crescunt,
3009 5175 3281 5241 homines,
3317 5173 3644 5239 animantia,
3673 5189 3797 5245 ger-

501 5268 757 5316 extenuat
778 5271 833 5318 et
857 5264 1096 5335 expellit.

2210 5269 2366 5337 mina,
2393 5266 2560 5334 Deus,
2587 5276 2649 5323 ut
2693 5283 2792 5324 sua
2836 5267 2947 5323 vita
2997 5266 3316 5333 subsistant,
3368 5264 3611 5320 excitat:
3647 5272 3708 5320 et
3736 5264 3793 5319 in

575 5353 736 5410 Vens.
771 5356 855 5410 l5.
883 5388 953 5398 —
981 5355 1195 5430 Pauper
1235 5370 1282 5415 et
1312 5361 1538 5416 creditor
1562 5364 1916 5421 obviavemnt.
1946 5364 2087 5424 Pau-
2192 5359 2280 5416 die
2299 5357 2490 5429 judicii
2518 5374 2690 5432 genus
2719 5359 3014 5416 humanum
3039 5373 3071 5413 a
3095 5366 3327 5429 quatuor
3349 5355 3525 5412 ventis
3551 5371 3582 5410 a
3606 5365 3793 5413 morte

497 5462 616 5518 per,
661 5459 793 5516 etc.,
825 5467 987 5523 usque
1012 5454 1083 5508 ad
1111 5455 1272 5524 unde,
1319 5457 1432 5512 sine
1476 5473 1558 5512 me
1597 5459 1728 5514 nihil
1758 5462 1972 5532 potestis
1999 5461 2084 5532 fa-
2187 5451 2468 5511 excitabit.

498 5557 632 5597 cere.
2261 5549 2416 5616 Quod
2445 5565 2634 5604 nomen
2655 5557 2730 5604 est
2767 5547 2906 5620 ejus,
2937 5557 2984 5604 et
3010 5547 3152 5620 quod
3179 5561 3367 5602 nomen
3388 5544 3488 5617 ﬁlii
3515 5545 3662 5616 ejus,
3688 5543 3791 5604 De!

569 5632 736 5692 Vsus.
780 5639 866 5694 l8.
896 5670 969 5680 -—
995 5637 1125 5694 Cum
1148 5643 1438 5712 prophetia.
1473 5641 1606 5699 Cum
1639 5647 1936 5702 sacerdotis
1961 5663 2084 5702 eru-
2186 5643 2359 5716 patris
2386 5651 2441 5697 et
2464 5640 2560 5697 lilii
2596 5656 2795 5697 nomen
2835 5640 2965 5696 dicit
2997 5657 3011 5693 :
3053 5638 3207 5709 cujus
3249 5639 3568 5712 mysterium
3601 5654 3785 5695 διεω-

499 5728 635 5784 ditio
657 5732 972 5796 cessaverit,
999 5732 1234 5789 solvetur
1278 5736 1535 5792 continuo
1559 5737 1840 5805 disciplina
1889 5739 2108 5802 divinas.
2186 5738 2321 5796 laris
2343 5736 2571 5794 scientia
2613 5733 3107 5814 naturaliterscire
3143 5748 3253 5788 non
3299 5732 3494 5804 potuit,
3523 5731 3785 5802 quamvis

498 5817 632 5886 legis
658 5837 682 5914 ε.
704 5835 807 5914 qua
837 5821 1066 5890 populus
1105 5825 1174 5878 ad
1201 5825 1553 5884 beatitudinis
1599 5827 1820 5898 praemia
1868 5831 2084 5901 pertin-
2186 5845 2310 5886 esse
2337 5829 2530 5902 Deum,
2563 5829 2656 5914 qui
2683 5829 2864 5886 omnia
2912 5826 3121 5897 fecerit,
3149 5840 3250 5903 per
3276 5823 3421 5883 facta
3470 5821 3802 5908 intelligere~

499 5920 627 5974 gere
651 5907 930 5963 debuerat.
1857 5919 1860 5922 ’
2187 5920 2382 5993 possit.

3811 6043 3838 6074 \
