4008 6348
243 405 378 463 1117

1269 396 1537 455 GLOSSA
1572 395 1964 454 ORDINARIA.
2002 430 2072 441 —
2110 400 2235 456 un.
2276 400 2512 457 ECCLE.
2547 374 2552 380 ’

3334 407 3473 464 ms

243 519 547 591 divitiisque
591 517 830 574 conﬁsus
879 531 979 586 per
1027 513 1280 570 mulieres
1331 515 1500 570 Deum
1557 512 1796 569 oﬂ‘endit.
1827 517 1879 575 Α
1903 531 1995 582 per
2022 517 2286 586 speculum
2313 518 2368 571 in
2396 519 2669 588 (enigmate
2713 528 2762 576 et
2810 535 2875 573 ea:
2903 529 3068 588 parte,
3109 522 3275 578 donec
3301 525 3474 580 veniat

245 615 440 671 Secum
465 611 610 666 enim
637 609 819 668 omnia
842 623 982 664 vana
1014 608 1284 678 reputavit
1313 622 1432 663 esse
1461 616 1515 662 et
1544 607 1610 662 ad
1641 607 1802 662 mise-

247 705 376 760 riam
411 700 666 760 devenire
686 713 780 754 eos
803 698 896 768 qui
921 698 974 753 in
997 697 1076 753 eis
1100 711 1250 766 spem
1273 705 1497 768 ponunt.

309 789 582 860 (HIERON.)
613 788 931 859 Allegorice.
965 788 1230 844 Pacilicus
1253 800 1310 844 et
1333 788 1560 846 dilectus
1587 788 1684 843 Dei
1713 787 1810 842 Pa-

247 885 344 942 tris
379 883 570 949 Filius,
609 892 738 948 etc.,
765 898 927 953 usque
963 882 1031 935 ad
1053 882 1190 938 unde
1225 898 1240 936 :
1275 881 1342 936 In
1369 897 1572 936 onmem
1617 892 1806 934 terram

1907 605 2044 673 quod
2070 606 2351 675 perfectum
2379 618 2452 660 est
2475 606 2527 678 (1
2556 608 2676 661 Cor.
2716 611 2858 679 xm),
2884 611 3028 678 quod
3057 611 3108 665 in
3136 611 3236 668 hoc
3257 613 3476 671 mortali

1908 707 2130 762 corpore
2157 709 2277 749 esse
2311 709 2418 748 non
2451 697 2664 764 poterit.
2709 695 2835 752 Haec
2863 699 3128 753 sententia
3154 709 3342 756 contra
3377 717 3474 758 eos

1908 796 1994 840 est
2020 787 2110 857 qui
2136 787 2254 842 sine
2299 788 2481 844 labore
2527 798 2582 843 et
2626 789 2837 845 dicendi
2876 792 3056 847 studio
3079 802 3298 849 sanctas
3327 792 3478 850 Scri-

1911 887 2096 949 pturas
2122 895 2179 932 se
2197 880 2412 935 novisse
2438 889 2647 949 putant,
2679 889 2734 935 et
2768 897 2829 937 se
2870 882 3162 953 sapientes,
3196 899 3318 940 cum
3348 886 3480 942 insi-

245 975 397 1030 exivit
423 989 582 1028 sonus
597 985 813 1028 eorum:
835 981 883 1028 et
908 973 964 1027 in
985 972 1114 1041 ﬁnes
1136 971 1274 1028 orbis
1287 981 1440 1027 terra:
1462 973 1613 1028 verba
1631 987 1811 1026 eorum
1909 971 2118 1040 pientes
2146 971 2272 1024 sint.

248 1064 416 1139 (Psal.
452 1062 630 1135 xvm).

313 1155 480 1211 Vsus.
537 1154 589 1208 2.
652 1153 866 1208 Vanitas
914 1154 1220 1208 vanitatum.
1278 1154 1400 1225 (11).)
1450 1153 1555 1208 Pro
1607 1155 1810 1209 vanitas

245 1248 531 1304 uanitatum
556 1247 848 1302 secundum
879 1246 1140 1316 quosdam
1170 1246 1494 1314 interpretes
1525 1259 1814 1314 possumus

249 1343 441 1407 dicere,
473 1350 578 1398 etc.
600 1381 616 1408 ,
653 1358 814 1411 usque
848 1341 916 1395 ad
943 1341 1114 1396 donec
1142 1339 1322 1394 veniat
1346 1340 1488 1409 quod
1514 1338 1813 1409 perfectum

247 1441 345 1488 est.

313 1523 612 1591 Antequam
641 1537 794 1577 suam
822 1531 987 1592 ponat
1017 1521 1360 1586 sententiam,
1394 1522 1676 1592 quemdam
1715 1535 1815 1590 ap-

246 1624 489 1686 paratum
522 1614 734 1668 videtur
753 1623 809 1668 et
838 1623 1214 1668 ornamentum
1248 1613 1444 1679 facere,
1484 1629 1606 1670 cum
1643 1613 1812 1668 dicit;

252 1705 468 1759 Vanitas
483 1705 790 1768 uanitatum,
809 1714 857 1758 et
877 1705 1050 1758 omnia
1071 1705 1292 1758 vanitas.
1318 1705 1510 1760 Postea
1541 1720 1571 1757 a
1597 1701 1816 1771 majori,

245 1794 297 1848 id
342 1804 426 1849 est
459 1795 526 1849 ah
555 1795 769 1849 homine
795 1794 1002 1863 incipit,
1044 1794 1334 1849 ostendens
1372 1795 1548 1864 ipsum
1591 1792 1816 1848 vanitati

1983 1060 2147 1116 Vsus.
2180 1060 2234 1116 9.
2257 1089 2327 1100 --
2348 1060 2488 1126 Quid
2521 1070 2595 1115 est
2617 1063 2774 1133 quod.
2811 1062 3016 1135 (Ηιειι.)
3047 1064 3123 1119 De
3152 1067 3238 1122 his
3265 1067 3480 1123 videtur

1913 1149 2112 1214 dicere,
2142 1157 2272 1214 etc.,
2298 1166 2460 1220 usque
2487 1151 2555 1206 ad
2576 1161 2637 1208 ut
2662 1152 3028 1222 requiesceret
3051 1155 3194 1212 Deus
3214 1159 3283 1213 ah
3310 1159 3482 1215 omni-

1912 1240 2013 1295 bus
2033 1241 2288 1310 operibus
2311 1242 2426 1297 suis
2449 1242 2548 1297 die-
2563 1245 2808 1314 septima.

1987 1329 2126 1396 Quid
2152 1343 2226 1387 est
2251 1333 2414 1402 quod,
2443 1341 2548 1388 etc.
2571 1333 2650 1389 De
2677 1336 2884 1390 naturis
2923 1336 2977 1390 in
3010 1337 3272 1409 principio
3295 1339 3484 1395 mundi

1917 1424 2133 1488 creatis,
2175 1432 2230 1477 et
2256 1423 2322 1478 de
2346 1425 2691 1480 successione
2717 1441 2928 1489 earum,
2972 1429 3239 1496 quomodo
3260 1429 3487 1487 veniunt

1917 1524 1969 1570 et
1997 1523 2306 1582 transeunt;
2347 1525 2406 1570 ut
2447 1517 2610 1572 homo
2631 1519 2883 1584 moritur,
2915 1519 3076 1574 homo
3102 1522 3362 1585 nascitur,
3392 1535 3486 1575 ea-

1919 1605 2037 1660 dem
2075 1616 2266 1660 natura
2291 1617 2372 1662 est
2396 1609 2690 1674 nascentis,
2721 1625 2838 1678 quae
2859 1608 2960 1664 fuit
2980 1611 3280 1666 morientis.
3305 1611 3396 1666 Sic
3418 1612 3490 1668 de

1920 1698 2128 1763 avibus,
2157 1697 2418 1768 piscibus,
2459 1702 2802 1770 serpentibus
2828 1711 2884 1756 et
2920 1703 3171 1758 omnibus
3200 1702 3488 1758 animanti-

1920 1791 2050 1856 bus;
2083 1791 2162 1845 sic
2208 1792 2274 1846 de
2304 1793 2508 1859 herbis,
2551 1794 2835 1848 arboribus
2862 1801 2917 1849 et
2951 1794 3072 1850 aliis
3099 1796 3307 1850 naturis
3351 1794 3488 1872 nihil

243 1883 574 1952 subjectum,
626 1885 678 1939 id
733 1893 817 1939 est
851 1883 1212 1938 mutabilitati.
1267 1884 1334 1938 Et
1374 1885 1474 1938 hoc
1524 1892 1629 1947 est,
1663 1883 1810 1937 vaui-
1838 1883 1890 1944 B
1916 1896 2115 1936 novum
2153 1883 2427 1937 invenitur
2448 1884 2592 1954 quod
2625 1892 2782 1939 antea
2820 1899 2926 1940 non
2961 1884 3126 1939 fuerit
3153 1899 3168 1938 :
3192 1885 3327 1940 nihil
3353 1900 3490 1954 pra:-

242 1985 470 2054 tas,.etc.
501 1977 724 2031 Vanitas
749 1975 925 2030 omnis
961 1975 1121 2029 homo
1153 1975 1340 2030 vivens
1365 1992 1376 2027 :
1412 1985 1614 2043 quanto
1643 1973 1813 2044 magis

243 2069 470 2122 caetera!
526 2067 697 2128 Unde,
751 2064 980 2119 Vanitati
1016 2066 1246 2134 subjecta
1286 2076 1359 2118 est
1399 2075 1662 2128 creatura,
1710 2079 1816 2118 non

241 2156 415 2214 volens
435 2197 450 2221 ,
480 2157 569 2212 sed
595 2166 804 2227 propter
832 2171 950 2210 eum
974 2155 1086 2225 qui,
1117 2163 1222 2209 etc.
1253 2154 1519 2225 Quidquid
1544 2155 1686 2210 enim
1707 2168 1818 2208 non

242 2262 362 2303 esse
396 2255 592 2316 potest,
623 2247 833 2300 vanitas
862 2246 964 2299 dici
992 2254 1201 2314 potest,
1233 2245 1358 2314 quia
1389 2245 1586 2298 mutari
1614 2253 1812 2314 potest.

243 2334 402 2391 Solus
437 2337 576 2391 Deus
614 2351 828 2405 semper
867 2335 1007 2390 idem
1035 2343 1118 2390 est
1149 2336 1290 2405 quod
1315 2345 1416 2389 est.
1454 2334 1606 2402 Quod
1632 2343 1815 2389 autem

243 2435 514 2493 mutatur,
554 2426 950 2496 quodammodo
991 2425 1284 2490 evanescit,
1323 2435 1377 2478 et
1413 2441 1518 2479 non
1558 2433 1641 2480 est
1675 2423 1819 2492 quod

245 2525 392 2583 erat;
434 2517 502 2572 ad
539 2517 995 2588 comparationem
1026 2516 1320 2583 Creatoris,
1357 2516 1531 2572 omnis
1569 2524 1820 2572 creatura

247 2611 456 2665 vanitas
481 2619 659 2680 potest
686 2610 788 2664 dici
811 2619 866 2664 et
895 2609 1046 2678 quasi
1077 2609 1298 2664 nihilum
1328 2609 1644 2678 computari.

315 2701 520 2774 (Hii-3R.)
565 2701 622 2756 Si
648 2709 842 2756 cuncta
881 2715 999 2770 qua:
1033 2698 1162 2754 fecit
1197 2700 1355 2763 Deus,
1388 2708 1520 2763 etc.,
1547 2715 1710 2770 usque
1749 2697 1818 2750 ad

246 2808 412 2864 cogor
434 2808 539 2848 non
560 2793 744 2859 semel,
779 2792 872 2850 sed
902 2791 986 2848 bis
1019 2791 1220 2858 dicere,
1264 2789 1480 2847 Vanitas
1503 2793 1817 2858 sanitatum,

244 2894 294 2940 et
316 2885 491 2940 omnia
521 2885 743 2938 vanitas.

1916 1971 2136 2025 teritum
2175 1973 2315 2040 quod
2357 1982 2478 2042 post
2511 1989 2617 2028 non
2655 1972 2766 2028 ﬁat.
2821 1973 2992 2039 Unde,
3030 1973 3295 2044 Requievit
3347 1973 3488 2028 Deus

1916 2063 2000 2116 die
2033 2064 2248 2131 septimo
2291 2063 2354 2116 ab
2384 2064 2523 2116 omni
2558 2081 2708 2132 opere
2747 2079 2842 2118 suo
2867 2062 3019 2134 (Gen.
3045 2064 3130 2134 ιι),
3157 2078 3190 2118 a
3225 2079 3487 2119 novarum

1917 2156 2190 2210 creatione
2237 2164 2569 2221 naturarum,
2617 2171 2721 2211 non
2765 2172 2796 2210 a
2845 2155 3248 2227 gubernatione,
3293 2172 3488 2211 secun-

1918 2245 2044 2300 dum
2074 2245 2199 2299 illud
2227 2267 2241 2299 ;
2267 2243 2429 2300 Pater
2455 2262 2598 2299 meus
2631 2262 2791 2316 usque
2825 2245 2978 2299 modo
3015 2256 3280 2315 operatur,
3306 2255 3354 2300 et
3396 2261 3490 2314 ego

1919 2351 2102 2406 operor
2125 2335 2304 2407 (Joan.
2337 2337 2413 2407 v).
2441 2335 2530 2392 Sic
2563 2353 2628 2393 ex
2663 2336 3097 2408 primordialibus
3121 2353 3302 2393 rerum
3335 2336 3488 2392 semi-

1920 2426 2078 2482 nibus
2105 2428 2269 2483 totius
2297 2428 2475 2483 saeculi
2508 2440 2716 2500 tempus
2740 2431 2970 2486 naturali
3001 2447 3160 2488 cursu
3193 2431 3488 2502 peragitur.

1995 2520 2153 2576 V'sns.
2201 2522 2288 2577 10.
2317 2551 2389 2562 --
2421 2521 2533 2578 Nec
2574 2523 2726 2588 valet,
2773 2533 2879 2578 etc.
2923 2522 3130 2595 (Ηιιςιι.)
3174 2522 3334 2578 Estne
3377 2539 3489 2578 vero

1919 2613 2062 2676 bum,
2093 2621 2220 2680 etc.,
2263 2631 2424 2684 usque
2466 2615 2534 2668 ad
2575 2623 2631 2672 et
2667 2615 3136 2684 praedestinatione
3170 2615 3264 2670 Dei
3287 2613 3396 2684 jam
3423 2630 3488 2670 ea

1921 2703 2059 2759 facta
2093 2717 2215 2760 sunt
2242 2721 2362 2775 quae
2387 2707 2564 2762 futura
2594 2717 2736 2763 sunt.

1989 2795 2112 2850 lam
2135 2798 2269 2850 enim
2298 2799 2576 2868 prwcessit.
2605 2797 2756 2854 Sicut
2790 2799 3060 2867 prieterita
3083 2814 3202 2869 qua:
3223 2797 3354 2854 olim
3379 2796 3488 2854 fue-

1922 2897 2046 2950 runt
2075 2889 2218 2960 apud
2231 2904 2350 2957 nos,
2376 2888 2658 2946 abscondit
2683 2889 2900 2956 oblivio,
2927 2890 3005 2946 sic
3026 2906 3144 2960 quae
3166 2905 3310 2946 nunc
3327 2890 3487 2957 ﬁunt,

316 2973 481 3026 Vens.
511 2972 649 3026 5.-
677 2971 814 3036 Quid
859 2973 1009 3024 habet
1045 2972 1268 3042 amplius
1309 2974 1484 3028 homo.
1535 2973 1658 3044 (Ιυ.)
1695 2975 1823 3030 Post
1919 2984 2012 3051 qui
2038 2984 2294 3036 nascituri
2330 2991 2476 3048 sunt,
2505 2984 2644 3038 scire
2663 2998 2767 3037 non
2793 2991 3076 3052 poterunt;
3098 2982 3312 3038 silentio
3347 2981 3492 3037 enim

245 3061 552 3134 generalem
596 3061 936 3122 sententiam,
980 3068 1108 3125 etc.,
1153 3077 1312 3130 usque
1341 3063 1408 3114 ad
1452 3063 1548 3117 sed
1595 3063 1722 3116 nudi
1765 3063 1820 3116 in

249 3161 446 3207 terram
477 3151 726 3211 redeunt,
757 3151 895 3204 unde
918 3151 1119 3218 sumpti
1148 3159 1293 3206 sunt.

1921 3075 2194 3143 peribunt,
2222 3081 2276 3126 et
2297 3074 2452 3142 quasi
2483 3088 2590 3128 non
2615 3072 2835 3137 fuerint,
2861 3074 3277 3128 abscondentur.

1991 3163 2212 3218 Vanitas
2250 3165 2394 3219 enim
2441 3167 2739 3219 vanitatum
2777 3173 2833 3220 et
2876 3165 3054 3220 omnia
3087 3167 3314 3231 vanitas,
3363 3165 3502 3234 quia.

318 3239 481 3296 Vsus.
526 3241 580 3294 4.
611 3237 974 3296 —Generatio
1015 3243 1264 3312 prwterit,
1305 3251 1408 3298 etc.
1459 3242 1581 3315 (In.)
1633 3241 1813 3299 Prima

1920 3258 2096 3313 omnia
2143 3272 2293 3312 more
2322 3255 2531 3312 ﬂuentis
2571 3273 2724 3328 aqua;
2764 3265 3064 3323 transeunt,
3101 3266 3156 3312 et
3201 3274 3308 3312 non
3351 3257 3490 3312 redi-

245 3332 453 3387 recedit
474 3332 749 3403 generatio
774 3331 1102 3401 Judaeorum,
1129 3343 1261 3401 etc.,
1291 3352 1451 3406 usque
1495 3336 1564 3390 ad
1601 3352 1699 3392 nos
1718 3352 1817 3392 au-

245 3433 355 3481 tem
379 3424 546 3481 Deum
585 3424 868 3483 laudamus
901 3442 1012 3482 non
1041 3427 1097 3482 in
1125 3444 1232 3484 uno
1256 3429 1470 3494 saeculo,
1518 3430 1610 3486 sed
1639 3430 1694 3484 in
1721 3445 1820 3486 sa:-

245 3515 385 3573 culis
413 3516 754 3573 saeculorum.
969 3567 974 3570 .

315 3604 480 3664 Vsus.
511 3605 565 3662 5.
583 3605 852 3662 —0ritur
871 3606 948 3662 sol
974 3617 1021 3663 et
1046 3607 1253 3662 occidit.
1281 3608 1402 3680 (Ιιι.)
1425 3608 1542 3680 Ipse
1569 3609 1814 3679 sol,etc.,

243 3714 409 3769 usque
429 3699 498 3753 ad
526 3699 618 3770 qui
647 3699 822 3755 oritur
855 3699 1018 3764 ﬁdeli,
1046 3699 1245 3755 occidit
1267 3701 1488 3757 inﬁdeli.

314 3789 482 3848 Vsus.
533 3793 585 3848 ϐ.
622 3823 692 3834 -
730 3792 884 3848 Vadit
927 3794 996 3848 ad
1043 3803 1306 3861 austrum,
1363 3805 1468 3852 etc.
1511 3797 1636 3869 (Ιυ.)
1681 3795 1818 3855 Hinc

245 3883 558 3939 existimare
579 3899 886 3954 possumus,
916 3893 1044 3951 etc.,
1072 3903 1233 3958 usque
1273 3886 1340 3940 ad
1364 3893 1418 3942 et
1442 3887 1516 3941 ita
1547 3887 1614 3944 ad
1640 3889 1819 3942 orien-

243 3983 353 4030 tem
383 3976 686 4030 revertitur.

313 4065 383 4120 In
402 4066 676 4120 circumitu
701 4067 866 4137 pergit
892 4067 1128 4137 spiritus.
1160 4065 1282 4139 (11).)
1311 4067 1488 4136 Ipsum
1523 4067 1688 4123 solem
1710 4069 1817 4138 spi-

244 4157 409 4213 ritum
434 4168 611 4224 vocat,
637 4167 771 4226 etc.,
806 4176 967 4230 usque
993 4161 1062 4214 ad
1111 4159 1216 4215 alia
1241 4159 1413 4231 frigus
1451 4169 1812 4216 consumeret.

313 4249 480 4306 Vsus.
520 4249 880 4306 7.—0mnia
913 4253 1133 4322 [Iuntina
1174 4254 1369 4308 intrant
1412 4254 1467 4308 in
1513 4271 1676 4308 mare.
1727 4255 1817 4309 Di-

244 4347 375 4396 cunt
401 4339 723 4409 philosophi,
772 4355 943 4410 aquas
985 4341 1187 4406 dulces,
1237 4358 1357 4412 qua)
1387 4342 1523 4397 mari
1565 4342 1811 4411 inﬂuunt,

243 4429 330 4485 vel
355 4428 576 4485 ardente
606 4429 718 4484 sole
749 4430 1013 4496 consumi,
1049 4430 1133 4486 vel
1171 4431 1458 4502 salsuginis
1498 4435 1665 4489 maris
1693 4449 1814 4490 esse

243 4520 462 4591 pabula.
493 4519 599 4575 Sed
623 4520 976 4576 Ecclesiastes
1015 4532 1198 4578 uoster
1244 4533 1301 4578 et
1333 4526 1574 4594 ipsarum
1616 4525 1812 4580 Condi-

243 4621 332 4667 tor
368 4627 653 4682 aquarum,
682 4613 812 4668 dicit
841 4627 935 4668 eas
961 4628 1059 4682 per
1086 4615 1324 4670 occultas
1361 4624 1519 4670 terrae
1556 4631 1720 4671 venas
1747 4616 1814 4670 ad

244 4693 422 4773 capita
440 4701 667 4758 fontium
700 4703 908 4772 regredi
950 4711 1005 4758 et
1046 4704 1113 4759 de
1141 4705 1368 4760 matrice
1407 4706 1602 4777 abysso
1630 4706 1685 4760 in
1715 4722 1812 4762 sua

242 4809 457 4865 semper
482 4793 706 4848 ebullire
732 4794 1018 4866 principia.
1058 4794 1351 4851 Possumus
1372 4813 1468 4867 per
1493 4796 1731 4864 ﬁumina,
1760 4808 1815 4853 et

241 4902 413 4953 mare,
445 4887 738 4941 humanum
779 4901 948 4956 genus
994 4885 1260 4958 accipere,
1299 4887 1440 4956 quod
1493 4889 1546 4943 in
1593 4897 1809 4957 terram,

242 4979 382 5034 unde
409 4987 676 5047 sumptum
703 4987 786 5032 est
817 4978 974 5042 redit,
1013 4977 1306 5032 secundum
1346 4979 1475 5034 illud
1501 4998 1513 5034 :
1543 4979 1702 5034 Terra
1736 4998 1811 5046 es,

241 5079 289 5125 et
313 5069 368 5122 in
394 5077 583 5122 terram
609 5067 708 5122 ibis
738 5064 888 5136 (Gen.
915 5066 1021 5136 ιιι).
1052 5065 1160 5121 Nec
1187 5074 1328 5122 terra
1355 5068 1607 5138 impletur
1631 5070 1813 5125 multi-

242 5158 427 5214 tudine
455 5162 811 5214 mortuOrum.
860 5157 927 5212 Et
971 5155 1328 5228 Hieronymus
1375 5158 1506 5214 dicit
1543 5167 1812 5216 torrentes

241 5264 349 5304 non
373 5247 612 5314 ﬁumina,
640 5263 706 5304 eo
725 5248 868 5318 quod
896 5247 1004 5302 cito
1030 5255 1328 5302 transeant.

313 5340 518 5412 (Ηιειι.)
543 5340 742 5396 Omnes
773 5347 1060 5404 torrentes,
1091 5348 1221 5404 etc.,
1250 5357 1410 5411 usque
1440 5340 1510 5396 ad
1539 5343 1810 5412 quomodo

241 5427 298 5483 in
328 5429 629 5498 proverbiis
657 5427 780 5483 ﬁliae
813 5429 1169 5498 sanguisuga.

313 5517 476 5576 Vsus.
507 5518 562 5574 8.
582 5549 652 5558 —
671 5517 885 5574 Cuncta:
921 5536 999 5574 res
1021 5517 1273 5590 difﬁciles.
1313 5519 1430 5576 Non
1449 5531 1625 5592 potest
1647 5523 1809 5579 homo

238 5627 433 5670 causas
465 5620 520 5668 et
566 5619 787 5667 naturas
835 5627 1012 5666 rerum
1042 5612 1332 5682 explicare,
1383 5631 1482 5671 nec
1516 5616 1703 5672 oculus
1741 5618 1810 5674 ad

235 5702 454 5774 plenum
484 5703 702 5768 intueri,
751 5717 849 5758 nec
897 5703 1066 5768 auris,
1115 5703 1413 5760 instruente
1451 5706 1690 5773 doctore,
1739 5708 1808 5764 ad

236 5810 506 5852 summam
545 5795 826 5852 scientiam
878 5794 1176 5866 pervenire.
1209 5794 1454 5852 Videmus
1492 5801 1630 5855 enim
1669 5818 1806 5856 nunc

1917 3351 2072 3408 bunt.
2135 3347 2234 3404 Cui
2287 3347 2564 3404 sententiae
2617 3358 2762 3404 totus
2801 3348 3036 3406 mundus
3084 3348 3382 3414 acclamat,
3436 3354 3489 3402 et

1918 3441 2154 3498 maxime
2189 3455 2357 3511 genus
2379 3441 2692 3496 humanum.

1989 3533 2153 3589 Vens.
2199 3534 2284 3588 11.
2323 3561 2393 3574 -
2416 3532 2542 3587 Νοη
2580 3543 2652 3588 est
2684 3533 2937 3604 priorum.
2971 3532 3174 3605 (Ηιειι.)
3227 3531 3489 3604 Seraphin

1916 3633 2221 3697 propterea,
2271 3635 2402 3690 etc.,
2436 3641 2597 3695 usque
2632 3625 2699 3678 ad
2727 3625 2866 3680 unde
2883 3634 3024 3694 post,
3052 3623 3176 3680 Non
3193 3633 3266 3679 est
3290 3639 3490 3680 memo-

1918 3716 2000 3769 ria
2023 3715 2244 3784 sapienti
2266 3731 2384 3768 cum
2417 3713 2575 3768 stulto
2604 3715 2658 3768 in
2679 3725 2952 3769 wternum.

1995 3805 2152 3860 Vsus.
2188 3804 2274 3859 15.
2306 3834 2377 3843 —
2398 3803 2463 3859 Et
2493 3806 2738 3875 proposui
2763 3805 2819 3858 in
2849 3805 3025 3860 animo
3055 3820 3190 3870 meo,
3215 3812 3322 3861 etc.
3353 3803 3490 3861 Pro-

1917 3896 2098 3968 posuit
2118 3911 2248 3966 ergo
2272 3895 2650 3963 Ecclesiastes,
2669 3904 2803 3962 etc.,
2831 3913 2995 3968 usque
3017 3896 3086 3950 ad
3111 3911 3275 3968 quam
3297 3907 3492 3967 sponte

1918 3987 2283 4042 incurrerunt.

1989 4077 2276 4149 Hucusque
2309 4078 2632 4150 generaliter
2659 4079 2724 4135 de
2745 4080 3075 4137 vanitatibus
3110 4081 3329 4138 saeculi:
3360 4082 3490 4139 hinc

1918 4169 1985 4224 ad
2015 4171 2248 4238 seipsum
2300 4169 2458 4234 redit,
2495 4177 2551 4224 et
2574 4169 2698 4240 quis
2740 4178 2884 4226 esset
2919 4171 3178 4237 ostendit,
3221 4171 3490 4240 quomodo

1917 4263 2096 4318 omnia
2123 4261 2459 4332 cognoverit,
2491 4269 2545 4317 et
2570 4261 2831 4329 docuerit,
2857 4262 3000 4318 unde
3022 4280 3036 4316 :
3061 4261 3130 4316 Et
3150 4262 3396 4333 proposui
3431 4261 3489 4315 in

1917 4356 2091 4409 animo
2115 4371 2250 4419 meo,
2280 4362 2336 4407 et
2357 4361 2571 4408 caetera.

1987 4466 2142 4520 Hane
2187 4465 2595 4534 occupationem.
2625 4462 2828 4536 (Ηιει.)
2860 4462 3095 4519 Verbum
3137 4465 3297 4519 anian
3332 4463 3485 4550 (τηεν)

1915 4556 2124 4624 Aquila,
2159 4554 2301 4610 LXX
2345 4564 2400 4611 et
2427 4554 2723 4611 Theodotio
2749 4557 3114 4632 περισπασμὸν
3147 4558 3287 4628 quod
3323 4557 3488 4615 latine

1918 4647 2184 4709 distensio,
2211 4653 2338 4709 etc.,
2367 4661 2528 4716 usque
2556 4646 2624 4699 ad
2652 4648 2718 4702 ad
2745 4647 3080 4718 superiorem
3107 4663 3322 4704 sensum
3354 4665 3487 4704 cun-

1917 4746 2000 4794 cta
2023 4739 2347 4792 referuntur.

1986 4847 2148 4902 Vsus.
2191 4846 2277 4900 14.
2302 4876 2369 4887 -
2405 4844 2548 4911 Vidi,
2577 4855 2680 4902 etc.
2715 4845 3064 4904 Consideravi
3103 4849 3285 4906 omnia
3326 4865 3483 4906 mun-

1918 4936 2077 5002 dana,
2125 4945 2179 4992 et
2227 4937 2338 4992 vidi
2382 4938 2673 4992 vanitatem
2719 4946 2772 4993 et
2801 4935 3060 4993 malitiam
3097 4953 3236 5006 esse,
3285 4940 3339 4996 id
3379 4948 3480 5008 est,

1917 5029 2165 5083 miserias
2203 5028 2446 5098 spiritus,
2489 5028 2684 5099 quibus
2729 5030 2942 5085 animus
2973 5029 3200 5087 diversis
3228 5029 3484 5103 fatigatus

1915 5119 2326 5191 cogitationibus
2355 5119 2564 5175 laborat
2597 5134 2940 5192 cognoscere,
2971 5122 3116 5193 quod
3137 5122 3340 5179 homini
3374 5137 3481 5179 non

1913 5211 2246 5266 conceditur.

1982 5323 2190 5396 (Ηιειι.)
2231 5323 2466 5380 Verbum
2523 5323 2694 5381 Routh
2727 5325 2908 5399 (nm)
2947 5305 3140 5398 Aquila
3197 5334 3254 5382 et
3304 5326 3480 5383 Theo-

1912 5415 2078 5482 dotio,
2110 5425 2246 5480 etc.,
2284 5433 2446 5487 usque
2480 5418 2548 5471 ad
2577 5418 2773 5489 quibus
2799 5419 2980 5510 anima
3009 5417 3242 5477 diversis
3266 5419 3477 5492 cogita-

1911 5509 2145 5564 tionibus
2167 5507 2436 5580 afﬂigitur.

1981 5619 2144 5676 Vens.
2174 5619 2260 5676 15.
2285 5651 2353 5661 -
2383 5620 2640 5675 Perversi.
2681 5619 2804 5692 (ιιι.)
2828 5621 3123 5678 Perversus
3143 5637 3250 5679 non
3277 5621 3481 5694 poterit

1910 5713 2180 5779 adornari,
2209 5724 2338 5778 etc.,
2365 5730 2525 5784 usque
2547 5712 2614 5766 ad
2646 5720 2702 5766 ut
2730 5728 2837 5769 non
2871 5714 3040 5782 possit
3070 5713 3475 5786 comprehendi.

1979 5807 2138 5862 Vens.
2175 5806 2259 5860 17.
2286 5837 2352 5847 -
2379 5803 2698 5885 Erroresque
2739 5819 2788 5861 et
2818 5806 2982 5864 stulti.
3009 5806 3132 5882 (Ιιι.)
3172 5807 3353 5864 Prima
3388 5823 3487 5889 sa.
