4008 6348
612 408 750 463 1119

1103 393 1494 478 WALAFRIDI
1535 390 1782 450 STRABI
1816 387 2018 444 FULD.
2060 380 2228 442 NON.
2265 382 2416 440 OPP.
2459 381 2638 437 PARS
2673 380 2714 435 1.
2756 408 2825 421 -
2860 377 3314 437 THEOLOGICA.

3647 391 3743 449 nu

607 523 810 597 pientia
851 525 935 574 est
961 514 1186 572 stultitia
1235 512 1498 578 caruisse,
1535 518 1663 576 etc.,
1702 523 1863 578 usque
1903 505 1974 562 ad
2015 517 2179 574 supra

2160 505 2256 565 ιΑ
2302 542 2304 544 τ
2354 499 2519 597 Vens:
2578 497 2665 553 18.
2695 525 2766 539 --
2801 495 3007 552 Rursus
3052 497 3350 553 detestatus.
3396 497 3589 574 (111111.)
3627 505 3743 577 ερίτί.

611 613 928 673 disseruisse
953 606 1203 666 sufﬁciat.

1232 693 1459 752 CAPUT
1495 691 1561 747 11.

621 828 626 833 -
682 797 846 851 Vens.
877 794 929 847 1.
957 822 1029 833 --
1048 789 1174 845 Dixi
1211 803 1354 858 ergo.
1394 783 1602 858 (1111111.)
1631 781 1924 851 Postquam
1955 778 2012 835 in
2046 775 2182 831 mul-

609 887 837 944 titudine
881 881 1175 953 sapientiae,
1207 887 1334 943 etc.,
1363 892 1524 947 usque
1549 874 1618 928 ad
1657 883 1784 929 tunc
1822 887 1930 928 non
1973 869 2182 925 vanitas

610 981 737 1045 erit,
763 977 854 1033 sed
880 977 1102 1031 veritas.

679 1071 844 1126 Vens.
878 1067 932 1121 2.
957 1096 1028 1106 -
1055 1063 1240 1118 Risum
1261 1060 1494 1131 reputavi
1519 1072 1765 1112 errorem.
1795 1053 1920 1127 (11).)
1951 1052 2051 1109 Ubi
2085 1065 2183 1106 nos

610 1163 860 1226 dicimus,
883 1169 1011 1224 etc.,
1043 1171 1203 1226 usque
1219 1153 1286 1208 ad
1315 1151 1436 1208 laeta
1465 1149 1568 1205 sibi
1589 1158 1644 1202 et
1671 1160 1929 1218 prospera
1955 1143 2179 1216 promit-

610 1260 845 1396 twigs.
867 1340 921 1393 5.
946 1368 1017 1380 -
1043 1335 1278 1406 Cogitavi
1307 1335 1363 1388 in
1393 1332 1566 1387 corde.
1599 1328 1722 1401 (In.)
1750 1327 2025 1391 Ebrietas,
2049 1332 2176 1390 etc.,

608 1450 770 1504 usque
785 1432 852 1485 ad
877 1430 1006 1499 quid
1039 1427 1337 1483 vitandum.

678 1521 922 1578 Vnns..4.
950 1551 1020 1561 —
1044 1517 1290 1572 Plantavi
1315 1517 1510 1571 cineas.
1544 1513 1603 1569 ln
1631 1513 1791 1567 domo
1820 1510 2018 1574 divitis,
2049 1518 2180 1573 etc.,

607 1633 770 1687 usque
789 1616 856 1669 ad
888 1615 1005 1668 sine
1032 1627 1137 1681 qua
1167 1617 1362 1665 caetera
1388 1607 1532 1677 ligna
1569 1605 1936 1660 siccabuntur.

678 1707 840 1762 Vens.
867 1705 919 1760 6.
949 1734 1017 1744 —
1041 1704 1111 1756 Et
1136 1701 1371 1756 exstruxi
1395 1699 1523 1752 mihi
1557 1697 1808 1768 piscinas,
1843 1703 1974 1758 etc.,
2021 1705 2182 1760 usque

606 1800 674 1854 ad
702 1807 758 1854 et
785 1797 1078 1853 serotinam
1109 1800 1388 1862 exspectat
1417 1791 1483 1844 de
1505 1788 1642 1844 ctelo
1669 1785 1925 1856 pluviam.

618 1918 620 1920 -
679 1888 841 1944 Vens.
865 1888 918 1942 7.
948 1916 1017 1926 —
1049 1884 1265 1938 Possedi
1297 1898 1470 1935 servos
1499 1895 1518 1933 :
1553 1878 1746 1932 timore
1772 1873 2088 1937 servientes,
2125 1876 2184 1924 et
2209 1871 2257 1932 Β

609 1979 912 2054 spiritualia
939 1977 1328 2038 desiderantes,
1352 1987 1452 2026 nec
1482 1971 1756 2025 timentes.

679 2070 1005 2129 Vernaculos
1043 2084 1137 2123 eos
1175 2066 1426 2130 dicimus,
1468 2063 1559 2132 qui
1596 2067 1721 2115 sunt
1745 2056 1959 2127 quidem
1989 2053 2055 2108 de
2081 2051 2183 2107 Ec-

606 2165 791 2229 clesia,
825 2172 879 2218 et
915 2162 1198 2232 praedictos
1236 2172 1427 2214 servos
1468 2165 1522 2210 et
1549 2151 1776 2208 ancillas
1815 2145 2178 2210 antecedunt;

605 2273 706 2312 nec
743 2265 918 2309 tamen
942 2251 1093 2307 liberi
1118 2257 1260 2306 sunt.

678 2345 964 2404 Vernaculi
1004 2345 1258 2399 dicuntur
1292 2340 1388 2395 lilii
1426 2351 1728 2404 servorum,
1777 2333 1870 2403 qui
1914 2331 1970 2386 in
2018 2329 2180 2384 domo

613 2441 815 2496 domini
853 2439 936 2494 sui
966 2438 1078 2493 nati
1105 2443 1252 2492 sunt.

675 2532 924 2586 Armenta
963 2545 1163 2600 quoque
1203 2536 1250 2580 et
1289 2540 1528 2595 magnos.
1564 2520 1634 2576 Hi
1679 2526 1822 2582 sunt,
1851 2515 1942 2587 qui
1979 2514 2182 2582 absque

604 2627 812 2682 ratione
840 2637 894 2682 et
922 2625 1148 2681 scientia
1180 2621 1584 2692 Scripturarum
1611 2617 1861 2672 laborant
1880 2613 2097 2683 quidem
2125 2610 2180 2664 in

605 2719 868 2784 Ecclesia,
904 2719 998 2774 sed
1043 2715 1278 2771 nondum
1318 2713 1383 2768 ad
1422 2711 1695 2767 hominem
1736 2705 2074 2777 perveniunt,
2127 2699 2181 2755 id
2229 2747 2232 2751 .

605 2821 690 2868 est
707 2812 776 2866 ad
810 2811 1096 2881 imaginem
1131 2808 1246 2862 Dei.

631 2901 924 2975 (1111111.)
990 2901 1058 2954 Et
1118 2898 1326 2968 quidem
1403 2893 1656 2966 possessio
1723 2889 1965 2946 armenti.
2041 2885 2180 2942 Nota

609 2997 774 3070 quod,
805 3003 933 3060 etc.,
963 3009 1127 3064 usque
1164 2990 1232 3044 ad
1259 2988 1343 3044 vel
1371 2985 1666 3042 vernaculi.

678 3086 841 3140 Vens.
875 3085 928 3140 8.
954 3114 1022 3124 —
1053 3081 1385 3136 Substantias
1407 3094 1606 3149 regum.
1631 3073 1754 3147 (In.)
1777 3072 2037 3143 Dogmata
2063 3067 2183 3139 phi-

607 3177 975 3252 loscphorum,
1019 3182 1150 3239 etc.,
1183 3187 1342 3242 usque
1384 3169 1453 3223 ad
1503 3177 1559 3224 et
1605 3165 1917 3239 prudentias
1957 3161 2183 3233 pruden-

608 3266 740 3320 tium
765 3265 1035 3336 reprobat.

632 3391 636 3396 -
683 3355 811 3410 Feci
837 3355 964 3409 mihi
987 3363 1244 3409 cantores.
1271 3351 1490 3416 Cantor,
1521 3358 1654 3414 etc.,
1681 3364 1843 3420 usque
1866 3347 1956 3414 ad,
1984 3344 2180 3402 Canto-

610 3463 691 3501 res
717 3457 764 3501 et
790 3447 1127 3511 cantatrices,
1159 3453 1387 3514 uterque
1421 3457 1582 3497 sexus
1609 3455 1697 3495 me
1722 3439 2037 3494 oblectaret.

681 3536 910 3592 Delicias
951 3536 1182 3606 ﬁliorum
1228 3535 1516 3589 hominum.
1572 3530 1904 3602 Sapientiam
1957 3527 2183 3593 scilicet,

608 3646 749 3701 quae,
778 3631 918 3685 sicut
949 3628 1250 3700 paradisus,
1281 3643 1440 3698 poma
1470 3625 1632 3681 habet
1657 3623 1808 3678 varia
1837 3610 1899 3677 et
1924 3619 2184 3691 multipli-

608 3735 699 3774 ces
727 3719 1050 3789 voluptates.
1083 3719 1156 3774 De
1194 3734 1299 3788 qua
1327 3716 1652 3773 l’salmista:
1690 3713 1959 3769 Delectare
1998 3711 2052 3764 in
2074 3709 2188 3764 Do-

607 3811 771 3875 mino,
795 3820 846 3864 et
872 3810 1017 3864 dabit
1049 3810 1142 3864 tibi
1161 3809 1434 3881 petitiones
1462 3807 1635 3864 cordis
1665 3808 1742 3861 tui
1771 3803 1942 3877 (Psal.
1972 3799 2184 3874 xxxvi).

609 3898 701 3963 Et,
729 3897 974 3952 Torrente
1005 3899 1284 3969 voluptatis
1313 3909 1419 3953 tua:
1447 3898 1651 3968 potabis
1681 3912 1767 3951 eos
1794 3893 1967 3966 (Psal.
1996 3894 2184 3958 xxxv).

678 3988 846 4043 Vens.
877 3989 930 4044 9.
958 4018 1028 4029 —
1055 3988 1158 4053 Qui
1183 3999 1303 4043 ante
1331 4005 1412 4042 me
1445 3987 1656 4058 [uerunt
1682 3988 1737 4041 in
1757 3983 2078 4041 Jerusalem.
2106 3981 2188 4037 Ad

609 4079 848 4134 litteram
883 4096 896 4133 :
933 4077 1051 4133 Non
1090 4085 1175 4134 est
1213 4093 1416 4150 magna
1466 4078 1607 4131 laus.
1658 4076 1796 4130 Ante
1843 4075 2187 4131 Salomoncm

609 4171 753 4226 enim
781 4178 1143 4241 regnaverunt
1179 4167 1328 4235 Saul,
1357 4167 1510 4239 cujus
1545 4175 1787 4236 tempore
1811 4179 2035 4235 regnum
2075 4176 2187 4218 cas-

607 4263 709 4334 pit,
732 4266 796 4316 et
823 4260 1014 4326 David,
1037 4261 1136 4316 sub
1161 4275 1268 4330 quo
1290 4260 1424 4315 satis
1451 4273 1677 4329 parvum
1712 4265 1831 4312 erat
1869 4270 2116 4328 regnum.

681 4353 1056 4410 Perseveravit.
1093 4353 1220 4420 Alii,
1249 4353 1410 4419 stetit,
1439 4353 1490 4408 id
1531 4361 1637 4416 est,
1663 4350 1714 4407 ei
1747 4351 1802 4405 in
1823 4365 1986 4405 carne
2014 4347 2190 4419 posito

609 4445 875 4514 sapientia
911 4444 1230 4515 permansit,
1276 4461 1383 4500 non
1428 4443 1720 4516 proﬁciens
1747 4457 1847 4514 per
1891 4448 2187 4508 momenta,

609 4537 749 4591 sicut
774 4535 829 4590 in
863 4535 1035 4601 nobis,
1061 4536 1156 4592 sed
1193 4537 1246 4591 in
1269 4536 1602 4606 plenitudine
1624 4543 1796 4589 stans.

2285 589 2416 644 tuali
2443 590 2628 646 labore
2651 588 2824 644 sancti
2850 589 2936 644 die
2963 597 3230 658 noctuque
3270 590 3324 644 in
3348 590 3456 662 lege
3481 591 3653 654 Domini
3675 617 3746 658 rne-

2283 685 2544 751 ditantur,
2572 692 2703 751 etc.,
2734 700 2896 754 usque
2915 683 2985 737 ad
3021 683 3285 753 sapientia
3319 684 3454 741 enim
3477 701 3651 748 nonest
3673 703 3746 750 ter.

2284 792 2442 832 renas
2470 777 2684 832 divitias
2713 790 3057 846 congregare.

2353 871 2668 927 Habiturus.
2706 871 2821 927 Hoc
2856 871 2957 940 ipsi
3000 869 3272 926 Salomoni
3309 872 3538 944 contigit,
3573 876 3644 945 qui
3672 895 3744 936 non

2283 965 2366 1022 sui
2399 965 2628 1020 similem
2659 965 2845 1021 habuit
2876 964 3046 1018 lilium
3075 963 3333 1018 Roboam.
3363 964 3433 1018 Ex
3455 981 3549 1034 quo
3570 966 3748 1039 intelligi-

2284 1072 2402 1112 mus
2441 1055 2608 1110 ﬁlium
2647 1071 2747 1111 nec
2789 1055 3009 1128 dignum
3035 1054 3250 1124 quidem
3295 1054 3578 1111 haereditate
3606 1058 3746 1127 patris,

2283 1147 2329 1203 si
2353 1147 2546 1202 stultus
2575 1147 2666 1202 sit.
3423 1197 3425 1200 .

2353 1241 2516 1297 Vens.
2557 1241 2647 1295 2|.
2692 1269 2764 1280 —
2805 1236 2950 1294 Nam
2991 1253 3110 1293 cum
3167 1236 3321 1292 alius.
3380 1236 3492 1309 (11).)
3545 1236 3678 1310 Supra
3705 1241 3749 1297 de

2284 1331 2489 1386 incerto
2517 1331 2760 1396 hatrede,
2793 1338 2926 1394 etc.,
2951 1345 3116 1399 usque
3151 1327 3220 1382 ad
3246 1343 3310 1382 ex
3337 1329 3542 1382 ratione.

2353 1423 2516 1477 Vens.
2543 1421 2635 1476 24.
2658 1451 2730 1462 —
2759 1421 2812 1476 Ν
2816 1437 2949 1474 onne
2974 1418 3182 1474 melius.
3215 1416 3333 1489 (In.)
3359 1418 3612 1486 Postquam
3627 1433 3749 1474 omnia

2283 1513 2607 1583 pertractavi
2628 1552 2644 1579 ,
2670 1521 2798 1576 etc.,
2835 1527 2998 1581 usque
3028 1510 3098 1564 ad
3127 1516 3380 1578 quantum
3405 1508 3597 1562 suilicit‘!

2354 1607 2518 1662 Vens.
2544 1606 2635 1662 26.
2663 1636 2735 1647 —-
2764 1603 2982 1660 Homini
3011 1603 3168 1656 bono.
3201 1601 3322 1674 (In.)
3346 1600 3609 1671 Corrigenti
3633 1616 3749 1658 mores

2282 1713 2409 1754 suos
2433 1737 2447 1763 ,
2471 1705 2600 1763 etc.,
2637 1713 2800 1768 usque
2831 1695 2899 1748 ad
2929 1703 2982 1749 et
3013 1694 3239 1764 spiritus
3263 1691 3633 1764 praesumptione
3650 1706 3748 1747 eont-

2282 1791 2456 1864 posita
2486 1805 2628 1846 esse.

2904 1857 3133 1914 CAPUT
3170 1855 3256 1912 111.

2356 1976 2522 2030 Vens.
2554 1975 2604 2028 1.
2635 2003 2704 2014 --
2746 1971 2937 2028 Omnia
2970 1981 3173 2039 tempus
3201 1969 3401 2023 habent.
3433 1964 3607 2042 altu.)
3631 1966 3749 2020 Incer-

2287 2079 2397 2126 tum
2424 2081 2478 2124 et
2501 2070 2848 2124 ﬂuctuantem
2865 2074 3066 2121 statum
3087 2061 3411 2119 conditionis
3426 2061 3632 2116 humanae
3644 2072 3749 2128 supra

2283 2160 2502 2226 docuit,
2534 2167 2668 2225 etc.,
2704 2174 2868 2228 usque
2897 2156 2965 2210 ad
3010 2170 3113 2210 nec
3143 2154 3261 2210 loco
3283 2169 3378 2208 nec
3415 2160 3618 2220 tempore
3635 2148 3750 2204 mnti-

2283 2260 2502 2306 nentur.

2355 2343 2518 2399 Vens.
2566 2342 2622 2397 2.
2668 2371 2739 2383 —
2777 2339 3005 2410 Tempus
3055 2335 3362 2409 plantandi,
3409 2341 3502 2388 etc.
3531 2329 3626 2402 (In.)
3659 2326 3749 2381 Nulli

2285 2433 2506 2488 dubium
2532 2441 2649 2499 est,
2693 2441 2823 2497 etc.,
2861 2446 3024 2502 usque
3070 2428 3145 2482 ad
3180 2426 3304 2498 quia
3341 2421 3554 2495 perlecta
3587 2419 3749 2475 charitas

2284 2527 2431 2583 foras
2455 2525 2622 2580 mittit
2649 2524 2921 2578 timorem.

2357 2617 2517 2672 Vens.
2545 2616 2598 2670 5.
2629 2644 2694 2655 --
2721 2611 2943 2682 Tempus
2964 2608 3291 2674 destruendi,
3315 2615 3415 2662 etc.
3438 2603 3538 2658 Non
3551 2610 3750 2672 possumus

2288 2709 2563 2764 aedificare
2583 2707 2743 2771 bona,
2769 2704 2871 2759 nisi
2892 2703 3041 2774 prius
3071 2700 3488 2757 destruxerimus
3514 2694 3640 2756 mala,
3662 2690 3750 2744 sicut

2287 2799 2534 2854 Jercmite
2572 2797 2774 2852 dictum
2823 2803 2907 2850 est
2949 2810 2978 2848 a
3008 2795 3118 2848 Deo
3141 2833 3159 2859 ,
3203 2800 3262 2847 ut
3298 2798 3417 2844 ante
3451 2785 3690 2843 eradicaret
3717 2787 3750 2834 et

2287 2889 2586 2945 sull‘oderet
2611 2896 2666 2942 et
2709 2887 2994 2956 perderet,
3042 2891 3097 2939 et
3143 2891 3328 2954 postea
3365 2879 3617 2936 aediﬁcaret
3648 2881 3750 2940 atque

2285 2981 2556 3050 plantat-et
2588 2978 2804 3050 (Jerem.
2833 2975 2898 3048 r).

2358 3071 2522 3144 Vens.
2548 3071 2602 3124 4.
2641 3099 2710 3110 ——
2743 3068 2964 3138 Tempus
3010 3064 3316 3138 plangendi,
3346 3072 3444 3119 etc.
3482 3053 3750 3127 Plangendum

2288 3171 2374 3219 est
2402 3177 2546 3218 nunc
2584 3169 2642 3216 ut
2681 3161 2734 3216 in
2781 3159 2960 3213 futuro
2987 3157 3270 3220 saltcmus,
3315 3153 3452 3209 illam
3481 3149 3750 3206 saltationem.

2284 3270 2447 3326 quam
2495 3253 2664 3308 David
2713 3259 2836 3306 ante
2886 3264 3069 3305 arcam
3128 3245 3428 3304 testamenti
3469 3240 3541 3314 (ll
3562 3238 3659 3308 Reg.
3689 3231 3748 3301 τι).

2286 3347 2464 3403 Saulis
2489 3345 2615 3399 lilia:
2645 3342 2957 3413 displicens,
2987 3339 3162 3410 magis
3186 3337 3382 3410 placuit
3414 3334 3528 3389 Deo.

2355 3439 2520 3494 Vens.
2553 3439 2607 3493 5.
2633 3467 2703 3478 —-
2727 3435 2948 3506 Tempus
2969 3432 3251 3505 spargendi
3271 3430 3477 3501 lapides,
3507 3433 3592 3479 etc.
3614 3413 3749 3489 (Ηιειι)

2285 3532 2471 3598 Miror,
2503 3540 2632 3597 etc.,
2658 3546 2818 3600 usque
2843 3527 2912 3582 ad
2937 3535 2990 3583 et
3020 3527 3087 3581 ad
3111 3523 3472 3596 paenitentiam
3490 3522 3633 3573 vocat.

2309 3647 2312 3650 λ
2357 3624 2580 3695 Tempus
2630 3599 2983 3692 amplexandi.
3017 3617 3258 3689 Tempus
3285 3605 3590 3684 amplexandi
3611 3599 3750 3695 sapin

2287 3713 2418 3768 tiam
2449 3691 2572 3778 ,tet
2623 3691 3066 3779 contemplationi
3125 3704 3368 3762 strictius
3416 3691 3752 3779 inhaerenditei

2285 3813 2501 3873 tempus
2542 3801 2702 3870 longe
2733 3777 2858 3854 ﬁeri
2896 3813 2924 3852 a
2957 3795 3279 3866 complexu,
3322 3791 3510 3849 scilicet
3537 3777 3750 3853 sapientis.

2287 3903 2348 3949 ut
2392 3907 2539 3948 curae
2582 3889 2874 3961 temporis,
2917 3897 2974 3943 et
3008 3887 3095 3944 his
3142 3888 3260 3944 sine
3303 3882 3486 3955 quibus
3515 3875 3658 3931 vivere
3684 3875 3750 3920 non

2286 4000 2595 4057 possumus,
2628 3982 2953 4038 serviamus.
3433 3995 3436 3998 λ

2362 4075 2522 4130 Vens.
2661 4103 2734 4114 —
2786 4070 3010 4142 Tempus
3054 4067 3261 4123 tacendi
3299 4074 3347 4120 et
3388 4071 3578 4130 tempus.
3614 4041 3750 4120 (11111.)

2288 4167 2554 4224 Docemus
2583 4167 2637 4221 in
2666 4164 2926 4220 Ecclesiis
2963 4161 3106 4234 quod
3137 4159 3424 4216 nescimus.
3465 4145 3748 4234 Omnesarlei

2292 4261 2498 4330 absque
2525 4258 2748 4312 doctore
2774 4271 2881 4312 non
2910 4229 3171 4308 discimus
3190 4292 3204 4318 ,
3232 4248 3341 4306 sola
3362 4247 3468 4301 haec
3491 4249 3582 4294 tam
3611 4229 3749 4330 viliset

2291 4317 2620 4408 tam-facilis
2640 4389 2655 4414 ,
2698 4357 2757 4402 ut
2797 4353 3133 4418 praeceptore
3180 4317 3285 4398 non
3315 4343 3477 4409 egeat.
3506 4324 3622 4384 Nihil
3653 4317 3752 4418 nobis

2287 4443 2502 4497 videtur
2529 4456 2649 4496 esse
2696 4448 2925 4502 rectum,
2973 4434 3078 4490 nisi
3119 4431 3264 4503 quod
3311 4426 3570 4484 discimus.
3607 4409 3753 4503 ubi”?

2293 4532 2520 4588 multum
2548 4530 2822 4587 silentium
2867 4528 2936 4584 de
2960 4500 3244 4594 discipulis
3281 4517 3547 4575 eliiciamur
3567 4500 3750 4572 magistri-

678 4627 844 4684 Vsns.
876 4629 964 4683 10.
993 4581 1060 4671 —’—
1085 4630 1154 4684 Et
1197 4581 1372 4684 omrnia
1417 4627 1553 4700 qud.
1609 4628 1714 4684 Sed
1753 4635 1959 4698 quanto
2007 4623 2186 4680 studio
2210 4581 2266 4643 Β
2294 4581 3240 4695 "Tempus-"loquendi.—Disciplina
3286 4609 3574 4700 Pythagora!
3605 4599 3666 4693 ⁸ξὲ
3693 4594 3752 4654 Pet

609 4721 712 4778 ista
764 4723 1104 4789 crescebant,
1152 4709 1307 4778 tanto
1343 4722 1609 4792 sapientia
1658 4722 1859 4787 deerat,
1909 4718 2034 4789 quia
2089 4733 2188 4788 per

610 4814 791 4868 omnia
845 4813 1112 4870 desideria
1157 4816 1425 4887 rapiebat,
1466 4814 1828 4886 putabamque
1881 4812 2023 4867 hunc
2067 4823 2190 4865 esse

610 4904 843 4961 fructum
873 4905 1119 4962 laborum
1149 4923 1414 4974 meorum,
1447 4907 1494 4962 si
1521 4905 1732 4961 libidini
1761 4904 2053 4969 servirem;
2094 4901 2190 4958 sed

612 4999 827 5054 tandem
860 4999 914 5053 in
945 5015 1030 5054 me
1053 5015 1320 5066 reversus,
1354 5001 1466 5055 vidi
1491 4999 1673 5055 omnia
1701 5013 1840 5053 vana
1868 5012 2009 5052 esse.

686 5088 846 5145 Vens.
883 5091 968 5146 11.
995 5121 1067 5131 -
1088 5090 1198 5147 Sub
1223 5090 1350 5146 sole.
1380 5091 1588 5166 (1111111.)
1613 5090 1849 5146 Christo.
1872 5088 1930 5144 In
1960 5087 2073 5144 sole
2093 5101 2190 5158 po-

613 5182 721 5237 suit
750 5182 1158 5238 tabernaculum
1193 5198 1370 5238 suum.
1402 5183 1505 5250 Qui
1534 5197 1664 5253 ergo
1704 5181 1772 5235 ad
1815 5179 1946 5234 solis
1975 5177 2191 5232 clarita-

615 5280 720 5326 tem
753 5275 997 5327 ordinent
1034 5275 1502 5346 constantiamque
1551 5273 1787 5329 nondnm
1826 5270 2098 5341 pervenit,
2134 5268 2191 5325 in

613 5378 679 5416 eo
707 5363 956 5418 Christus
983 5381 1089 5420 non
1119 5365 1348 5420 habitat.
2123 5373 2134 5384 '

687 5455 850 5512 Vens.
889 5456 975 5510 15.
1003 5487 1072 5496 -
1103 5457 1170 5511 Et
1190 5457 1294 5512 vidi
1319 5458 1444 5530 quia
1484 5465 1711 5511 tantum.
1739 5454 1872 5511 Cum
1903 5455 2007 5508 hoc
2051 5449 2193 5522 cogi-

619 5556 808 5612 tarem,
855 5547 998 5616 qqu
1046 5549 1281 5618 sapiens,
1328 5548 1440 5614 lux,
1488 5546 1708 5611 stultus,
1740 5543 2016 5599 tenebrae:
2050 5540 2193 5596 illius

616 5638 755 5693 oeuli
799 5639 850 5693 in
879 5639 1038 5702 creto,
1082 5638 1258 5706 hujus,
1290 5641 1343 5694 in
1375 5649 1540 5703 terra,
1592 5645 1812 5708 repente
1849 5633 1979 5688 mihi
2011 5646 2194 5686 surreo

617 5731 746 5801 psit,
772 5747 941 5800 quare
967 5733 1237 5785 communi
1269 5741 1440 5786 morte
1464 5741 1705 5802 pereant,
1730 5728 2004 5787 communi
2032 5726 2194 5781 mise-

623 5822 705 5877 ria
731 5822 1127 5892 deprimuntur,
1155 5833 1211 5878 et
1231 5824 1554 5895 hujusmodi.

2293 4681 2722 4785 quinquennium
2750 4719 2928 4764 tacere
2948 4749 2963 4772 ,
2995 4716 3050 4762 et
3079 4681 3264 4776 postea
3290 4697 3510 4755 eruditos
3531 4681 3658 4755 loqui.
3723 4759 3751 4785 ﬂ

2753 4763 2976 4874 Tempus
3016 4763 3322 4856 dilectionis.
3364 4792 3569 4855 Tempus
3607 4763 3750 4874 amandi

2293 4910 2418 4974 post
2445 4902 2614 4955 Deum
2651 4870 2884 4960 uxores,
2916 4894 3138 4957 liberos,
3167 4889 3509 4960 propinquos,
3547 4882 3592 4930 et
3610 4870 3753 4974 tetulit!

2295 4951 2613 4974 ,πηηηη
2661 4951 2674 4953 -
2737 4951 2740 4952 ν
2857 4951 2869 4960 ,
3125 4951 3185 4960 -.
3269 4951 3283 4958 -
3377 4951 3390 4957 -
3685 4951 3692 4960 .

2295 4991 2511 5048 ortiendi
2539 5005 2652 5054 eos,
2686 4989 2738 5044 in
2769 4985 3048 5057 martyrio.
3079 4981 3215 5048 Vel,
3255 4974 3496 5045 Quoniam
3529 4973 3636 5020 ηυηε
3661 4951 3753 5005 ’τάδ’

2295 5100 2407 5115 ..ι-ι.
2455 5099 2547 5115 ...η-
2593 5077 2851 5115 εηομυΙηΜ
2900 5077 2953 5115 in
3002 5074 3272 5115 mninmnle
3316 5063 3366 5115 (Ῑ
3390 5060 3500 5115 ϐοΐ.
3538 5046 3648 5115 xm)?
3679 5045 3746 5090 em

3538 5065 3648 5107 XIII),
3679 5065 3746 5090 ω’·

2290 5100 2407 5137 mus
2455 5099 2547 5153 per
2589 5077 2853 5151 speculum
2900 5077 2955 5130 in
3002 5074 3272 5143 aenigmate
3316 5063 3366 5138 (I
3390 5060 3500 5116 Cor.
3538 5060 3746 5115 11"),th-

2291 5157 2522 5198 τπἈ-.-ηη
2576 5174 2676 5198 -..1.
2710 5168 2958 5198 ,ηιμ-...ηις
3013 5162 3350 5198 “menmium
3381 5152 3496 5198 nni.
3536 5134 3749 5198 01181111³³ιῖ

2291 5147 2526 5246 Tempus
2573 5147 2679 5229 erit
2708 5168 2962 5239 diligendi
3013 5162 3352 5238 praesentiam
3381 5152 3496 5216 Dei,
3536 5153 3579 5199 ει
3607 5147 3724 5246 ῑθιξξνξ

2301 5226 2455 5246 ---Ἴ
2470 5226 2522 5230 _-
2805 5226 2833 5239 ,,
3018 5226 3030 5238 ,
3719 5226 3723 5227 ν

2291 5267 2530 5332 odiendi,
2561 5263 2796 5335 quando,
2844 5261 2983 5316 facie
3012 5258 3078 5313 ad
3120 5256 3306 5312 faciem
3353 5248 3618 5335 cernentes.

2293 5358 2488 5414 melius
2517 5315 2893 5427 prjoﬁcientes,
2935 5349 3251 5420 incipiemus
3275 5341 3441 5399 odisse
3475 5337 3524 5386 et
3557 5315 3749 5385 ἀθερίωτθ

2296 5447 2440 5518 quod
2466 5444 2781 5500 amavimus.
3550 5503 3578 5518 η
3607 5491 3663 5518 *ἡ

2373 5493 2976 5608 Empire-bellium,
3008 5545 3116 5585 non
3147 5519 3420 5598 agentibus
3441 5493 3745 5608 Mni'fnﬁﬂ

2375 5580 2593 5608 -.....,.....
2620 5580 2758 5590 ηπ..
2790 5580 2941 5588 -.----
2961 5580 2976 5596 ,
3009 5580 3116 5585 ---η
3153 5580 3212 5598 η,
3444 5580 3456 5583 _
3699 5591 3706 5600 ι

2303 5643 2512 5703 tempus
2553 5630 2702 5702 pacis
2733 5629 2784 5683 in
2813 5625 3029 5690 futuro,
3055 5619 3269 5692 quando
3292 5608 3454 5669 omnis
3475 5580 3749 5703 lsrael‘iﬂ‘lr:

2301 5674 2446 5789 “et:
2467 5674 2686 5792 Tempus
2717 5718 2835 5774 belli
2854 5759 2868 5785 ,
2914 5730 2980 5771 ne
3013 5715 3089 5770 sis
3117 5719 3331 5769 securus
3351 5743 3365 5768 ,
3405 5693 3560 5760 accipe
3582 5674 3746 5733 arantu-

2303 5829 2422 5872 ram
2457 5812 2572 5868 Dei.
