4008 6348
285 421 422 478 1121

1323 412 1595 472 GLOSSA
1628 411 2024 471 0RD1NARIA.
2053 443 2123 455 —
2159 412 2284 471 LIB.
2324 411 2564 471 ECCLE.
2653 447 2664 468 ι

3411 425 3438 478 1
3449 423 3554 482 122

354 535 520 592 Vens.
552 534 638 591 10.
672 564 739 577 -—
784 533 908 591 Vidi
955 533 1285 608 afflictionem
1332 548 1490 603 quam
1534 531 1707 596 dedit,
1757 538 1862 586 etc.
1895 531 1950 592 Α,
2045 527 2211 584 Vens.
2241 529 2293 583 4.
2323 559 2394 569 —
2423 527 2710 601 Multoque.
2741 527 3084 591 SicutJudazi
3115 517 3211 605 qui
3253 534 3544 594 dixerunt:

286 626 493 700 (litem)
534 625 748 681 Dicitur
775 626 918 696 quod
944 632 1232 696 propterea
1263 623 1427 688 Deus,
1449 630 1576 685 etc.,
1611 637 1772 694 usque
1797 620 1868 675 ad

1975 619 2167 676 Omnia
2213 639 2534 695 qua’cunque
2577 625 2822 694 pra'cepit
2871 625 3017 680 nobis
3071 626 3252 694 Deus,
3295 630 3553 700 faciemus

284 735 457 790 usque
487 717 555 775 ad
585 719 750 774 linem
779 717 960 774 saeculi
991 717 1185 774 fecerit
1221 730 1503 782 crescere,
1547 728 1770 771 manere
1813 721 1870 770 et
1973 710 2349 782 (Exod.‘xxrv,
2376 712 2552 784 χχιιι)
2585 730 2600 768 :
2631 721 2687 768 et
2717 714 3082 772 adoraverunt
3110 718 3360 774 vitulum.

283 809 506 866 mutari.

356 901 521 956 Vens.
547 900 635 956 12.
656 930 727 942 -
751 899 820 955 Et
847 899 1081 971 cognovi.
1113 897 1390 972 (Ηιειιοκ.)
1417 897 1542 955 ldeo
1569 896 1790 954 colonus
1808 895 1866 953 in

283 993 486 1051 mundo
509 994 666 1048 datus
690 1000 774 1049 est
799 993 984 1059 homo,
1019 1001 1149 1058 etc.,
1174 1009 1336 1064 usque
1366 992 1436 1046 ad
1470 991 1598 1046 hinc
1631 1009 1644 1046 :

352 1086 520 1142 Vens.
547 1087 634 1142 15.
659 1117 729 1126 -
752 1085 935 1140 Omnis
958 1087 1114 1141 homo
1134 1087 1223 1157 qui
1243 1085 1466 1140 comedit
1487 1092 1537 1139 et
1561 1083 1706 1150 bibit,
1735 1092 1862 1150 etc.,

281 1179 464 1238 Multa:
490 1181 638 1235 enim
670 1195 813 1236 nunc
843 1181 1220 1237 tribulationes
1241 1181 1513 1253 iustorum
1536 1219 1552 1247 ,
1599 1180 1655 1236 in
1683 1179 1867 1238 futuro

281 1282 465 1330 autem
493 1289 601 1328 non
623 1273 728 1329 erit
758 1272 910 1330 labor
935 1273 989 1328 in
1013 1271 1200 1330 Jacob.
1703 1319 1715 1328 .

349 1366 528 1420 Didici
555 1406 571 1432 ,
615 1373 722 1422 etc.
765 1364 900 1437 (Ιυ.)
944 1365 1088 1420 Nihil
1133 1373 1219 1421 est
1267 1365 1326 1420 in
1367 1365 1572 1420 mundo
1623 1379 1820 1420 novum
1846 1405 1862 1432 ,

280 1459 411 1515 solis
437 1473 652 1525 cursus,
684 1457 824 1512 lunae
851 1457 1021 1524 vices,
1045 1465 1205 1513 terra:
1229 1465 1286 1513 et
1324 1457 1582 1513 arborum
1611 1456 1830 1513 siccitas
1847 1497 1864 1523 ,

277 1551 363 1606 vel
388 1551 710 1622 viror,‘cum
753 1549 956 1604 mundo
980 1549 1200 1604 condita
1232 1557 1392 1615 sunt;
1427 1558 1483 1604 et
1509 1550 1627 1604 haec
1662 1547 1866 1603 idcirco

277 1645 422 1701 Deus
447 1651 597 1699 certa
628 1643 840 1698 ratione
869 1642 1213 1714 temperavit,
1248 1652 1306 1696 ut
1331 1641 1427 1696 Dei
1463 1640 1865 1696 Providentiam

279 1736 334 1792 in
368 1736 454 1791 his
483 1733 871 1805 intelligamus,
897 1742 952 1788 et
984 1733 1270 1788 timeamus
1299 1747 1330 1786 a
1364 1731 1503 1787 facie
1529 1731 1644 1786 Dei.
1673 1728 1868 1786 Vultus

276 1837 462 1884 autem
496 1827 712 1883 Domini
741 1842 904 1898 super
933 1824 1197 1882 facientes
1217 1825 1380 1880 mala.

2043 803 2209 861 Vens.
2243 805 2298 861 5.
2323 836 2396 848 —
2421 805 2505 861 Ne
2526 805 2731 862 dederis
2755 823 2813 861 os
2840 816 3012 863 tuum.
3043 807 3210 877 Quasi
3231 824 3301 868 ne
3319 811 3470 870 dicas
3497 821 3558 885 te

1969 909 2040 950 ex
2065 895 2382 952 inﬁrmitate
2406 897 2588 953 carnis
2616 906 2722 954 tua:
2737 913 2974 970 peccare
2998 939 3014 966 ,
3060 909 3322 974 tanquam
3363 903 3553 962 reﬂec-

1969 993 2092 1042 tens
2118 986 2335 1058 culpam
2363 988 2418 1043 in
2444 997 2745 1045 auctorem.

1981 1147 1999 1163 ο
2039 1080 2231 1169 Coram
2251 1083 2456 1155 angelo.
2486 1083 2589 1152 Qui
2629 1093 2773 1141 astat
2804 1086 3117 1157 unicuique,
3141 1096 3198 1146 et
3225 1090 3411 1148 omnia
3435 1091 3548 1149 Deo

1968 1175 2184 1230 nuntiat
2215 1193 2228 1230 :
2263 1191 2332 1232 ne
2358 1185 2516 1248 putes
2536 1179 2716 1234 omnia
2739 1178 2911 1235 latere
2946 1179 3135 1236 Deum.

2039 1268 2202 1325 Vens.
2233 1270 2286 1325 6.
2317 1301 2390 1312 —
2416 1269 2516 1326 Ubi
2543 1270 2708 1327 multa
2731 1282 2874 1328 sunt.
2917 1271 3104 1340 Quasi,
3135 1274 3219 1330 Ne
3243 1275 3452 1332 dederis
3493 1293 3552 1334 os

1969 1371 2137 1427 tuum,
2163 1370 2292 1429 etc.,
2317 1363 2445 1434 quia
2476 1363 2591 1419 htec
2618 1363 2728 1419 vita
2751 1373 2837 1419 est
2863 1367 3014 1435 quasi
3040 1367 3274 1434 somnia,
3301 1377 3358 1424 et
3383 1369 3553 1426 multa

1965 1450 2221 1507 videntur
2248 1467 2400 1521 vera,
2431 1469 2552 1524 quae
2577 1462 2701 1510 sunt
2735 1454 2902 1520 falsa;
2933 1456 3014 1512 sic
3039 1465 3096 1512 et
3128 1461 3411 1516 excusatio
3435 1468 3548 1517 tua.

2038 1543 2201 1600 Vens.
2231 1545 2285 1601 7.
2314 1577 2385 1586 —
2417 1545 2479 1603 Si
2506 1549 2697 1604 videris
2731 1547 3044 1605 calumnias.
3073 1549 3154 1607 Ac
3174 1552 3222 1608 si
3249 1553 3392 1609 dicat
3425 1569 3439 1608 :
3468 1551 3553 1610 Ne

1966 1633 2112 1688 dicas
2142 1651 2320 1690 coram
2343 1637 2530 1708 angelo
2555 1680 2570 1705 ,
2617 1655 2723 1694 non
2761 1649 2835 1694 est
2863 1637 3207 1696 Providentia
3249 1656 3268 1694 :
3299 1643 3444 1712 quod
3471 1652 3555 1700 est

1967 1731 2156 1779 contra
2179 1739 2274 1780 eos
2301 1726 2394 1796 qui
2422 1728 2604 1783 omnia
2629 1729 2844 1784 casibus
2871 1729 2957 1800 agi
2982 1738 3194 1800 putant,
3232 1739 3288 1786 et
3310 1733 3402 1788 Dei
3429 1749 3554 1806 pro-

1967 1818 2262 1874 videntiam
2291 1829 2510 1893 negant.
2540 1821 2602 1878 Si
2631 1830 2808 1878 tamen
2833 1824 3026 1878 videris
3051 1825 3345 1881 calumnias
3367 1841 3554 1898 egeno-

347 1919 514 1975 Vens.
560 1917 648 1973 16.
693 1917 951 1972 -υγὶιιϊ
977 1920 1074 1972 sub
1117 1917 1244 1972 sole.
1276 1917 1406 1990 .(ln.
1433 1917 1454 1989 )
1481 1916 1615 1974 Cum
1658 1916 1715 1972 in
1760 1917 1857 1972 hoc

1981 1927 2106 1976 mm,
2143 1921 2248 1967 etc.

275 2015 479 2069 mundo
497 2011 763 2082 judicium
784 2019 840 2068 et
860 2011 1148 2082 veritatem
1168 2011 1522 2082 requirerem,
1546 2019 1677 2077 etc.,
1702 2027 1864 2082 usque

199 2119 202 2122 ’
275 2104 369 2167 ad,
403 2079 600 2158 Omnia
625 2105 765 2157 enim
793 2079 1028 2174 tempore
1044 2119 1140 2157 suo
1167 2079 1516 2175 requirentur.

349 2193 516 2250 Vens.
548 2195 636 2249 17.
662 2225 734 2234 —
760 2193 889 2249 Dixi
927 2195 982 2249 in
1005 2194 1162 2249 corde
1185 2211 1322 2249 meo.
1349 2191 1474 2267 (ln.)
1507 2194 1703 2263 Quasi,
1730 2202 1860 2264 etc.,

275 2303 437 2359 usque
461 2286 530 2341 ad
561 2295 617 2342 et
642 2285 855 2358 impleri
879 2294 1083 2342 terram
1111 2287 1400 2358 pecoribus
1424 2295 1480 2342 et
1501 2287 1787 2343 armentis.

345 2377 512 2434 Vens.
545 2378 636 2433 2l.
667 2408 740 2418 —
791 2377 923 2444 Quis
978 2379 1138 2434 novit.
1187 2377 1310 2451 (lu.)
1354 2377 1472 2434 Non
1513 2379 1676 2445 dicit,
1730 2387 1860 2446 etc.,

271 2488 435 2544 usque
457 2470 527 2525 ad
557 2477 611 2527 et
635 2470 714 2526 rei
740 2471 897 2541 quasi
921 2471 1097 2528 dubiae
1121 2481 1307 2528 certus
1331 2480 1572 2528 assertor
1599 2473 1688 2528 sit.

341 2563 622 2619 Deorsum.
655 2563 739 2619 Ad
785 2561 1009 2620 inferos.
1045 2563 1190 2620 Fieri
1233 2565 1378 2620 enim
1429 2571 1610 2635 potest
1646 2573 1707 2619 ut
1751 2564 1862 2622 cito

271 2667 568 2718 mutentur.
601 2664 658 2714 et
700 2672 842 2728 saepe
867 2658 961 2729 qui
1007 2659 1153 2714 docti
1183 2658 1526 2725 videbantur,
1559 2659 1628 2714 ad
1656 2657 1861 2715 inferos

270 2751 564 2820 ducuntur;
598 2761 655 2809 et
680 2753 955 2825 simplices
982 2753 1169 2808 rustici
1209 2761 1562 2809 coronantur.

343 2845 506 2902 Vens.
531 2847 621 2901 22.
649 2877 722 2888 —
745 2846 816 2901 Et
843 2847 1178 2919 deprehendi.
1207 2847 1486 2919 Superiori
1515 2863 1705 2904 errore
1738 2855 1856 2904 tur-

268 2945 462 3005 batus,
496 2946 628 3004 etc.,
682 2954 844 3008 usque
892 2939 961 2991 ad
1003 2953 1125 3007 qua:
1169 2940 1224 2993 in
1260 2939 1461 2993 mundo
1501 2937 1687 2996 futura
1732 2947 1861 2994 sunt

269 3031 479 3098 postea.

879 3095 1108 3152 CAPUT
1145 3094 1234 3150 IV.

346 3211 509 3269 Vens.
537 3211 589 3266 l.
612 3241 684 3251 —
713 3208 856 3265 Verti
883 3226 966 3264 me
995 3209 1064 3263 ad
1097 3208 1228 3264 alia.
1253 3208 1472 3266 Plenius
1499 3211 1644 3267 hunc
1675 3211 1854 3268 locum

2036 2000 2202 2057 Vens.
2231 2004 2286 2059 8.
2309 2033 2383 2044 ——-
2418 2001 2685 2061 Universa:
2713 2014 2900 2073 teme,
2943 2015 3050 2062 etc.
3084 2006 3227 2065 Deus
3250 2008 3465 2079 patiens
3496 2018 3553 2067 et

1967 2094 2228 2162 redditor,
2277 2097 2370 2166 qui
2401 2097 2550 2164 dicit,
2580 2095 2715 2153 Cum
2737 2108 3231 2172 acceperoiempus,
3261 2118 3356 2173 ego
3388 2103 3553 2174 justi-

1965 2191 2068 2245 tias
2086 2191 2362 2260 judicabo.

1964 2313 1979 2339 .;
2036 2280 2200 2339 Vens.
2244 2283 2328 2338 11.
2362 2314 2434 2323 -
2475 2282 2654 2340 Dulcis
2681 2295 2758 2342 est
2789 2303 3024 2343 somnus.
3057 2286 3267 2360 (Brem)
3313 2287 3549 2347 Divitem

1964 2387 2190 2428 avarum
2216 2396 2231 2441 ,
2301 2381 2434 2441 etc.,
2460 2390 2622 2446 usque
2659 2377 2728 2430 ad
2770 2377 3028 2449 quoniam
3058 2377 3162 2448 ipsi
3193 2376 3364 2434 Deum
3393 2381 3549 2438 vide-

1962 2463 2117 2519 bunL

2035 2555 2198 2612 Vens.
2233 2555 2320 2612 12.
2343 2587 2416 2599 -
2441 2557 2536 2613 Est
2573 2567 2621 2614 et
2642 2559 2752 2614 alia
2781 2560 3085 2631 inﬁrmitas.
3115 2559 3412 2618 Possumus
3432 2562 3551 2620 hac

1963 2647 2029 2704 de
2055 2649 2412 2719 philosophis,
2428 2658 2557 2715 etc.,
2581 2667 2744 2722 usque
2771 2651 2842 2705 ad
2865 2667 2989 2707 cum
3009 2651 3273 2723 scriptum
3293 2652 3396 2708 sit:
3415 2648 3547 2708 Per»

1962 2736 2087 2792 dam
2107 2740 2422 2810 sapientiam
2449 2742 2786 2811 sapientium,
2818 2751 2924 2797 etc.

2034 2828 2196 2886 Vens.
2229 2830 2316 2885 17.
2340 2861 2410 2871 -
2435 2830 2550 2886 Hoc
2573 2831 2750 2904 itaque
2770 2833 2900 2888 mihi
2919 2835 3085 2890 visum
3107 2844 3182 2890 est
3204 2834 3418 2901 bonum,
3438 2842 3546 2892 etc.

1962 2921 2153 2978 Melius
2190 2922 2322 2979 dicit
2355 2938 2507 2989 esse,
2545 2933 2674 2991 etc.,
2704 2941 2867 2996 usque
2895 2925 2965 2979 ad
2998 2942 3162 2999 quam
3199 2926 3429 2998 inspirat
3452 2925 3549 2984 Dei

1963 3015 2133 3086 gratia
2159 3015 2215 3070 in
2251 3015 2557 3086 adjuvando
2589 3019 2731 3074 bona
2758 3035 2940 3090 opera.

2572 3171 2802 3229 CAPUT
2838 3172 2923 3230 Vl.

273 3303 518 3374 Davidjn
553 3303 762 3375 psalmo
792 3318 964 3368 Lxxn,
995 3309 1050 3357 et
1084 3299 1351 3357 Jeremias
1382 3301 1436 3356 in
1463 3317 1561 3356 suo
1588 3301 1860 3359 volumine
1886 3293 1932 3358 C
2035 3308 2200 3363 Vens.
2236 3307 2287 3361 1.
2316 3337 2388 3347 -
2416 3305 2514 3361 Est
2548 3316 2597 3362 et
2625 3306 2774 3362 aliud
2804 3307 3022 3362 malum.
3051 3308 3340 3376 Describit,
3371 3315 3428 3365 et
3452 3307 3552 3366 ali-

273 3408 696 3468 prosequuntur.

345 3490 506 3545 Vens.
534 3489 591 3542 2.
623 3518 695 3528 —
737 3484 806 3542 Et
839 3485 1072 3541 laudavi.
1118 3485 1328 3558 (litem)
1356 3486 1460 3542 Alii
1509 3487 1654 3544 hunc
1682 3487 1862 3544 locum

274 3580 350 3636 ita
390 3579 736 3650 intelligunt,
776 3587 910 3645 etc.,
959 3595 1120 3650 usque
1159 3579 1230 3632 ad
1262 3586 1318 3634 et
1367 3580 1553 3635 tandiu
1599 3594 1693 3636 eas
1742 3597 1864 3639 esse

273 3672 464 3728 beatas
493 3658 736 3741 quandiu
764 3669 1120 3741 perfruantur
1147 3669 1314 3726 choro
1349 3671 1612 3742 angelico.

296 3787 310 3798 -
345 3761 510 3817 Vens.
538 3762 591 3818 5.
622 3760 691 3815 Et
719 3760 1024 3831 feliciorem.
1057 3761 1192 3828 Quia
1236 3777 1336 3817 nec
1365 3762 1493 3816 vidit
1522 3763 1637 3818 haec
1681 3763 1858 3831 mala,

273 3871 376 3912 nec
413 3862 672 3926 expertus
719 3862 846 3908 est:
894 3869 995 3907 nec
1039 3851 1338 3908 secundum
1381 3868 1625 3909 errorem
1669 3869 1861 3912 eorum

271 3952 364 4022 qui
393 3956 584 4020 putant
633 3947 846 4004 animas
890 3963 1009 4003 esse
1033 3989 1048 4012 ,
1102 3958 1393 4017 antequam
1423 3947 1670 4005 homines
1704 3950 1857 4004 ﬁant.

271 4043 461 4098 Melius
502 4052 587 4098 est
617 4043 801 4112 itaque
828 4041 1050 4096 omnino
1099 4057 1208 4096 non
1245 4057 1368 4096 esse
1392 4056 1557 4112 quam
1589 4040 1728 4097 male
1773 4043 1858 4098 vi-

267 4149 397 4189 vere
429 4152 442 4187 :
470 4135 634 4200 unde,
662 4133 854 4188 Melius
885 4132 964 4186 illi
987 4143 1098 4187 erat
1124 4133 1170 4186 si
1191 4142 1345 4187 natus
1369 4149 1471 4186 non
1493 4132 1676 4202 fuisset
1703 4134 1857 4190 homo

271 4223 377 4289 ille,
404 4233 508 4280 etc.
528 4223 746 4296 (Matth.
776 4225 914 4296 XIV).

341 4314 506 4370 Vens.
543 4315 596 4370 9.
626 4345 697 4354 —
726 4313 920 4370 Melius
973 4324 1070 4370 est.
1125 4315 1247 4388 (10.)
1297 4315 1426 4372 Post
1469 4316 1858 4376 sollicitudines

267 4421 324 4468 et
368 4409 654 4476 miserias,
697 4417 831 4478 etc.,
864 4425 1030 4482 usque
1073 4408 1143 4463 ad
1187 4409 1426 4466 calorem
1465 4409 1591 4466 vitae
1639 4417 1858 4468 aeterna:

269 4505 518 4576 accipere
545 4520 652 4559 non
677 4503 940 4559 valemus.

341 4600 505 4657 Vens.
553 4602 636 4656 15.
683 4629 754 4640 -
783 4599 974 4654 Melior
1019 4609 1095 4656 est
1151 4618 1301 4671 puer.
1373 4601 1520 4673 (lo.),
1574 4617 1735 4673 usque
1784 4602 1854 4657 ad

267 4694 426 4765 ﬁnem
449 4711 569 4766 cap.

893 4761 1120 4822 CAPUT
1157 4761 1224 4818 V.

338 4881 505 4938 Vens.
532 4881 584 4935 1.
615 4907 688 4919 -
717 4876 802 4932 Ne
823 4886 1032 4945 temere,
1056 4877 1220 4933 Deus.
1248 4875 1386 4947 Quia
1415 4878 1598 4935 omnia
1623 4880 1776 4937 audit
1797 4889 1854 4938 et

267 4978 437 5042 videt,
460 4984 516 5032 et
535 4973 823 5031 stultitiam
847 4981 993 5028 tuam
1015 4973 1196 5044 arguit
1212 4971 1463 5044 quamvis
1487 4973 1674 5044 ipsein
1692 4975 1851 5044 ccelo,

268 5078 325 5125 et
351 5077 405 5124 tu
434 5067 489 5122 in
518 5074 687 5122 terra.
1277 5067 1281 5072 ·

337 5161 501 5217 Vens.
532 5160 588 5214 2.
637 5156 858 5212 Multas.
897 5155 1066 5225 Quasi
1107 5155 1250 5212 sicut
1293 5155 1386 5228 qui
1419 5155 1587 5212 multa
1629 5157 1855 5230 cogitat,

269 5253 386 5328 ipsa
437 5253 752 5325 frequenter
781 5250 1058 5318 somniat,
1105 5249 1187 5307 sic
1232 5249 1289 5306 in
1315 5249 1598 5307 stultitiam
1632 5253 1855 5322 recidit,

269 5350 361 5422 qui
385 5348 527 5404 ultra
569 5361 648 5414 se,
682 5346 748 5402 de
778 5343 892 5400 Deo
917 5342 1177 5414 disputat.
1212 5341 1333 5410 Vel,
1358 5343 1484 5414 quia
1516 5344 1679 5400 modo
1702 5345 1854 5401 vide-

269 5459 392 5500 mus
420 5458 516 5514 pcr
545 5439 822 5511 speculum
862 5446 918 5494 et
963 5437 1018 5492 in
1047 5435 1353 5507 aenigmate,
1394 5437 1548 5507 quasi
1579 5453 1677 5509 per
1705 5455 1853 5494 som-

269 5549 426 5600 num,
458 5531 791 5588 aestimamus
810 5545 912 5586 nos
943 5536 1160 5594 tenere,
1184 5527 1328 5599 quod
1355 5544 1460 5584 non
1488 5529 1770 5598 habemus,
1799 5539 1856 5588 et

271 5634 450 5700 tamen
479 5624 615 5681 nihil
641 5623 922 5680 babemus.
1651 5625 1654 5628 ’

341 5717 506 5773 Vens.
534 5715 588 5770 5.
613 5745 683 5756 --
713 5714 844 5769 Cum
867 5723 1041 5768 votum
1063 5714 1282 5768 noveris.
1312 5713 1521 5787 (litem)
1559 5715 1748 5772 Melius
1771 5725 1858 5774 est

268 5829 377 5870 non
423 5811 740 5884 promittere
774 5851 789 5877 ,
837 5817 967 5874 etc.,
1019 5825 1182 5879 usque
1231 5807 1321 5874 ad,
1354 5807 1618 5878 vapulabit
1677 5810 1854 5865 multis

268 5907 456 5974 plagis.

1965 3409 2049 3457 ter
2083 3400 2306 3456 divitem
2353 3415 2597 3464 avarum,
2627 3386 2719 3469 q'ui
2762 3415 2884 3455 cum
2914 3402 3098 3456 omnia
3126 3401 3323 3456 habeat
3369 3402 3548 3469 bona,

1924 3502 1930 3507 '
1964 3492 2315 3548 nihilominus
2351 3491 2517 3546 nimia
2539 3491 2804 3563 parcitate
2834 3507 2893 3548 se
2912 3492 3152 3560 cruciat,
3177 3492 3429 3549 nesciens
3457 3493 3547 3550 cui

1963 3595 2278 3657 congreget.

2037 3676 2200 3734 Vens.
2231 3678 2287 3734 2.
2318 3709 2388 3719 —
2425 3675 2518 3732 Vir
2561 3677 2649 3733 cui
2687 3677 2830 3733 dedit
2870 3677 3014 3733 Deus
3057 3677 3286 3734 divitias.
3335 3677 3547 3755 (Ηιειι.)

1960 3769 2150 3826 Potest
2189 3769 2292 3826 hoc
2335 3769 2402 3825 de
2429 3769 2628 3842 populo
2656 3769 2818 3826 lsrael
2855 3770 3061 3843 accipi,
3104 3777 3235 3838 etc.,
3270 3788 3434 3844 usque
3474 3771 3546 3828 ad

1962 3861 2032 3915 ad
2060 3861 2322 3931 judicium
2356 3862 2770 3933 properabimus
2799 3877 3008 3920 omnes.

2035 3951 2206 4009 Vens.
2231 3955 2284 4010 5.
2317 3985 2386 3995 -
2412 3953 2718 4026 Sepultum.
2753 3954 2876 4030 (10.)
2910 3955 3060 4012 Adeo
3102 3971 3328 4023 avarus,
3355 3962 3420 4012 ut
3445 3969 3548 4013 nec

1961 4046 2028 4102 de
2056 4047 2333 4117 sepultura
2375 4047 2591 4118 cogitet,
2624 4049 2742 4114 vel,
2789 4064 2933 4119 saepe
2977 4064 3076 4120 pro
3105 4048 3309 4104 divitiis
3335 4049 3548 4106 occisus

1961 4137 2217 4210 abjicitur
2245 4139 2547 4212 insepultus
2579 4158 2592 4194 :
2638 4139 2722 4195 vel
2748 4181 2770 4216 ,η
2810 4141 2937 4210 quia
2965 4139 3167 4194 nullam
3205 4139 3308 4194 sibi
3337 4152 3544 4195 memo-

1960 4232 2099 4287 riam
2129 4231 2419 4305 relinquat,
2451 4249 2577 4289 cum
2607 4234 2860 4288 omnibus
2886 4232 3044 4288 bonis
3067 4229 3272 4286 afﬂuat.

2035 4322 2202 4401 Vens.
2227 4327 2281 4380 7.
2315 4355 2384 4366 -—
2407 4323 2593 4379 Omnis
2613 4323 2766 4377 labor
2795 4339 2810 4377 :
2836 4324 2941 4378 hoc
2960 4331 3066 4388 est,
3087 4321 3232 4393 quod
3249 4319 3548 4376 laborando

1961 4417 2150 4472 didicit
2183 4417 2346 4471 homo
2365 4457 2378 4482 ,
2403 4416 2459 4470 id
2485 4423 2570 4471 est
2613 4413 2898 4470 rationalis
2920 4454 2937 4481 ,
2983 4414 3039 4469 in
3076 4428 3172 4470 ore
3203 4412 3384 4477 habet,
3415 4412 3546 4485 quia

1963 4509 2097 4563 alios
2123 4508 2300 4563 docet.

2033 4598 2225 4653 Anima
2263 4597 2376 4669 ejus
2434 4615 2537 4653 non
2601 4596 2922 4669 implebitur.
2985 4596 3108 4671 (ln.)
3139 4596 3272 4665 Quia
3333 4609 3547 4667 semper

1879 4665 2107 4766 D'cupit
2133 4665 2340 4750 discere
2365 4695 2507 4766 quod
2533 4665 2725 4750 doceat
2751 4711 2766 4750 :
2798 4701 2854 4748 et
2882 4665 3174 4749 boc'babet
3203 4693 3370 4750 stulto
3400 4665 3542 4764 plus,

1957 4787 2086 4858 quia
2107 4802 2232 4842 cum
2257 4787 2417 4843 beato
2448 4801 2685 4857 paupere
2713 4785 2883 4841 tendit
2909 4783 2975 4839 ad
3016 4783 3314 4851 Christum,
3337 4787 3426 4854 qui
3463 4793 3547 4840 est

1955 4879 2068 4934 vita
2092 4887 2147 4934 et
2167 4879 2260 4950 qui
2291 4879 2369 4932 ait
2399 4896 2411 4931 :
2445 4876 2597 4932 Beati
2624 4893 2879 4949 pauperes
2899 4876 3111 4948 spiritu,
3135 4878 3384 4947 quoniam
3406 4877 3547 4946 ipso-

1957 4987 2076 5026 rum
2107 4981 2180 5026 est
2215 4987 2434 5042 regnum
2463 4969 2734 5024 caelorum.

2027 5060 2191 5116 Vens.
2221 5060 2307 5116 10.
2350 5091 2421 5102 --
2444 5060 2548 5128 Qui
2573 5061 2786 5130 futurus
2811 5069 2904 5116 est.
2934 5058 3058 5134 (19.)
3085 5059 3336 5115 Omnium
3368 5057 3548 5116 homi-

1961 5171 2115 5221 num,
2148 5155 2238 5226 qui
2263 5153 2428 5209 futuri
2455 5165 2583 5210 sunt
2605 5169 2833 5226 corpore
2854 5147 3246 5218 circumdandi,
3267 5151 3381 5222 jam
3403 5153 3545 5210 Deus

1961 5248 2285 5305 vocabulum
2315 5248 2492 5316 novit;
2521 5263 2590 5302 ne
2616 5249 2790 5320 possit
2810 5249 2972 5303 homo
3001 5247 3329 5317 respondere
3353 5256 3545 5304 contra

1962 5340 2248 5405 artificem,
2281 5355 2454 5411 quare
2483 5339 2576 5408 ita,
2612 5340 2699 5395 vel
2725 5341 2797 5395 ita
2823 5340 2893 5396 sit
2917 5337 3108 5394 factus.
3155 5337 3369 5406 Quanto
3397 5339 3544 5394 enim

1961 5435 2193 5508 amplius
2229 5434 2624 5504 quaesierinms,
2658 5442 2806 5489 tanto
2836 5432 3006 5503 magis
3041 5432 3346 5488 ostenditur
3387 5429 3546 5488 vani-

1963 5539 2046 5585 tas
2075 5537 2262 5584 nostra
2288 5536 2344 5583 et
2371 5528 2536 5584 verba
2565 5525 2866 5598 superﬂua;
2901 5534 2955 5580 et
2984 5541 3090 5580 non
3116 5540 3184 5581 ex
3205 5523 3545 5597 praescientia

1961 5623 2056 5678 Dei
2089 5621 2295 5678 tollitur
2333 5620 2560 5676 liberum
2593 5617 2903 5682 arbitrium,
2929 5617 3021 5673 sed
3054 5632 3232 5674 causa:
3251 5625 3376 5671 ante
3401 5630 3543 5686 prae-

1961 5715 2164 5770 cedunt
2188 5728 2359 5784 quare
2387 5709 2812 5780 unumquodque
2837 5709 2906 5763 sit
2940 5707 3162 5764 factum.

2037 5807 2198 5864 Vens.
2231 5808 2320 5864 ll.
2343 5837 2414 5848 --
2443 5803 2614 5861 Verba
2640 5813 2781 5860 sunt.
2817 5803 3004 5872 Quasi,
3035 5804 3130 5860 Dei
3163 5803 3377 5874 quidem
3406 5801 3545 5857 (ilius

1959 5901 2177 5959 futurus
2214 5909 2300 5960 est
2345 5901 2508 5956 homo
2535 5938 2549 5964 ,
2603 5904 2659 5952 tu
2700 5905 2881 5954 autem
2921 5896 3029 5953 noli
3074 5894 3218 5952 ultra
3267 5893 3545 5966 inquirere
