4008 6348
610 427 750 487 ΗΞῧ

1099 426 1488 484 WALAFRIDI
1527 425 1770 482 STRABI
1800 422 2005 482 FULD.
2045 418 2208 478 MON.
2247 417 2398 477 ΟΡΡ.
2437 421 2614 477 PARS
2651 422 2692 478 l.
2727 452 2800 463 —
2829 421 3280 494 THEOLOGICA.

3652 437 3746 497 1121

609 546 805 619 qualis,
830 543 1097 619 quomodo
1125 553 1180 600 et
1205 541 1522 614 cujusmodi,
1558 541 1653 596 sed
1687 539 1846 595 crede
1874 536 2176 611 generatio-
2201 538 2256 599 Α
2281 543 2370 589 tur
2389 536 2593 590 animas
2629 543 2863 604 nostras,
2891 552 3121 608 quorum
3150 537 3398 596 mulieres
3415 543 3552 611 retia,
3577 555 3622 603 et
3640 565 3748 624 saga.

608 655 736 696 nem
755 637 893 712 ejus.

1211 713 1438 770 CAPUT
1476 712 1586 768 Vll.

677 834 845 892 Vens.
882 831 938 889 2.
974 863 1045 873 -
1079 831 1272 886 Melius
1323 843 1397 885 est
1460 846 1644 884 nomen
1697 829 1905 882 bonum.
1973 823 2178 898 (litem)

611 921 868 982 Memoria
901 923 1170 979 bonorum
1199 904 1445 993 operum,
1475 936 1593 991 qua:
1619 921 1849 975 delectet
1874 919 2181 973 auditorum

609 1017 793 1080 corda,
823 1014 963 1070 sicut
996 1028 1155 1068 nares
1193 1013 1466 1084 unguenta
1493 1032 1505 1066 :
1540 1011 1712 1076 Unde,
1741 1009 1994 1064 Memoria
2008 1009 2182 1080 justo-

611 1123 728 1162 rum
747 1107 804 1162 in
824 1105 1002 1171 laude,
1033 1121 1218 1159 nomen
1242 1104 1520 1174 impiorum
1551 1110 1826 1172 putrescet.

679 1200 751 1255 Et
785 1201 916 1256 dies.
948 1199 1063 1255 Hoc
1089 1208 1194 1266 est,
1225 1199 1412 1254 Melius
1443 1209 1524 1254 est
1551 1198 1763 1251 miserae
1790 1196 1913 1249 vita:
1950 1202 2185 1248 tormen-

608 1302 686 1360 ta,
733 1303 790 1350 et
820 1293 1209 1356 tribulationes,
1256 1302 1308 1349 et
1348 1293 1560 1347 labores
1602 1289 1880 1346 moriendo
1929 1286 2180 1350 evadere,

606 1401 771 1459 quam
800 1389 868 1443 ad
907 1387 1020 1443 haec
1041 1386 1191 1442 nasci
1217 1392 1270 1439 et
1295 1384 1581 1440 sustinere.

677 1480 841 1535 Vens.
881 1479 935 1534 4.
961 1509 1034 1520 -
1064 1477 1252 1532 Melior
1275 1487 1347 1530 est
1372 1476 1472 1537 ira,
1501 1483 1689 1528 contra
1718 1479 1997 1543 peccatum
2027 1485 2181 1524 suum

604 1569 690 1626 vel
716 1569 972 1635 alienum,
1003 1568 1129 1640 quia
1168 1566 1415 1637 corrigis,
1445 1579 1553 1619 non
1582 1563 1705 1635 quia
1750 1561 2007 1616 ultionem
2031 1558 2184 1627 cupis

608 1661 791 1736 (Prov.
819 1659 1013 1732 xxvii).

676 1753 842 1808 Vens.
892 1751 946 1807 6.
975 1781 1048 1794 —
1086 1748 1277 1804 Melius
1316 1756 1389 1802 est
1430 1765 1462 1799 a
1509 1745 1757 1816 sapiente.
1802 1741 2018 1796 Meliora
2059 1747 2183 1794 sunt

607 1843 769 1898 amici
813 1841 1057 1904 vulnera,
1115 1854 1275 1909 quam
1319 1835 1662 1891 fraudulenta
1714 1833 1919 1887 inimici
1973 1831 2176 1885 oscula.

2280 644 2362 683 nae
2399 629 2658 683 haeretici.

2352 721 2514 774 Vens.
2537 720 2627 776 28.
2657 750 2726 760 -—
2756 717 2890 773 Ecce
2915 721 3030 773 hoc.
3065 719 3181 776 Hoc
3211 721 3406 790 inveni,
3427 733 3541 795 etc.,
3561 746 3685 803 usque
3705 742 3750 794 ad

2280 811 2491 867 facilior
2518 815 2584 868 ad
2604 829 2790 868 casum
2824 822 2907 867 est
2936 812 3147 868 mulier.

2353 903 2422 958 Ut
2474 905 2753 960 invenirem
2814 905 3084 959 rationem.
3149 904 3515 980 Quamcunque
3559 929 3650 971 rem
3696 923 3750 977 re]

2282 992 2660 1049 discretionem
2701 995 2844 1050 inter
2868 993 3117 1049 homines
3155 1002 3209 1048 et
3249 1010 3428 1051 eorum
3457 1015 3609 1058 mores
3636 1023 3647 1057 :
3671 1009 3751 1078 quis

2277 1087 2517 1158 perfecte
2538 1088 2708 1143 bonus
2737 1089 2837 1142 nisi
2858 1088 3003 1142 solus
3025 1087 3310 1143 Christus?

2352 1177 2516 1231 Vens.
2565 1177 2653 1232 29.
2692 1207 2764 1217 —-
2813 1176 3009 1230 Virum.
3060 1175 3354 1242 Christum,
3411 1180 3495 1250 qui
3549 1193 3675 1253 caput
3701 1198 3754 1244 est

2281 1270 2521 1354 omnium
2547 1271 2833 1336 bonorum,
2875 1267 3018 1340 quod
3061 1267 3324 1340 ﬁguratur
3354 1287 3447 1342 per
3484 1273 3750 1336 millenarium

2279 1361 2370 1429 qui
2401 1361 2671 1430 perfectus
2693 1375 2972 1414 numerus.

2357 1451 2515 1504 Vens.
2549 1451 2635 1504 50.
2669 1481 2736 1490 ——
2765 1448 3104 1504 Solummodo
3151 1453 3268 1505 hoc.
3318 1451 3508 1525 (“II-Ill.)
3531 1452 3594 1510 Ne
3627 1458 3732 1514 vides

2283 1549 2372 1597 tur
2413 1558 2754 1597 communem
2795 1544 3037 1598 omnium
3087 1545 3363 1600 hominum
3401 1558 3616 1602 naturam
3653 1550 3748 1604 dam-

2281 1649 2435 1697 nare,
2485 1641 2539 1688 et
2581 1634 2747 1688 Deum
2779 1634 2896 1704 ejus
2925 1645 3206 1691 auctorem
3251 1651 3510 1702 accusare,
3554 1639 3753 1710 vigilanter

2281 1724 2500 1793 adjecit,
2526 1722 2893 1789 Solummodo,
2916 1733 3023 1780 etc.
3049 1725 3216 1793 Quasi
3240 1726 3411 1780 dicat:
3441 1725 3587 1782 Homo
3605 1731 3753 1798 quidem

2279 1817 2454 1872 bonus
2504 1817 2682 1872 factus
2733 1825 2839 1883 est,
2900 1819 2995 1873 sed
3043 1818 3218 1874 libero
3276 1817 3488 1874 arbitrio
3533 1819 3754 1886 derelictus,

621 1934 786 1990 Verba
815 1933 1083 1989 adulantis
1117 1906 1281 2002 magis
1320 1931 1584 1984 insensata
1627 1927 1694 1980 ad
1734 1926 1931 1997 spinas,
1973 1922 2027 1976 id
2079 1932 2180 1987 esl,
2209 1906 2260 1967 Π
2288 1915 2477 2002 ξροτηθ
2505 1907 2650 1963 cadit
2684 1915 2738 1962 ei
2779 1907 3050 1963 immiscet
3095 1922 3168 1964 80'
3207 1909 3360 1963 vanis
3401 1910 3532 1964 curis
3555 1920 3601 1964 et
3634 1926 3756 1981 super-

608 2027 790 2084 smculi
820 2041 980 2084 curas
1015 2025 1304 2088 moventia,
1341 2039 1459 2095 quae
1483 2022 1685 2076 ducunt
1719 2019 1784 2073 ad
1811 2018 2068 2088 gehennae
2097 2015 2183 2068 in-

605 2121 797 2178 cendia
831 2133 846 2174 :
875 2119 1090 2190 sapiens
1129 2115 1401 2188 perfectus
1443 2113 1589 2169 nulla
1623 2111 1903 2182 argutione
1957 2108 2178 2177 indiget,

604 2213 749 2270 nulla
794 2211 1064 2268 calumnia
1118 2211 1383 2264 turbatur.
1425 2207 1566 2277 Ergo
1597 2206 1662 2259 de
1693 2203 1936 2273 sapiente
1971 2201 2022 2254 in
2061 2213 2185 2268 pro—

603 2303 749 2360 fectu
769 2303 948 2374 posito
975 2309 1056 2358 est
1090 2301 1459 2372 accipiendum
1492 2297 1581 2368 qui
1616 2295 1904 2365 aliquando
1942 2293 2185 2346 turbatur

606 2395 672 2451 de
695 2394 980 2465 iniquitate
994 2391 1205 2461 iudicii,
1230 2405 1353 2446 cum
1386 2390 1528 2442 Deus
1554 2386 1738 2441 statim
1765 2399 1870 2438 non
1903 2380 2075 2451 ponit.

677 2485 842 2541 Vens.
881 2485 934 2542 9.
964 2514 1036 2526 —
1073 2482 1264 2538 Melior
1291 2491 1364 2536 est
1387 2481 1529 2550 linis.
1563 2476 1853 2531 Perfectio.
1884 2473 1990 2540 Qui
2009 2487 2181 2542 perse-

601 2579 858 2634 uerauerit
883 2577 1058 2632 salvus
1086 2575 1202 2631 erit.
1231 2572 1422 2629 Melior
1453 2580 1534 2627 est
1556 2575 1931 2626 consummata
1949 2564 2184 2635 justitia,

606 2683 770 2741 quam
822 2669 1098 2734 inchoata,
1133 2674 1188 2722 et
1211 2664 1475 2723 orationis
1497 2662 1692 2733 epilogi
1732 2674 1895 2729 quam
1927 2657 2182 2720 exordia;

606 2762 696 2818 hic
723 2770 1018 2826 certamen,
1055 2759 1127 2813 ibi
1156 2757 1408 2812 victoria.

677 2853 988 2924 Arrogante.
1025 2851 1160 2906 Huic
1193 2849 1467 2918 arroganti
1517 2845 1822 2901 contrarius
1851 2852 1952 2908 est,
2000 2841 2088 2912 qui
2133 2842 2184 2894 in

529 2973 536 2980 ο
601 2945 898 3018 Evangelio
929 2953 1136 3016 pauper
1159 2941 1348 3013 spiritu
1381 2940 1576 3012 legitur
1608 2936 1822 3009 (Matth.
1863 2935 1937 3004 v).

685 3039 846 3098 Vens.
883 3039 967 3092 11.
998 3067 1067 3076 —
1095 3034 1233 3101 Quid
1255 3033 1448 3104 putas?
1473 3030 1644 3084 Aliter
1675 3045 1689 3082 :
1721 3026 1812 3082 Sic
1853 3026 2016 3080 debes
2047 3025 2188 3078 vive-

608 3147 691 3201 re,
712 3141 773 3189 ut
790 3144 1002 3201 semper
1022 3135 1317 3200 prasentes
1341 3126 1457 3182 dies
1479 3125 1588 3179 sint
1608 3122 1702 3177 tibi
1731 3119 2000 3181 meliores,
2027 3132 2186 3186 quam

606 3222 886 3297 prteteriti.
913 3221 1139 3290 Semper
1158 3227 1242 3275 est
1259 3217 1404 3273 enim
1429 3225 1638 3285 tempus
1661 3210 1939 3284 operandi,
1967 3224 2032 3262 ne
2063 3223 2184 3261 cum

608 3315 839 3386 (tmperi:
863 3314 1200 3375 decrescere,
1247 3309 1458 3363 dicatur
1501 3325 1516 3360 :
1550 3303 1851 3358 Currebatis
1896 3301 2041 3362 bene,
2069 3299 2185 3368 quis

597 3423 695 3464 vos
715 3405 977 3478 impedivit
1002 3419 1106 3459 non
1128 3401 1333 3456 obedire
1357 3396 1599 3452 veritati?
1636 3393 1780 3465 (Gal.
1810 3393 1889 3460 v.)

679 3497 846 3554 Vens.
879 3495 966 3551 14.
993 3522 1067 3536 --
1093 3490 1383 3548 Considera
1430 3503 1584 3558 opera
1613 3484 1732 3538 Dei.
1765 3483 1937 3550 Quam
1967 3495 2182 3551 magna,

606 3604 769 3662 quam
795 3585 1100 3651 mirabilia;
1136 3584 1300 3638 alium
1327 3579 1558 3652 gratuita
1587 3577 1789 3648 pietate
1813 3574 1992 3644 elegit,
2019 3572 2186 3626 alium

601 3679 752 3753 iusto
769 3677 974 3750 judicio
998 3674 1248 3746 despicit,
1293 3672 1453 3734 unde,
1485 3667 1650 3723 Iacob
1681 3665 1866 3729 dilexi,
1890 3664 2036 3718 Esau
2065 3664 2184 3717 odio

605 3771 766 3827 habui
796 3767 952 3842 (Mal.
981 3769 1043 3840 1).
1075 3765 1162 3832 Et,
1197 3763 1470 3842 Universte
1501 3761 1594 3815 via:
1641 3758 1854 3812 Domini
1891 3757 2185 3810 misericor-

603 3861 696 3918 dia
727 3871 773 3916 et
798 3839 1012 3915 ueritas.
1465 3839 1470 3850 θ

679 3951 845 4005 Vens.
888 3949 974 4003 15.
1016 3977 1088 3988 -
1121 3946 1322 4001 Malam
1372 3945 1509 3999 diem
1557 3941 1762 4015 (Ηιειι.)
1803 3940 2015 4010 judicii,
2066 3955 2184 4010 quas

605 4043 749 4100 mala
778 4041 992 4096 videtur
1012 4038 1188 4103 malis,
1210 4036 1374 4100 unde,
1401 4035 1526 4088 Dies
1547 4033 1641 4087 illa
1661 4034 1771 4086 dies
1793 4034 1908 4097 ine,
1931 4041 2038 4086 etc.
2066 4029 2181 4095 Vel,

605 4137 750 4193 bona
793 4142 849 4189 et
894 4131 1059 4197 mala,
1103 4130 1158 4185 id
1193 4137 1280 4183 est
1325 4141 1586 4198 prospera
1637 4135 1694 4180 et
1730 4126 1979 4189 adversa,
2027 4131 2186 4194 prout

607 4224 749 4297 iuste
772 4221 1074 4286 evenerint,
1105 4219 1313 4276 sustine
1331 4217 1578 4272 viriliter.
1602 4215 1794 4271 Omnia
1834 4216 1979 4268 enim
2014 4213 2181 4282 iuste,

602 4317 853 4390 quamvis
880 4314 1116 4380 occulte,
1144 4321 1200 4368 et
1223 4313 1328 4367 hoc
1361 4319 1446 4365 est
1473 4326 1578 4364 non
1599 4308 1849 4374 inveniat,
1879 4316 1983 4363 etc.

681 4409 841 4468 Vens.
876 4405 962 4462 18.
1007 4433 1080 4447 -
1110 4401 1180 4458 Et
1208 4401 1315 4458 noli
1340 4419 1468 4456 esse.
1513 4401 1672 4472 [mpii
1702 4417 1805 4454 non
1835 4398 2184 4455 dimidiabunt

607 4501 718 4556 dies
739 4515 881 4564 suos,
911 4497 1090 4570 quasi,
1122 4495 1242 4550 Noli
1271 4495 1623 4564 imptenitens
1661 4507 1962 4562 provocare
1989 4493 2182 4558 Deum,

604 4599 667 4647 ut
697 4590 859 4646 etiam
886 4562 1090 4645 viventi
1118 4585 1316 4642 inferat
1353 4562 1700 4655 supplicium,
1734 4583 1876 4638 sicut
1923 4581 2050 4637 fecit
2080 4583 2184 4637 Da-
2215 4619 2268 4680 Β
2295 4581 2500 4656 (Ηιειι.)
2523 4579 2684 4638 Canis
2709 4581 2884 4645 vivus,
2914 4594 3119 4650 pauper
3139 4581 3332 4650 justus,
3361 4571 3438 4624 leo
3465 4562 3676 4699 morlgusv

611 4684 647 4699 ,ι
719 4698 726 4699 ,
777 4689 816 4699 _.
852 4680 1036 4699 .u___
2180 4683 2209 4699 ι
2295 4685 2410 4699 .--η
2436 4677 2651 4699 :..:....-...
2708 4673 2794 4699 ..ηε
2824 4672 2954 4699 ..εμπ
2987 4687 3168 4699 ...νη-η.
3193 4666 3354 4699 ..ητα-ιι
3386 4661 3445 4699 Ap
3470 4664 3576 4699 mlm
3605 4657 3646 4696 0-

2180 4657 2266 4704 ‘"
2294 4685 2414 4731 tens
2436 4677 2674 4744 iniquus,
2705 4673 2797 4743 qui
2824 4672 2957 4726 nihil
2987 4687 3169 4727 secum
3192 4666 3362 4724 aufert
3386 4661 3445 4717 de
3470 4657 3646 4709 mundo.

607 4684 739 4742 than
767 4689 824 4736 et
840 4680 1066 4735 Ablron.

680 4775 843 4831 Vens.
869 4773 956 4830 l9.
976 4801 1049 4816 -—
1075 4771 1226 4828 Nihil
1247 4770 1480 4843 negligit.
1503 4767 1768 4825 Omnibus
1797 4767 1914 4821 sine
1937 4776 2184 4836 respectu

602 4880 959 4945 personarum
983 4863 1276 4922 benefacit.
1303 4863 1424 4929 Vel,
1447 4864 1502 4918 in
1532 4861 1808 4931 prosperis
1832 4868 1888 4913 et
1916 4859 1970 4913 in
1994 4859 2184 4915 adver—
2213 4938 2218 4943 λ

605 4962 686 5019 sis
713 4960 978 5032 providet.

679 5055 844 5111 Vens.
878 5053 970 5109 20.
998 5081 1072 5094 —
1103 5051 1295 5106 Decem
1344 5048 1622 5120 principes.
1673 5043 1881 5116 allen.)
1929 5042 2182 5115 Angelos,

605 5150 704 5224 qui
725 5150 932 5206 civitati
962 5156 1181 5210 nostrai,
1217 5144 1273 5198 id
1293 5150 1375 5198 est
1399 5142 1672 5206 Ecclesiae,
1703 5149 1958 5212 tanquam
2005 5148 2188 5194 custo-

607 5243 728 5308 des,
750 5242 803 5297 id
826 5248 911 5296 est
941 5238 1304 5300 auxiliatores,
1329 5241 1585 5304 praesunt.
1611 5233 1679 5288 Et
1705 5233 1891 5288 decem
1914 5231 2186 5296 dicuntur,

609 5337 737 5408 quia
759 5333 1012 5390 denarius
1041 5343 1299 5387 numerus
1327 5337 1409 5383 est
1430 5327 1720 5398 perfectus.

682 5428 844 5484 Vens.
875 5427 965 5481 22.
998 5454 1066 5467 —
1097 5423 1202 5479 Sed
1225 5432 1272 5478 et
1294 5420 1514 5476 cunctis.
1549 5418 1718 5473 Docet
1745 5417 2042 5488 sapientem
2068 5431 2186 5471 ma-

607 5523 907 5579 ledicorum
932 5519 1144 5590 linguas
1189 5531 1296 5572 non
1321 5514 1626 5577 attendere,
1649 5526 1717 5566 ne
1752 5526 1874 5565 cum
1907 5511 2020 5580 ipse
2041 5509 2185 5564 idem

610 5612 798 5676 faciat,
824 5611 926 5666 sibi
952 5608 1084 5664 velit
1114 5607 1318 5678 ignosci
1351 5614 1403 5660 et
1425 5604 1559 5659 alios
1585 5598 1924 5672 reprehendi.
1954 5597 2014 5654 Si
2038 5599 2184 5654 enim

610 5705 715 5760 boc
746 5702 961 5768 fecerit,
987 5715 1201 5770 semper
1230 5698 1478 5754 curiosus
1499 5705 1555 5751 et
1596 5695 1765 5749 iratus
1792 5690 1915 5755 erit,
1938 5689 2063 5760 quia
2084 5704 2186 5744 nec

607 5810 888 5853 servorum
917 5795 1126 5864 linguas
1164 5805 1505 5861 compescere
1533 5785 1750 5842 valebit.

684 5887 849 5942 Vens.
891 5886 980 5938 27.
1021 5913 1089 5926 --
1135 5883 1475 5945 Venetorum,
1507 5881 1828 5940 dicmonum,
1860 5873 1952 5944 qui
1982 5887 2183 5927 venan-

2284 1997 2424 2054 fluis.

2358 2090 2489 2156 Quis
2517 2089 2638 2144 talis
2674 2098 2732 2143 ut
2767 2091 2995 2160 sapiens,
3031 2099 3141 2146 etc.
3179 2089 3302 2161 (1ο.)
3325 2089 3461 2145 Dixit
3489 2090 3684 2159 superius
3703 2090 3756 2144 vix

2282 2181 2484 2236 bonum
2511 2179 2788 2234 hominem
2829 2180 3081 2244 inveniri,
3118 2195 3240 2234 cum
3274 2179 3434 2235 a'Deo
3461 2180 3660 2234 homines
3691 2181 3758 2233 sint

2283 2269 2410 2324 boni
2431 2269 2576 2325 facti.
2607 2269 2763 2324 Nunc
2787 2285 2908 2339 quae
2935 2270 3075 2325 bona
3106 2271 3190 2326 eis
3217 2269 3417 2326 dederit
3444 2279 3654 2340 tanquam
3679 2285 3756 2340 gra-

2287 2360 2614 2416 tulabundus
2634 2369 2938 2426 enumerat,
2971 2361 3320 2430 sapientiam,
3351 2360 3602 2422 rationem,
3624 2373 3756 2413 arcana

2286 2467 2630 2523 cognoscere.

2881 2523 3111 2579 CAPUT
3155 2522 3286 2579 Vill.

2359 2636 2522 2691 Vens.
2555 2637 2611 2691 2.
2636 2665 2710 2678 -
2739 2635 2854 2708 Ego
2903 2653 2960 2692 os
3016 2639 3155 2708 regis
3195 2637 3415 2692 observo.
3466 2633 3635 2704 (Ηιεη.)
3659 2631 3758 2686 Vide-

2288 2736 2377 2782 tur
2402 2728 2618 2797 quidem
2642 2728 2943 2798 przecipere
2980 2726 3142 2798 juxta
3173 2726 3493 2798 Apostolum,
3526 2732 3632 2791 etc.,
3658 2735 3758 2791 squ

2287 2818 2357 2872 ad
2381 2817 2540 2887 hujus
2562 2816 2824 2874 voluntati
2853 2821 3175 2889 parendum.

2363 2910 2527 2964 Vens.
2576 2908 2629 2963 4.
2681 2939 2743 2986 -έ
2770 2909 2883 2964 Nec
2928 2910 3099 2964 dicere
3147 2911 3195 2965 ei
3222 2911 3485 2981 quisquam
3517 2907 3756 2976 potest,“

2291 2999 2411 3073 (ln.)
2440 3002 2712 3074 Prmcepta
2744 3002 2840 3057 Dei
2885 3018 2990 3057 non
3031 3012 3162 3058 sunt
3201 2998 3520 3057 discutienda
3552 3007 3680 3066 quare
3704 2989 3756 3042 illa

2289 3099 2625 3166 praeceperit,
2663 3099 2756 3152 sed
2785 3099 3051 3152 facienda.

2364 3190 2526 3243 Vens.
2556 3189 2608 3243 8.
2638 3219 2710 3230 —-
2735 3189 2854 3244 Non
2875 3201 2948 3243 est
2970 3191 3024 3244 in
3051 3189 3278 3243 hominis
3296 3186 3494 3241 ditiane.
3523 3179 3622 3253 (1ο.)
3637 3175 3755 3244 Quasi.

2289 3297 2394 3336 non
2425 3282 2587 3336 debes
2609 3281 2834 3336 moleste
2857 3284 2991 3350 pati,
3017 3283 3060 3335 si
3086 3281 3268 3336 futura
3290 3294 3390 3334 non
3412 3277 3536 3331 scire
3551 3281 3683 3343 potest
3699 3267 3756 3320 Si“

2289 3372 2683 3444 potentioribus
2738 3373 2914 3442 impiis
2981 3388 3123 3442 sarpe
3197 3367 3517 3442 opprimeris,
3561 3361 3658 3431 quia
3694 3356 3758 3409 cito

2288 3466 2469 3522 omnia
2491 3464 2776 3526 liniuntur,
2810 3474 2866 3519 et
2885 3479 3031 3520 mors
3058 3465 3244 3519 omnia
3269 3458 3526 3531 aequaliter
3544 3450 3668 3521 rapit.

2361 3557 2521 3612 Vens.
2563 3555 2648 3610 10.
2679 3585 2751 3597 --
2801 3554 2922 3609 Vidi
2970 3557 3162 3626 impios
3212 3553 3448 3624 sepultos,
3493 3555 3581 3600 etc.
3618 3539 3694 3594 Nec
3725 3535 3756 3588 in

2290 3659 2464 3705 morte
2507 3650 2756 3720 poenitet,
2789 3664 3019 3718 quorum
3049 3657 3256 3720 quanto
3295 3639 3544 3699 accusatio
3581 3631 3757 3690 rariora

2287 3742 2574 3808 difﬁcilior,
2616 3750 2769 3795 tanto
2819 3740 3078 3811 peccandi
3129 3739 3349 3794 libertas
3373 3731 3562 3787 videtur
3596 3723 3656 3778 eis
3683 3727 3757 3769 esse

2287 3832 2482 3902 major.

2357 3923 2520 3979 Vens.
2555 3922 2862 3977 l4.——Sunt
2883 3921 3016 3992 justi
3040 3919 3228 3993 quibus
3251 3915 3386 3972 mala
3409 3906 3672 3988 proveniunt,
3691 3902 3754 3949 etc.

2287 4017 2358 4074 Ut
2408 4015 2532 4071 filiis
2556 4014 2736 4069 Aaron
2763 4013 3198 4069 sacrificantibus
3229 4005 3501 4067 secundum
3539 3994 3753 4052 Hebreum.

2285 4118 2340 4166 et
2365 4108 2639 4163 Manasses
2667 4113 2791 4177 post
2819 4113 2967 4160 tanta
2997 4106 3136 4160 mala
3168 4120 3199 4159 a
3225 4098 3514 4171 captivitate
3533 4089 3579 4143 in
3605 4086 3754 4151 regnum

2286 4202 2540 4257 reductus
2565 4197 2795 4254 feliciter
2815 4197 2965 4253 vixit.

2893 4350 3123 4408 CAPUT
3177 4349 3266 4405 IX.

2358 4489 2519 4545 Vens.
2581 4489 2630 4544 1.
2680 4519 2751 4530 -
2807 4487 2941 4544 Sunt
2973 4488 3130 4558 justi,
3187 4495 3289 4542 etc.
3337 4460 3509 4535 Melior
3552 4471 3613 4519 est
3643 4448 3750 4510 canis.

2358 4583 2450 4610 ἠπ-
2483 4583 2499 4610 \
2523 4579 2679 4610 nmo...
2709 4581 2859 4610 "tm...
2914 4594 3119 4610 nan-mn
3145 4581 3314 4610 ξιιοιιιιι
3361 4571 3438 4610 Im
3465 4551 3750 4610 mortuum”

2366 4767 2525 4822 Vens.
2571 4769 2625 4823 5.
2666 4797 2736 4807 —-
2766 4765 2967 4820 Μοντιιὶ
3012 4782 3151 4819 vero.
3197 4758 3315 4836 (11).)
3342 4750 3543 4820 Qnidam

2291 4863 2455 4916 etiam
2485 4869 2611 4931 post
2634 4867 2868 4914 mortem
2893 4872 3163 4922 crescere,
3191 4821 3320 4916 etc.,
3357 4851 3504 4912 ποιμα
3530 4827 3586 4886 αδ
3605 4821 3748 4877 "om.

2291 4968 2381 5012 ras
2416 4951 2707 5006 rationales
2727 4958 2783 5006 et
2804 4949 3125 5020 promereri.

2362 5044 2526 5098 Vens.
2567 5042 2652 5097 10.
2698 5072 2769 5082 --
2806 5040 2996 5094 Erunt.
3049 5038 3107 5094 ld
3151 5044 3254 5100 est,

2291 5144 2541 5196 mortem.
3519 5192 3529 5196 _
3631 5167 3693 5196 ,4:

2365 5173 2648 5284 Vbiile.
2677 5255 2746 5266 --
2772 5223 2999 5280 BeUum.
3044 5221 3314 5284 Victorum
3351 5203 3430 5263 vel
3469 5192 3604 5284 eli?!“

2292 5265 2620 5380 tores-belli:
2635 5265 3314 5372 .secu-n‘du'uimilludVZ-Sin:
3350 5312 3426 5356 me
3465 5279 3572 5344 nihil
3597 5265 3744 5344 Pomm

3301 5019 3535 5083 valebunt
3565 4997 3641 5060 tibi
3670 4987 3749 5062 Ρ⁰⁵⁸

2313 5429 2480 5467 acere.

2288 5412 2480 5484 facere.

2361 5503 2599 5558 Divitias.
2632 5499 2906 5556 Bonorum
2929 5512 3170 5569 operum.
3366 5574 3375 5584 _
3439 5572 3509 5588 Μ
3565 5515 3740 5588 “mmini

2359 5596 2524 5650 Vens.
2582 5593 2669 5646 12.
2719 5621 2788 5632 —
2837 5542 2996 5645 ,ςεεαῖ
3048 5590 3210 5660 pisces
3268 5542 3636 5660 callium"?

2372 5623 2524 5650 vena.
2583 5623 2669 5646 ιι.
2719 5623 2788 5632 —
2837 5623 2986 5645 meum
3048 5623 3210 5660 μωνω
3268 5623 3395 5646 γ-,νη
3589 5635 3611 5686 Ι.
3655 5623 3740 5676 “ws

2287 5703 2500 5761 quoque
2530 5687 2731 5741 habent
2771 5698 3023 5754 sagenam
3070 5695 3222 5738 suam
3249 5671 3484 5731 missam.
3524 5649 3568 5699 ει
3603 5642 3652 5696 λα

2287 5784 2481 5855 quibus
2506 5780 2722 5848 capiant
2743 5776 3037 5846 simplices.

2364 5799 2481 5838 IDUS
2506 5799 2722 5848 captant
2743 5799 3037 5846 Sllllpll'Z-CS.
3631 5799 3731 5869 Ρω-

2364 5874 2524 5927 Vens.
2557 5870 2643 5925 15.
2685 5900 2753 5910 —
2785 5867 2880 5922 Vir
2907 5883 3118 5946 pauper.
3155 5859 3410 5920 Christus,
3452 5839 3506 5893 de
3527 5836 3610 5897 (ιυο
