4008 6348
274 403 417 462 1125

1027 403 1300 462 GLOSSA
1344 403 1744 463 ORDlNARlA.
1780 433 1852 444 —
1886 403 2236 465 CANTICUM
2273 407 2742 469 CANTICORUM.

3375 415 3518 476 “26

271 535 431 578 mus:
465 517 579 591 Ego
600 533 716 574 sum
749 535 948 590 pauper
971 526 1018 573 et
1041 511 1219 574 dolens
1243 516 1413 590 (Psal.
1450 519 1660 589 mm).
1695 519 1760 573 Et
1791 517 1844 574 in
1873 519 1924 578 Α
1950 517 2107 574 Omni
2133 529 2392 601 tempore,
2439 523 2647 578 scilicet
2681 538 2711 578 a
2758 537 2914 580 mane
2958 523 3011 579 in
3041 539 3347 596 vesperum,
3389 537 3444 583 et
3485 545 3519 586 e

272 629 381 686 quo
428 628 618 668 omnes
665 613 900 668 thesauri
929 613 1204 685 sapientiae
1253 622 1307 669 et
1336 614 1573 670 scientia:
1600 623 1724 670 sunt
1753 615 1846 669 ab-

271 704 500 762 sconditi
540 702 674 775 (Col.
703 704 788 776 tt).

339 795 449 850 Per
471 794 778 865 sapientiam
807 810 978 849 suam.
1008 793 1123 850 Non
1150 810 1249 865 per
1271 797 1581 868 potentiam.

338 883 504 940 Vens.
554 885 641 940 17.
670 915 742 925 -
781 881 948 938 Verba
989 887 1322 956 sapientium.
1365 887 1568 957 (Ηιεκ.)
1611 886 1710 955 Qui
1759 886 1843 942 fa-

266 989 453 1034 vorem
477 983 531 1032 et
553 975 800 1048 plausum
830 991 936 1031 non
968 985 1236 1046 quaerunt,
1268 979 1361 1034 sed
1381 979 1607 1035 salutem
1629 979 1844 1034 audien-

268 1069 439 1125 tium:
487 1083 590 1124 nec
634 1069 872 1125 clamant
901 1079 958 1124 ut
988 1070 1294 1138 audiantur,
1335 1073 1430 1127 sed
1468 1073 1734 1142 cupiunt,
1783 1079 1844 1126 ut

264 1160 647 1217 exaudiantur.

335 1253 483 1310 Inter
523 1253 726 1310 stultos.
760 1254 920 1312 Stulti
967 1258 1060 1328 qui
1110 1271 1217 1314 non
1268 1265 1516 1329 quaerunt
1549 1258 1837 1330 proﬁcere,

265 1345 362 1402 sed
386 1343 598 1401 laudem
621 1345 722 1401 sibi
746 1347 1045 1417 acquirere.

880 1457 1105 1516 CAPUT
1141 1459 1209 1515 Χ.

336 1570 497 1628 Vens.
521 1572 576 1627 4.
607 1603 676 1614 -
701 1571 915 1628 Locum.
950 1573 1244 1630 Stationem
1269 1576 1390 1632 ﬁdei
1422 1578 1615 1644 retine,
1639 1593 1707 1634 ne
1727 1578 1840 1633 vin-

261 1660 440 1715 caris:
468 1667 523 1716 et
555 1675 622 1717 ne
651 1661 898 1732 perﬁcies
931 1663 975 1718 si
997 1663 1111 1732 jam
1140 1664 1278 1719 male
1312 1666 1656 1736 cogitaveris.

334 1748 438 1816 Qui
485 1749 636 1820 fodit.
679 1749 878 1807 Lacum
909 1755 1138 1824 aperuit,
1174 1762 1228 1810 et
1257 1753 1438 1812 ell‘odit
1476 1771 1600 1814 eum
1627 1775 1639 1812 ;
1671 1765 1725 1812 et
1749 1757 1835 1812 in-

261 1841 392 1896 cidit
415 1841 471 1896 in
499 1839 708 1898 foveam
737 1859 896 1913 quam
924 1843 1073 1904 fecit.

330 1931 495 1986 Vens.
527 1932 612 1987 11.
642 1963 714 1974 -
737 1932 796 1988 Si
820 1935 1076 1989 mordeat.
1111 1934 1314 2007 (Ηιειι.)
1347 1935 1537 2005 Quasi,
1566 1939 1704 1995 sicut
1727 1955 1841 1996 ser-

259 2023 628 2102 pens.occulte
653 2023 905 2080 mordens
935 2041 1201 2081 venenum
1247 2026 1498 2092 infundit,
1541 2031 1619 2085 sic
1651 2039 1707 2087 et
1746 2033 1838 2102 qui

259 2113 513 2168 detrahit.
545 2113 674 2179 Vel,
702 2127 944 2186 serpens,
977 2115 1028 2169 id
1056 2123 1137 2172 est
1166 2105 1431 2184 diabolus,
1462 2121 1673 2176 mordet
1694 2123 1746 2176 in
1766 2123 1840 2177 si-

258 2195 444 2268 lentio,
472 2204 686 2274 quando
711 2205 825 2275 qui,
868 2206 1081 2263 diabolo
1125 2209 1405 2276 suadente,
1436 2213 1699 2282 peccavit,
1731 2229 1837 2269 non

257 2292 372 2347 vult
400 2293 666 2350 conﬁteri.

326 2376 494 2440 Vsus.
526 2385 612 2441 19.
651 2415 724 2428 -
749 2387 818 2442 1η
859 2389 969 2444 risu
993 2390 1195 2462 faciunt
1228 2410 1417 2465 partem
1460 2405 1509 2450 et
1552 2397 1745 2464 vinum,
1780 2409 1837 2454 ut

256 2476 532 2547 epulentur
578 2478 825 2536 bibentes.
879 2480 1200 2552 Prtedicant,
1259 2487 1432 2560 magis
1493 2498 1556 2543 ut
1600 2489 1838 2547 alliciant

255 2583 417 2638 quam
448 2578 504 2624 ut
531 2572 839 2642 proﬁciant.

329 2660 574 2719 Pecunia:
619 2665 865 2720 obediunt
904 2668 1079 2722 omnia
1106 2709 1120 2734 ,
1165 2675 1269 2725 etc.
1323 2668 1388 2725 Et
1430 2673 1738 2731 sacerdotes
1780 2676 1835 2730 in

256 2741 502 2810 mercede
537 2756 819 2812 docebant.

327 2843 488 2902 Vens.
518 2847 606 2903 20.
640 2878 711 2890 --
738 2848 807 2904 In
846 2852 1158 2922 cogitatione
1206 2862 1315 2918 tua,
1357 2863 1460 2912 etc.
1506 2855 1836 2931 Simpliciter

256 2945 458 3002 monet,
490 2953 560 2993 ne
596 2939 681 2994 vel
723 2940 804 2994 ira
825 2941 909 2995 vel
937 2941 1156 2998 levitate
1202 2944 1498 3015 majoribus
1541 2949 1832 3004 maledica-

256 3041 398 3093 mus,
431 3028 556 3098 quia
580 3043 720 3099 saepe
743 3031 841 3095 eis,
876 3031 1038 3088 etiam
1066 3049 1189 3088 cum
1219 3051 1325 3088 non
1351 3035 1690 3106 timebamus,
1716 3055 1835 3110 qua:

256 3120 511 3187 diximus,
546 3123 878 3188 nuntiantur,
905 3123 1066 3179 etiam
1091 3125 1137 3180 si
1172 3127 1228 3181 in
1263 3127 1444 3183 cubili.

865 3235 1090 3296 CAPUT
1122 3238 1212 3296 XI.

329 3351 491 3408 Vens.
523 3353 575 3408 1.
598 3382 671 3394 -
699 3351 849 3410 Mitte
881 3371 1085 3425 panem.
1140 3356 1308 3430 Aptos
1333 3356 1759 3416 lructiﬁcationi.

325 3442 489 3500 Vens.
541 3443 594 3499 2.
638 3475 710 3488 --
768 3445 853 3500 Da
901 3457 1073 3516 partes
1121 3459 1332 3518 septem.
1402 3450 1607 3525 (Ηιεκ.)
1669 3451 1835 3512 Vetus

256 3537 681 3603 Testamentum,
725 3537 879 3607 cujus
905 3539 1130 3609 septima
1184 3541 1299 3596 dies
1323 3578 1340 3605 ,
1383 3541 1596 3598 scilicet
1634 3543 1832 3600 sabba-

253 3637 388 3695 tum,
427 3630 695 3701 prmcipue
719 3630 1055 3697 honoratur;
1089 3648 1285 3688 necnon
1321 3641 1370 3688 et
1415 3644 1549 3699 octo,
1583 3636 1725 3704 quod
1751 3643 1836 3692 est

256 3738 454 3778 novum
478 3738 495 3788 ;
525 3722 643 3778 sine
665 3721 840 3784 altero
862 3723 1007 3780 enim
1029 3739 1137 3782 non
1164 3725 1306 3784 velet
1333 3725 1582 3782 alterum.

328 3812 491 3870 Vsus.
523 3813 577 3870 5.
611 3844 687 3856 --
707 3813 774 3872 Si
798 3815 1040 3872 ceciderit
1086 3815 1284 3888 lignum
1331 3818 1399 3873 ad
1425 3827 1664 3874 austrum
1684 3859 1700 3886 ,
1739 3829 1832 3876 aut

255 3907 324 3960 ad
355 3905 668 3976 aquilonem,
709 3906 833 3979 (lo.)
863 3908 1019 3978 quasi
1049 3909 1254 3968 diceret
1280 3927 1293 3965 :
1335 3909 1536 3967 Locum
1567 3928 1726 3982 quem
1745 3913 1834 3970 hic

255 3995 351 4056 tibi
377 3997 788 4067 praeparaveris,
824 3999 880 4054 in
920 3997 1102 4056 futuro
1131 3999 1374 4056 habebis.

328 4085 492 4142 Vsus.
521 4087 574 4142 4.
622 4117 694 4128 -—
740 4087 844 4153 Qui
887 4089 1116 4144 observat
1155 4099 1397 4154 uentus,
1446 4107 1548 4146 non
1589 4092 1830 4149 seminat.

257 4179 382 4252 (10.)
411 4179 490 4237 Ac
535 4179 583 4238 si
616 4181 761 4238 dicat
785 4199 798 4242 :
823 4179 1192 4252 Omnipotenti
1217 4192 1271 4238 te
1297 4184 1493 4249 tribue,
1529 4183 1610 4239 vel
1636 4201 1833 4255 corpo-

255 4271 369 4326 rale
397 4271 667 4337 solatium,
706 4272 789 4327 vel
838 4272 935 4328 Dei
958 4273 1186 4330 verbum
1232 4273 1322 4345 (ne
1359 4273 1501 4330 forte
1542 4286 1834 4346 praetereas

255 4381 380 4420 cum
413 4367 502 4434 qui
527 4367 718 4438 dignus
743 4376 823 4422 est
855 4367 1152 4438 accipere);
1181 4375 1235 4424 et
1260 4368 1408 4424 omni
1445 4376 1702 4440 tempore.
1731 4367 1835 4436 Qui

259 4459 490 4512 observat
518 4469 741 4518 ventum.
795 4459 852 4518 in
883 4460 1057 4514 media
1097 4468 1412 4532 tempestate
1461 4463 1832 4520 semiuandum

1948 626 2206 668 converso
2241 615 2362 668 :vel
2395 615 2447 668 in
2488 616 2718 684 pueritia
2747 623 2804 671 et
2837 615 2892 670 in
2921 625 3213 672 senectute.
3245 617 3350 684 Qui
3378 621 3516 674 enim

1947 714 2256 774 perseverat,
2298 705 2604 761 salvabitur.

2021 793 2181 850 Vens.
2224 796 2276 852 9.
2305 828 2376 838 —
2412 797 2614 852 Ltrtare
2655 814 2776 869 ergo
2816 797 3042 869 juvenis,
3089 807 3194 855 etc.
3231 799 3355 873 (11).)
3384 799 3519 859 Hinc

1944 900 2114 956 usque
2143 888 2209 942 ad
2240 888 2400 943 ﬁnem
2441 888 2584 954 libri,
2619 897 2747 953 etc.,
2798 905 2958 958 usque
2987 890 3056 944 ad
3101 905 3160 946 se
3198 891 3518 961 iudicandos

1945 975 2136 1030 sciant.

2541 1033 2766 1106 CAPUT
2803 1048 2915 1108 xu.

2012 1155 2150 1212 Hinc
2177 1172 2347 1229 usque
2375 1160 2443 1214 ad
2471 1159 2632 1215 ﬁnem
2656 1160 2874 1232 capituli
2903 1161 3098 1233 legitur
3125 1161 3298 1220 tribus
3320 1167 3516 1235 modis,

1942 1247 2150 1304 scilicet
2178 1250 2243 1304 de
2272 1250 2510 1320 judicio,
2555 1260 2829 1307 senectute
2853 1292 2868 1316 ,
2916 1254 3224 1322 captivitate
3250 1295 3266 1320 ,
3306 1265 3362 1312 et
3403 1273 3519 1313 ser--

1940 1339 2097 1396 viunt
2117 1343 2362 1412 quaedam
2399 1342 2590 1415 glossa:
2623 1343 2946 1414 quandoque
2969 1345 3178 1402 duabus
3210 1348 3517 1415 sententiis,

1939 1419 2262 1501 quandoque
2289 1446 2419 1488 vero
2440 1432 2788 1487 inveniuntur
2827 1434 3119 1490 sectandum
3157 1451 3347 1492 omnes
3387 1451 3514 1492 sen-

1940 1523 2162 1578 tentias.

2009 1612 2173 1668 Vens.
2201 1614 2254 1671 2.
2283 1645 2352 1656 —
2378 1617 2667 1688 Antequam
2695 1617 3045 1672 tenebrosum
3069 1619 3217 1674 solet
3245 1618 3440 1685 lumen,
3466 1607 3516 1674 σε

1936 1704 2101 1760 stella:
2129 1716 2176 1759 et
2218 1705 2364 1771 luna,
2395 1714 2499 1762 etc.
2537 1707 2744 1776 (litem)
2795 1705 2888 1763 Sol
2945 1717 3291 1764 convertetur
3341 1711 3394 1765 in
3435 1719 3518 1766 tc-

1936 1798 2154 1862 nebras,
2175 1807 2279 1853 etc.
2303 1839 2319 1863 ,
2346 1816 2506 1870 usque
2535 1799 2603 1853 ad
2632 1802 2803 1855 nubes
2829 1809 2883 1855 et
2911 1801 3102 1871 pluvia
3131 1813 3344 1858 cessant
3369 1805 3438 1858 ei.

1866 1870 1916 1932 Β
2012 1889 2177 1945 Vsus.
2223 1891 2276 1945 6.
2309 1922 2378 1934 -
2408 1892 2476 1946 Et
2513 1892 2757 1948 claudent
2811 1870 2944 1947 ostia
2989 1895 3044 1948 in
3090 1894 3284 1966 platea,
3317 1911 3384 1952 ne
3429 1896 3515 1951 vi-

1942 1985 2105 2040 deant
2137 1982 2557 2053 lususjuvenum
2585 1999 2600 2040 :
2629 1986 2810 2041 omnia
2832 1987 2977 2042 enim
2995 1986 3121 2042 talia
3151 1996 3278 2043 sunt
3305 1989 3384 2044 cis
3411 1988 3515 2043 im-

1938 2075 2244 2146 portabilia.

2009 2165 2078 2220 Et
2123 2175 2452 2237 consurgent.
2501 2165 2639 2234 Quia
2667 2182 2776 2222 non
2824 2175 3049 2238 possunt
3076 2169 3312 2226 dormire
3358 2169 3518 2224 refri-

1937 2271 2186 2330 gescente
2237 2262 2498 2332 sanguine
2519 2301 2536 2328 ,
2591 2263 2796 2319 siccato
2837 2264 3070 2320 hutnore
3112 2264 3310 2335 quibus
3355 2265 3517 2322 alitur

1938 2370 2119 2427 sopor.
2691 2386 2699 2397 ι

2007 2450 2172 2506 Vens.
2226 2451 2280 2506 5.
2331 2481 2402 2494 —-
2448 2452 2802 2525 Dissipabitur
2837 2453 3096 2524 capparis.
3141 2451 3345 2525 (ﬂium)
3377 2451 3517 2524 Cap-

1935 2543 2083 2613 paris
2137 2545 2358 2599 renibus
2395 2544 2560 2610 valet,
2605 2554 2738 2612 etc.,
2763 2533 3042 2617 usque'ad
3085 2542 3142 2599 in
3187 2545 3520 2608 adversitato

1933 2652 2064 2693 vero
2089 2638 2356 2692 desistunt
2384 2653 2412 2691 a
2441 2638 2600 2694 bono.

2010 2726 2168 2782 Vens.
2211 2725 2264 2780 6.
2292 2727 2674 2798 -—Antequam
2702 2735 2977 2798 rumpatur
3019 2725 3306 2796 funiculus.
3357 2725 3520 2784 Redit

1935 2820 2000 2875 ad
2041 2819 2320 2890 superiora
2344 2858 2359 2883 ,
2390 2819 2480 2873 ubi
2523 2819 2635 2872 ait:
2674 2816 2932 2872 Memento
2953 2814 3219 2872 Creatoris
3247 2817 3347 2882 tui,
3379 2825 3514 2885 etc.,

1935 2909 2094 2966 simili
2126 2909 2232 2965 line
2255 2909 2581 2964 sententiam
2605 2908 2899 2964 concludit.

2006 3003 2172 3057 Vens.
2203 3001 2257 3056 7.
2285 3033 2357 3044 -—
2381 3001 2448 3056 Et
2473 3011 2782 3060 reuertatur.
2815 3001 3119 3071 Antequam
3148 3001 3441 3058 revertaris
3461 3002 3516 3057 in

1931 3093 2282 3165 Babyloniam
2327 3093 2470 3148 unde
2515 3108 2575 3147 es
2625 3105 2874 3163 egressus
2921 3092 2976 3146 in
3026 3092 3226 3148 lumbis
3263 3092 3514 3159 Abrahae,

1859 3219 1906 3284 α
1935 3195 1991 3240 et
2035 3185 2258 3254 incipias
2304 3184 2359 3239 in
2407 3182 2789 3253 Mesopotamia
2833 3183 3098 3248 conteri,
3153 3183 3298 3238 unde
3329 3183 3514 3254 profe-

1940 3285 2061 3333 ctus
2089 3292 2168 3332 es.

2009 3367 2173 3423 Vnus.
2205 3366 2260 3422 8.
2295 3395 2365 3408 -—
2401 3362 2618 3420 Vanitas
2669 3364 2980 3420 sanitatum.
3030 3363 3161 3420 Post
3203 3362 3520 3435 descriptio-

1937 3475 2061 3518 nem
2090 3461 2339 3515 humante
2387 3456 2696 3526 fragilitatis
2745 3465 2801 3512 et
2844 3456 3057 3521 mortis,
3103 3454 3325 3525 pulchre
3373 3455 3518 3526 quod

1934 3559 2288 3624 proposuerat
2321 3550 2633 3608 concludit:
2686 3547 2908 3604 Vanitas
2959 3547 3272 3604 vanitatem.
3325 3545 3510 3614 Quasi,

1935 3643 2047 3698 noli
2081 3641 2364 3706 luxuriari,
2415 3639 2525 3696 noli
2555 3640 2777 3695 delicias
2807 3652 3074 3709 quaerere,
3103 3653 3229 3692 cum
3277 3638 3420 3698 scias
3464 3645 3520 3694 te

1935 3737 2098 3794 celeri
2143 3737 2249 3790 line
2276 3735 2508 3790 transire
2533 3742 2587 3789 et
2609 3735 2674 3792 ad
2694 3732 2955 3801 judicium
2980 3731 3258 3790 festinare.

2007 3824 2170 3880 Vens.
2205 3825 2290 3878 11.
2334 3853 2406 3866 -
2445 3822 2614 3878 Verba
2679 3822 3009 3892 sapientium.
3065 3818 3270 3892 (Ηιειι.)
3323 3819 3400 3877 Ne
3440 3820 3520 3876 vi-

1936 3917 2124 3978 deatur
2171 3923 2372 3970 temere
2406 3922 2530 3984 post
2567 3912 2742 3983 legem
2795 3927 2895 3982 per
2939 3910 3198 3982 Hoysen,
3241 3909 3357 3980 ipso
3408 3910 3518 3967 Deo

1933 4013 2324 4077 praemonente,
2373 4004 2580 4070 datam,
2629 4018 2766 4058 nova
2815 4009 3088 4073 praecepta
3115 4003 3347 4070 audere,
3385 4002 3518 4059 dicit

1935 4096 2052 4154 haec
2081 4096 2242 4151 verba
2272 4095 2598 4165 sapientium
2627 4108 2767 4150 esse.

2008 4187 2171 4244 Vens.
2212 4187 2297 4242 15.
2342 4217 2412 4228 ——
2461 4183 2648 4240 Finem
2700 4182 2963 4255 loquendi.
3013 4182 3150 4252 Quia
3181 4182 3516 4239 diversorum

1937 4282 2179 4338 diversas
2219 4278 2536 4342 sententias,
2581 4285 2834 4348 tanquam
2884 4273 3254 4358 concionator,
3288 4272 3514 4327 induxe-

1938 4386 2025 4436 rat
2055 4395 2067 4430 :
2100 4378 2202 4430 hoc
2235 4373 2341 4427 line
2365 4386 2555 4427 omnes
2601 4368 2874 4434 conciliat,
2926 4365 3134 4422 scilicet
3183 4363 3347 4424 Deum
3371 4363 3513 4420 time.

1937 4466 2052 4524 Hoc
2101 4466 2274 4522 solum
2328 4463 2480 4518 aiunt
2519 4459 2731 4516 Hebrmi
2773 4459 2826 4514 in
2877 4456 3201 4520 auctoritate
3248 4453 3514 4520 habitum,

257 4558 363 4614 cst,
393 4550 516 4620 quia
549 4551 819 4606 nescimus
841 4567 962 4622 qua:
987 4552 1058 4610 sit
1077 4554 1324 4612 voluntas
1347 4555 1592 4624 spiritus,
1630 4561 1687 4608 et
1732 4554 1835 4610 hoc
1859 4578 1914 4642 D
1938 4559 2064 4629 quia
2095 4557 2183 4612 hic
2215 4553 2566 4609 intentionem
2597 4564 2749 4606 suam
2792 4547 3028 4642 ostendit
3049 4586 3068 4616 .
3114 4561 3240 4606 cum
3269 4544 3518 4601 videatur

257 4653 364 4706 est,
392 4641 685 4708 Quomodo,
715 4650 818 4702 etc.

336 4730 494 4789 Vsus.
528 4732 580 4789 6.
613 4763 684 4775 ——
713 4733 872 4790 Mans
917 4735 1117 4790 semina
1145 4751 1319 4790 senum
1363 4745 1535 4804 tuum,
1571 4745 1677 4794 etc.
1711 4735 1835 4811 (lo.)

1943 4651 2003 4707 in
2023 4648 2208 4707 multis
2233 4647 2300 4704 ad
2330 4645 2631 4715 voluptates
2655 4641 2884 4698 hortari.

273 4886 3504 4924 Ww—u

1247 5009 1778 5094 CANTICUM
1836 5003 2532 5090 CANTICORUM.

791 5270 802 5275 ’
851 5278 1241 5341 PREFATIO.

339 5373 589 5432 Salomon
615 5370 756 5430 ﬁlius
784 5372 952 5430 David
987 5373 1128 5446 regis
1157 5373 1326 5432 Israel
1354 5373 1510 5446 juxta
1548 5387 1837 5432 numerum

268 5466 652 5521 vocabulorum
683 5478 902 5519 suorum
943 5464 1046 5518 tria
1073 5464 1343 5520 volumina
1372 5467 1561 5521 edidit.
1591 5466 1835 5534 Quorum

269 5558 472 5630 primus
504 5564 588 5611 est
619 5539 775 5615 v‘nm
802 5555 973 5621 misle,
1004 5571 1164 5626 quem
1192 5554 1364 5612 Graeci
1398 5557 1715 5631 παραϐολάς,
1741 5555 1838 5610 La-

271 5652 368 5707 tini
404 5651 688 5722 proverbia
711 5650 1010 5715 nominant,
1031 5665 1097 5705 eo
1123 5648 1264 5720 quod
1301 5649 1356 5703 in
1401 5650 1515 5720 ipso
1549 5653 1650 5706 sub
1680 5666 1833 5706 com-

270 5743 510 5816 parativa
534 5741 882 5798 similitudine
921 5740 1122 5811 ﬁguras
1156 5741 1442 5796 verborum
1491 5749 1546 5796 et
1573 5742 1836 5812 imagines

271 5833 515 5891 veritatis
543 5831 778 5888 ostendit
805 5850 816 5886 :
852 5831 1025 5900 ipsam
1055 5838 1234 5886 autem
1264 5833 1546 5890 veritatem
1583 5833 1647 5888 ad
1681 5833 1836 5889 intel-

1944 5284 2217 5356 ligendum
2263 5281 2478 5354 ingenio
2510 5279 2802 5355 legentium
2849 5275 3164 5335 reservavit.
3207 5275 3517 5340 Secundum

1944 5375 2138 5432 librum
2151 5357 2304 5458 τιθπρ
2323 5373 2552 5430 coheleth
2581 5373 2812 5440 vocavit,
2834 5371 2926 5442 qui
2941 5369 3130 5428 Graece
3147 5372 3512 5436 δκκλησωτής

1944 5475 2191 5532 vocatur,
2222 5465 2414 5521 Latine
2441 5466 2778 5520 concionator
2804 5475 2825 5517 :
2847 5476 2914 5518 eo
2935 5463 3076 5532 quod
3102 5463 3391 5520 conciones
3410 5478 3504 5528 non

1943 5559 2116 5616 solum
2148 5556 2500 5630 spiritualiter
2521 5558 2588 5612 ad
2616 5572 2804 5624 unum,
2829 5555 2970 5612 sicut
2991 5556 3046 5612 in
3072 5555 3398 5620 Proverbiis,
3421 5557 3516 5613 sed

1944 5651 2012 5706 ad
2041 5651 2323 5706 universos
2357 5649 2684 5722 generaliter
2717 5648 3040 5720 dirigantur,
3073 5647 3296 5712 docens,
3334 5647 3518 5704 omnia

1943 5759 2061 5815 quae
2091 5744 2146 5798 in
2173 5743 2373 5799 mundo
2399 5743 2694 5808 cernimus,
2726 5757 2864 5798 vana
2882 5755 3003 5798 esse
3026 5747 3082 5796 et
3110 5739 3293 5796 brevia
3325 5752 3341 5794 :
3373 5746 3428 5794 et
3449 5737 3520 5794 ob

1942 5835 2047 5892 hoc
2071 5836 2292 5892 minime
2316 5833 2632 5906 appetenda.
2665 5832 2904 5890 Tertium
2927 5831 3124 5889 librum
3157 5838 3380 5894 tamen
3401 5837 3520 5892 nm
