4008 6348
480 386 620 444 1127

933 331 944 340 -
979 380 1370 440 WALAFRlDl
1409 379 1656 440 STRABI
1695 376 1897 436 FULD.
1937 375 2104 436 MON.
2142 375 2293 436 OPP.
2333 373 2514 432 PARS
2547 372 2592 431 Ι.
2630 402 2701 418 --
2736 371 3196 433 THEOLOGICA.

3601 382 3755 444 H28

474 505 551 559 air
591 500 836 558 hauirim
873 498 1194 569 praenotavit
1237 516 1250 552 :
1303 497 1394 568 qui
1446 496 1499 550 in
1533 495 1778 569 Latinam
1816 493 2056 562 linguam
2082 495 2136 557 Α
2159 491 2488 556 cohaereant,
2520 497 2574 546 et
2600 491 2650 546 ei
2681 489 2900 561 placere
2919 491 3270 558 contendant,
3315 495 3374 546 et
3428 506 3552 564 qua
3601 492 3757 548 dona

475 595 706 652 vertitur
733 594 790 649 in
812 563 1040 648 cantica
1075 563 1433 646 canticorum.
1467 588 1570 644 Ubi
1598 563 2060 658 pcr‘epithalami-

475 703 596 742 cum
621 699 844 742 carmen
869 683 1304 754 conjunctionem
1333 679 1534 736 Christi
1563 687 1615 734 et
1656 677 1910 733 Ecclesia:
1945 691 2062 747 my-

476 777 614 832 stice
644 775 815 832 canit.
855 774 1066 829 Dicitur
1088 781 1270 828 autem
1291 771 1576 826 Canticum
1609 770 1966 830 canticorum,
1993 781 2060 821 eo

475 867 623 937 quod
669 864 925 920 omnibus
964 863 1193 918 canticis
1243 860 1582 933 praeferatur.
1646 857 1799 914 Sicut
1842 859 1896 912 in
1944 857 2061 926 lege

475 958 719 1028 quaedam
751 956 1006 1011 dicuntur
1023 963 1228 1019 sancta,
1261 951 1457 1022 quibus
1478 950 1683 1018 majora
1712 955 1840 1002 sunt
1879 955 2062 1002 sancta

473 1058 795 1104 sanctorum.
834 1046 893 1102 ln
928 1047 1012 1102 his
1040 1045 1257 1116 quidem
1290 1045 1462 1099 tribus
1503 1042 1657 1098 libris
1698 1041 1859 1096 trium
1900 1053 2063 1110 gene-

477 1156 598 1197 rum
631 1139 946 1211 disciplinas
985 1138 1321 1209 composuit,
1350 1136 1546 1206 quibus
1575 1135 1642 1189 ad
1671 1149 1851 1190 rerum
1883 1134 2060 1188 scien-

474 1233 605 1288 tiam
634 1233 969 1304 pervenitur.
1001 1231 1061 1286 In
1105 1231 1296 1303 primis
1335 1245 1569 1299 namque
1610 1228 1866 1300 ethicam,
1900 1226 1952 1280 id
1979 1231 2064 1280 est

473 1325 753 1391 moralem,
786 1333 906 1395 post
925 1325 1030 1379 hoc
1045 1323 1350 1395 physicam,
1374 1336 1495 1392 quae
1517 1319 1833 1392 qualitatem
1857 1325 2064 1372 natum

473 1418 911 1489 comprehendit,
957 1418 1027 1474 ad
1065 1415 1317 1471 ultimum
1360 1416 1691 1479 theoricam,
1727 1413 1779 1467 id
1821 1419 1904 1466 est
1931 1426 2066 1466 con-

475 1509 866 1581 templativam.
909 1507 967 1563 ln
1019 1506 1330 1562 Proverbiis
1375 1505 1520 1560 enim
1569 1502 1795 1559 moralia
1842 1501 2062 1565 docens,

473 1619 574 1674 per
614 1616 956 1658 communem
997 1600 1285 1671 quemdam
1334 1597 1588 1669 loquendi
1623 1611 1780 1652 usum
1817 1595 2064 1649 altiorem

478 1691 891 1766 intelligentiam
921 1690 1111 1756 edidit,
1162 1689 1741 1758 conservationemque
1779 1685 2064 1740 mandato-

475 1803 618 1852 rum,
651 1795 707 1842 et
757 1786 1020 1843 doctrinae
1051 1785 1288 1841 caelestis
1330 1784 1721 1839 institutionem
1769 1782 2062 1838 succinctis

2160 582 2228 636 ab
2285 581 2522 647 illo,vel
2557 582 2611 636 in
2649 581 2902 654 praesenti
2957 582 3249 652 accipiant,
3308 582 3395 638 vel
3445 583 3504 638 in
3557 582 3756 639 futuro

2158 683 2508 745 exspectent,
2554 683 2611 730 et
2655 675 2802 746 quali
2844 673 3130 730 aﬁ‘ectione
3168 689 3402 746 sponsus
3437 675 3758 732 Ecclesiam

2161 767 2366 838 diligat,
2420 784 2539 823 eam
2589 767 2834 833 laudans,
2889 773 2944 822 et
2970 767 3291 835 admonens,
3320 775 3377 823 et
3404 765 3756 824 confortans.

2159 858 2310 914 Finis
2345 869 2429 915 est
2458 859 2674 914 dilectio
2708 857 2822 913 Dei.

2233 951 2472 1020 Quatuor
2498 952 2631 1007 mihi
2662 952 2717 1006 in
2752 951 2856 1006 hoc
2883 965 3046 1022 opere
3085 949 3360 1007 invenisse
3394 951 3590 1009 videor
3629 967 3764 1026 per-

2162 1058 2341 1111 sonas,
2374 1059 2629 1114 sponsum
2667 1051 2723 1098 et
2750 1042 2960 1099 sodales
3009 1043 3198 1113 ipsius,
3231 1059 3487 1114 sponsam
3517 1052 3578 1100 et
3622 1047 3762 1102 ado-

2162 1133 2492 1190 lescentulas
2519 1149 2642 1190 cum
2679 1149 2763 1189 ea.
2806 1133 2925 1188 Alia
2966 1149 2997 1188 a
3041 1149 3271 1204 sponso,
3302 1135 3406 1191 alia
3432 1137 3696 1193 dicuntur
3725 1153 3768 1195 a

2164 1240 2364 1296 sponsa
2395 1243 2407 1278 :
2442 1224 2696 1281 nonnulla
2721 1241 2751 1279 a
2775 1224 3110 1296 juvenculis,
3141 1225 3386 1297 quaedam
3413 1244 3444 1282 a
3476 1228 3768 1287 sodalibus

2164 1318 2367 1390 sponsi.
2392 1318 2699 1390 Congruum
2721 1319 2923 1390 quippe
2958 1328 3042 1376 est
3097 1328 3155 1375 ut
3199 1322 3252 1376 in
3298 1322 3467 1378 initiis
3515 1325 3593 1379 sit
3621 1326 3768 1380 ado-

2164 1411 2581 1468 lescentularum
2607 1411 2895 1468 multitudo
2917 1429 3042 1468 cum
3062 1429 3278 1485 sponsa,
3302 1415 3566 1484 juvenum
3599 1418 3768 1474 turba

2169 1518 2292 1558 cum
2323 1519 2542 1574 Sponso.
2567 1503 2857 1575 Sponsum,
2887 1505 3163 1562 Christum
3202 1509 3462 1580 intellige,
3492 1491 3764 1582 sponsam

2164 1598 2462 1655 Ecclesiam
2487 1601 2600 1656 sine
2630 1600 2840 1655 macula
2875 1610 2928 1656 et
2953 1619 3104 1674 ruga.
3139 1603 3374 1676 Angelos
3399 1621 3550 1672 vero,
3581 1617 3639 1661 et
3667 1622 3768 1663 eos

2164 1693 2256 1762 qui
2272 1702 2636 1762 pervenerunt
2660 1693 2713 1748 in
2736 1694 2910 1748 virum
2936 1693 3258 1766 perfectum,
3283 1697 3522 1769 intellige
3549 1701 3770 1756 amicos

2165 1786 2369 1854 sponsi.
2402 1785 2850 1854 Adolesceutulze,
2880 1796 3008 1843 sunt
3034 1803 3351 1859 sponsarum
3380 1791 3769 1862 incipientium

474 1878 676 1943 verbis,
699 1877 955 1932 brevibus
984 1876 1267 1932 sententiis
1293 1883 1528 1945 coaptat.
1556 1874 1692 1930 Sunt
1719 1882 1900 1928 autem
1927 1872 2061 1928 Pro-
2091 1853 2140 1914 Β
2171 1853 2360 1941 turbie,
2381 1875 2538 1944 juxta
2575 1877 2793 1932 modum
2830 1853 3117 1950 quemdam
3150 1881 3375 1936 salutem
3411 1853 3652 1954 adeptae.

481 1970 669 2025 verbia
715 1970 816 2025 sub
853 1969 1037 2026 verbis
1089 1969 1209 2025 aliis
1249 1984 1336 2024 res
1378 1968 1512 2023 alias
1562 1966 1908 2038 explicantis,
1947 1980 2068 2036 quae

481 2061 642 2116 aliter
668 2075 833 2132 quam
868 2062 1142 2128 dicuntur,
1193 2061 1570 2133 intelliguntur
1600 2078 1614 2116 :
1642 2060 1764 2131 plus
1789 2061 1843 2116 in
1868 2059 2068 2115 virtute

475 2154 896 2221 sententiarum,
925 2169 1088 2226 quam
1127 2153 1183 2208 in
1209 2169 1342 2210 sono
1369 2153 1657 2209 verborum
1687 2153 1916 2219 habent;
1945 2167 2068 2223 quae

475 2243 650 2300 Graeci
679 2245 985 2321 παραϐολὰς
1009 2252 1223 2300 vocant.
1254 2243 1610 2301 Ecclesiastes
1639 2261 1821 2300 rerum
1846 2253 2067 2300 naturas

477 2337 797 2404 discutiens,
828 2346 1025 2394 cuncta
1071 2337 1127 2393 in
1175 2340 1377 2394 mundo
1427 2354 1566 2394 vana
1609 2348 1664 2394 et
1711 2339 1917 2394 caduca
1945 2352 2067 2394 esse

475 2431 860 2503 deprehendit,
911 2445 1204 2502 rerumque
1262 2431 1504 2487 omnium
1581 2431 1874 2503 fragilitate
1936 2447 2066 2488 con-

474 2523 1004 2596 specta,renuntiari
1029 2523 1230 2578 mundo
1255 2521 1556 2578 admonuit.
1587 2523 1644 2578 In
1675 2522 1916 2579 Canticis
1937 2539 2066 2579 can-

477 2616 712 2671 ticorum
741 2630 1127 2687 supergressus
1139 2615 1392 2681 visibilia,
1411 2625 1574 2688 atque
1597 2616 1969 2687 contemplans
2001 2631 2066 2672 ea

475 2725 597 2782 quae
644 2718 770 2765 sunt
812 2709 1087 2774 ctelestia,
1124 2708 1208 2764 vel
1256 2709 1472 2774 divina,
1513 2710 1612 2763 sub
1653 2709 1834 2780 specie
1882 2708 2065 2778 sponsi

474 2813 819 2870 sponseque,
859 2798 1060 2854 Christi
1085 2797 1448 2868 Ecclesiaaque
1495 2799 1758 2853 unitatem
1801 2799 2063 2864 declarat,

474 2899 637 2963 atque
665 2891 903 2946 animam
939 2891 1006 2945 ad
1027 2905 1267 2945 amorem
1298 2890 1601 2946 caelestium
1631 2891 1902 2955 excitans,
1944 2906 2067 2960 per-

476 2983 806 3038 veniendum
853 2982 918 3036 ad
953 2984 1284 3038 consortium
1333 2982 1428 3036 Dei
1459 2991 1737 3052 provocat.
1769 2981 1900 3036 Illud
1939 2998 2066 3038 vero

479 3091 590 3132 non
612 3082 698 3130 est
725 3073 1045 3146 putandum,
1084 3078 1226 3146 quod
1263 3077 1330 3131 ab
1361 3075 1702 3130 auditoribus
1730 3075 1931 3130 nostris
1956 3085 2069 3130 tra-

475 3168 640 3234 ditur,
692 3167 832 3240 apud
876 3167 1133 3223 Hebraeos
1167 3169 1307 3222 hanc
1353 3167 1520 3222 fuisse
1563 3168 2053 3233 conversationem,

2239 1965 2317 2020 Ex
2360 1966 2465 2022 hoc
2494 1977 2675 2023 autem
2713 1967 2854 2023 libro
2902 1967 3142 2026 Gentiles
3192 1973 3296 2027 sibi
3342 1974 3772 2044 epithalamium

2165 2055 2529 2123 vindicarunt,
2555 2069 2611 2114 et
2639 2059 2795 2114 istius
2807 2061 3023 2132 generis
3044 2077 3265 2119 carmen
3291 2076 3640 2138 assumptum
3655 2079 3768 2125 est.

2168 2147 2227 2204 Si
2256 2150 2339 2205 vis
2367 2151 2658 2206 ascendere
2688 2151 2758 2208 ad
2799 2151 3081 2209 Canticum
3127 2156 3489 2226 canticorum,
3530 2175 3770 2217 necesse

2165 2252 2248 2299 est
2295 2244 2362 2300 de
2404 2243 2640 2317 Egypto
2680 2247 2896 2316 egredi,
2948 2255 3008 2302 ut
3052 2258 3177 2320 post
3235 2252 3527 2308 transitum
3589 2256 3770 2313 maris

2165 2337 2372 2404 Rubri,
2405 2339 2702 2395 submersis
2733 2339 2966 2396 inimicis
2992 2381 3008 2408 ,
3055 2343 3292 2412 primum
3343 2347 3522 2416 possis
3560 2363 3772 2406 canere

2165 2431 2436 2488 canticum
2489 2449 2503 2486 :
2545 2429 2825 2486 Cantemus
2866 2432 3118 2498 Domino,
3159 2433 3384 2506 gloriose
3417 2435 3600 2502 enim,
3653 2449 3767 2498 etc.

2167 2519 2365 2593 (Ex-od.
2390 2519 2502 2591 xv).
2527 2519 2633 2576 Sed
2645 2521 2770 2590 quia
2795 2522 2974 2577 adhuc
2997 2522 3154 2595 longe
3175 2540 3234 2580 es
3257 2541 3289 2580 a
3316 2524 3541 2583 Cantico
3589 2530 3772 2585 canti-

2167 2630 2374 2681 corum,
2425 2614 2744 2685 perambula
2794 2624 2994 2671 terram
3043 2617 3242 2673 deserti
3285 2620 3672 2690 spiritualiter,
3710 2635 3770 2680 et

2166 2714 2562 2776 consequenter
2585 2703 2838 2761 Jordanis
2867 2706 2935 2762 ad
2971 2707 3143 2778 ripam
3181 2711 3528 2779 constitutus,
3566 2728 3769 2769 secun-

2168 2797 2294 2851 dum
2335 2797 2608 2851 canticum
2639 2813 2828 2863 canas,
2881 2797 3072 2854 Audite
3103 2799 3217 2855 coeli
3245 2819 3364 2872 quia
3393 2803 3608 2875 loquor,
3653 2817 3766 2862 etc.

2168 2887 2345 2960 (Deut.
2373 2888 2546 2960 xui).
2578 2889 2646 2944 Et
2671 2905 2796 2944 cum
2832 2890 3084 2946 universa
3133 2895 3436 2961 transieris,
3467 2897 3536 2951 ad
3562 2897 3768 2953 altiora

2167 2982 2491 3047 conscende,
2523 2990 2582 3036 ut
2609 2982 2786 3052 possis
2819 2983 2998 3037 anima
3034 2981 3232 3040 decora
3274 3001 3400 3042 cum
3434 3002 3663 3058 sponso,
3710 2997 3768 3045 et

2167 3074 2272 3129 hoc
2307 3087 2504 3130 canere
2531 3073 2815 3130 Canticum
2843 3077 3203 3133 canticorum.

2240 3165 2545 3223 Notandum
2573 3169 2717 3240 quod
2765 3184 2966 3240 sponsa
3006 3185 3221 3244 semper
3249 3172 3308 3228 in
3346 3172 3542 3242 domo,
3581 3175 3668 3231 vel
3712 3178 3771 3234 in

475 3279 543 3320 ne
573 3234 824 3334 cuiquam
876 3262 1022 3317 hunc
1061 3261 1256 3316 librum
1295 3261 1474 3334 legere
1517 3261 1922 3332 permitterent,
1964 3262 2068 3318 nisi
2091 3234 2139 3300 ο
2173 3260 2392 3329 lectulo,
2424 3261 2508 3318 vel
2537 3234 3070 3332 invaliquo-interiori
3099 3234 3218 3321 loco
3251 3281 3377 3322 cum
3407 3234 3614 3339 sponso
3646 3287 3768 3326 ma-

474 3355 722 3426 virojam
748 3355 1003 3427 perfecta:
1035 3356 1275 3411 scientia:
1301 3365 1358 3410 et
1394 3355 1826 3412 roboratus-ﬁdei
1875 3357 1929 3410 in
1969 3371 2065 3428 pe-

475 3452 600 3507 ritia
639 3469 652 3505 :
706 3466 774 3506 ne
824 3458 936 3504 tam
982 3449 1225 3506 erudiret
1271 3451 1510 3522 cognitio
1557 3450 1794 3505 lubricas
1836 3460 2068 3518 mentes,

476 3558 638 3613 quam
687 3549 867 3598 textus
922 3540 991 3596 ad
1039 3541 1510 3612 concupiscentias
1566 3541 1875 3613 corporales
1937 3559 2067 3599 con-

473 3643 733 3691 verteret.

548 3724 829 3793 Salomon,
867 3727 922 3782 id
947 3734 1032 3783 est
1059 3726 1349 3799 paciﬁcus,
1381 3730 1508 3798 quia
1538 3727 1591 3782 in
1622 3743 1790 3800 regno
1824 3726 1939 3797 ejus
1965 3743 2072 3798 pax

475 3836 573 3893 per
607 3836 768 3892 quam
799 3819 978 3876 futura
1011 3837 1111 3892 pax
1142 3820 1396 3876 Ecclesiae
1429 3819 1786 3892 ﬁgurabatur,
1812 3819 1992 3886 Idida,
2018 3819 2074 3876 id

476 3919 561 3968 est
624 3911 886 3976 dilectus,
926 3920 981 3967 et
1036 3912 1304 3983 signiﬁcat
1350 3911 1504 3966 illum
1545 3913 1612 3968 de
1669 3929 1776 3983 quo
1817 3914 2016 3968 dicitur
2055 3931 2070 3970 :

480 4001 761 4074 Speciosus
789 4003 960 4072 [arma
981 4019 1090 4072 prtr
1119 4003 1246 4070 ﬁliis
1268 4003 1536 4057 hominum
1567 4021 1585 4058 :
1619 4015 1889 4076 propterea
1925 4007 2077 4061 bene-

478 4093 612 4148 dixit
635 4103 684 4147 te
700 4092 842 4148 Deus
868 4093 922 4147 in
943 4102 1195 4147 a'ternum
1220 4091 1396 4162 (Psal.
1424 4095 1592 4167 κων).
1617 4097 1995 4162 Ecclesiastes,
2021 4097 2075 4154 id
2097 4094 2108 4107 ’

477 4194 564 4242 est
589 4185 968 4250 concionator,
989 4191 1046 4239 et
1067 4182 1339 4254 signiﬁcat
1361 4184 1534 4252 illum,
1562 4187 1652 4257 qui
1680 4189 2076 4246 rationabiliter

477 4286 598 4336 erat
627 4276 986 4342 allocuturus,
1017 4285 1074 4331 et
1097 4286 1526 4349 congregaturus
1561 4278 1880 4335 Ecclesiam.
1913 4281 2075 4339 Juxta

479 4385 768 4426 numerum
795 4368 1209 4434 vocabulorum,
1240 4377 1354 4426 tres
1375 4369 1503 4428 fecit
1526 4372 1693 4429 libros
1719 4393 1731 4429 :
1761 4373 2073 4444 Proverbia,

479 4463 534 4516 in
583 4477 692 4532 quo
738 4461 879 4516 libro
912 4447 1070 4517 docet
1109 4462 1366 4533 parvulos
1406 4479 1513 4519 non
1559 4473 1669 4520 tam
1714 4475 1875 4523 aetate
1911 4484 2076 4539 quam

479 4554 779 4624 sapientia,
830 4555 896 4611 de
938 4556 1228 4626 tequanimi
1276 4560 1690 4615 conversatione
1740 4561 1793 4615 in
1841 4564 2072 4629 mundo,

2171 3368 2302 3410 nere
2345 3354 2679 3425 concupiscit
2714 3373 2727 3409 :
2781 3356 2926 3426 quod
2963 3356 3281 3414 mulieribus
3322 3361 3598 3430 congruit.
3646 3361 3773 3432 Ipse

2171 3445 2316 3515 quod
2344 3444 2726 3515 ,masculorum
2767 3454 2884 3512 est,
2923 3447 2992 3502 ad
3028 3445 3297 3505 forinseca
3333 3449 3650 3516 vinearum,
3681 3454 3768 3508 vel

2173 3539 2240 3593 ad
2267 3537 2575 3608 huiusmodi
2599 3554 2765 3611 opera
2795 3541 3026 3596 amicam
3070 3551 3264 3598 evocat
3294 3561 3306 3597 :
3342 3543 3473 3614 quia
3500 3545 3770 3602 nimirum

2172 3628 2434 3697 Ecclesia,
2468 3631 2512 3685 si
2559 3639 2742 3701 posset
2790 3630 2909 3686 ﬁeri
2942 3632 2996 3687 in
3049 3633 3439 3704 tranquillitate
3468 3639 3630 3708 pacis
3659 3638 3772 3694 Do—

2173 3724 2322 3780 mino
2350 3724 2588 3780 sobolem
2609 3724 2844 3782 educare
2867 3726 3161 3783 desiderat.
3185 3728 3255 3784 At
3279 3728 3395 3801 ipse
3421 3729 3476 3784 in
3507 3734 3770 3802 praesenti

2174 3832 2295 3871 eam
2339 3816 2546 3872 crebris
2580 3816 3050 3887 persecutionibus
3094 3828 3331 3887 exercet,
3371 3837 3481 3892 quo
3507 3825 3774 3882 mundior

2175 3909 2243 3963 ad
2272 3915 2474 3962 aiter-na
2505 3909 2806 3978 perveniat,
2838 3925 2906 3964 ne
2937 3910 2982 3966 si
3011 3925 3270 3982 prospera
3299 3914 3647 3985 contingant,
3687 3918 3774 3973 in-

2175 3998 2354 4054 colatu
2383 3998 2664 4070 praesentis
2693 4001 2873 4056 seculi
2903 4001 2989 4056 vel
3035 4003 3210 4059 exsilii
3251 4005 3539 4074 delectata,
3585 4010 3773 4066 minus

2176 4092 2244 4148 ad
2274 4091 2549 4148 caelestem
2580 4092 2816 4164 suspiret
2848 4095 3102 4165 patriam.

2249 4185 2534 4259 Synagoga
2559 4189 2926 4260 congregatio,
2957 4189 3102 4259 quod
3131 4198 3187 4246 et
3207 4189 3442 4263 lapidum
3467 4209 3482 4247 :
3517 4192 3774 4252 Ecclesia

2176 4279 2517 4344 convocatio,
2545 4279 2690 4349 quod
2717 4279 3137 4336 rationabilium.
3170 4281 3412 4356 Utraque
3437 4295 3630 4342 autem
3655 4289 3774 4345 hac

2175 4373 2354 4444 portio
2393 4371 2665 4441 justorum
2695 4371 2752 4426 in
2776 4371 2969 4428 eadem
3018 4373 3123 4429 ﬁde
3158 4374 3358 4432 Christi
3384 4385 3440 4434 et
3469 4378 3775 4439 dilectione

2177 4465 2406 4520 diversis
2436 4464 2791 4534 temporibus,
2813 4463 2901 4521 illa.
2931 4469 3294 4538 exspectando
3317 4479 3637 4538 venturum,
3669 4474 3774 4530 ista

2178 4558 2523 4630 suscipiendo
2555 4567 2901 4629 praesentem,
2937 4573 3165 4616 consors
3205 4559 3393 4618 eﬂ‘ecta
3431 4571 3537 4619 est.
3563 4564 3777 4624 Omnes

481 4647 688 4704 scilicet
707 4645 943 4717 qualiter
967 4624 1111 4703 licite
1142 4648 1354 4719 possint
1400 4650 1476 4704 uti
1522 4651 1939 4723 temporalibus;
1975 4624 2154 4710 130;”
2181 4624 2376 4706 animae
2407 4624 2694 4718 motiones,
2725 4651 3094 4708 universitatis
3118 4653 3364 4710 conditor
3386 4655 3531 4712 Deus
3559 4661 3779 4715 creavit

480 4738 801 4802 clesiasteu,
860 4738 914 4792 in
969 4755 1075 4808 quo
1142 4741 1364 4795 instruit
1422 4740 1668 4798 homines
1719 4745 2076 4814 provectioris

479 4832 659 4889 aetatis
698 4833 766 4888 ad
809 4841 1176 4904 contemptum
1223 4835 1582 4904 caducorum;
1627 4837 1853 4894 Cantica
1897 4841 2073 4896 canti-

483 4937 692 4990 corum,
743 4922 954 4978 scilicet
1001 4924 1104 4980 hoc
1149 4940 1318 4997 opus,
1356 4926 1408 4981 in
1457 4942 1566 4998 quo
1599 4928 1776 4984 virum
1822 4945 2077 4986 consum-

484 5023 684 5069 matum
713 5015 871 5070 docet
899 5017 964 5070 de
996 5016 1110 5071 solo
1142 5033 1327 5074 amore
1354 5018 1471 5083 Dei,
1509 5030 1567 5076 ut
1596 5023 1904 5093 requiescat
1933 5025 2075 5082 inter

484 5105 700 5166 brachia
745 5106 950 5176 sponsi.
997 5106 1148 5162 Unde
1186 5116 1241 5162 et
1287 5107 1568 5165 Canticum
1609 5113 1948 5170 canticorum
1982 5115 2070 5170 di-

481 5196 625 5251 citur
649 5211 746 5250 sua
781 5197 1045 5267 dignitate
1070 5197 1252 5251 omnia
1275 5197 1380 5253 alia
1406 5201 1674 5259 excellens
1699 5205 1933 5262 cantica.
1967 5206 2071 5263 Per

482 5285 573 5341 illa
608 5287 806 5357 quippe
837 5287 1082 5342 vitantur
1111 5288 1266 5354 vitia,
1314 5303 1537 5347 cavetur
1578 5295 1749 5352 hostis
1781 5315 1793 5350 :
1834 5313 1935 5368 per
1967 5299 2070 5355 ista

481 5377 874 5450 locupletamur
896 5380 1208 5448 virtutibus,
1243 5381 1474 5438 Domino
1521 5387 1921 5462 conjungimur.
1978 5390 2069 5447 Si-

483 5473 596 5528 mili
624 5472 816 5529 ordine
852 5474 1016 5529 etiam
1054 5474 1360 5548 philosophi
1401 5477 1766 5540 institutiones
1816 5500 1944 5540 suas
1969 5502 2067 5558 po-

483 5576 637 5620 nunt.
672 5564 912 5620 Primum
945 5567 1181 5623 ethicam
1213 5570 1428 5637 docent,
1455 5582 1644 5643 postea
1671 5577 1974 5648 physicam,
2011 5589 2066 5636 et

483 5671 641 5726 quem
681 5657 732 5710 in
761 5657 846 5712 his
873 5657 1170 5729 profecisse
1201 5662 1405 5728 vident,
1439 5664 1506 5719 ad
1553 5666 1846 5723 theoricam
1895 5687 2064 5740 usque

482 5747 802 5817 perducunt.
833 5749 1078 5815 Materia,
1107 5765 1338 5820 sponsus
1363 5763 1419 5810 et
1452 5772 1680 5826 sponsa,
1709 5759 1761 5813 id
1784 5771 1866 5814 est
1903 5773 2066 5834 caput

484 5847 540 5892 et
567 5839 826 5896 Ecclesia.
853 5843 920 5897 Et
947 5843 1154 5905 modus,
1179 5844 1322 5916 quali
1349 5847 1617 5907 desiderio
1635 5851 1874 5907 membra
1899 5857 2064 5924 capiti

2180 4744 2247 4798 ad
2276 4743 2478 4798 bonum
2509 4761 2522 4797 :
2547 4742 2643 4798 sed
2667 4758 2767 4798 usu
2792 4752 2980 4799 nostro
3010 4759 3153 4814 saepe
3185 4745 3265 4814 ﬁt,
3301 4755 3357 4801 ut
3389 4761 3478 4803 res
3517 4764 3646 4819 quae
3677 4769 3779 4824 per

2180 4847 2429 4894 naturam
2460 4839 2616 4894 bona:
2643 4847 2789 4906 sunt,
2817 4839 2945 4895 dum
2975 4839 3116 4896 male
3142 4841 3226 4898 his
3249 4842 3542 4909 abutimur,
3568 4863 3680 4903 nos
3705 4849 3777 4904 ad

2179 4941 2460 5005 peccatum
2485 4933 2770 4989 deducant.
2811 4932 2964 4991 Unus
3002 4949 3070 4990 ex
3109 4936 3307 4994 anima
3332 4939 3570 4995 motibus
3614 4957 3776 4998 amor

2180 5036 2282 5089 est,
2313 5040 2419 5096 quo
2440 5025 2580 5082 bene
2608 5026 2814 5081 utimur
2833 5027 2878 5081 si
2906 5027 3229 5098 sapientiam
3255 5045 3523 5098 amemus,
3550 5043 3610 5088 et
3630 5035 3776 5092 veri-

2180 5127 2346 5175 tatem
2380 5136 2392 5172 :
2424 5117 2561 5174 Male
2601 5126 2784 5174 autem
2813 5118 2860 5174 si
2893 5134 3115 5176 carnem
3160 5130 3256 5177 aut
3292 5124 3637 5194 sanguinem.
3690 5124 3776 5184 Tu

2177 5213 2343 5284 igitur
2368 5219 2428 5267 ut
2455 5210 2752 5283 spiritualis
2777 5211 2904 5267 audi
2931 5212 3284 5283 spiritualiter
3305 5217 3570 5272 amatoria
3600 5220 3773 5277 verba

2177 5303 2372 5360 cantici
2398 5302 2630 5370 cantari,
2660 5312 2715 5358 et
2741 5301 2891 5360 disce
2917 5313 3122 5361 motum
3150 5307 3345 5363 animai
3371 5315 3479 5364 tute
3511 5315 3570 5365 et
3607 5323 3774 5368 natu-

2177 5396 2310 5453 ralis
2339 5397 2539 5452 amoris
2565 5396 2874 5453 incendium
2902 5399 2970 5454 ad
3008 5399 3231 5458 meliora
3262 5402 3579 5460 transferre.

2684 5532 2914 5590 CAPUT
2953 5533 3242 5592 PRIMUM.

2244 5666 2408 5721 Vsus.
2435 5668 2485 5722 l.
2510 5697 2581 5708 —-
2605 5666 2883 5722 Osculetur
2909 5685 2989 5724 me
3021 5669 3198 5725 osculo
3219 5671 3323 5726 oris
3350 5673 3457 5728 sui.
3487 5670 3608 5731 Vox
3630 5691 3770 5748 pra-

2173 5760 2479 5816 ccdentium
2523 5761 2811 5816 adventum
2857 5760 3058 5817 Christi
3106 5763 3197 5833 qui
3238 5774 3397 5820 orant
3434 5767 3502 5822 ad
3550 5780 3767 5839 patrem

2173 5855 2376 5926 sponsi,
2405 5854 2456 5909 id
2488 5863 2571 5910 est
2593 5851 2816 5910 Christi.
2861 5854 2919 5912 In
2949 5856 3142 5913 mediis
3167 5859 3418 5931 precibus
3445 5864 3768 5933 exauditur,
