4008 6348
259 427 392 484 “29

1056 422 1323 480 GLOSSA
1357 421 1750 480 ORDlNAllIA.
1792 450 1859 463 -ο
1897 420 2244 479 CANTICUM
2280 421 2745 481 CANTICORUM.

3346 425 3487 479 H50

254 551 304 597 et
322 539 512 594 videns
545 553 798 609 sponsum
843 539 910 595 ad
948 538 1120 609 ipsum
1149 536 1385 608 loquitur
1420 555 1433 591 :
1483 536 1692 607 Tangat
1731 549 1818 589 me
1846 534 1892 595 Α
1919 550 2079 604 quem
2106 536 2290 592 venire
2317 536 2605 592 desiderat.
2652 534 2722 590 In
2752 536 2962 592 odorem
2996 546 3397 609 unguentorum.
3432 540 3486 594 ln

255 628 533 685 dulcedine
567 629 866 699 praesentiae
891 644 1019 695 suae,
1051 644 1213 698 quam
1249 645 1280 683 a
1320 627 1595 699 prophetis
1622 628 1818 698 saepius

253 721 575 793 promissam
604 721 804 787 audivi,
831 730 887 776 et
916 721 1063 777 velut
1091 721 1335 777 osculum
1365 714 1617 788 aﬂ‘erens,
1655 721 1816 776 etiam

255 809 356 866 mei
390 809 502 867 oris
543 818 803 866 attactum
840 810 1127 882 suscipiat;
1158 808 1213 866 id
1252 817 1355 876 est,
1395 809 1816 880 interrogantem

253 917 337 958 me
373 902 439 959 de
469 902 554 965 ,via
585 902 773 958 salutis
800 902 1003 969 audiat,
1030 912 1086 958 et
1113 914 1342 974 utraque
1385 918 1552 958 unum
1593 902 1816 968 faciens,

253 997 492 1053 osculum
518 996 667 1069 pacis
695 996 905 1051 afferat.
936 995 1179 1052 Osculari
1204 1011 1303 1067 pro
1344 995 1618 1066 pacificari
1663 995 1819 1067 poni-

255 1098 362 1155 tur,
391 1090 460 1145 ad
481 1088 882 1144 similitudinem
906 1088 1116 1144 illorum
1140 1088 1232 1161 qui
1255 1097 1475 1160 propter
1495 1087 1817 1145 discordiam

252 1199 281 1238 a
310 1183 540 1240 dominis
557 1184 671 1241 suis
699 1193 1058 1251 recesserunt,
1088 1186 1182 1241 sed
1208 1185 1492 1241 redeuntes
1509 1199 1568 1240 se
1588 1185 1817 1240 invicem

250 1277 583 1345 osculantur,
634 1288 690 1334 et
726 1278 964 1350 perfecte
1012 1277 1385 1350 pacificantur,
1428 1277 1509 1334 sic
1533 1276 1815 1351 Synagoga

250 1385 417 1441 genus
461 1371 754 1426 humanum
804 1386 835 1426 a
888 1371 1001 1427 Deo
1047 1386 1147 1442 per
1196 1377 1479 1442 peccatum
1524 1378 1813 1435 remotum,

249 1470 398 1532 optat
421 1462 752 1518 reconciliari
775 1477 872 1533 per
891 1463 1314 1519 incarnationem
1342 1461 1482 1518 Filii.
1513 1460 1663 1530 Quot
1678 1477 1816 1532 prae-

248 1561 400 1623 cepta
429 1567 494 1609 ex
523 1552 640 1624 ejus
661 1553 1043 1624 praedicatione
1082 1554 1390 1625 cognoscit,
1418 1552 1571 1625 quasi
1597 1563 1677 1610 tot
1705 1555 1817 1611 oris

247 1645 364 1716 ejus
410 1645 591 1701 oscula
631 1646 878 1716 suscipit.
928 1645 1192 1716 Loquitur
1234 1660 1385 1701 more
1422 1645 1676 1712 amantis,
1698 1659 1817 1716 quae

247 1750 358 1806 pra:
382 1734 596 1792 fervore
627 1735 927 1792 dilectionis
966 1737 1210 1793 ordinem
1243 1736 1495 1808 loquendi
1525 1753 1632 1793 non
1677 1738 1820 1793 valet

247 1828 549 1885 observare.
583 1823 901 1885 Sicut‘enim
933 1829 987 1884 in
1010 1829 1197 1885 osculo
1220 1830 1325 1884 duo
1349 1844 1576 1899 corpora
1604 1829 1816 1886 diversa

239 1920 555 1991 junguntur,
605 1922 686 1978 sic
725 1922 779 1977 in
810 1923 1182 1978 incarnatione
1210 1922 1328 1978 Filii
1358 1923 1476 1978 duae
1497 1923 1819 1980 substantia:

246 2006 547 2069 divinitatis
582 2023 638 2070 et
658 2014 1011 2069 humanitatis
1037 2014 1250 2085 penitus
1283 2015 1511 2071 diversae
1540 2015 1817 2084 insepara-

244 2101 339 2157 bili
389 2103 766 2172 conjunctione
820 2105 1096 2160 uniuntur.
1156 2103 1379 2159 Meliora
1431 2113 1571 2160 sunt.
1640 2104 1816 2161 Ubera

245 2195 430 2263 spons’i
457 2194 658 2250 Christi
700 2196 961 2262 nominat,
986 2196 1128 2266 quod
1160 2194 1419 2251 muliebre
1462 2204 1564 2261 est,
1613 2204 1676 2250 nt
1704 2197 1818 2267 ipso

244 2285 499 2341 carminis
546 2286 700 2341 initio
749 2286 973 2359 ﬁgurate
1019 2302 1078 2343 se
1124 2287 1271 2357 loqui
1312 2285 1640 2342 manifestet.
1691 2287 1817 2344 ldeo

241 2374 491 2432 desidero
516 2377 777 2439 osculum,
824 2380 968 2449 quod
996 2388 1078 2434 est
1119 2379 1284 2434 etiam
1333 2379 1630 2449 redemptio
1660 2394 1813 2446 mea;

240 2467 369 2539 quia
394 2469 781 2526 instructiones
811 2478 934 2537 tuae,
960 2486 1079 2542 quae
1113 2480 1239 2527 sunt
1279 2470 1362 2527 lac
1399 2481 1454 2527 et
1481 2472 1815 2528 nutrimenta

239 2574 550 2632 puerorum,
582 2571 708 2617 sunt
744 2562 993 2618 meliores
1038 2562 1159 2619 aliis
1205 2562 1482 2629 doctrinis,
1534 2580 1653 2634 quae
1706 2578 1815 2619 non

242 2651 447 2720 fovent,
475 2652 570 2708 sed
611 2653 864 2709 occidunt
893 2653 1161 2724 simplices
1189 2673 1203 2708 :
1236 2654 1376 2709 sicut
1412 2655 1605 2713 vinum.
1624 2663 1817 2711 enecat

240 2743 513 2815 parvulos.
539 2740 940 2816 Unguentorum
959 2744 1215 2802 odoribus
1241 2745 1424 2816 opinio
1441 2744 1578 2802 solet
1615 2745 1816 2818 signari

241 2835 522 2892 virtutum.
1560 2843 1565 2849 ’

311 2925 476 2982 Vsus.
519 2927 573 2981 2.
618 2956 690 2969 —
726 2926 915 2982 Oleum
952 2929 1175 2997 effusum
1231 2943 1421 2982 nomen
1473 2936 1643 2981 tuum.
1692 2925 1818 2982 Ideo

239 3019 405 3075 etiam
456 3017 704 3074 desidero
759 3017 1035 3083 osculum,
1089 3017 1213 3086 quia
1266 3031 1462 3072 nomen
1519 3026 1668 3071 tuum
1734 3024 1820 3073 est

238 3109 441 3173 oleum,
463 3116 568 3162 etc.
590 3105 834 3177 Sponsus
858 3122 889 3161 a
905 3114 1059 3175 patre
1076 3106 1144 3162 ad
1164 3121 1415 3176 sponsam
1437 3108 1585 3161 venit
1604 3108 1816 3172 unctus,

1918 627 2345 686 consideratione
2373 628 2771 685 miraculorum.
2803 629 3103 686 Introduxit
3124 648 3205 688 me
3233 648 3347 699 rex,
3374 642 3484 690 etc.

1921 717 2130 788 Sponsa
2174 720 2228 774 in
2273 719 2549 790 penetrale
2590 721 2771 792 sponsi
2821 721 3063 793 ingressa
3104 723 3393 779 revertitur
3418 723 3485 779 ad

1912 806 2246 876 juvenculas,
2277 821 2333 866 et
2361 811 2575 866 nuntiat
2603 812 2711 867 illis
2740 829 2754 865 :
2785 811 3087 868 Introduxit
3120 829 3221 869 me.
3246 812 3363 880 Vel,
3392 829 3490 885 per

1918 915 2069 970 spem
2094 901 2148 957 in
2191 911 2447 959 aeternam
2488 904 2875 961 beatitudinem
2920 907 3144 971 induxit,
3184 906 3486 979 pluraliter,

1917 1006 2016 1062 pro
2043 994 2349 1049 omnimoda
2375 996 2638 1052 honorum
2675 998 2827 1068 copia
2848 1037 2863 1064 ,
2898 999 3051 1068 quasi
3092 999 3205 1072 jam
3251 998 3488 1056 dulcedi-

1918 1097 2040 1139 nem
2081 1084 2232 1156 regni
2275 1085 2511 1145 ctelestis
2552 1087 2847 1157 praelibavi,
2896 1104 3015 1159 quae
3062 1090 3194 1145 mihi
3236 1090 3290 1145 in
3337 1090 3490 1147 caelis

1916 1184 2107 1245 parata
2150 1184 2307 1242 sunt,
2356 1177 2475 1247 ipso
2518 1165 2789 1234 revelante
2831 1180 3055 1251 cognovi
3093 1198 3110 1236 :
3143 1194 3376 1251 moxque
3419 1182 3490 1238 ad

1917 1278 2041 1320 eum
2070 1282 2349 1334 conversa,
2378 1268 2469 1338 qui
2499 1268 2601 1325 sibi
2632 1270 2735 1325 hoc
2762 1271 2984 1336 revelat,
3012 1272 3214 1343 gratias
3243 1272 3355 1343 agit
3389 1288 3491 1344 pro

1915 1355 2212 1413 beneficiis.
2244 1358 2486 1427 Quatuor
2505 1367 2631 1415 sunt
2654 1360 2708 1415 in
2737 1362 2898 1417 domo
2924 1381 2939 1416 :
2984 1373 3160 1433 porta,
3209 1377 3487 1433 ascensus,

1919 1447 2233 1518 triclinium,
2261 1451 2587 1508 cubiculum.
2624 1452 2728 1508 Per
2758 1462 2969 1524 portam
2989 1494 3004 1520 ,
3037 1454 3237 1513 fidem:
3277 1472 3374 1528 per
3408 1473 3489 1514 as-

1919 1555 2161 1608 censum,
2185 1559 2335 1614 spem
2367 1564 2379 1598 :
2412 1561 2511 1616 per
2541 1546 2833 1603 triclinium
2877 1547 3197 1605 charitatem
3232 1568 3246 1582 ·
3274 1566 3371 1622 per
3394 1569 3491 1608 eu-

1916 1630 2178 1701 biculnm,
2208 1636 2377 1705 ipsam
2418 1637 2807 1696 beatitudinem
2835 1639 3205 1712 intelligimus.
3238 1641 3492 1698 Exsulta-

1919 1722 2088 1778 bimus
2108 1735 2157 1780 et
2179 1724 2491 1782 (tutabimur.
2523 1728 2687 1796 Quasi
2716 1731 2956 1787 diceret:
2988 1730 3105 1788 Non
3136 1734 3201 1789 de
3222 1737 3493 1806 perceptis

1921 1818 2236 1875 muneribus
2264 1821 2365 1890 ipsi
2392 1837 2492 1878 nos
2531 1823 2860 1891 extollimus,
2881 1825 2976 1881 sed
3002 1834 3084 1880 te:
3114 1841 3382 1883 memores
3394 1843 3491 1897 per

1923 1909 2103 1964 omnia
2124 1920 2325 1980 quanta
2347 1912 2547 1982 pietate
2574 1915 2942 1970 austeritatem
2968 1914 3125 1986 legis,
3164 1916 3336 1988 gratia
3367 1917 3488 1973 ﬁde‘

1920 2000 2244 2072 evangelicae
2269 2003 2518 2074 mitigare
2544 2005 2794 2076 dignatus
2817 2022 2878 2062 es
2903 2024 2916 2061 :
2948 2006 3068 2062 ideo
3090 2023 3195 2062 non
3227 2009 3279 2063 in
3313 2009 3490 2076 nobis,

1919 2093 2015 2149 sed
2050 2094 2104 2149 in
2134 2103 2188 2150 te
2212 2096 2619 2163 exsultabimns,
2645 2098 2771 2169 quia
2798 2100 2931 2154 recti
2954 2115 3142 2155 omnes
3161 2100 3390 2173 diligunt
3416 2111 3491 2170 te,

1918 2194 1974 2242 et
2019 2202 2181 2258 super
2207 2188 2389 2243 omnia
2431 2188 2756 2261 diligendum
2799 2190 3122 2248 didicerunt.
3174 2194 3383 2251 Rursus
3436 2196 3494 2252 in

1917 2280 2193 2350 penetrale
2220 2296 2417 2350 sponsa
2445 2282 2708 2355 ingressa,
2736 2285 3172 2352 adulescentula,
3197 2288 3323 2343 dum
3350 2289 3494 2346 illius

1917 2371 2302 2441 praestolamur
2330 2373 2638 2440 adventum,
2683 2375 2801 2432 laete
2828 2378 3121 2435 concinunt
3157 2394 3254 2449 pro
3284 2395 3496 2450 sponsa:

1916 2462 2270 2533 perfectione.
2311 2463 2569 2520 Mentore:
2598 2465 2836 2521 uberum.
2872 2467 2939 2521 Et
2990 2471 3116 2523 recti
3145 2469 3399 2541 diligunt,
3425 2470 3496 2528 ad

1917 2570 2128 2626 sponsa;
2153 2557 2672 2615 commendationem
2692 2557 2942 2614 refertur.
2974 2559 3228 2616 Hemores
3254 2560 3495 2632 uberum,

1917 2653 2022 2701 etc.
2060 2645 2155 2700 Illa
2187 2646 2328 2717 (qua:
2370 2647 2544 2718 major
2571 2647 2677 2721 est)
2697 2647 2810 2718 jam
2848 2657 3062 2705 tuorum
3091 2650 3229 2706 lacte
3268 2652 3495 2708 uberum

1915 2735 2233 2808 perfruitur.
2277 2737 2387 2794 Nos
2416 2754 2630 2811 quoque
2681 2756 2789 2796 non
2830 2743 3045 2813 quidem
3075 2742 3366 2814 diligimus,
3400 2742 3498 2799 sed

1918 2828 2222 2900 diligemus.
2260 2828 2462 2886 Deinde
2492 2830 2784 2903 loquuntur
2817 2833 2887 2889 ad
2920 2849 3197 2905 sponsum,
3230 2832 3375 2888 Recti
3409 2835 3496 2889 di-

1919 2916 2087 2989 ligunt
2122 2928 2189 2973 te.
2221 2919 2399 2986 Recti,
2440 2938 2629 2978 omnes
2662 2923 2755 2993 qui
2795 2932 2922 2979 sunt
2957 2925 3091 2981 recti
3133 2927 3298 2982 corde
3335 2943 3498 2998 super

1919 3009 2100 3063 omnia
2124 3017 2176 3064 te
2201 3010 2451 3081 diligunt,
2482 3028 2582 3069 nec
2608 3014 2745 3070 recti
2787 3023 2913 3070 sunt
2941 3017 3032 3086 qui
3062 3024 3154 3073 tuo
3197 3019 3369 3075 amori
3400 3018 3497 3074 ali-

1920 3101 2049 3171 quid
2071 3113 2409 3173 praeponunt,
2448 3121 2481 3160 a
2524 3122 2632 3176 quo
2676 3107 2790 3163 solo
2838 3109 3041 3166 habent
3083 3112 3343 3183 quidquid
3368 3115 3497 3171 boni

242 3208 303 3254 ut
325 3208 381 3254 et
406 3214 658 3270 sponsam
687 3206 873 3270 ungat.
906 3198 953 3252 Α
974 3199 1210 3255 chrisma
1238 3198 1506 3264 Christus,
1534 3197 1587 3253 id
1615 3207 1717 3264 est,
1748 3199 1817 3254 ab
1842 3235 1892 3301 α
1923 3193 2141 3249 habent.
2176 3193 2324 3301 flecti
2347 3194 2594 3300 diligunt.
2626 3197 2852 3301 Frustra
2896 3217 2955 3258 se
2996 3205 3331 3261 conditorem
3376 3206 3499 3261 dili-
3533 3220 3543 3229 '

243 3292 501 3348 unctione
530 3301 753 3358 unctus;
789 3293 933 3364 quod
967 3306 1161 3348 nomen
1185 3306 1283 3362 per
1322 3291 1549 3364 gratiam
1581 3291 1816 3363 Spiritus
1845 3285 1891 3301 “’
1922 3298 2050 3354 sere
2090 3285 2343 3353 ενθάωιῑ,
2386 3287 2476 3357 qui
2525 3287 2644 3357 eius
2690 3292 2897 3348 monita
2938 3303 3310 3352 contemnunt.
3358 3295 3497 3353 Vere

245 3387 419 3443 sancti
468 3387 523 3442 in
564 3386 885 3458 baptismate
938 3386 1178 3442 funditur
1227 3387 1282 3441 in
1330 3395 1555 3444 cunctos
1607 3386 1814 3443 ﬁdeles.

240 3477 487 3534 Nondum
514 3493 731 3550 possum
762 3478 993 3549 teipsum
1024 3478 1298 3551 amplecti,
1325 3495 1521 3536 nomen
1552 3487 1700 3534 tuum
1730 3479 1817 3534 in-

242 3579 389 3626 terea
418 3586 485 3626 ex
534 3570 805 3626 desiderio
836 3571 911 3626 tui
958 3566 1172 3627 mecum
1202 3572 1557 3642 pernoctabit.
1610 3570 1815 3626 Nomen

237 3661 383 3731 Jcsn,
397 3661 551 3717 venit
569 3662 624 3716 in
654 3662 933 3727 mundum,
964 3669 1020 3717 et
1038 3662 1223 3718 statim
1252 3662 1595 3732 praedicatur.
1630 3660 1812 3718 Oleum

236 3755 486 3825 eﬂ'usum,
542 3754 597 3810 id
630 3763 734 3821 est,
782 3755 836 3810 in
882 3756 1132 3813 universa
1179 3763 1323 3812 terra
1368 3755 1567 3812 Christi
1621 3770 1814 3811 nomen

236 3848 593 3916 praedicatur;
626 3864 770 3904 nunc
798 3848 965 3920 Moysi
988 3863 1180 3905 nomen
1215 3849 1429 3904 auditur
1455 3848 1508 3905 in
1543 3849 1813 3922 gentibus,

237 3938 382 4007 quod
423 3937 574 4008 prius
618 3935 817 3994 Iudaeae
868 3947 1074 3994 tantum
1122 3939 1471 3995 claudebatur
1527 3940 1811 4011 angustiis.

230 4027 368 4087 Ideo
404 4028 806 4086 adulescentula:
833 4031 1127 4088 dilexerunt
1166 4042 1235 4087 te.
1282 4033 1409 4089 Haec
1449 4032 1652 4096 dicens,
1686 4033 1815 4088 ado-

235 4120 560 4178 lescentulas
583 4123 865 4194 conspicit,
889 4139 1009 4195 quae
1035 4124 1162 4179 dum
1188 4124 1339 4195 prius
1358 4123 1684 4195 loqueretur,
1706 4139 1813 4179 non

237 4214 485 4280 aderant,
517 4214 612 4268 sed
655 4214 708 4268 in
742 4214 996 4284 precibus
1040 4215 1236 4270 mediis
1274 4215 1573 4288 ingreditur
1603 4213 1814 4270 adoles-

239 4303 578 4359 centularum
643 4306 844 4362 chorus
891 4314 946 4361 et
1008 4322 1218 4378 sponsae
1276 4306 1523 4362 laudatur
1559 4306 1808 4377 eloquiis.

241 4397 518 4454 Universa:
542 4397 815 4465 Ecclesiae,
844 4416 965 4471 qua:
986 4417 1145 4456 unam
1174 4400 1492 4457 catholicam
1516 4400 1812 4456 Ecclesium

237 4484 463 4556 faciunt,
493 4489 906 4547 adolescentulus
944 4502 1111 4549 sunt:
1150 4508 1256 4549 non
1305 4501 1528 4549 vetusta:
1565 4508 1661 4564 per
1700 4491 1813 4547 cul-

1912 3377 2069 3448 justi,
2122 3394 2225 3434 nec
2271 3388 2427 3447 actu,
2483 3397 2582 3437 nec
2638 3384 2916 3456 cogitatu,
2968 3401 3070 3445 nec
3125 3389 3272 3447 dicto
3324 3389 3495 3448 Deum

1920 3469 2144 3526 violant.

1990 3554 2156 3621 Vnus.
2177 3563 2233 3620 4.
2255 3596 2327 3608 —
2352 3565 2525 3638 Nigra
2545 3586 2680 3624 sum.
2705 3570 2996 3642 Postquam
3025 3573 3268 3631 Ecclesia
3301 3576 3357 3631 in
3389 3578 3499 3634 cel.-

1920 3653 2055 3708 laria
2082 3664 2166 3710 est
2192 3656 2477 3725 perducta,
2507 3674 2605 3728 per
2634 3661 2998 3731 cognitionem
3044 3664 3255 3721 scilicet
3299 3675 3357 3722 et
3398 3683 3499 3738 per

1918 3761 2070 3816 spem
2092 3746 2392 3803 futurorum
2414 3750 2701 3815 bonorum,
2722 3762 3006 3823 postquam
3020 3770 3144 3810 eum
3166 3766 3314 3814 reeto
3332 3759 3498 3815 corde

1919 3836 2181 3909 diligere,
2222 3847 2277 3894 et
2319 3840 2374 3895 in
2417 3839 2534 3910 ejus
2578 3843 2753 3913 gratia
2792 3844 3026 3915 gaudere
3064 3846 3274 3914 didicit,
3328 3858 3498 3905 restat

1917 3933 2226 3999 ostendere,
2257 3935 2401 4005 quod
2426 3950 2526 4005 pro
2546 3951 2729 3992 amore
2762 3937 2904 3994 illius
2921 3948 2979 3996 et
3006 3956 3105 4012 pro
3138 3944 3495 4014 acquisitione

1914 4022 2203 4092 bonorum,
2234 4041 2353 4096 quae
2394 4029 2650 4098 gustavit,
2694 4040 2968 4087 certamen
3017 4033 3226 4102 subeat,
3272 4046 3327 4092 et
3361 4039 3494 4108 quid

1917 4112 2222 4171 amictionis
2265 4117 2487 4181 toleret.
2519 4116 2709 4189 Nigra.
2749 4119 2910 4188 Quasi
2946 4124 3130 4179 dicat:
3178 4129 3494 4196 promittitis

1916 4222 2013 4263 vos
2043 4222 2253 4263 mecum
2287 4209 2478 4275 ituras,
2508 4219 2564 4265 et
2589 4219 2770 4281 potest
2796 4229 2890 4268 vos
2918 4214 3192 4270 tribulatio
3217 4217 3492 4277 deterrere

1914 4315 2076 4370 quam
2100 4301 2278 4371 patior
2305 4315 2321 4355 :
2346 4301 2439 4357 sed
2465 4318 2534 4357 ne
2555 4300 2789 4369 afﬂictio,
2821 4318 2922 4359 nec
2950 4304 3168 4360 infamia
3193 4322 3289 4364 vos
3314 4311 3491 4367 deter-

1892 4400 2089 4454 'reant,
2112 4392 2238 4459 quia
2267 4391 2383 4447 haec
2403 4391 2660 4447 virtutum
2686 4391 3077 4452 formositatem
3107 4396 3406 4463 conferent,
3432 4412 3489 4459 et

1912 4491 2035 4552 post
2094 4497 2333 4537 amorem
2397 4493 2567 4539 restat
2614 4486 2871 4556 patientia
2930 4488 2998 4544 ad
3059 4502 3488 4560 experimentum

235 4593 386 4650 pam,
415 4582 509 4637 sed
543 4582 766 4638 novellae
806 4599 905 4654 per
931 4585 1184 4655 gratiam,
1233 4598 1339 4638 non
1380 4583 1531 4639 senio
1575 4582 1808 4649 steriles,
1836 4594 1890 4653 ι)
1916 4574 2135 4629 amoris.
2170 4572 2363 4646 Nigra.
2385 4574 2594 4632 Rursus
2612 4576 3022 4636 adolescentulis
3049 4595 3247 4651 sponsa
3267 4599 3491 4656 respon-

238 4672 336 4728 sed
360 4680 517 4727 aitate
545 4673 745 4728 mentis
767 4672 834 4727 ad
862 4674 1196 4744 spiritualem
1229 4687 1479 4742 congruae
1517 4670 1814 4729 fecundita-

242 4773 370 4820 tem.
395 4766 465 4821 Et
483 4767 610 4838 quia
638 4765 757 4822 oleo
782 4775 887 4822 tua:
929 4767 1115 4840 gratiae
1157 4781 1346 4822 omnes
1380 4765 1592 4822 dolores
1624 4766 1810 4822 crimi-

238 4874 370 4914 num
396 4860 689 4925 evacnasti,
721 4859 850 4914 Ideo
869 4858 1286 4925 adolescentiam,
1320 4867 1427 4915 etc.

313 4949 478 5007 Vsus.
503 4952 558 5009 5.
578 4979 651 4993 -
678 4949 847 5006 Trahe
866 4968 946 5007 me
978 4961 1092 5023 post
1126 4962 1193 5006 te.
1225 4950 1571 5022 Respondent
1604 4951 1812 5009 adoles-

237 5041 470 5100 centulae
500 5059 515 5097 :
545 5042 715 5096 Tro/ie
736 5058 817 5098 me
842 5051 955 5112 post
987 5051 1054 5097 te.
1070 5041 1278 5111 Sponsa
1315 5057 1421 5098 non
1450 5050 1573 5114 post
1596 5050 1807 5114 tergum

237 5135 506 5205 sequitur,
518 5134 612 5191 sed
624 5133 807 5203 sponsi
820 5130 1007 5202 juncta
1023 5133 1202 5201 lateri,
1216 5133 1427 5190 famulae
1439 5142 1562 5205 post
1575 5149 1694 5191 eam
1724 5135 1809 5190 in—

238 5227 579 5299 grediuntur.
614 5225 784 5281 Trahe
827 5241 909 5281 me
932 5234 1045 5296 post
1068 5235 1137 5281 te.
1164 5225 1453 5297 ﬂuensque
1478 5241 1583 5283 vox
1622 5242 1811 5297 exspe-

239 5317 506 5372 ctantium
547 5313 965 5371 incarnationem
1016 5312 1344 5383 Salvatoris,
1383 5324 1441 5372 et
1468 5315 1607 5371 dona
1642 5314 1812 5386 ipsius

238 5406 731 5463 commendantium
764 5423 777 5460 :
804 5405 933 5461 hinc
957 5403 1289 5463 subinfertur
1318 5424 1421 5464 vox
1446 5407 1678 5475 illorum,
1718 5408 1813 5480 qni

236 5508 367 5571 post
387 5507 630 5568 tempora
658 5495 1044 5553 incarnationis
1076 5496 1144 5553 ad
1186 5496 1347 5553 fidem
1392 5509 1673 5555 venerunt.
1714 5502 1809 5557 llla

237 5600 303 5646 nt
326 5591 553 5655 veniret,
585 5598 640 5646 et
665 5589 905 5645 osculum
930 5587 1153 5644 offerret
1177 5590 1433 5661 rogabat;
1469 5592 1586 5648 haec
1608 5608 1714 5649 non
1744 5595 1813 5650 ad

238 5698 301 5741 se
341 5681 482 5741 ultra
524 5698 648 5739 eum
691 5682 1016 5739 descendere
1051 5681 1234 5739 taliter
1276 5681 1512 5755 ﬂagitat,
1561 5689 1658 5743 sed
1697 5688 1812 5758 ipsa

234 5778 422 5851 potius
453 5777 519 5831 ad
550 5775 716 5833 ctelos
753 5775 906 5845 sequi
938 5775 1209 5832 desiderat
1240 5794 1253 5830 :
1297 5777 1438 5847 quod
1469 5779 1593 5848 quia
1621 5795 1717 5850 per
1754 5790 1814 5838 se

234 5887 353 5929 non
370 5886 529 5942 posse
554 5869 667 5925 fieri
702 5868 983 5937 conspicit,
1013 5868 1131 5938 ejus
1157 5868 1409 5926 ducatum
1440 5870 1708 5942 implorat,
1745 5872 1813 5928 ad

566 5967 836 6026 PATIOL.
900 5962 1119 6030 CXIII.

1916 4667 2025 4730 dct,
2057 4674 2112 4722 et
2141 4667 2319 4738 agitur
2346 4668 2412 4724 de
2457 4669 2741 4724 manifesta
2781 4672 3094 4727 tentatione.
3137 4673 3328 4749 Nigra.
3358 4677 3491 4749 Vilis

1914 4760 2134 4830 quidem
2165 4760 2221 4814 in
2251 4760 2422 4817 oculis
2457 4762 2894 4831 persequentium
2936 4746 3203 4835 appareo,
3230 4770 3325 4824 sed
3363 4746 3489 4825 ante

1913 4851 2084 4907 Deum
2114 4851 2361 4907 veritatis
2386 4850 2722 4908 confessione
2756 4852 2988 4925 gloriosa
3032 4856 3291 4929 refulgeo.
3335 4858 3485 4915 Sicut

1912 4944 2253 5000 tabernacula
2282 4943 2470 4999 Cedar.
2500 4944 2599 5001 llic
2645 4946 2779 5001 sicut
2810 4948 3026 5018 ponitur
3071 4964 3176 5005 non
3206 4964 3307 5019 pro
3343 4952 3488 5005 veri-

1916 5045 2045 5103 tate,
2103 5037 2198 5093 sed
2244 5050 2343 5106 pro
2376 5037 2732 5093 aestimatione
2770 5038 3170 5112 insipientium,
3226 5042 3317 5111 qui
3366 5057 3485 5098 eam

1912 5137 2102 5199 putant
2135 5129 2419 5195 vitiorum,
2472 5130 2558 5185 vel
2605 5131 2906 5188 daemonum
2948 5134 3313 5204 mansionem;
3356 5139 3489 5192 sicut

1910 5223 2070 5295 pelles
2116 5222 2415 5280 Salomonis
2464 5224 2553 5281 hic
2604 5228 2822 5297 ponitur
2866 5245 2964 5298 pro
3005 5229 3250 5286 veritate.
3317 5229 3492 5287 Cedar

1912 5317 2153 5374 lsmaelis
2191 5318 2333 5374 ﬁlius
2377 5316 2496 5384 fuit,
2539 5316 2691 5388 cujus
2718 5335 2909 5375 manus
2948 5327 3136 5376 contra
3173 5336 3383 5390 omnes,
3434 5335 3489 5379 et

1914 5425 2107 5466 manus
2129 5410 2373 5466 omnium
2405 5418 2595 5466 contra
2622 5426 2767 5477 eum,
2810 5411 3014 5467 nullum
3056 5412 3201 5470 inter
3240 5414 3491 5471 homines

1917 5505 2124 5561 habens
2150 5502 2348 5569 locum,
2393 5505 2487 5560 sed
2512 5503 2568 5560 in
2596 5504 2959 5561 tabernaculis
2983 5520 3083 5577 pro
3122 5507 3393 5577 nequitia,
3437 5519 3492 5564 et

1918 5598 1999 5652 ira
2039 5610 2252 5667 semper
2293 5595 2564 5653 habitans.
2614 5595 2707 5652 Sic
2748 5606 2803 5653 et
2844 5596 2979 5667 justi
3007 5613 3106 5668 pro
3136 5599 3346 5655 meritis
3375 5597 3490 5654 suis

1919 5688 2211 5746 creduntur
2244 5690 2437 5762 expelli
2466 5700 2521 5745 et
2550 5688 2727 5760 afﬂigi,
2769 5700 2826 5745 et
2849 5691 3005 5762 quasi
3034 5692 3218 5748 hostes
3248 5691 3488 5748 omnium

1912 5782 2224 5853 judicantnr
2250 5801 2263 5836 :
2294 5782 2439 5839 unde
2462 5782 2682 5849 dicitur,
2710 5782 2870 5838 Eritis
2905 5784 3026 5840 odio
3053 5786 3291 5841 omnibus
3316 5788 3489 5843 Itom-

1919 5874 2068 5928 nibus
2098 5882 2305 5945 propter
2324 5889 2510 5929 nomen
2534 5889 2707 5928 meum
2741 5873 2956 5945 (Matth.
2999 5875 3077 5949 ι).
3122 5875 3267 5932 δῦσαι
3310 5876 3487 5949 pales.

2938 5969 3017 6031 36
