4008 6348
643 415 774 473 1151

1135 412 1523 468 WALAFlilDl
1559 409 1804 466 STRABI
1843 409 2045 467 FULD.
2089 405 2251 465 MUN.
2292 405 2441 463 OPP.
2481 405 2658 460 PARS
2697 405 2738 458 l.
2778 431 2847 443 ~—-
2886 399 3327 458 THEOLOGICA.

3668 411 3762 467 “32

642 529 881 586 Ecclesia
909 529 962 583 in
1004 543 1062 582 se
1096 527 1332 582 carnalia
1363 526 1693 581 tuortiiicans
1721 525 2008 590 desideria,
2035 532 2090 579 et
2115 523 2210 577 de-
2238 521 2285 583 Α
2315 520 2539 590 subripi.
2598 519 2746 574 Solet
2789 533 2965 572 rerum
3019 517 3251 586 qualitas
3290 532 3352 571 ex
3389 525 3596 588 tempore
3626 527 3762 579 notari,

644 630 826 676 cerata
853 619 1161 684 virtutibus,
1185 632 1312 672 vero
1342 617 1566 687 paciﬂco
1589 617 1804 685 dignum
1841 615 1901 670 iit
1941 615 2217 671 habitacu-

643 715 774 769 lum.
801 713 926 770 ldeo
956 727 1084 767 caro
1111 709 1374 766 Dominici
1397 710 1629 764 hominis
1648 716 1874 764 vocatur
1895 707 2071 779 pellis,
2091 706 2216 776 quia

645 808 784 862 sicut
820 806 1111 862 tentorium
1161 818 1323 874 super
1368 803 1601 873 aliquem
1652 801 1892 856 tenditur
1932 813 2000 855 ne
2041 815 2071 855 a
2106 798 2218 854 sole

646 905 854 961 uratur,
896 896 966 951 ita
1001 909 1130 951 caro
1157 893 1358 950 Christi
1388 894 1443 949 in
1472 909 1636 951 cruce
1665 902 1888 950 extensa
1939 891 2041 947 fuit
2063 891 2219 946 nobis

647 989 986 1045 obumbratio
1010 988 1278 1042 vitiorum.

717 1077 884 1136 Vsus.
902 1081 952 1136 5.
965 1113 1035 1122 —
1049 1079 1372 1135 Decoloravit
1398 1095 1477 1134 me
1490 1080 1586 1134 soi.
1607 1078 1746 1134 Solis
1762 1087 1844 1135 est
1862 1091 2020 1134 urere
2032 1086 2086 1133 et
2105 1078 2222 1132 illu-

648 1176 876 1240 minare,
901 1175 981 1229 sic
1024 1188 1181 1229 verus
1221 1172 1302 1228 sol
1332 1173 1570 1228 exterius
1599 1187 1723 1227 suos
1755 1171 2218 1243 persecutionibus

648 1265 860 1330 exurit,
879 1265 1056 1320 dando
1075 1264 1219 1318 vires
1247 1263 1538 1318 resistendi
1560 1263 1846 1318 illuminat.
1860 1261 1988 1316 Filii
2013 1263 2216 1316 matris.

649 1355 884 1426 thuasi
913 1356 979 1411 ad
1005 1354 1359 1422 objectionem
1382 1354 1718 1408 infirmorum
1734 1353 2088 1410 dubitantium
2106 1367 2220 1407 res—

648 1449 888 1519 pondet:
933 1445 1177 1502 Ostendit
1211 1446 1353 1501 unde
1399 1443 1629 1514 primam
1682 1454 2093 1516 persecuturum
2135 1459 2222 1498 ra-

648 1537 789 1592 biem
819 1536 1116 1606 pertulerit,
1145 1551 1265 1607 qua:
1294 1537 1508 1608 gravior
1534 1545 1778 1606 apparet,
1823 1549 1918 1606 per
1948 1535 2049 1590 hoc
2079 1534 2221 1603 quod

647 1645 678 1684 a
722 1629 1131 1686 contribulibus.
1179 1628 1326 1693 Filii,
1361 1629 1415 1683 id
1443 1636 1549 1693 est,
1580 1627 1806 1698 apostoli
1838 1629 2223 1682 destruxerunt

649 1733 855 1778 sectam
903 1731 1162 1777 nostram.
1205 1720 1401 1775 Paulus
1431 1717 1686 1774 Ecclesia}
1727 1726 2043 1787 persecutor
2082 1717 2222 1772 ﬁlius

649 1815 752 1871 fuit
781 1815 968 1869 matris
995 1815 1110 1884 ejus
1139 1813 1432 1868 secundum
1459 1826 1678 1866 carnem
1722 1820 1778 1866 et
1807 1809 2179 1865 educationem
2203 1827 2217 1864 :

2318 609 2590 664 Abraham
2623 609 2846 664 meridie
2881 607 3097 678 angelos
3131 609 3379 678 suscepit.
3407 608 3580 688 Joseph
3610 615 3767 672 meridie

2320 718 2442 758 cum
2475 701 2733 756 fratribus
2759 700 3025 771 epulatur.
3066 699 3339 756 Sodalium
3371 710 3570 756 tuorum.
3592 702 3768 764 Πειθιίρὶ

2316 795 2529 851 sodales
2557 795 2828 858 dicuntur,
2859 792 2984 864 quia
3029 791 3264 849 nominis
3297 791 3408 861 ejus
3437 803 3487 847 et
3508 793 3770 854 confessionis

2317 886 2574 959 mysteria
2609 885 3015 942 circumierunt.

2391 979 2550 1034 Vsus.
2585 977 2637 1031 7.
2669 1005 2740 1016 —
2767 973 2826 1031 Si
2852 976 3084 1046 ignoras.
3115 975 3253 1042 Quia
3287 990 3470 1046 spuma
3503 977 3607 1031 dum
3635 980 3769 1036 auxilia

2317 1069 2618 1142 praesentiae.
2639 1069 2733 1124 Dei
2755 1067 3060 1137 requireret
3091 1067 3147 1122 in
3183 1067 3600 1134 tribulationibus,
3622 1087 3670 1125 ex
3690 1089 3770 1143 per-

2316 1177 2448 1219 sona
2474 1160 2861 1216 inﬁrmantium
2906 1159 3279 1229 subjunxerat,
3299 1157 3378 1212 Ne
3397 1162 3552 1230 uagari"
3573 1161 3770 1232 incipias:

2320 1257 2505 1317 statim
2531 1256 2774 1310 eamdem
2809 1253 3226 1323 trepidationem
3266 1252 3400 1308 illius
3432 1267 3624 1322 sponsus
3646 1253 3771 1324 implo-

2321 1359 2470 1408 ratus
2496 1349 2725 1418 benigna
2753 1347 3124 1416 increpatione
3165 1345 3450 1415 redarguit,
3487 1347 3715 1401 secundum
3735 1347 3771 1400 il-

2321 1442 2414 1497 iud
2438 1438 2733 1510 Evangelii,
2755 1437 2979 1492 Medicae
3005 1436 3130 1506 ﬁdei
3162 1433 3372 1506 (Matth.
3388 1437 3510 1508 xw),
3530 1437 3652 1506 quasi
3669 1437 3772 1498 dicat,

2323 1544 2385 1590 tu
2411 1534 2568 1589 times
2605 1535 2662 1588 in
2705 1531 3050 1587 tribulatione
3086 1545 3120 1584 a
3156 1545 3244 1584 me
3281 1529 3460 1594 deleri,
3481 1538 3530 1584 et
3564 1530 3606 1583 in
3637 1529 3775 1585 fenore

2323 1625 2657 1696 denigratam
2691 1633 2742 1678 te
2775 1623 3128 1693 conqueraris
3158 1639 3170 1676 :
3207 1623 3300 1677 sed
3337 1637 3431 1694 ego
3455 1638 3540 1694 per
3563 1623 3774 1678 tribulatio-

2324 1733 2421 1774 nes
2457 1727 2511 1773 te
2549 1717 2911 1788 pulchriorem
2947 1714 3164 1771 eiiicere
3195 1717 3457 1771 constitui.
3487 1716 3616 1783 Quod
3639 1717 3671 1770 si
3691 1718 3776 1770 tunc

2326 1809 2428 1864 hoc
2454 1809 2697 1880 ignoras,
2718 1824 2821 1864 nec
2847 1807 3218 1863 reminisceris
3238 1807 3376 1876 quod
3398 1821 3540 1862 nemo
3559 1818 3775 1870 coronatur,

650 1916 705 1963 et
725 1907 1096 1977 paenitentiam
1140 1919 1302 1977 agens
1346 1905 1414 1959 ad
1459 1905 1663 1959 sororis
1702 1904 1854 1974 signa
1907 1917 2218 1970 conversus,
2249 1885 2298 1956 Β
2325 1900 2428 1956 nisi
2453 1901 2543 1969 qui
2574 1901 2814 1972 legitime
2841 1907 3154 1964 certaverit,
3186 1900 3434 1971 egredere
3455 1915 3480 1953 a
3506 1915 3609 1954 meo
3633 1916 3776 1954 consor-

651 1999 959 2070 praedicavit
1012 1997 1168 2052 iidem
1195 2010 1356 2064 quam
1386 2003 1509 2049 ante
1547 1995 1876 2050 destruebat.
1926 1991 2222 2047 Posuerum

649 2106 749 2143 me.
782 2089 896 2144 Una
919 2095 1037 2143 erat
1067 2088 1120 2142 in
1147 2086 1533 2160 Hierosolymis
1565 2087 1720 2140 vinea
1751 2083 1976 2151 Christi,
2019 2083 2225 2140 scilicet

649 2180 922 2249 pritnitiva
950 2179 1210 2243 Ecclesia,
1241 2193 1360 2248 quae
1401 2178 1456 2232 in
1491 2177 1578 2232 die
1613 2175 1960 2234 Pentecostes
1993 2178 2223 2233 adventu

652 2271 825 2324 sancti
886 2269 1118 2339 Spiritus
1164 2278 1246 2325 est
1289 2271 1614 2335 constituta,
1659 2270 1813 2341 cujus
1863 2285 1928 2325 eo
1982 2277 2223 2340 tempore

651 2363 876 2434 apostoli
925 2365 1175 2420 custodes
1219 2363 1477 2418 fuerunt:
1525 2364 1618 2419 sed
1661 2363 1804 2418 facta
1850 2365 2223 2432 persecutione

651 2455 876 2526 dispersi
901 2466 1026 2512 sunt
1049 2456 1102 2510 in
1130 2457 1437 2527 regionibus
1457 2453 1653 2510 Judtcsc
1669 2464 1724 2510 et
1743 2455 2002 2510 Samaria:
2031 2464 2225 2526 praeter

649 2547 937 2616 apostolos,
971 2559 1022 2602 et
1052 2547 1130 2602 sic
1167 2547 1389 2616 contigit
1415 2555 1474 2600 ut
1513 2547 1696 2618 plures
1730 2556 1912 2602 essent
1941 2548 2138 2613 vineae,
2171 2548 2226 2601 id

658 2649 739 2694 est
769 2639 823 2694 in
853 2638 1097 2708 pluribus
1124 2638 1274 2692 locis.
1303 2639 1370 2692 Et
1390 2641 1516 2692 dum
1542 2648 1916 2708 persecutores
1933 2637 2101 2693 Judaei
2131 2653 2226 2694 vo-

649 2727 833 2782 lebant
894 2728 1190 2783 Ecclesiam
1237 2729 1555 2798 perturbare
1585 2769 1598 2793 ,
1661 2729 2008 2784 seminarium
2075 2728 2226 2784 verbi

654 2821 981 2890 spargebant
1023 2820 1187 2873 latius
1221 2819 1464 2874 nolentes
1491 2860 1503 2882 ,
1534 2828 1587 2874 et
1616 2835 1779 2874 unam
1803 2821 2175 2890 persequendo
2207 2862 2222 2887 ,

653 2915 853 2970 multas
898 2914 1154 2969 constitui
1198 2915 1457 2968 fecerunt.
1491 2914 1622 2969 Cum
1651 2930 1780 2987 ergo
1809 2915 2034 2970 dixisset
2062 2931 2120 2971 se
2149 2914 2227 2969 af-

650 3006 851 3062 ﬂictam
887 3006 1212 3078 parricidiali
1257 3007 1382 3061 odio
1431 3005 1724 3079 Synagogai
1751 3049 1766 3074 ,
1797 3021 1922 3063 mox
1971 3009 2185 3080 subjicit
2211 3051 2224 3076 ,

651 3106 913 3169 quantum
944 3111 1040 3168 per
1065 3098 1207 3152 hanc
1251 3095 1593 3152 amictionem
1642 3097 1932 3168 proiecerit
1970 3117 1982 3152 :
2027 3101 2228 3156 addens

2326 1993 2419 2048 tio.
2451 1992 2667 2065 (Gutta,
2712 1993 2804 2048 lib.
2839 2010 2929 2049 xvi
2961 1993 3160 2058 Horat,
3184 2009 3232 2048 c.
3259 1992 3370 2066 ii.)
3407 1991 3700 2063 Semclipsant
3725 2008 3777 2047 co

2324 2069 2558 2160 gnoscit,
2594 2089 2811 2158 quando
2849 2087 3028 2143 animo
3069 2087 3218 2142 inter
3252 2096 3544 2156 peccatores
3579 2088 3721 2155 posita,
3740 2085 3779 2138 ad

2326 2181 2564 2236 auctoris
2593 2181 2674 2236 sui
2703 2179 2990 2253 imaginem
3020 2195 3079 2236 se
3103 2181 3376 2236 conditam
3401 2180 3668 2236 meminitet
3683 2179 3779 2246 juxta

2323 2280 2592 2342 percepta
2620 2271 2990 2328 similitudinis
3011 2273 3262 2328 ordinem
3288 2273 3502 2338 incedit;
3529 2271 3643 2340 quod
3664 2272 3695 2324 si
3715 2285 3779 2325 non

2326 2367 2623 2438 cognoscit,
2655 2367 2930 2437 egreditur
2967 2383 2997 2420 a
3037 2378 3254 2423 secreto
3291 2368 3460 2422 cordis
3498 2367 3545 2419 in
3577 2365 3780 2420 exteriores

2328 2457 2811 2526 concupiscentias,
2841 2465 2898 2511 et
2942 2457 3010 2511 ad
3051 2457 3220 2512 latam
3259 2458 3396 2511 viain
3437 2458 3594 2519 ducta,
3623 2455 3781 2523 sequitur

2326 2549 2572 2620 exempla
2607 2551 2945 2620 populorum.
2978 2548 3242 2604 Dominus
3278 2547 3548 2618 obiurgans
3583 2545 3780 2600 Ecclesiam

2326 2649 2648 2712 paventem,
2707 2641 2962 2694 admonet
3028 2645 3170 2696 datae
3233 2640 3334 2694 sibi
3403 2639 3568 2710 gratiae
3614 2637 3782 2690 adversus

2327 2731 2564 2787 hostium
2601 2732 2845 2785 insidias.
2877 2730 3073 2785 Hordei
3099 2741 3242 2786 tuos.
3271 2731 3400 2798 Quia
3429 2745 3524 2784 non
3551 2729 3670 2799 juxta
3693 2740 3782 2778 mati-

2328 2823 2577 2878 datorum
2597 2840 2836 2879 ineorum
2863 2826 3126 2893 regulam,
3154 2825 3248 2880 sed
3272 2824 3420 2893 juxta
3447 2833 3551 2877 tuos
3571 2832 3726 2875 errores
3740 2817 3784 2867 iu-

2331 2919 2649 2975 stituuntn‘r.
2699 2918 2885 2985 Juxta,
2922 2921 2975 2974 in
3022 2921 3272 2991 vestigiis
3304 2927 3557 2989 pastorum
3591 2914 3783 2971 novissima

2329 3010 2448 3074 ﬂes,
2473 3026 2580 3065 non
2618 3010 2758 3066 inter
2785 3025 2932 3076 oves,
2957 3012 3050 3066 sed
3085 3012 3293 3068 haedos.
3320 3010 3409 3067 Vel
3430 3012 3584 3082 juxta,
3615 3010 3655 3063 id
3681 3016 3734 3062 est
3751 3012 3783 3056 ut

2331 3100 2408 3156 sis
2441 3102 2633 3157 similis
2677 3103 2818 3156 veris
2873 3104 3209 3173 pastoribus,
3246 3104 3370 3174 quia
3413 3101 3664 3176 hypocrita:
3692 3095 3782 3164 sequi

651 3208 716 3248 ex
749 3205 980 3264 persona
1008 3191 1221 3246 illorum
1247 3232 1262 3257 ,
1302 3192 1496 3261 quibus
1530 3191 1855 3262 praedicandi
1903 3207 2034 3248 cura
2079 3207 2224 3249 com-
2270 3245 2299 3264 .A
2331 3192 2503 3248 bonos
2537 3194 2788 3248 videntur
2815 3193 2977 3248 viros.

657 3259 825 3339 missa
855 3292 938 3340 est
965 3259 1412 3349 [Passerem—me
1439 3259 1700 3337 custodem
1722 3284 1776 3337 in
1801 3283 1981 3338 vineis.
2010 3283 2227 3357 (Oenei)
2257 3259 2301 3324 Ο

661 3376 838 3432 Vinea:
865 3383 1066 3432 nostrae
1099 3415 1114 3441 ,
1157 3374 1396 3430 actiones
1423 3383 1548 3428 sunt
1576 3415 1590 3440 ,
1621 3389 1755 3444 quas
1783 3389 1880 3430 usu
1925 3375 2228 3446 quotidiani

653 3470 856 3526 laboris
899 3469 1211 3524 excolimus.
1245 3466 1349 3522 Sed
1377 3467 1612 3522 custodes
1640 3468 1695 3522 in
1722 3469 1880 3523 vineis
1905 3468 2086 3538 positi,
2134 3484 2230 3524 no-

654 3573 820 3618 stram
848 3561 1062 3616 vineam
1103 3573 1208 3614 non
1241 3558 1576 3614 custodimus
1607 3577 1620 3612 :
1649 3559 1773 3628 quia
1796 3560 1925 3615 dum
1958 3559 2231 3615 extraneis

661 3653 966 3709 actionibus
988 3650 1330 3722 impliesmur
1350 3689 1366 3716 ,
1395 3649 1758 3704 ministerium
1783 3649 2010 3705 actionis
2031 3657 2231 3704 nostrae

670 3743 1010 3816 negligimus.
1038 3741 1172 3796 Dum
1197 3739 1379 3810 plures
1397 3741 1722 3796 custodirem
1753 3740 1958 3807 vineas,
1997 3750 2056 3794 ut
2094 3741 2232 3796 alios

659 3834 1063 3898 lucrii‘acerem,
1093 3832 1147 3887 in
1177 3832 1494 3902 quibusdam
1524 3833 1716 3888 damna
1759 3833 2010 3888 sustinui.
2060 3833 2228 3889 Acer-

661 3925 802 3978 bitas
827 3922 1218 3993 persecutionis
1267 3922 1498 3977 filiorum
1541 3923 1834 3995 Synagogae
1869 3923 1998 3979 fecit
2035 3940 2122 3980 me
2152 3926 2230 3980 vi-

659 4033 815 4074 neam
843 4031 1020 4072 meum
1049 4030 1158 4069 non
1188 4016 1479 4079 custodire,
1524 4017 1673 4085 quia,
1706 4017 1893 4072 relicta
1917 4016 2229 4088 evangelica

656 4109 926 4175 doctrina,
957 4108 1023 4162 ad
1049 4106 1300 4178 legalium
1327 4105 1759 4162 observationum
1782 4105 2111 4163 differentias
2139 4123 2232 4163 co-

656 4204 875 4274 gebant.

730 4295 893 4349 Vsus.
925 4292 978 4348 6.
1001 4322 1072 4333 --
1103 4289 1291 4345 Indica
1314 4288 1466 4355 mihi,
1496 4296 1602 4344 etc.
1641 4288 1752 4347 Vox
1793 4288 2098 4359 incipientis
2127 4289 2231 4345 Ec-

659 4387 841 4442 clesiae
875 4386 941 4442 de
978 4383 1228 4457 gentibus
1265 4383 1333 4438 ad
1364 4395 1640 4453 sponsam,
1673 4384 1794 4454 quia
1829 4384 1978 4439 multi
2005 4387 2231 4454 pseudo-

659 4476 935 4545 prophene
975 4480 1175 4529 exeunt
1215 4472 1268 4526 in
1309 4473 1591 4539 mundum,
1637 4473 1876 4529 dicentes
1916 4491 1928 4527 :
1967 4474 2108 4530 Ecce
2142 4475 2231 4530 hic

659 4565 929 4630 Christus,
962 4579 1089 4619 ecce
1112 4562 1260 4628 illic;
1289 4572 1476 4617 exorat
1521 4571 1579 4616 ut
1619 4563 1791 4632 possit
1816 4564 2145 4627 discernere,
2175 4566 2229 4619 in

661 4673 891 4731 quorum
923 4657 1258 4729 professione
1294 4665 1348 4712 et
1383 4672 1545 4728 opere
1567 4658 1737 4727 possit
1767 4659 2013 4714 inveniri.
2041 4659 2230 4716 Indica

659 4751 804 4815 mihi,
837 4758 1108 4820 pastorem
1145 4765 1347 4814 meum,
1383 4763 1540 4818 quem
1585 4757 1697 4804 tota
1744 4750 1922 4803 anima
1965 4749 2150 4819 diligo,
2178 4759 2235 4807 et

661 4846 716 4897 in
747 4841 943 4912 quibus
962 4841 1202 4910 requiem
1230 4850 1284 4895 et
1312 4855 1509 4911 pascua
1535 4841 1750 4906 habeat,
1779 4856 1845 4896 ne
1865 4849 1995 4896 aestu
2019 4843 2232 4898 turbata

660 4936 1042 4998 tentationum,
1065 4948 1164 5004 per
1191 4933 1474 4997 sodalium,
1502 4934 1553 4988 id
1586 4942 1668 4990 est
1697 4933 2072 4988 haereticorum
2103 4951 2232 4991 con-

662 5026 929 5083 venticula
971 5040 1092 5080 eam
1135 5029 1380 5095 quiet-ere
1421 5024 1694 5094 incipiam.
1725 5023 1840 5091 Vel,
1863 5025 1918 5079 in
1940 5039 2070 5082 voce
2095 5042 2234 5097 prte-

661 5119 962 5175 dicatorum
989 5117 1056 5170 ad
1083 5130 1360 5185 sponsum,
1393 5127 1454 5170 ut
1478 5118 1786 5172 discernere
1807 5119 2016 5186 possint
2039 5120 2237 5188 quibus

661 5208 784 5262 vita:
830 5207 994 5262 verba
1049 5207 1358 5261 ministrare
1421 5207 1667 5261 debeant.
1719 5205 1920 5262 Deinde
1970 5211 2236 5280 conspicit

659 5313 938 5370 sponsum,
983 5299 1075 5369 qui
1115 5307 1434 5371 conspectus
1482 5297 1760 5352 abscessit.
1801 5299 1867 5354 Et
1919 5298 2235 5371 frequenter

661 5391 765 5446 hoc
794 5390 926 5446 facit
957 5391 1011 5446 in
1045 5401 1158 5446 toto
1185 5391 1443 5454 carmine,
1468 5389 1611 5459 quod
1639 5400 1894 5461 expertus
1925 5392 1978 5445 in
2017 5408 2075 5448 se
2101 5407 2230 5462 pro-

661 5481 828 5548 bavit,
858 5496 1001 5552 saape
1040 5481 1256 5540 habitus
1301 5496 1551 5551 sponsus,
1587 5495 1728 5550 saepe
1769 5482 2018 5551 elabitur,
2061 5485 2234 5541 donec

658 5588 786 5629 vere
807 5572 1094 5630 tenebitur.
1114 5573 1181 5627 In
1196 5574 1428 5639 meridie,
1444 5582 1545 5628 etc.
1565 5573 1620 5627 id
1636 5581 1719 5627 est
1736 5575 1787 5627 in
1810 5567 2094 5643 splendore
2117 5593 2233 5632 ma-

651 5667 870 5736 iestatis
899 5675 1022 5734 tuae,
1047 5669 1190 5738 quod
1221 5669 1475 5738 perfectis
1509 5668 1781 5732 convenit,
1809 5685 1914 5722 non
1941 5686 2116 5738 mane,
2145 5675 2234 5728 vel

658 5771 902 5828 vespere.
931 5756 1044 5823 Vel,
1069 5759 1304 5825 meridie,
1337 5761 1389 5815 id
1419 5769 1500 5815 est
1530 5761 1584 5815 in
1619 5761 1897 5816 exustione
1927 5764 2232 5822 tribulatio-

659 5865 810 5916 num,
837 5865 1000 5919 quam
1045 5849 1286 5904 immittit
1328 5851 1572 5908 diabolus
1607 5853 1792 5911 dolens
1833 5859 2087 5914 mundum
2124 5839 2287 5924 sibi

2257 4625 2310 4686 D

2405 3281 2568 3339 Vens.
2594 3285 2648 3341 8.
2676 3316 2747 3325 --
2776 3284 3068 3356 Equitatui.
3105 3285 3262 3342 Sicut
3301 3287 3522 3357 priorem
3543 3280 3730 3354 pOpqum
3750 3277 3786 3328 de

2334 3375 2654 3448 Aigyptiaea
2689 3379 2948 3433 servitute
2981 3378 3245 3446 liberavi,
3273 3380 3350 3436 sic
3387 3388 3438 3435 te
3475 3378 3534 3434 de
3567 3384 3786 3447 persequut-

2335 3467 2468 3521 tium
2515 3468 2764 3523 manibus
2806 3469 3068 3535 liberabo,
3113 3471 3322 3528 elidens
3365 3470 3674 3530 Pharaonem,
3706 3462 3786 3517 sile

2334 3573 2586 3630 sponsam
2611 3575 2788 3616 meam
2824 3564 3165 3633 cognoveris,
3195 3563 3424 3619 liberans
3451 3577 3475 3616 a
3501 3560 3702 3618 servitute
3718 3553 3786 3609 dia-

2334 3649 2442 3705 boli
2485 3691 2498 3714 ,
2563 3651 2618 3705 in
2657 3651 2832 3707 'i‘onte
2891 3653 3235 3722 baptismatis
3293 3654 3530 3725 passione
3572 3643 3786 3705 rubricalit

2336 3746 2620 3801 submerso
2667 3748 2864 3804 ibidem
2909 3758 3130 3805 auctore
3177 3751 3403 3820 peccati.
3449 3745 3674 3820 Equitatui
3706 3755 3786 3794 tneo.

2335 3840 2473 3908 Quia
2504 3839 2761 3897 Dominus
2789 3857 2896 3895 non
2921 3841 3032 3895 vult
3059 3843 3358 3900 Ecclesiam
3386 3844 3607 3912 ignorare
3621 3835 3785 3903 εθίρεεως

2336 3932 2431 3988 sed
2479 3932 2765 4004 diligenter
2813 3935 3092 3989 attendere
3145 3937 3274 4006 quid
3316 3936 3557 3990 donorum
3594 3921 3786 3996 acceperit,

2337 4027 2466 4098 quid
2493 4028 2602 4097 pati
2635 4028 2845 4093 debeat,
2871 4038 3267 4098 consequenter
3294 4036 3410 4099 post
3433 4021 3786 4082 comminationrm

2335 4116 2610 4170 blanditur
2638 4118 2707 4182 ei,
2743 4119 2900 4187 quasi
2921 4119 3065 4172 dicat
3097 4136 3109 4173 :
3145 4119 3203 4174 Si
3259 4121 3338 4175 vis
3367 4118 3629 4189 intelligere
3647 4121 3788 4182 quomo-

2334 4207 2405 4263 do
2435 4216 2484 4262 te
2507 4209 2648 4263 scire
2683 4209 2901 4275 debeas,
2934 4210 3172 4282 intellige
3198 4213 3285 4268 cui
3308 4221 3362 4267 te
3387 4203 3788 4281 comparaverunt!

2335 4307 2464 4354 tunc
2491 4315 2782 4370 cognosces
2825 4310 2875 4357 te
2912 4304 3070 4357 talem
3103 4319 3199 4374 per
3228 4305 3479 4361 beneticia
3505 4315 3603 4356 mea
3631 4295 3701 4351 tibi
3721 4290 3785 4346 col-

2337 4389 2463 4456 lata,
2512 4407 2631 4461 quae
2683 4392 2886 4447 turbari
2945 4410 3048 4450 non
3102 4396 3321 4452 debeas.
3373 4392 3630 4466 Equitatui.
3663 4387 3787 4453 Eques.

2335 4495 2588 4551 sponsus,
2617 4483 2828 4539 dicente
2877 4487 3132 4556 propheta
3162 4505 3175 4540 :
3221 4488 3287 4542 Et
3327 4488 3464 4542 salus
3499 4485 3597 4556 ejus
3627 4479 3786 4550 aquilam

2337 4576 2549 4647 (Habeo
2578 4579 2684 4650 tu).
2709 4579 2981 4647 Quantum
3011 4597 3140 4652 ergo
3165 4583 3347 4638 differt
3372 4595 3513 4636 meus
3531 4563 3787 4652 cquitatusib

2337 4669 2491 4738 equis
2519 4649 2836 4729 Pharaonis.
2869 4649 3098 4725 tantum
3114 4671 3310 4726 melior
3337 4685 3393 4727 es
3423 4667 3638 4723 omnibus
3657 4649 3787 4712 aliisﬁ‘

2337 4758 2531 4814 llabus.
2559 4758 2714 4814 Sicut
2745 4761 2834 4816 ille
2862 4761 3089 4832 populus
3123 4761 3598 4833 supervenientibus
3625 4747 3788 4808 curribus

2339 4849 2636 4904 Pharaonis
2660 4852 2979 4920 perterritus
3003 4861 3104 4917 est,
3122 4855 3214 4909 sed
3229 4853 3426 4908 cmlesti
3454 4833 3786 4922 protectionesal'

2338 4950 2514 5009 vatus,
2542 4951 2596 4997 et
2637 4959 2734 5012 per
2769 4959 2934 5013 aquas
2973 4946 3273 5000 submersis
3317 4944 3542 4999 hostibus
3584 4937 3626 4992 in
3661 4937 3785 4986 tertii“

2337 5036 2716 5107 promissionis
2744 5037 3083 5092 introductus
3117 5046 3202 5092 est
3229 5056 3242 5090 :
3277 5039 3353 5092 sic
3379 5036 3507 5090 unda
3538 5027 3696 5086 martis,
3716 5025 3787 5087 qua

2344 5129 2554 5184 cunctis
2579 5144 2869 5184 occursura
2895 5139 2977 5184 est
3006 5131 3342 5195 mortalibus,
3363 5139 3542 5200 pravos
3563 5119 3671 5189 rapit
3687 5114 3721 5167 in
3739 5108 3787 5161 in-

2340 5221 2584 5287 teritum,
2633 5221 2738 5290 piis
2788 5229 2993 5276 reserat
3043 5222 3145 5276 iter
3197 5221 3264 5275 ad
3316 5219 3546 5276 salutem,
3583 5217 3628 5263 et
3661 5206 3785 5300 mitti

2341 5313 2543 5379 omnia,
2581 5327 2699 5381 qua:
2741 5313 2810 5368 ibi
2859 5313 3226 5384 corporaliter,
3255 5312 3342 5368 hic
3376 5306 3661 5378 complentur
3685 5303 3786 5362 εμπ·

2341 5405 2577 5460 tuaiiter.
2613 5407 2954 5463 Dubitantem
2989 5407 3221 5479 benigne
3263 5407 3510 5475 increpat,
3529 5406 3575 5452 et
3595 5407 3647 5448 ne
3667 5387 3787 5479 de—‘l’ff

2341 5503 2424 5550 ret
2453 5497 2504 5550 in
2537 5499 2780 5569 sequenti
2818 5499 2956 5553 fideli
2999 5467 3184 5552 δηιοῖθ
3223 5467 3448 5551 viriliter
3488 5467 3786 5568 conduratahi

2342 5587 2641 5645 Pharaonis
2663 5589 2912 5646 curribus
2934 5596 3228 5659 comparat.
3250 5587 3314 5641 In
3336 5583 3550 5641 cur-tibiis
3562 5571 3785 5670 Ph‘ff‘f":

2342 5679 2399 5736 id
2440 5688 2523 5736 est
2567 5682 2624 5736 in
2669 5691 2908 5752 tempore
2945 5695 3217 5736 curruum.
3253 5679 3317 5734 Et
3363 5684 3476 5732 nota
3517 5659 3784 5752 super”?

2342 5772 2589 5838 Pharao,
2644 5738 2840 5827 elidens
2891 5774 2974 5830 vel
3025 5774 3281 5846 dissipans
3333 5765 3678 5846 interpretatltr-

2341 5870 2546 5930 oportet
2595 5871 2653 5916 ιιι
2712 5865 2888 5933 vagari
2939 5839 3182 5935 incipias,
3215 5876 3335 5919 cum
3371 5873 3451 5916 me
3497 5839 3784 5912 0011³0³³³⁷.
