4008 6348
266 364 391 424 H55

971 360 1236 419 GLOSSA
1273 358 1666 417 ORDINARIA.
1704 388 1776 399 —
1806 356 2155 417 CANTICUM
2197 357 2660 417 CANTICORUM.

3337 356 3478 417 1154

258 478 485 543 habeas,
537 483 597 532 et
638 472 895 546 praelatos
942 472 1138 546 quibus
1191 470 1472 540 innitaris,
1526 486 1624 543 per
1675 466 1889 543 quosA
1915 469 1971 526 in
2007 468 2253 528 Ecclesia
2286 486 2479 543 magna
2518 468 2673 526 nobis
2712 467 2943 539 gratiam
2992 469 3274 525 suavitatis
3314 472 3478 529 mini-

256 568 529 626 subsistas.

321 657 479 713 Vens.
505 656 559 714 9.
581 686 654 697 —
683 650 944 711 Pulchrae.
977 654 1240 723 Quoniam
1269 661 1545 711 ostensum
1571 658 1655 710 est
1675 666 1810 726 quo-

257 751 405 809 modo
438 750 710 806 Dominus
749 749 1045 805 Ecclesium
1090 750 1229 805 inter
1276 749 1504 805 adversa
1544 755 1810 821 protegat,

256 852 419 905 restat
442 844 651 901 ostcndi
681 852 941 915 quantum
973 858 1214 900 amorem
1245 842 1412 915 ipsius
1442 842 1649 899 Domini
1672 841 1815 896 inter

255 939 474 996 adversa
521 942 703 993 servet
749 936 1009 993 Ecclesia.
1046 936 1199 994 Unde
1243 937 1510 1008 sequitur,
1566 930 1813 989 Pulchra:

253 1039 367 1086 sunt
395 1042 559 1102 gem.
585 1028 760 1083 Tanta
782 1034 837 1082 te
856 1028 1193 1084 verecundia:
1214 1027 1466 1083 salutaris
1486 1025 1686 1081 virtute
1716 1025 1812 1081 de-

252 1120 451 1187 corari,
481 1128 543 1175 ut
565 1118 867 1175 castitatem
901 1119 1179 1189 promissa
1206 1118 1339 1173 mihi
1373 1116 1497 1173 fidei
1522 1114 1667 1172 nulla
1695 1128 1814 1187 pra-

252 1229 433 1270 vorum
457 1214 737 1269 doctorum
760 1212 1001 1268 doctrina
1018 1212 1102 1266 vel
1122 1210 1460 1282 suggestione
1479 1220 1811 1281 corrumpas,

254 1324 283 1364 a
324 1304 517 1376 quibus
566 1304 793 1360 timebas
830 1304 887 1359 in
924 1310 1167 1360 errorem
1211 1303 1422 1359 deduci.
1467 1296 1814 1357 Pulchriiudo

252 1398 490 1456 mulieris
516 1397 570 1452 in
598 1396 751 1469 genis
779 1396 976 1452 dicitur
1001 1404 1121 1451 esse
1149 1392 1561 1465 quamplurima.
1607 1388 1816 1463 Allege-

250 1491 379 1547 riee.
415 1489 473 1552 in
500 1488 643 1560 geris
665 1496 885 1543 notatur
906 1486 1117 1559 signum
1148 1484 1391 1558 pudoris,
1419 1484 1557 1540 sicut
1590 1481 1644 1538 in
1680 1490 1816 1551 prae-

253 1584 579 1643 dicatoribus
608 1592 724 1639 mos
760 1592 911 1639 recte
936 1580 1168 1638 vivendi.
1196 1578 1457 1645 Ecclesia,
1508 1578 1607 1634 etsi
1634 1575 1816 1647 sponsi

252 1678 334 1734 sui
364 1685 538 1734 morte
559 1676 797 1742 viddata,
825 1678 974 1731 tanta
1005 1678 1183 1729 tamen
1222 1670 1339 1744 eius
1375 1668 1636 1727 memoria
1663 1665 1815 1723 tene-

252 1776 361 1832 tur,
386 1775 446 1824 ut
492 1766 798 1823 nullatenus
835 1770 1183 1822 externorum
1214 1760 1386 1834 possit
1417 1760 1659 1830 recipere
1689 1768 1819 1814 con-

1912 572 2070 632 strat,
2116 562 2209 637 qui
2255 580 2363 637 quo
2411 574 2748 634 eum,°quem
2796 564 3074 634 appetunt,
3120 579 3226 620 non
3275 564 3476 633 vident,

1914 668 2062 715 tanto
2079 661 2354 716 ardentius
2365 670 2461 732 per
2473 658 2793 715 desiderium
2816 656 3183 728 ﬂagrant.Vel,
3198 660 3323 714 dum
3338 670 3482 717 esset

1914 764 2035 806 cum
2064 760 2237 820 patre,
2281 750 2499 817 naidas,
2526 746 2580 804 id
2610 756 2693 805 est
2720 746 2963 814 dilectio,
2993 762 3097 819 qua
3125 749 3273 821 prior
3296 750 3484 807 dilexit

1912 855 2035 906 nos,
2066 838 2207 894 dedit
2233 838 2464 907 odorem,
2495 836 2619 910 quia
2650 854 2746 910 per
2771 836 3113 895 dilectiOnem
3135 846 3357 909 prapter
3384 854 3481 895 nos

1914 932 2204 1004 assumpsit
2235 942 2474 988 carnem.
2514 930 2788 989 erandus
2808 928 2942 987 ordo
2970 931 3279 988 verborum.
3308 926 3484 987 Accu-

1913 1024 2076 1082 hante
2118 1038 2247 1097 rege
2288 1020 2490 1082 nardus
2535 1038 2654 1081 mea
2706 1026 2852 1082 dedit
2888 1024 3109 1081 odorem
3151 1042 3328 1093 suum,
3355 1022 3484 1081 dum

1913 1124 2134 1189 prapter
2167 1114 2388 1172 nimiam
2423 1114 2762 1183 charitatem,
2804 1132 2909 1188 qua
2948 1114 3133 1173 dilexit
3180 1130 3301 1186 nos,
3341 1116 3484 1174 tilius

1915 1208 2092 1265 factus
2130 1217 2215 1265 est
2251 1208 2513 1265 mulieris.
2557 1204 2798 1275 Nardus,
2825 1225 2947 1281 quae
2985 1208 3181 1265 dicitur
3219 1209 3486 1282 expellere

1916 1311 2172 1369 tumores,
2194 1302 2383 1376 fugare
2408 1298 2577 1375 frigus
2612 1306 2667 1358 et
2712 1301 2907 1359 atl'erre
2936 1298 3207 1371 calorem;
3238 1303 3325 1361 cui
3354 1305 3492 1361 assi-

1917 1393 2135 1449 milatur
2164 1392 2326 1450 homo
2352 1382 2683 1460 Dominicus,
2711 1394 2803 1465 qui
2829 1409 3050 1450 carnem
3076 1386 3400 1450 assuntcndo
3427 1408 3491 1451 se

1916 1484 2241 1551 humiliavit,
2262 1494 2317 1541 et
2343 1482 2401 1542 s'e
2419 1480 2752 1542 humiliando
2777 1500 2991 1541 omnem
3019 1494 3280 1541 tumorem
3303 1501 3492 1557 super-

1919 1574 2025 1631 bire
2050 1574 2292 1643 abstulit,
2315 1572 2487 1648 frigus
2512 1570 2847 1631 inﬁdelitatis
2878 1576 3128 1642 removit,
3144 1585 3198 1632 et
3225 1574 3490 1632 fervorem

1921 1666 2204 1726 charitatis
2223 1658 2428 1724 intulit.
2461 1662 2638 1723 Herba
2679 1666 2841 1723 etiam
2871 1664 3005 1733 haec,
3030 1676 3233 1738 quanto
3267 1666 3388 1738 plus
3414 1674 3495 1723 at-

1922 1763 2134 1828 teritur,
2167 1767 2315 1816 tanto
2340 1758 2600 1832 majorem
2618 1758 2796 1814 reddit
2818 1756 3066 1823 odorem,
3094 1754 3172 1813 sic
3192 1752 3459 1812 Christus.

254 1860 518 1917 sortium:
551 1866 605 1915 et
629 1868 729 1930 pro
760 1859 875 1915 suis
907 1867 963 1913 et
1002 1856 1232 1912 aliorum
1274 1852 1509 1925 peccatis
1542 1850 1724 1923 gemit.
1760 1844 1821 1904 In
1849 1845 1899 1906 B
1994 1852 2160 1909 Vens.
2193 1850 2283 1908 12.
2313 1883 2384 1894 -
2407 1846 2739 1906 Fasciculus.
2768 1840 2913 1904 Mors
2953 1842 3135 1904 dilecti
3181 1844 3308 1913 mei,
3335 1861 3498 1918 quam

253 1950 402 2013 collo,
434 1950 707 2013 doctores,
736 1948 790 2002 in
820 1944 1100 2001 monilibus
1120 1956 1284 2015 Opera
1315 1941 1527 1997 illorum
1561 1938 1725 2010 :quia
1754 1950 1820 1995 ea

252 2054 372 2113 quae
393 2040 562 2095 verbo
584 2041 800 2103 docent,
824 2042 1136 2109 operantur.
1161 2034 1291 2102 Qua
1328 2032 1398 2089 sit
1430 2031 1589 2103 huius
1615 2026 1823 2087 sobrie-

255 2132 382 2189 tatis
415 2130 783 2187 custodiendac
800 2127 977 2200 gratia
1001 2126 1299 2191 subdendo,
1323 2120 1677 2179 detnonstrat.
1700 2116 1825 2175 Cal-

253 2222 363 2278 lurn
396 2233 543 2276 tuum
576 2220 708 2275 sicut
749 2218 986 2274 monilia.
1023 2214 1133 2273 Per
1164 2214 1365 2273 collum
1403 2220 1637 2283 namque
1672 2206 1824 2267 cibos

253 2312 550 2383 tralicimus
590 2313 645 2368 in
685 2320 883 2383 corpus
912 2296 1288 2376 reﬁciendum,
1317 2316 1372 2364 et
1396 2307 1559 2363 verba
1594 2302 1825 2376 proferi-

251 2418 395 2469 mus,
435 2402 631 2474 quibus
674 2410 885 2457 secreta
933 2400 1113 2458 cordis
1158 2392 1423 2473 proximis
1466 2394 1822 2462 declaramus,

255 2494 311 2551 id
340 2501 444 2563 est,
474 2494 725 2551 doctores
746 2494 843 2565 qui
867 2498 921 2550 et
943 2490 1125 2550 verbis
1149 2490 1441 2555 instruunt,
1463 2494 1518 2544 et
1542 2484 1719 2545 cibum
1743 2503 1827 2544 sa-

252 2585 382 2643 tutis
423 2587 480 2642 in
529 2587 817 2643 commissa
860 2584 963 2642 sibi
1004 2570 1248 2642 membra
1292 2578 1691 2639 transfundam.
1721 2578 1826 2647 Qui

254 2679 543 2750 monilibus
570 2685 975 2750 comparantur,
1008 2678 1102 2750 qui
1137 2675 1349 2749 pulchri
1393 2680 1520 2732 sunt
1559 2672 1824 2737 moribus,

254 2778 310 2828 et
335 2784 554 2843 pectora
575 2770 843 2843 virginum
870 2770 1050 2827 verbis
1076 2778 1132 2826 et
1163 2766 1429 2838 esemplis
1450 2766 1727 2832 claudunt,
1759 2779 1827 2819 ne

254 2862 465 2919 adulter
485 2861 689 2917 inser-at
712 2872 952 2914 martum.

331 2972 488 3029 Vens.
517 2971 603 3027 10.
628 3001 698 3012 —
720 2966 1045 3024 Hurenulas.
1084 2964 1205 3024 Alia
1232 2968 1535 3023 translatio.
1564 2962 1830 3022 Similitu-

257 3064 405 3119 dines
435 3061 552 3115 auri
580 3057 979 3129 fabrefaciemus
1020 3056 1115 3112 tibi
1145 3074 1260 3111 cum
1301 3055 1717 3111 distinctionibus
1743 3070 1832 3107 ar—

257 3155 417 3227 genti,
446 3148 782 3225 quoadusque
813 3164 901 3206 rea:
929 3149 984 3205 in
1021 3150 1263 3205 accubitu
1299 3166 1392 3204 suo
1420 3159 1513 3204 est.
1546 3144 1699 3217 Quod
1723 3156 1825 3211 est,

261 3258 473 3309 aurum,
492 3242 549 3300 id
570 3251 674 3308 est,
689 3242 882 3299 faciem
910 3259 1082 3298 meam
1111 3241 1165 3297 in
1190 3238 1441 3315 praesenti
1465 3238 1572 3294 vita
1600 3256 1706 3295 non
1733 3255 1827 3310 po-

262 3336 394 3392 teris
426 3330 630 3401 videre,
669 3334 765 3391 sed
805 3332 1208 3390 similitudinem
1257 3332 1520 3390 claritatis
1568 3331 1826 3399 caelestis,

256 3440 361 3498 per
388 3426 833 3481 illuminationem
862 3424 1293 3497 Scripturarum,
1323 3424 1532 3481 videbis
1572 3436 1669 3494 per
1710 3440 1829 3495 spe-

259 3514 438 3575 culum
470 3517 525 3573 in
553 3516 859 3589 aenigmate,
881 3516 1053 3573 detrec
1090 3517 1339 3572 omnibus
1384 3522 1659 3587 appareat,
1687 3514 1830 3584 quod

258 3622 409 3664 nunc
434 3606 568 3664 latet
605 3607 659 3662 in
698 3605 930 3662 Deitate.
956 3600 1280 3662 Murenulas.
1306 3600 1539 3661 Pulchre
1574 3602 1832 3662 describit

260 3714 493 3771 sponsus
519 3698 636 3767 eius
660 3696 1109 3770 pulchritudinem
1142 3700 1301 3768 :post
1332 3697 1446 3753 haec
1484 3696 1543 3752 ﬁt
1578 3696 1628 3752 ei
1671 3708 1833 3767 spon-

259 3804 357 3848 sus
399 3790 455 3846 in
494 3789 756 3846 reuubitu.
798 3787 1039 3855 interim,
1071 3800 1135 3845 eo
1166 3789 1488 3856 dormiente,
1522 3786 1637 3857 eius
1673 3786 1829 3855 socii,

259 3887 319 3945 id
333 3897 440 3954 est,
455 3886 629 3958 angeli
653 3880 1003 3941 consolantur
1024 3896 1143 3939 eam
1163 3900 1177 3950 ;
1205 3900 1311 3939 non
1334 3878 1594 3938 habemus
1617 3866 1830 3947 aurum,

260 3976 358 4034 Sed
408 3975 812 4031 similitudinem
868 3972 985 4028 auri
1036 3971 1157 4026 ﬁeri
1202 3971 1462 4027 faciemus
1507 3970 1619 4037 tibi,
1664 3966 1835 4028 donec

260 4074 450 4138 surgat
495 4081 616 4122 cum
664 4063 1006 4138 stigmatibus
1054 4053 1281 4135 argenti.
1326 4060 1641 4117 Murenulce.
1681 4060 1835 4128 Quie-

261 4170 479 4230 cunque
518 4158 675 4215 bona:
723 4157 1125 4223 institutiones,
1177 4155 1331 4227 quasi
1387 4160 1701 4210 Ornamenta
1748 4170 1838 4209 au-

261 4251 427 4310 rium.
454 4248 513 4306 in
542 4246 829 4304 murenulis
852 4246 1133 4319 Scriptura
1154 4250 1359 4311 sancta,
1392 4262 1510 4318 quae
1532 4261 1663 4300 auro
1685 4243 1841 4316 spiri-

261 4341 491 4401 tualium
520 4350 775 4397 sensnum
800 4336 964 4411 fulget
993 4338 1240 4405 interius,
1269 4336 1325 4393 et
1366 4347 1578 4410 argento
1602 4334 1840 4393 caelestis

262 4434 465 4506 eloquii
494 4432 737 4505 splendet
763 4432 1031 4496 exterius;
1075 4438 1171 4504 per
1219 4430 1497 4487 doctorum
1524 4428 1839 4487 aediﬁcatio-

262 4544 391 4586 nem
418 4526 476 4582 ﬁt
513 4524 754 4583 custodia
780 4524 1106 4590 Sobrietatis,
1131 4530 1187 4578 et
1212 4538 1308 4594 per
1333 4522 1525 4578 divinae.
1546 4518 1839 4589 Scripturze

262 4616 693 4676 meditationem.
720 4613 868 4669 Auro
888 4613 1082 4669 divinae
1106 4610 1385 4683 sapientiae
1424 4617 1481 4665 et
1513 4617 1737 4683 argento
1762 4608 1843 4664 di-

262 4708 380 4765 vini
406 4704 602 4778 eloqnii
629 4707 772 4761 intus
811 4710 866 4761 et
913 4704 1154 4760 exterius
1191 4703 1505 4757 renitentes.
1533 4696 1836 4756 Faciemus.

265 4796 384 4871 Ego
409 4804 464 4853 et
488 4799 593 4854 mei
622 4796 864 4868 opiﬁces,
897 4811 1032 4867 quos
1064 4792 1325 4866 plurimos
1361 4792 1431 4848 ad
1461 4790 1735 4865 eroganda
1757 4806 1844 4847 se—

267 4890 415 4945 mina
440 4889 593 4944 vcrlﬁ
620 4888 891 4945 constitui.

340 4979 505 5037 Vsus.
538 4978 624 5036 ll.
653 5012 724 5022 —
744 4976 882 5035 Dum
912 4989 1060 5035 esset.
1097 4976 1347 5049 Acceptis
1391 4972 1635 5033 Ecclesia
1680 4974 1845 5033 tantis

265 5084 303 5129 a
344 5068 622 5128 conditore
665 5080 762 5128 suo
806 5070 1119 5127 muneribus
1159 5076 1215 5125 et
1250 5068 1550 5141 promissis,
1585 5084 1691 5140 qua
1729 5070 1846 5126 haec

270 5162 554 5219 devmione
587 5164 821 5233 ’bperum
865 5161 1179 5232 susceperit,
1224 5161 1549 5227 manifestat,
1593 5160 1778 5216 dicens
1827 5175 1842 5214 :

274 5253 415 5309 Dum
442 5260 575 5311 esset
600 5270 709 5320 rex,
733 5255 877 5326 quod
896 5262 1000 5321 est,
1025 5271 1145 5311 cum
1170 5252 1265 5309 Dei
1291 5250 1459 5312 Filius
1489 5254 1540 5308 in
1567 5268 1728 5309 carne
1754 5268 1847 5325 ap-

269 5346 475 5419 paruit,
499 5340 737 5401 Ecclesia
773 5360 869 5416 per
895 5345 1071 5416 ipsum
1110 5344 1423 5416 mysterium
1455 5342 1847 5400 incarnationis

266 5437 329 5496 in
359 5438 617 5494 virtutum
657 5436 957 5493 caelestium
995 5439 1261 5521 tergorem
1290 5436 1551 5491 excrevit.
1580 5434 1695 5499 Vel,
1726 5450 1849 5492 cum

270 5538 422 5589 esset
464 5532 517 5586 in
564 5528 940 5587 humiliatione
990 5531 1168 5587 crucis
1209 5526 1503 5584 humanum
1553 5546 1722 5600 genus
1757 5544 1854 5601 per

271 5636 499 5679 crucem
541 5624 913 5692 redemptum,
953 5621 1273 5677 exercitatio
1316 5616 1579 5675 bonorum
1629 5636 1853 5695 operum

273 5713 500 5770 odorem
525 5712 809 5771 suavitatis
836 5715 1087 5786 aspersit.
1120 5710 1335 5768 Christo
1362 5726 1486 5783 rege
1527 5712 1580 5766 in
1616 5712 1851 5769 beatitu-

277 5805 411 5863 dine
451 5805 688 5863 ccclesiis
717 5806 913 5863 secreti
964 5806 1291 5877 qtticsventc,
1335 5812 1643 5860 sanctorum
1681 5809 1854 5867 virtus

1920 1960 2021 2017 pro
2071 1959 2193 2000 mea
2237 1943 2412 2000 salute
2455 1942 2643 2009 subiit,
2691 1955 2909 2011 semper
2957 1937 3025 2018 in.
3062 1955 3182 1995 mea
3238 1939 3497 1995 memoria

1923 2037 2368 2095 commorabitur.
2395 2032 2528 2091 Item
2566 2032 2827 2091 fasciculo
2872 2026 3109 2106 myrrhae
3129 2041 3496 2103 comparatur,

1925 2132 2050 2189 dum
2088 2134 2308 2203 propter
2343 2144 2442 2185 nos
2484 2127 2664 2183 crucis
2711 2122 2939 2196 injurias
2979 2122 3250 2182 toleravit.
3282 2116 3498 2197 Myrrha

1926 2224 2089 2278 arbor
2113 2229 2197 2278 est
2220 2220 2458 2288 Arabiae,
2486 2216 2788 2276 altitudinis
2810 2216 3047 2291 quinque
3077 2214 3402 2283 cubitorum,
3428 2218 3503 2274 si-

1925 2314 2073 2369 milis
2096 2315 2259 2385 spicae
2283 2326 2447 2384 quam
2493 2311 2784 2368 acanthum
2815 2307 3021 2376 dicunt,
3057 2309 3211 2381 cujus
3245 2316 3397 2382 gutta
3423 2308 3503 2364 vi-

1926 2404 2059 2464 ridis
2104 2412 2266 2479 atque
2311 2420 2516 2477 amara,
2574 2405 2716 2463 unde
2773 2421 2969 2463 nomen
3007 2403 3216 2477 accepit
3260 2404 3499 2477 myrrha.

1928 2497 2092 2554 Gutta
2134 2495 2250 2566 ejus
2294 2502 2488 2570 sponte
2528 2513 2777 2564 manans,
2815 2497 3106 2569 pretiosior
3144 2504 3249 2563 est,
3282 2495 3504 2552 corticis

1926 2587 2151 2645 vulnere
2174 2587 2355 2655 vilior,
2385 2606 2506 2662 quae
2541 2584 2821 2647 medendis
2852 2586 3256 2646 inﬁrmitatibus
3293 2597 3383 2645 est
3419 2603 3506 2645 sa-

1927 2680 2100 2736 lubris
2134 2699 2147 2735 :
2192 2680 2356 2747 unde,
2383 2688 2438 2736 et
2476 2676 2814 2754 myrrhatum
2842 2680 3027 2737 vinum
3063 2696 3093 2735 a
3125 2680 3387 2736 militibus
3416 2694 3507 2736 ac-

1930 2774 2091 2844 cepit.
2121 2771 2295 2828 Ubera
2325 2790 2458 2828 mea.
2490 2772 2774 2829 Castarum
2806 2772 2973 2830 ubera
3003 2789 3110 2830 non
3148 2772 3502 2845 franguntur;

1932 2866 2025 2922 sed
2080 2866 2461 2934 meretricum,
2510 2866 2649 2924 laxis
2696 2867 2927 2940 pellibus
2977 2867 3305 2939 irrugantur.
3358 2865 3511 2922 Unde

1931 2958 2186 3016 Ezechiel
2242 2978 2256 3014 :
2311 2950 2380 3015 In
2429 2956 2661 3033 /Egypto
2725 2960 2910 3033 fracta:
2953 2970 3076 3017 sunt
3119 2975 3360 3016 manium
3406 2968 3510 3015 tua

1937 3048 2154 3124 (Ezech.
2184 3050 2367 3121 mn).

2007 3142 2174 3200 Vsus.
2210 3144 2390 3199 l5.—
2415 3134 2611 3199 Botrus
2654 3145 2798 3217 cypri
2836 3140 3073 3200 dilectus.
3117 3143 3312 3201 Botrus
3359 3142 3512 3216 cypri

1934 3250 2055 3292 cum
2089 3234 2388 3292 resurrexit
2414 3255 2426 3290 :
2452 3234 2519 3290 In
2546 3235 2706 3291 vineis
2729 3230 2974 3306 Engaddi
2997 3243 3097 3301 est,
3120 3251 3244 3292 cum
3267 3233 3512 3291 ﬁdelibus

1934 3326 2238 3399 spiritualia
2270 3326 2407 3384 dona
2439 3324 2734 3382 distribuit.
2760 3325 3000 3384 Arbores
3032 3326 3281 3395 balsami,
3306 3342 3428 3399 qua
3456 3322 3511 3383 in

1902 3414 2175 3501 ‘Engaddi
2201 3427 2475 3485 crescunt,
2505 3418 2631 3489 quia
2679 3416 2735 3473 in
2783 3416 2998 3474 modum
3032 3418 3313 3475 vinearum
3344 3433 3511 3476 exco-

1935 3511 2140 3578 luntur,
2173 3511 2359 3567 vineas
2386 3504 2636 3583 appellat.
2668 3504 2911 3583 Sponsus
2943 3508 3195 3568 Christus
3238 3511 3402 3585 igitur
3426 3521 3513 3568 est

1937 3603 1992 3658 in
2038 3602 2213 3657 vineis
2256 3596 2522 3675 Engaddi,
2566 3603 2690 3674 quia
2738 3603 2793 3658 in
2840 3617 3008 3659 carne
3043 3602 3269 3661 veniens
3308 3603 3513 3675 Spiritu

1939 3704 2129 3753 sancto
2154 3694 2366 3767 plenus,
2416 3696 2759 3753 credentibus
2792 3695 3033 3767 ejusdem
3065 3698 3237 3754 sancti
3280 3697 3514 3770 Spiritus

1929 3786 2082 3867 .dona
2123 3784 2349 3856 largitur
2396 3802 2493 3859 per
2536 3787 2847 3846 chrismatis
2893 3788 3226 3855 unctionem,
3269 3790 3323 3845 in
3361 3790 3515 3861 cujus

1940 3876 2279 3933 confectione
2309 3876 2484 3933 oleum
2520 3888 2575 3934 et
2610 3878 2908 3936 balsamum
2939 3880 3374 3939 commiscentur.
3410 3881 3516 3937 En-

1942 3972 2100 4043 gaddi
2127 3970 2249 4027 fons
2275 3971 2413 4027 haedi
2440 3982 2661 4044 propter
2682 3972 3028 4041 charismata,
3054 3990 3173 4044 quae
3192 3984 3314 4048 post
3341 3991 3515 4031 resur-

1944 4066 2241 4122 rectionem
2270 4064 2496 4138 largitus
2520 4077 2605 4123 est
2632 4067 2685 4122 in
2716 4068 2983 4140 baptismo
3004 4061 3119 4123 suis
3139 4068 3511 4139 participibus.

1943 4156 2207 4229 Engaddi,
2240 4157 2295 4214 id
2324 4168 2409 4235 est
2435 4159 2623 4216 oculus
2657 4175 2791 4215 mea!
2838 4160 3167 4226 tentationis,
3192 4168 3248 4214 et
3289 4160 3517 4216 tentatio

1944 4256 2030 4305 est
2063 4248 2173 4304 vita
2203 4246 2436 4306 hominis
2465 4265 2629 4320 super
2650 4258 2871 4306 terram.
2897 4250 3034 4318 Quia
3066 4251 3231 4306 morti
3258 4249 3513 4306 Modiam—

1946 4340 2022 4395 ris
2052 4355 2179 4394 mox
2220 4340 2629 4395 resurrectionis
2654 4339 2821 4411 gloria
2849 4340 3128 4405 successit,
3161 4350 3306 4396 recte
3334 4341 3518 4397 subdi-

1947 4439 2056 4495 tur,
2083 4429 2296 4495 Botrus,
2320 4431 2411 4501 qui
2441 4429 2542 4485 fuit
2582 4429 2870 4487 fasciculus
2902 4432 3135 4505 myrrha
3175 4433 3237 4489 ὴ
3258 4435 3519 4491 amaritu-

1948 4522 2070 4577 dine
2105 4521 2389 4592 passionis,
2428 4522 2482 4576 in
2535 4521 2815 4579 dulcedine
2859 4525 3273 4581 resurrectionis
3313 4527 3523 4583 exstitit

1949 4612 2139 4668 botrus
2173 4612 2343 4684 cypri.
2373 4610 2525 4681 Quod
2566 4614 2787 4686 myrrha
2828 4615 2973 4670 enim
3014 4615 3304 4682 tristiﬁcat,
3336 4617 3519 4672 vinum

1951 4704 2207 4761 laetiﬁcat.

2022 4796 2185 4856 Vsus.
2212 4794 2300 4855 14.
2322 4830 2393 4841 -—
2413 4799 2550 4855 Ecce
2585 4810 2642 4855 tu
2678 4798 2923 4872 pulchra.
2950 4801 3220 4860 Hactenus
3257 4802 3519 4871 Ecclesia,

1952 4907 2072 4963 qua:
2103 4891 2409 4949 dilectionis
2434 4893 2665 4967 pignora
2686 4909 2717 4948 a
2748 4909 2946 4965 sponso
2972 4897 3256 4967 receperit,
3272 4902 3520 4959 testatur,

1954 4985 2038 5039 cui
2070 4984 2184 5054 ipse
2212 4999 2339 5039 mox
2380 4984 2835 5041 remunerationis
2867 4988 2985 5043 vice
3029 4987 3315 5058 respondet
3343 5005 3355 5040 :
3386 4986 3526 5043 Esca

1953 5084 2009 5129 tu
2042 5075 2294 5145 pulchra;
2322 5076 2499 5146 quasi,
2525 5091 2593 5137 ex
2634 5078 2736 5134 hoc
2769 5079 2913 5150 quod
2955 5094 3041 5135 me
3070 5078 3279 5150 diligis,
3297 5077 3525 5150 pulchra

1953 5165 2222 5223 cllicicris.
2269 5168 2451 5222 Amica
2508 5185 2642 5224 mea.
2693 5171 2811 5226 Alia
2874 5170 3153 5226 translatio
3202 5189 3218 5225 :
3270 5170 3529 5227 Prosit”

1956 5278 2100 5328 mea;
2132 5262 2235 5317 hoc
2262 5271 2361 5325 est,
2394 5263 2449 5318 in
2490 5265 2591 5320 hoc
2627 5266 2768 5335 quod
2801 5266 3043 5336 proxima
3081 5282 3147 5323 es
3171 5267 3415 5337 speciosi
3441 5282 3525 5334 es,

1955 5362 2012 5413 et
2051 5363 2334 5425 postquam
2379 5357 2612 5426 coeperis
2657 5373 2779 5414 esse
2833 5358 3108 5428 speciosa,
3156 5361 3275 5415 sine
3324 5360 3526 5416 addita-

1957 5452 2140 5500 mento
2165 5444 2389 5515 pulchra
2420 5463 2499 5503 es.
2537 5447 2691 5503 Oculi
2719 5447 2816 5503 tui.
2844 5448 2965 5504 Alia
3004 5448 3125 5506 laus
3158 5465 3369 5522 sponsa:
3400 5464 3527 5524 ῳ.-

1958 5534 2139 5601 ciosae,
2164 5544 2223 5590 ut
2257 5547 2313 5592 et
2351 5552 2449 5593 nos
2488 5537 2793 5595 laboremus
2828 5541 3054 5610 speciosi
3094 5542 3230 5598 ﬁeri.
3265 5539 3420 5598 Oculi
3448 5553 3529 5597 tas

1958 5628 2335 5698 columbarum,
2380 5631 2699 5702 simpliciter
2743 5633 2909 5690 Deum
2953 5635 3179 5692 intueris
3221 5637 3346 5706 quia
3395 5635 3529 5691 nihil

1960 5723 2102 5779 aliud
2121 5723 2225 5779 nisi
2240 5723 2411 5795 ipsum
2441 5726 2657 5793 quaeris.
2679 5724 2781 5792 Qui
2809 5727 2993 5783 viderit
3020 5728 3289 5784 mulierem
3313 5728 3383 5785 ad
3405 5744 3530 5784 son-

1960 5815 2323 5886 cupiscendum
2366 5834 2479 5871 eam
2518 5816 2731 5889 (Matth.
2764 5821 2839 5887 v),
2873 5838 2979 5879 non
3025 5822 3193 5880 habet
3224 5819 3410 5883 oculos
3435 5835 3533 5879 co-
