4028 6332
667 469 806 526 “35

1160 469 1550 524 WALAFRlDl
1590 468 1835 523 STRABI
1871 468 2077 524 FULD.
2123 467 2283 524 MON.
2325 468 2475 524 OPP.
2517 468 2697 524 PARS
2735 469 2775 523 1.
2815 498 2884 510 -
2922 465 3380 528 THEOLQGICA.

3718 474 3813 534 “‘56

665 585 889 648 lumbm;
920 585 1013 639 sed
1043 585 1133 653 qui
1168 583 1347 649 habet,
1377 584 1541 638 castis
1580 583 1816 637 intuetur
1848 583 2038 646 oculis,
2065 593 2119 637 et
2159 583 2235 638 le—
2261 584 2312 643 A
2338 583 2520 636 dorem
2547 591 2763 638 :eternae
2789 581 2946 646 lucis,
2967 580 3048 635 vel
3079 580 3310 634 Deitatis
3333 578 3496 649 magis
3516 581 3670 636 revela
3689 586 3814 644 humi.

665 691 785 744 gem
815 683 871 730 et
912 674 1256 745 Evangelium
1301 674 1652 744 spiritualiter
1688 673 1952 744 intelligit.
1989 672 2044 727 In
2086 673 2237 740 cujus

665 768 926 823 columba:
947 769 1126 838 specie
1146 768 1379 837 Spiritus
1400 777 1618 823 sanctus
1639 771 1901 839 apparuit.
1932 769 2162 838 Ideoque
2184 774 2240 821 et

662 861 962 933 spiritualis
1011 861 1382 931 intelligentia,
1427 870 1482 915 et
1530 861 1712 915 omnia
1759 861 2054 931 spiritualia
2097 859 2236 912 dona

663 953 882 1007 nomine
910 951 1171 1007 columba:
1209 953 1578 1021 designantur.
1605 951 1862 1006 Columba
1897 951 2018 1006 felle
2065 959 2233 1015 caret,

663 1052 842 1096 rostro
889 1057 994 1096 non
1041 1041 1207 1104 laedit,
1260 1042 1311 1095 in
1359 1041 1608 1096 cavernis
1657 1051 1930 1111 petrarum
1973 1042 2233 1106 nidificat,

662 1133 866 1188 alienos
907 1131 1082 1200 pullos
1120 1132 1303 1194 nutrit,
1337 1130 1486 1198 juxta
1524 1129 1723 1184 ﬂuenta
1770 1140 1972 1196 manet,
2013 1131 2236 1185 meliora

660 1237 827 1292 grana
876 1221 1041 1292 eligit,
1089 1222 1346 1292 gemitum
1391 1237 1488 1291 pro
1535 1230 1695 1277 cantu
1746 1222 1942 1286 reddit,
1974 1222 2235 1291 gregatim

659 1314 824 1379 volat,
849 1314 949 1368 alis
993 1329 1052 1368 se
1088 1313 1345 1379 defendit,
1377 1315 1551 1369 visum
1602 1324 1904 1384 recuperat.
1945 1315 2021 1370 lta
2063 1315 2236 1369 sancti

655 1403 813 1474 juxta
841 1407 1041 1462 fluenta
1071 1409 1331 1463 doctrinae
1367 1410 1618 1464 sedentes
1648 1410 1900 1464 meliores
1937 1411 2235 1465 sententias

659 1498 880 1567 eligunt,
911 1499 1157 1553 homines
1196 1515 1226 1552 a
1261 1497 1478 1553 Christo
1510 1499 1714 1554 alienos
1745 1500 1991 1554 nutriunt
2025 1501 2157 1564 Deo,
2189 1500 2235 1554 si

658 1605 792 1657 quas
839 1590 1008 1644 bonas
1052 1590 1347 1644 sententias
1391 1589 1446 1643 in
1488 1591 1760 1645 haereticis
1800 1591 2100 1654 inveniunt,
2127 1605 2234 1644 non

659 1688 994 1748 pervertunt,
1028 1679 1108 1732 ira
1132 1678 1486 1732 irrationabili
1514 1687 1721 1744 carent,
1748 1678 1803 1731 in
1831 1678 1935 1732 ﬁde
1955 1678 2234 1748 plagarum

657 1771 858 1824 Christi
884 1770 1149 1840 refugium
1183 1771 1400 1834 habent,
1428 1781 1649 1839 gemunt
1675 1785 1773 1838 pro
1802 1772 2061 1838 peccatis.

731 1863 893 1916 Vsus.
927 1861 1013 1915 15.
1041 1891 1110 1899 -
1133 1860 1269 1914 Ecce
1303 1871 1356 1912 tu
1399 1859 1615 1929 pulcher
1641 1877 1712 1921 es,
1747 1859 1930 1913 dilecte
1960 1863 2031 1914 mi
2060 1872 2106 1914 et
2136 1863 2226 1915 de-

2340 672 2478 727 libus
2530 681 2586 727 et
2631 673 2832 743 paratis
2885 673 2952 726 ad
3000 671 3333 742 patiendum.
3383 669 3579 737 Quasi:
3617 672 3812 735 Memento

2339 765 2479 834 quod
2501 765 2594 834 qui
2621 765 2687 819 de
2715 765 2921 836 virgine
2946 763 3095 817 nasci
3122 763 3296 832 potui,
3326 762 3414 831 qui
3459 761 3586 818 Deus
3618 781 3728 829 sum,
3749 769 3813 822 hu-

2338 857 2539 910 militer
2573 857 2627 910 in
2672 856 2873 910 mundo
2922 839 3166 925 apparui,
3211 853 3510 909 hominibus
3554 869 3628 909 me
3669 861 3812 916 socium

2337 962 2456 1002 esse
2487 948 2728 1012 exhibui,
2759 947 3034 1002 humiliter
3055 961 3231 1016 usque
3266 945 3333 999 ad
3361 954 3572 1001 mortem
3596 949 3709 1002 veni.
3732 949 3812 1005 Ideo

2338 1041 2535 1096 desiste
2555 1040 2756 1110 quietis
2783 1041 3129 1096 securitatem
3151 1053 3415 1109 quaerere,
3439 1039 3568 1093 unde
3588 1041 3745 1104 subdit,
3759 1041 3812 1097 Si-

2337 1143 2420 1186 cut
2448 1132 2638 1186 lilium.
2663 1131 2818 1188 Sicut
2858 1147 3081 1202 campus
3118 1130 3345 1186 ﬂoribus
3386 1139 3610 1198 ornatur,
3630 1133 3688 1187 ita
3709 1151 3812 1191 uu-

2338 1226 2438 1280 dus
2468 1241 2584 1280 mea
2612 1225 2804 1279 notitia
2830 1235 2886 1279 et
2911 1225 3014 1278 fide
3036 1224 3347 1278 decoratur.

2407 1316 2570 1372 Vsus.
2601 1319 2654 1372 2.
2680 1348 2749 1358 —
2773 1315 2919 1371 Sicut
2952 1317 3147 1370 lilium.
3178 1316 3422 1370 Laudato
3442 1331 3517 1380 se,
3539 1316 3690 1371 laudat
3705 1333 3810 1387 spon-

2336 1423 2471 1471 sam,
2507 1408 2579 1461 ita
2607 1425 2619 1460 :
2651 1406 2800 1463 Sicut
2835 1407 3004 1460 lilium
3040 1422 3148 1460 non
3184 1415 3366 1476 potest
3393 1407 3544 1474 spinis
3575 1411 3807 1476 comparari,

2337 1498 2480 1553 inter
2499 1513 2636 1568 quas
2665 1513 2804 1568 saepe
2832 1499 3073 1553 exoritur
3095 1516 3108 1551 :
3135 1497 3328 1552 eodem
3349 1497 3500 1552 modo
3517 1497 3718 1566 proxima
3735 1515 3807 1553 mea

2336 1605 2497 1658 super
2541 1605 2730 1644 omnes
2769 1589 2910 1658 ﬁlias
2957 1588 3126 1642 lilium
3174 1597 3278 1644 est.
3321 1587 3464 1644 Sicut
3497 1589 3658 1642 lilium.
3679 1590 3737 1643 Tu
3759 1607 3808 1644 re-

2334 1681 2514 1750 quiem
2531 1681 2726 1750 quazris
2739 1688 2793 1734 et
2811 1679 2997 1735 laudes
3010 1679 3189 1733 lectuli
3205 1693 3223 1730 :
3239 1678 3331 1733 sed
3346 1678 3476 1734 scito
3488 1678 3597 1747 quia
3615 1679 3807 1734 candidior

2337 1771 2738 1827 tribulationum
2769 1772 2972 1827 aculeis
3003 1769 3282 1836 elﬁcieris,
3311 1780 3365 1826 et
3398 1771 3556 1840 major
3585 1780 3654 1824 est
3673 1769 3806 1824 fructus

2333 1865 2732 1934 praedicationis
2757 1880 2917 1934 quam
2944 1864 3164 1934 quietis.
3196 1864 3288 1917 Sic
3319 1863 3483 1918 amica
3527 1880 3642 1916 mea.
3663 1861 3804 1931 (Cum

659 1969 834 2005 corus.
870 1950 1111 2004 Audiens
1159 1966 1354 2020 sponsa
1402 1966 1459 2004 se
1507 1967 1604 2020 per
1665 1949 2002 2005 dilectionem
2051 1953 2235 2019 sponsi
2264 1939 2309 2000 Β
2337 1953 2394 2009 In
2418 1955 2659 2012 Ecclesia
2689 1970 2789 2012 nec
2816 1954 3095 2010 malisine
3135 1955 3318 2020 bonis,
3350 1970 3446 2010 nec
3466 1955 3579 2010 boni
3603 1955 3694 2008 sine
3710 1954 3805 2007 malis

661 2043 946 2106 meruisse,
979 2049 1038 2096 ut
1073 2041 1140 2095 ab
1183 2041 1300 2110 ipso
1336 2056 1533 2110 sponso
1561 2040 1888 2105 laudaretur,
1931 2057 2128 2112 sponso
2161 2045 2237 2098 vi—

658 2151 774 2191 cem
807 2137 859 2190 in
890 2135 1138 2189 laudibus
1169 2136 1358 2190 tribuit
1385 2153 1396 2188 :
1428 2151 1532 2189 non
1560 2137 1702 2205 quod
1735 2137 1806 2200 ei,
1835 2138 1975 2206 quod
2008 2154 2109 2192 non
2142 2140 2236 2193 ha-

656 2231 769 2293 bet,
799 2244 897 2283 suo
925 2227 1192 2298 praeconio
1229 2227 1504 2298 largiatur,
1533 2229 1625 2282 sed
1653 2228 1960 2298 intelligens
1986 2230 2235 2286 decorem

654 2320 788 2390 ejus,
805 2335 903 2391 per
929 2337 1088 2390 quem
1118 2331 1173 2376 et
1206 2322 1320 2390 ipsa
1350 2322 1543 2376 decora
1568 2322 1708 2376 facta
1731 2331 1832 2387 est,
1867 2323 1943 2376 ait
1974 2342 1986 2376 :
2021 2323 2156 2377 Ecce
2179 2334 2234 2376 tu

656 2414 871 2483 pulcher
906 2431 976 2477 es,
1009 2423 1112 2468 etc.
1147 2412 1390 2468 Lectulus
1431 2425 1606 2468 noster
1653 2415 1892 2484 ﬂoridus.
1934 2415 2234 2485 Aliquando

651 2505 893 2563 Ecclesia
925 2507 1079 2576 quasi
1119 2507 1171 2560 in
1203 2506 1400 2561 lectulo
1428 2523 1550 2561 cum
1591 2523 1790 2576 sponso
1821 2509 2068 2578 quiescit,
2099 2516 2236 2562 tem-

657 2612 786 2668 pore
811 2596 1015 2652 scilicet
1043 2597 1215 2666 pacis,
1241 2597 1329 2652 ubi
1363 2597 1456 2651 Dei
1489 2595 1944 2666 pulchritudinem
1981 2598 2234 2667 liquidius

653 2689 860 2759 aspicit,
891 2698 945 2743 et
972 2689 1174 2759 prolem
1209 2688 1444 2743 fidelium
1475 2687 1606 2743 ﬂore
1632 2687 1755 2743 ﬁdei
1785 2689 2136 2754 redolentem,
2166 2706 2231 2745 ex

654 2795 791 2848 aqua
808 2787 864 2833 et
890 2778 1091 2848 Spiritu
1115 2789 1302 2834 sancto
1330 2780 1520 2850 gignit.
1552 2779 1854 2849 Aliquando
1883 2796 2002 2834 cum
2034 2796 2230 2850 sponso

657 2871 968 2940 insurgente
997 2871 1290 2925 tentatione
1318 2871 1369 2924 iu
1397 2870 1511 2924 acie
1538 2871 1805 2924 consistit.
1836 2869 1955 2936 Vel,
1985 2870 2226 2936 lectulus,

649 2962 829 3032 pusilli
864 2963 1067 3028 ﬁdeles,
1102 2964 1194 3033 qui
1223 2964 1332 3018 Deo
1361 2972 1485 3018 sunt
1516 2963 1670 3033 quies
1707 2971 1764 3018 et
1790 2964 2064 3034 magistris
2093 2965 2225 3026 suis,

653 3073 750 3126 per
792 3059 914 3122 hoc,
964 3058 1174 3124 saltem,
1217 3061 1358 3128 quod
1404 3075 1630 3129 peccare
1675 3060 1976 3114 mortaliter
2017 3041 2223 3124 nolunt,

650 3150 741 3218 qui
771 3148 963 3206 ﬂorent
993 3151 1160 3206 initiis
1191 3153 1453 3206 honorum
1493 3168 1739 3222 operum,
1779 3169 1877 3222 per
1916 3155 2061 3223 quod
2095 3155 2226 3209 dant

649 3256 799 3310 spem
837 3239 1062 3305 fructus,
1095 3241 1147 3296 id
1177 3251 1260 3296 est
1295 3241 1558 3310 majorum
1586 3258 1831 3311 operum.
1871 3243 2122 3309 Quietarn
2171 3245 2224 3298 in

647 3345 846 3400 sponso
892 3333 1058 3386 vitam
1107 3347 1264 3399 agere
1318 3333 1504 3388 volens
1547 3333 1734 3403 quales
1771 3333 1963 3388 domus
2000 3335 2126 3398 sint,
2171 3336 2223 3390 in

645 3421 844 3490 quibus
873 3438 998 3476 eum
1041 3422 1315 3491 suscipere
1341 3423 1470 3477 velit
1513 3423 1764 3478 insinuat.
1795 3424 1904 3478 Pax
1947 3425 2218 3492 Ecclesiae,

646 3511 937 3566 virtutibus
964 3511 1119 3566 ﬂoret
1145 3521 1201 3566 et
1226 3513 1490 3582 spirituali
1519 3514 1668 3584 prole
1697 3515 2102 3585 multiplicatur.

717 3603 882 3659 Vsus.
919 3602 1003 3659 l6.
1036 3635 1104 3643 —
1138 3602 1301 3674 Tigna
1337 3606 1610 3659 domorum
1649 3615 1943 3661 nostrarum
1982 3609 2216 3664 cedrino.

648 3696 850 3750 Domus
886 3694 1047 3750 variae
1085 3710 1184 3765 per
1229 3697 1486 3752 mundum
1534 3697 1601 3752 de
1642 3699 1890 3768 gentibus
1929 3698 2218 3765 Ecclesiar;

653 3786 839 3855 Tigna,
865 3802 984 3856 quae
1018 3785 1086 3840 ad
1115 3787 1470 3842 munitionem
1498 3788 1688 3844 domus
1724 3789 1897 3844 solent
1921 3789 2056 3857 ﬁeri,
2085 3807 2224 3861 prae-

653 3878 942 3942 dicatores,
971 3893 1197 3946 quorum
1221 3879 1386 3934 verbo
1407 3887 1462 3933 et
1483 3879 1728 3950 exemplo
1749 3890 2022 3937 structura
2044 3883 2222 3939 Eccle-

648 3969 764 4032 siae,
790 3983 858 4022 ne
886 3978 1128 4033 corruat,
1157 3970 1486 4024 continetur.
1519 3969 1832 4040 Laquearia,
1858 3989 1977 4042 quae
2024 3975 2091 4028 ad
2132 3976 2222 4030 de-

649 4074 829 4115 corem
895 4060 1086 4114 domus
1156 4059 1328 4113 solent
1391 4060 1507 4114 fieri
1535 4101 1550 4125 ,
1617 4063 1971 4132 simpliciores
2037 4065 2220 4122 famuli

647 4148 873 4214 Christi,
897 4149 987 4219 qui
1014 4149 1178 4218 tignis
1201 4149 1479 4204 adhmrent
1501 4159 1554 4204 et
1577 4161 1971 4219 sustentantur,
1999 4158 2090 4226 qui
2115 4173 2219 4213 non

647 4240 911 4306 doctrina,
946 4242 1040 4295 sed
1069 4240 1359 4295 virtutibus
1389 4251 1606 4295 ornant.
1633 4243 1962 4314 Cypressina.
1993 4247 2221 4318 Cypros-

647 4347 741 4388 sus
767 4330 955 4387 Grzece
989 4331 1212 4406 dicitur,
1243 4333 1384 4401 quod
1418 4341 1580 4403 caput
1607 4333 1723 4404 ejus
1750 4350 1777 4388 a
1812 4339 2140 4396 rotunditate
2165 4342 2217 4396 in

645 4437 873 4476 acumen
898 4422 1123 4492 erigitur
1149 4439 1161 4475 :
1188 4422 1329 4476 unde
1351 4431 1404 4476 et
1426 4431 1577 4485 κῶνος
1604 4426 1794 4480 turben
1819 4427 2036 4494 dicitur,
2065 4429 2117 4484 id
2137 4441 2222 4486 est

641 4508 750 4563 alta
784 4508 1109 4574 rotunditas,
1137 4510 1264 4564 hinc
1301 4519 1356 4565 et
1391 4510 1596 4566 fructus
1625 4527 1746 4567 cum
1775 4530 1943 4572 conus
1978 4519 2174 4575 dicitur
2202 4539 2215 4575 :

643 4599 807 4665 unde,
834 4599 1092 4669 Conil'era:
1122 4603 1366 4670 cypressi.

1262 4690 1489 4748 CAPUT
1538 4693 1599 4748 ιι.

719 4777 886 4835 Vsus.
917 4781 968 4834 l.
992 4811 1062 4821 —
1083 4781 1196 4852 Ego
1221 4784 1338 4851 ﬂos.
1369 4784 1504 4850 Quia
1532 4788 1813 4854 praesentis
1837 4792 2094 4860 temporis
2114 4802 2218 4847 sta-

645 4880 700 4926 tu
732 4872 885 4928 labor
915 4873 1087 4942 magis
1113 4889 1273 4942 quam
1313 4875 1524 4943 requies
1556 4879 1840 4932 convenit:
1871 4891 2016 4935 recte
2051 4898 2214 4952 spon-

642 4982 757 5021 sam
784 4965 896 5021 otio
931 4964 1251 5020 delectatam
1278 4967 1344 5021 ad
1376 4966 1620 5023 laborum
1645 4972 1903 5026 exercitia
1931 4985 2207 5042 provocat.

643 5059 805 5124 Quasi
843 5057 1050 5112 diceret
1099 5074 1111 5110 :
1151 5055 1230 5131 Tu
1278 5057 1492 5127 quidem
1536 5059 1719 5115 volens
1754 5061 2207 5131 pulchritudinem

642 5157 788 5203 tuam
831 5146 961 5200 mihi
1011 5130 1491 5202 commendabilem
1537 5130 1781 5213 reddere,
1826 5151 2113 5208 delectaris
2158 5154 2211 5208 in
2249 5179 2258 5184 -

641 5240 823 5309 quiete
866 5241 1090 5295 secretis
1129 5238 1322 5296 ﬂorere
1361 5240 1692 5297 virtutibus:
1752 5245 1845 5298 sed
1885 5246 2026 5300 scias
2069 5249 2211 5316 quod

639 5345 739 5400 ego
755 5330 976 5387 alterius
991 5332 1130 5386 modi
1151 5333 1600 5402 pulchritudinem
1623 5337 1838 5404 requiro
1863 5337 1916 5390 in
1937 5340 2208 5407 pmserrti,

638 5422 764 5490 quia
804 5438 922 5476 sum
965 5421 1063 5478 llos
1096 5424 1375 5488 virtutum,
1401 5439 1427 5476 a
1452 5439 1560 5492 quo
1589 5427 1765 5480 omnis
1794 5427 2001 5483 fruetus
2033 5432 2208 5501 campi

639 5514 945 5585 egreditur;
975 5514 1098 5583 quia
1139 5514 1360 5569 odorem
1403 5529 1580 5568 meum
1626 5517 1722 5570 toti
1763 5519 1961 5572 mundo
1994 5521 2207 5577 innote-

635 5621 789 5666 scere
815 5608 1148 5678 cupio,quod
1181 5623 1284 5661 non
1314 5617 1488 5677 potest
1515 5608 1742 5678 impleri,
1771 5610 1873 5665 nisi
1899 5612 2204 5671 intermissa

2336 2061 2454 2100 esse
2493 2055 2718 2116 possunt
2755 2064 2768 2098 :
2812 2047 2984 2100 bonus
3021 2061 3126 2100 non
3177 2045 3300 2110 fuit,
3329 2045 3418 2114 qui
3466 2043 3616 2098 malos
3653 2043 3805 2097 tolerare

2335 2152 2441 2190 non
2480 2137 2671 2206 potuit.
2702 2135 3065 2190 Adversarum
3116 2137 3388 2191 hatresum
3421 2135 3709 2204 dogmatibus
3735 2135 3805 2199 ejus

2337 2225 2620 2296 integritas
2645 2236 2898 2296 tanquam
2934 2225 3104 2296 spinis
3125 2225 3406 2296 pangitur,
3433 2231 3490 2278 ut
3510 2231 3670 2278 contra
3688 2223 3803 2276 hostes

2337 2332 2463 2372 suos
2507 2319 2735 2390 vigilans
2779 2327 3118 2382 exerceatur,
3151 2318 3324 2373 donec
3358 2316 3604 2382 eminens,
3630 2325 3802 2383 tanquam

2337 2405 2526 2470 lilium,
2557 2407 2612 2460 in
2647 2407 2822 2478 capite
2853 2407 3036 2479 sponsi
3061 2407 3170 2473 sui,
3203 2407 3434 2462 candore
3461 2407 3566 2476 ipso
3588 2406 3800 2460 decoretur.

2409 2497 2574 2552 Vsus.
2607 2497 2661 2551 5.
2686 2527 2758 2537 -
2781 2497 2926 2553 Sicut
2975 2497 3170 2564 malus,
3205 2507 3314 2553 etc.
3359 2497 3549 2567 Sponsa
3581 2497 3742 2551 laudata
3771 2507 3801 2550 et

2335 2589 2582 2660 exemplo
2621 2589 2807 2660 sponsi
2826 2589 2910 2644 -ad
2957 2589 3275 2660 patiendum
3309 2589 3586 2654 admonita,
3611 2588 3798 2658 reciproca

2335 2679 2491 2736 laude
2527 2697 2783 2751 sponsum
2824 2681 3038 2746 attollit,
3073 2682 3222 2751 quod
3264 2683 3404 2738 inter
3441 2681 3666 2737 bonorum
3696 2694 3796 2749 opera

2337 2772 2725 2845 [singulariter]
2754 2773 3004 2829 similiter
3033 2786 3258 2830 sanctus
3279 2776 3524 2838 emineat,
3544 2785 3592 2828 et
3613 2788 3660 2828 se
3673 2787 3795 2842 passu-

2333 2879 2448 2918 ram
2478 2864 2742 2932 promittit
2787 2865 2931 2936 quod
2965 2867 3196 2935 patitur,
3234 2883 3300 2924 eo
3333 2868 3641 2938 praesidente,
3667 2865 3794 2934 quiest

2335 2955 2674 3027 refrigerium
2713 2965 2770 3012 et
2806 2957 3052 3014 refectio.
3088 2959 3244 3014 Sicut
3280 2960 3464 3014 malus.
3494 2959 3792 3029 Unguenton

2332 3047 2484 3114 odor,
2512 3049 2757 3117 quamvis
2801 3051 3040 3104 suaviter
3081 3051 3310 3116 redolet,
3343 3067 3444 3107 non
3480 3061 3554 3107 est
3597 3059 3728 3103 tamen
3753 3046 3792 3098 ad

2332 3141 2596 3196 edendum
2622 3156 2804 3196 suave.
2831 3141 3026 3196 Malum
3051 3151 3238 3198 autem
3260 3143 3443 3214 optimi
3474 3142 3650 3212 saporis
3665 3138 3792 3194 etodo

2336 3235 2412 3290 ris
2439 3226 2542 3290 tale
2567 3244 2670 3302 est,
2703 3245 2764 3290 ut
2801 3234 2985 3292 fauces
3025 3237 3247 3293 dulcare
3288 3237 3524 3301 delectet,
3549 3244 3597 3290 et
3625 3233 3790 3303 spiritum

2333 3327 2564 3381 mulceat
2593 3327 2869 3383 odoratus.
2904 3327 3014 3384 Sub
3041 3330 3250 3382 umbra.
3278 3329 3400 3384 Ideo
3435 3328 3654 3384 dilectum
3677 3319 3788 3377 omni-

2326 3421 2427 3477 bus
2462 3437 2727 3492 propono,
2751 3423 2876 3493 quia
2909 3424 2962 3478 in
3002 3423 3114 3479 sola
3155 3425 3368 3496 pietatis
3401 3422 3508 3494 ejus
3532 3416 3786 3490 protectione.

2326 3511 2481 3582 cujus
2521 3511 2788 3567 desiderio
2813 3514 3089 3581 ardebam,
3124 3515 3458 3586 refrigerium
3487 3508 3785 3566 tribulationum

2327 3616 2413 3655 me
2458 3601 2730 3658 invenisse
2771 3604 3068 3674 conspicio,
3111 3613 3170 3660 et
3215 3605 3569 3660 suavissimum
3609 3600 3785 3654 donorum

2326 3691 2442 3762 ejus
2469 3693 2707 3750 fructum
2752 3696 2948 3762 sentio,
2985 3712 3094 3767 quo
3135 3711 3224 3752 me
3269 3705 3513 3770 perpetuo
3540 3687 3784 3748 reﬁciendam

2327 3784 2559 3840 conﬁdo.
2616 3787 3030 3843 Desideraverat
3072 3799 3256 3847 autem
3301 3789 3393 3845 sub
3436 3787 3596 3843 umbra
3625 3779 3784 3838 auctoris

2329 3877 2616 3948 respirare,
2642 3894 2762 3932 cum
2794 3895 2851 3934 se
2881 3879 2993 3934 sole
3017 3883 3445 3950 persecutionum
3475 3879 3686 3933 fuscatam
3707 3884 3785 3940 que-

2325 3968 2568 4035 rebatur,
2593 3985 2713 4024 cum
2746 3969 2840 4024 Dei
2872 3971 3128 4027 auxilium
3162 3973 3448 4044 implorans
3468 3960 3781 4026 clamabatzli-

2325 4061 2444 4116 dica
2468 4063 2596 4116 mihi
2620 4080 2770 4135 quem
2793 4063 2962 4136 diligit
2987 4065 3163 4120 anima
3185 4084 3299 4121 mea
3321 4083 3338 4121 :
3365 4066 3447 4120 ubi
3469 4079 3640 4135 pascas,
3655 4056 3715 4110 ubi
3730 4068 3782 4105 tl-

2325 4152 2407 4207 bes
2437 4155 2491 4207 in
2519 4155 2768 4221 meridie;
2810 4170 2933 4210 cum
2979 4172 3085 4212 non
3121 4159 3296 4214 solum
3336 4167 3662 4229 pressurarum
3685 4143 3780 4200 talio

2323 4241 2569 4313 fatigata,
2597 4244 2690 4298 sed
2727 4245 3100 4303 recordatione
3127 4248 3526 4319 pulchritudinis
3563 4253 3610 4300 et
3641 4234 3778 4296 decoris

2323 4329 2438 4398 ejus
2462 4331 2637 4386 illecta
2665 4332 2882 4388 dicebat
2916 4353 2928 4388 :
2963 4335 3210 4393 Lectulus
3247 4350 3416 4394 noster
3444 4335 3657 4408 ﬂoridus;
3682 4323 3776 4392 cuius

2323 4421 2576 4476 desiderii
2599 4438 2658 4476 se
2679 4434 2981 4494 compotem
3012 4425 3212 4485 factam
3243 4429 3484 4492 ostendit,
3507 4427 3685 4481 dicens:
3708 4415 3774 4469 Sil

2322 4509 2526 4564 umbra.
2551 4509 2620 4564 Et
2651 4514 2942 4569 notandum
2968 4519 3110 4586 quod
3144 4520 3388 4590 superius
3421 4518 3548 4587 tigna
3576 4508 3774 4566 cedrium!

2325 4602 2592 4676 laquearia
2627 4609 2920 4676 cypressina
2951 4611 3295 4680 prtcdicabat,
3326 4627 3426 4667 non
3465 4617 3614 4662 tamen
3649 4601 3772 4654 borum

2248 4669 2300 4727 D
2327 4669 2426 4748 sibi
2465 4669 2853 4762 proteclionem
2889 4669 3134 4756 suliicere
3184 4669 3526 4762 memorabat;
3559 4692 3634 4748 sed
3664 4684 3770 4741 50h!”

2325 4783 2448 4837 vitae
2475 4783 2746 4850 arborem,
2771 4787 2826 4840 in
2855 4789 3009 4859 cujus
3039 4790 3229 4845 umbra
3270 4791 3562 4861 quiesceret,
3587 4790 3629 4835 et
3654 4776 3767 4829 lruclu

2323 4877 2636 4932 reficeretur
2663 4881 2956 4949 quaerebat,
2983 4885 3105 4952 quia
3129 4886 3296 4941 sancti
3317 4879 3569 4950 exemplis,
3587 4867 3766 4952 doctrina.

2318 4975 2374 5022 et
2419 4967 2826 5036 intercessione,
2865 4951 3114 5046 suffragia
3144 4975 3322 5031 ferunt
3347 4993 3360 5028 :
3385 4971 3477 5027 soli
3517 4977 3655 5022 tamen
3689 4951 3764 5009 Si"

2319 5059 2488 5114 vatori
2517 5060 2695 5116 dicere
2725 5063 3008 5132 habemus,
3033 5064 3163 5121 Filii
3188 5077 3356 5122 autem
3383 5061 3615 5117 hominum
3637 5053 3764 5132 58W

2318 5153 2535 5204 lectione
2562 5152 2768 5207 alarum
2804 5131 3014 5210 tuarurn
3042 5158 3315 5228 sperabunt
3338 5151 3495 5225 (Psal.
3523 5131 3761 5233 xxxv).

2315 5256 2364 5300 et
2389 5245 2615 5315 fructus,
2642 5257 2748 5302 etc.
2774 5248 2886 5305 Non
2917 5251 3047 5306 dicit
3069 5224 3254 5318 sedeo,
3284 5224 3374 5306 sed
3398 5246 3513 5303 sedi.
3538 5224 3760 5307 llujllﬂno‘li

2316 5337 2588 5407 Ρτοῖεοιυε
2616 5348 2742 5393 sunt
2768 5340 3154 5409 Ecclesiarum,
3179 5352 3235 5397 ut
3265 5343 3318 5396 in
3355 5335 3552 5395 exordio
3571 5319 3757 5382 desideret

2316 5430 2578 5500 quispiam
2619 5431 2672 5484 in
2712 5432 2971 5489 virtutum
3011 5435 3198 5491 umbra
3231 5432 3499 5491 consedere
3533 5429 3580 5477 ut
3609 5413 3658 5470 ad
3677 5421 3755 5465 eum

2315 5523 2493 5577 veniat
2517 5538 2712 5592 corpus
2741 5525 2880 5595 ejus,
2902 5541 2970 5581 ex
2995 5541 3102 5596 qua
3136 5527 3319 5582 umbra
3361 5519 3598 5577 nascitur:
3619 5503 3753 5596 ἰάψει

2311 5613 2564 5669 nativitas
2590 5613 2715 5670 Iesu
2740 5615 2810 5670 ab
2827 5595 3024 5672 umbra,
3042 5618 3202 5689 carpit
3220 5658 3234 5683 ,
3259 5627 3312 5672 et
3336 5617 3382 5669 in
3406 5609 3594 5666 veritate
3612 5595 3751 5689 linitur:

634 5702 816 5772 quiete
839 5741 854 5766 ,
885 5673 1364 5768 uua-delectaris,
1419 5699 1484 5752 ad
1535 5673 1768 5754 cilicium
1808 5701 2206 5770 praedicationis
2310 5705 2463 5761 Sicut
2505 5706 2998 5778 dicitur:'Spiritus
3029 5673 3232 5765 sanctus
3268 5699 3548 5778 superueniet
3575 5693 3618 5744 t'tt
3641 5673 3749 5746 ιινά

633 5792 952 5862 accingaris.
988 5791 1052 5844 Et
1092 5790 1261 5842 lilium
1308 5791 1616 5844 convallium
1654 5793 1823 5862 magis
1863 5811 2022 5864 quam
2054 5813 2206 5851 ruon-

635 5881 794 5946 tium,
819 5881 946 5948 quia
983 5879 1280 5933 claritatem
1322 5892 1451 5931 mete
1496 5880 1867 5949 humanitatis,
1896 5885 1977 5939 Vel
2019 5888 2199 5956 splen-

2305 5801 2469 5854 virtus
2500 5800 2755 5855 Altissimi
2787 5802 3109 5860 obumbrabit
3137 5804 3227 5860 tibi
3258 5801 3398 5874 (Luc.
3439 5795 3489 5868 I).
3514 5790 3586 5846 Sic
3620 5781 3745 5853 Ρ⁰⁶⁸θ²

2305 5892 2371 5947 ad
2401 5891 2621 5947 meliora
2651 5891 2711 5946 fit
2741 5893 3013 5950 transitus.
