4028 6332
250 491 388 546 1157

820 537 851 565 ο

969 485 1237 541 GLOSSA
1275 480 1675 539 ORDINARIA.
1717 509 1785 519 —
1821 478 2173 534 CANTICUM
2211 447 2674 533 canrtconuu.

3355 469 3492 525 H38

323 604 522 660 Dulcis.
565 586 778 668 Quia'in
820 615 884 654 co
911 598 1160 668 intelligit
1193 597 1372 650 anima
1415 609 1634 650 causam
1671 593 1813 656 vitae,
1848 595 2021 654 Anos
2063 590 2399 662 gloriﬁcabit.
2444 589 2607 657 Quasi
2641 603 2655 641 :
2702 588 3036 658 Temporalia
3085 587 3177 644 Dei
3229 584 3494 642 beneﬁcia

251 694 380 751 dum
409 701 464 748 ει
489 689 843 761 corporaliter
869 688 1115 759 percipit.

322 807 487 864 Vnus.
510 801 566 858 4.
594 831 665 843 -
691 799 993 855 Introduxit
1035 814 1136 851 me.
1183 795 1309 851 Haec
1349 793 1572 849 refectio
1614 800 1827 863 quanta:

252 895 572 959 dulcedinis,
602 900 817 963 quantze
841 891 912 945 sit
935 889 1177 952 virtutis,
1207 887 1526 948 ostenditur,
1551 900 1670 940 cum
1699 882 1825 937 sub-

254 991 365 1054 dit,
397 986 700 1041 Introduxit
730 1000 830 1037 me.
863 981 918 1036 ld
955 989 1068 1043 est,
1102 995 1195 1050 spe
1234 978 1426 1034 futura:
1467 977 1650 1047 gloria:
1695 975 1830 1028 adeo

254 1074 567 1138 lmtilicavit,
593 1082 644 1126 ut
668 1073 778 1142 jatn
801 1071 979 1126 saeculi
1010 1086 1113 1126 non
1143 1071 1372 1124 sentiam
1395 1067 1624 1122 labores.
1655 1064 1832 1118 Intro-

255 1166 424 1222 duxit.
461 1163 680 1237 (Auum)
723 1161 892 1229 Quam
925 1162 1033 1216 cito
1071 1170 1254 1230 guttur
1292 1174 1466 1213 meum
1497 1156 1831 1226 dulcedinem

257 1256 442 1326 gratiae
471 1255 588 1324 ejus
617 1254 822 1323 attigit,
855 1253 928 1306 ita
972 1268 1056 1306 me
1085 1258 1383 1307 recreatam
1431 1248 1620 1316 spiritu
1657 1257 1712 1301 et
1766 1247 1833 1300 ab

258 1361 443 1403 amore
479 1356 816 1400 terrenarum
846 1344 898 1398 in
937 1357 1168 1412 superna
1189 1339 1515 1412 translatam
1545 1337 1744 1402 sentio,
1772 1351 1834 1391 ac

258 1441 301 1494 si
349 1439 402 1493 in
445 1437 635 1491 cellam
687 1435 943 1489 vinariam
991 1435 1320 1496 introducta,
1377 1431 1498 1485 novi
1549 1429 1649 1484 sim
1698 1427 1836 1482 meri

257 1530 421 1585 odore
471 1538 527 1581 et
572 1528 766 1596 poculo
814 1525 1034 1580 refecta.
1075 1523 1267 1594 I‘ypice
1314 1535 1411 1593 per
1452 1521 1627 1574 vinum
1665 1518 1836 1589 gratia

259 1619 494 1690 Spiritus
534 1618 706 1672 sancti
750 1625 996 1682 notatur;
1047 1612 1192 1670 Cella
1233 1613 1435 1668 vinaria
1461 1623 1542 1666 est
1577 1609 1833 1674 Ecclesia,

261 1709 314 1764 in
339 1708 491 1778 cujus
526 1708 730 1762 unitate
770 1715 975 1761 tantum
1004 1706 1118 1761 dari
1147 1705 1285 1760 solet
1327 1712 1381 1759 et
1409 1702 1577 1771 accipi
1606 1700 1840 1770 Spiritus

260 1812 508 1864 sanctus;
540 1814 699 1870 quam
739 1799 1036 1852 Ecclesiam
1087 1797 1152 1850 de
1201 1804 1312 1850 toto
1353 1795 1485 1848 orbe
1528 1792 1836 1853 collectam,

260 1893 400 1948 Deus
428 1894 479 1946 in
511 1907 669 1946 unam
699 1889 799 1944 sibi
828 1890 1042 1943 domum
1073 1888 1386 1951 fabricavit,
1417 1901 1576 1954 quam
1610 1883 1842 1952 Spiritus

1930 683 2074 754 (quo
2139 699 2167 735 a
2231 681 2415 736 mundi
2462 680 2842 750 cupiditatibus
2900 688 2953 733 et
3004 677 3500 750 perturbationibus

1929 757 2315 845 aliquantulum
2346 773 2625 843 quiescere
2655 770 2871 843 queam)
2896 772 3154 842 adjuvant
3183 771 3236 824 in
3261 771 3362 825 hoc
3383 770 3501 826 loco

1929 867 2415 941 peregrinationis,
2462 874 2518 920 et
2557 875 2883 920 aeternorum
2933 865 3222 937 promissio
3274 863 3504 935 amplius

1931 961 2178 1016 delectat.

2006 1054 2169 1109 Vens.
2197 1055 2248 1109 7.
2270 1086 2340 1095 —
2364 1055 2588 1126 Adjuro.
2623 1051 2904 1107 Primitiva
2945 1050 3184 1105 Ecclesia
3227 1048 3291 1102 ad
3322 1056 3508 1118 gentes

1933 1161 2190 1201 conversa
2210 1188 2224 1211 ,
2253 1156 2307 1202 et
2337 1148 2489 1218 quasi
2524 1147 2575 1200 in
2605 1160 2835 1214 persona
2878 1158 3065 1198 eorum
3108 1141 3386 1210 hucusque
3425 1138 3507 1193 lo-

1935 1246 2079 1301 cuta,
2110 1253 2230 1292 cum
2260 1254 2326 1291 ex
2357 1252 2538 1292 amore
2563 1235 2802 1290 interiori
2833 1233 3075 1304 corporis
3104 1229 3371 1286 defectum
3398 1229 3508 1302 jam

1934 1328 2202 1397 patiatur;
2253 1336 2434 1383 monet
2475 1342 2704 1398 sponsus
2751 1324 3014 1379 novellam
3059 1322 3391 1386 Ecclesiam,
3443 1336 3512 1376 ne

1935 1419 2210 1487 peccando
2235 1419 2496 1487 inquietet
2525 1433 2664 1472 eam.
2697 1417 2868 1484 Quam
2897 1414 3145 1469 amabilis
3173 1414 3246 1468 sit
3274 1413 3385 1467 Deo
3408 1412 3510 1465 hu-

1931 1505 2021 1575 jus
2050 1508 2304 1562 Ecclesiaa
2328 1517 2384 1563 et
2407 1507 2692 1579 cujuslibet
2721 1506 2890 1560 ﬁdelis
2919 1505 3111 1559 animae
3143 1503 3391 1574 pausatio
3409 1544 3423 1567 ,
3448 1517 3515 1556 ex

1941 1598 2290 1666 responsione
2319 1599 2503 1668 sponsi
2545 1598 2870 1653 declaratur.
2905 1593 3011 1650 Per
3055 1611 3290 1665 capreas.
3323 1594 3378 1648 Id
3409 1602 3515 1660 est,

1941 1687 1987 1742 si
2030 1688 2207 1742 velitis
2253 1705 2371 1744 esse
2420 1690 2812 1760 comparabiles
2855 1689 3085 1758 capreis,
3124 1687 3208 1740 vel
3255 1687 3412 1740 cervis
3462 1686 3516 1739 in

1939 1778 2199 1833 virtutum
2230 1779 2507 1836 altitudine
2533 1790 2589 1835 et
2615 1773 3022 1851 pretiosioribus
3046 1780 3269 1844 cibis,et
3295 1780 3346 1833 in
3369 1779 3521 1849 agni-

1941 1869 2117 1935 tione,
2151 1887 2270 1942 qua:
2313 1873 2517 1926 medela
2557 1874 2625 1928 sit
2657 1889 2892 1944 congrua
2935 1874 3132 1927 vestris
3179 1872 3519 1936 vulneribus,

259 1993 476 2040 sanctus
518 1983 631 2037 suis
655 1981 1070 2036 charismatibus
1092 1976 1592 2043 consecravit.Qu:c
1613 1974 1838 2039 fabrica,
1871 1983 1919 2044 Β
1945 1960 1990 2014 Si
2027 1959 2248 2015 “linem
2277 1962 2505 2018 Ῑιθδειίς·
2538 1963 2757 2033 capre1e
2791 1971 2846 2017 ει
2873 1963 3050 2028 οθΐνίν
3083 1963 3282 2017 munda
3311 1962 3522 2016 anima-

257 2078 383 2149 quia
412 2078 464 2130 in
492 2076 771 2130 charitatis
805 2074 1050 2127 maxima:
1068 2071 1418 2127 fundamento
1439 2071 1556 2139 ipso
1584 2076 1845 2138 cperante

259 2169 527 2233 consistit,
559 2177 703 2222 recte
726 2166 1006 2222 subditur:
1024 2163 1300 2219 Ordinavit
1329 2163 1384 2216 in
1404 2179 1486 2216 me
1513 2161 1840 2215 charitatem.

261 2260 549 2315 Multorum
595 2260 833 2315 charitas
878 2258 1178 2312 inordinata
1224 2264 1345 2319 est,
1377 2254 1521 2323 quod
1572 2253 1623 2307 in
1671 2252 1846 2322 primo

259 2361 342 2407 est
364 2393 378 2415 ,
409 2360 612 2422 ponunt
641 2351 856 2404 tertium
877 2390 890 2414 ,
918 2348 1002 2404 vel
1037 2356 1308 2419 quartum.
1340 2344 1552 2410 Primo,
1585 2343 1726 2398 Deus
1762 2342 1844 2397 di-

260 2440 503 2508 ligendus
552 2447 664 2504 est;
719 2437 988 2502 secundo,
1037 2443 1319 2506 parentes;
1386 2433 1508 2488 inde
1558 2432 1680 2496 lilii,
1723 2438 1848 2500 post

261 2529 558 2592 domestici,
593 2529 682 2598 qtti
711 2528 896 2592 etiam,
925 2527 970 2582 si
1007 2525 1134 2580 boni
1176 2534 1320 2594 utut,
1350 2524 1507 2578 malis
1549 2523 1672 2577 [iliis
1707 2537 1846 2592 prae-

265 2622 497 2692 ponendi
527 2628 669 2675 sunt.
703 2618 1008 2675 Secundum
1035 2618 1136 2672 hoc
1167 2617 1219 2670 in
1248 2615 1538 2687 Evangelio
1574 2615 1641 2669 ad
1669 2614 1848 2685 cujus-

268 2726 479 2782 cunque
491 2711 852 2774 dilectionem,
872 2710 1148 2780 proprium
1161 2707 1330 2779 ponit.
1349 2707 1547 2778 Diliges
1561 2707 1847 2760 Dominum

266 2803 431 2857 Deum
471 2814 619 2856 tuum
648 2819 712 2856 ex
747 2813 854 2856 toto
881 2801 1036 2855 corde
1061 2812 1180 2865 tuo,
1209 2810 1257 2854 et
1287 2816 1350 2853 ex
1379 2810 1485 2852 tota
1527 2807 1693 2851 mente
1717 2807 1810 2850 tua
1829 2837 1846 2863 ,

265 2903 312 2946 et
332 2893 626 2963 proximum
649 2903 796 2946 tuum
817 2893 949 2946 sicut
988 2893 1207 2960 teipsum
1232 2890 1426 2962 (Marc.
1453 2889 1570 2960 xu).
1599 2889 1849 2944 Inimicos

267 3001 372 3038 non
400 2993 606 3038 ex-tota
635 2985 864 3046 virtute,
911 2999 1015 3036 non
1063 2984 1203 3037 sicut
1238 2983 1487 3050 teipsum,
1516 2982 1609 3035 sed
1640 2981 1847 3051 simpli-

268 3076 407 3130 citer
441 3092 453 3126 :
484 3073 678 3126 suflicit
707 3075 849 3126 enim
880 3074 1021 3142 quod
1056 3073 1360 3141 diligimus,
1389 3082 1443 3128 et
1476 3088 1583 3126 non
1606 3074 1729 3126 odio
1756 3073 1850 3125 ha-

275 3168 484 3220 bemus.
519 3161 647 3230 Vel,
679 3164 792 3233 ipse
821 3165 970 3233 prior
1003 3164 1190 3219 dilexit
1217 3180 1335 3230 me,
1369 3175 1422 3219 et
1465 3163 1755 3234 diligendo,
1790 3173 1850 3218 ut

273 3273 395 3313 eum
423 3273 604 3312 atnare
630 3271 874 3323 nossem,
899 3257 1133 3311 donavit.
1171 3258 1298 3323 Vel,
1329 3257 1632 3321 ordinavit,
1667 3258 1718 3310 id
1743 3265 1844 3322 est,

1947 2053 2034 2116 lia,
2067 2069 2394 2110 venenorum
2420 2057 2668 2122 inimica,
2701 2058 3048 2123 ruminantia,
3073 2074 3235 2128 opera
3267 2059 3523 2128 spiritua-

1945 2143 2076 2198 lium
2131 2146 2389 2201 virtutum
2459 2147 2728 2220 ligarant,
2785 2157 2973 2202 contra
3027 2148 3279 2203 virulenti
3354 2149 3526 2204 hostis

1947 2235 2186 2292 insidias.
2209 2237 2364 2292 Cervi
2396 2248 2638 2308 tempore
2671 2239 2872 2294 amoris
2909 2239 3248 2295 discedentes
3273 2257 3302 2294 a
3327 2241 3522 2310 patria,

1946 2327 2084 2382 alter
2117 2328 2361 2385 clunibus
2381 2330 2602 2386 alterius
2633 2333 2807 2402 capite
2838 2332 3089 2401 imposito
3115 2348 3172 2387 se
3197 2341 3521 2396 sustentant,

1947 2419 2235 2475 ordinatim
2283 2421 2608 2485 incedentes,
2646 2424 2850 2493 primus
2895 2423 3029 2489 fert,
3063 2423 3280 2479 ultimus
3317 2432 3523 2478 tantum

1947 2511 2136 2574 fertur,
2167 2513 2343 2583 primo
2371 2512 2612 2584 fatigato,
2637 2514 2862 2570 ultimus
2889 2515 3147 2578 succedit,
3180 2516 3405 2571 canibus
3439 2518 3522 2571 in-

1947 2602 2296 2672 sequentibus
2345 2618 2442 2674 per
2490 2603 2702 2660 dumeta
2748 2607 3002 2661 cornibus
3056 2608 3218 2661 dorso
3260 2607 3526 2678 impositis

1948 2692 2100 2748 illaesi
2131 2694 2383 2748 evadunt.
2421 2693 2791 2766 Caligantibus
2823 2698 2994 2753 oculis
3021 2708 3322 2770 serpentem
3349 2714 3524 2754 come-

1949 2783 2100 2848 dunt,
2131 2794 2185 2838 et
2211 2785 2404 2840 hausto
2431 2785 2578 2841 fonte
2603 2789 2776 2841 visum
2806 2799 3146 2860 recuperant,
3175 2799 3228 2844 et
3253 2791 3530 2861 deponunt

1949 2873 2238 2946 superﬂua.
2277 2875 2367 2930 Sic
2397 2877 2568 2931 sancti
2596 2893 2781 2933 amore
2809 2879 2903 2934 Dei
2931 2881 3242 2934 renuntiant
3265 2881 3524 2936 terrenis:

1949 2968 2088 3022 alter
2121 2969 2342 3023 alterius
2367 2984 2532 3024 onera
2561 2981 2900 3042 supportant,
2929 2973 3106 3028 minus
3135 2973 3280 3027 enim
3315 2975 3525 3028 onerati

1949 3062 2185 3130 peccatis
2233 3061 2465 3115 allevant
2517 3072 2805 3125 oneratos,
2862 3066 3246 3131 condonanda,
3297 3083 3396 3136 pro
3447 3067 3525 3121 cis

1949 3151 2183 3215 orando;
2225 3152 2388 3205 robur
2414 3152 2595 3205 datum
2643 3168 2740 3221 per
2791 3152 3046 3222 Spiritum
3087 3166 3332 3210 sanetum
3358 3157 3524 3210 menti

1951 3259 2060 3298 suae
2107 3254 2442 3314 supponunt,
2494 3247 2621 3299 dum
2672 3255 2930 3317 urgentur
2983 3252 3050 3301 ab
3089 3249 3294 3318 impiis,
3349 3257 3405 3302 et
3449 3249 3527 3304 sic

273 3351 520 3407 ordinata
557 3351 850 3415 cltaritate,
895 3365 1012 3404 mea
1063 3351 1271 3420 singula
1322 3351 1592 3415 membra,
1645 3350 1848 3416 idest,

1953 3342 2235 3389 transeunt
2269 3335 2450 3400 illmsi;
2503 3336 2774 3391 diabolum
2807 3337 3123 3402 comedunt,
3158 3337 3208 3390 id
3237 3347 3336 3400 est,
3374 3337 3528 3391 anni-

270 3442 471 3498 electos
499 3457 686 3497 omnes
705 3484 719 3507 ,
747 3442 849 3497 sibi
881 3442 1181 3512 copulavit;
1212 3443 1567 3498 eminentiora
1601 3441 1850 3512 ampliori

273 3533 468 3590 aﬂ‘ectu
528 3536 921 3604 complectitur.
985 3535 1255 3601 Quantum
1308 3537 1545 3590 charitas
1613 3544 1848 3590 mentem

273 3648 433 3703 quam
479 3632 719 3705 perfecte
767 3633 1110 3688 absorbuerit
1163 3630 1230 3684 ab
1281 3645 1464 3686 amore
1513 3628 1849 3684 inﬁrmorum

275 3726 522 3783 sastollat
548 3725 803 3790 ostendit,
836 3739 958 3778 cum
983 3721 1231 3777 subditur
1260 3739 1272 3774 :

350 3853 512 3909 Vnus.
550 3854 602 3909 5.
628 3885 699 3894 —
728 3853 955 3907 Fulcite.
989 3852 1106 3907 Jam
1149 3851 1473 3923 supradictis
1513 3851 1852 3920 confortata,

279 3947 349 4000 ita
381 3948 690 4000 inamorem
727 3946 813 3999 Dei
855 3947 1040 4009 ardet,
1086 3953 1142 3998 ut
1197 3962 1308 4015 prae
1338 3946 1503 4000 nimio
1545 3961 1729 4001 amore
1771 3946 1855 4002 vel

277 4038 450 4107 pinnis
483 4037 646 4090 illatis
673 4036 898 4108 languor
923 4037 1103 4090 carnis
1149 4037 1448 4090 immineat.
1499 4035 1616 4101 Vel,
1649 4037 1851 4106 fulcite,

279 4127 330 4180 id
358 4134 462 4191 est,
494 4141 589 4181 vos
615 4125 724 4193 alii,
751 4125 833 4180 vel
857 4124 1228 4195 perfectiores,
1254 4125 1340 4179 vel
1370 4125 1686 4194 incipientes
1720 4128 1855 4182 bene

279 4217 570 4287 operando,
596 4217 714 4270 sitis
737 4217 864 4270 inibi
902 4216 1199 4281 recreatio,
1242 4225 1301 4270 ut
1344 4217 1396 4270 in
1427 4217 1581 4272 bonis
1602 4219 1855 4288 operibus

278 4307 476 4361 vestris
505 4308 799 4376 quiescam,
834 4322 954 4377 quae
991 4307 1166 4361 adhuc
1195 4323 1302 4361 non
1324 4322 1542 4376 possum
1579 4310 1857 4378 quiescere

279 4397 691 4467 contetnplando
717 4398 922 4452 vultum
949 4398 1062 4452 Dei.
1089 4397 1210 4452 Ideo
1237 4397 1436 4467 fulcite,
1462 4407 1522 4452 ut
1545 4408 1601 4454 et
1619 4416 1858 4470 przesens

279 4496 335 4545 ct
365 4489 604 4544 futurum
631 4490 926 4545 subsidium
951 4491 1216 4556 habeatis,
1240 4491 1378 4545 sicut
1399 4507 1499 4562 ego
1522 4493 1573 4545 in
1599 4492 1858 4562 languore

280 4594 400 4634 meo
435 4581 624 4635 habeo.
657 4581 869 4648 Quanto
898 4597 955 4635 se
986 4583 1051 4635 ad
1078 4596 1316 4635 amorem
1356 4583 1539 4649 sponsi
1578 4583 1854 4644 accendit,

283 4678 433 4726 tanto
465 4672 534 4725 ab
567 4685 750 4724 amore
779 4671 1152 4740 temporalium
1180 4669 1517 4740 languescit:
1549 4671 1691 4726 unde
1730 4673 1828 4726 sub

283 4760 362 4816 dit
395 4778 407 4813 :
437 4761 703 4831 Langueo.

360 4895 518 4950 Vens.
544 4895 596 4950 6.
617 4925 689 4936 —
709 4894 862 4950 vaa
891 4897 1025 4966 ejus.
1054 4895 1170 4950 Noli
1195 4896 1408 4952 aliunde
1428 4898 1590 4968 capiti
1619 4901 1861 4970 requiem

286 4998 556 5056 quaerere;
598 4987 641 5042 si
672 4989 816 5041 enim
845 4986 1031 5041 laevam
1059 4987 1176 5056 ejus
1206 4989 1487 5055 habueris,
1519 4990 1699 5044 omnia
1733 4991 1860 5058 tibi,

287 5094 406 5148 quae
433 5095 550 5134 mea
580 5088 703 5134 sunt
733 5080 1055 5134 tribuentur.
1089 5077 1245 5133 vaa
1266 5080 1380 5150 ejus
1410 5080 1504 5134 sub
1534 5082 1701 5150 capite
1729 5098 1859 5137 meo.

287 5170 420 5228 Cum
451 5171 613 5226 corda
641 5170 874 5225 ﬁdelium
907 5173 960 5224 in
989 5170 1089 5224 hac
1115 5170 1245 5235 vita,
1275 5185 1372 5241 per
1401 5179 1861 5227 sacramentorum

294 5263 783 5333 participationem,
812 5278 908 5333 per
928 5263 1122 5334 pignus
1144 5262 1396 5333 Spiritus,
1429 5279 1526 5334 per
1555 5264 1865 5335 Scriptura-

292 5371 412 5410 rum
444 5356 633 5410 solatia
665 5354 1038 5411 confortantur
1065 5374 1077 5410 :
1118 5372 1236 5427 qua:
1258 5366 1314 5414 et
1346 5358 1413 5413 ad
1447 5359 1742 5414 subsidium
1770 5374 1867 5430 pe-

292 5447 672 5519 regrinationis
711 5447 803 5502 dat
839 5449 980 5503 Deus
1013 5464 1026 5500 :
1058 5447 1271 5501 dextera
1307 5449 1709 5519 amplexabitur,
1739 5465 1864 5505 cum

290 5547 412 5613 post
442 5539 578 5593 hanc
623 5540 789 5592 vitam
825 5539 1064 5595 caelestia
1100 5539 1313 5609 praemia
1350 5541 1692 5610 accipiemus.
1715 5540 1868 5596 Lteva

294 5631 374 5703 (id
397 5638 497 5692 est,
527 5643 763 5700 praesens
789 5630 930 5694 vita,
962 5637 1018 5684 et
1050 5630 1366 5700 temporalia
1402 5630 1497 5685 Dei
1523 5631 1708 5703 dona),
1741 5634 1868 5687 dum

293 5737 394 5797 per
437 5737 585 5792 spem
620 5729 853 5776 mentem
886 5721 1126 5784 roborat,
1160 5731 1242 5776 est
1267 5722 1360 5776 sub
1387 5725 1553 5792 capite
1582 5726 1647 5778 ad
1677 5739 1872 5780 conso-

296 5815 548 5872 lationem
574 5815 697 5870 data
727 5831 740 5866 :
779 5822 834 5868 et
860 5812 1094 5877 dextera,
1129 5812 1183 5868 id
1211 5823 1294 5868 est
1313 5823 1514 5869 aeterna
1539 5816 1645 5870 vita
1675 5815 1870 5886 ample-

297 5908 528 5970 xabitur,
545 5906 684 5960 sicut
700 5912 1008 5974 protegens,
1032 5905 1247 5973 quando
1267 5920 1364 5975 per
1381 5908 1869 5962 remunerationem

1954 3425 2124 3481 hilant
2157 3426 2210 3481 in
2239 3442 2313 3489 se,
2359 3436 2412 3480 et
2451 3436 2636 3496 potato
2665 3427 2829 3493 fonte,
2871 3429 2920 3482 id
2963 3437 3064 3494 est,
3093 3426 3330 3494 Christo,
3354 3429 3526 3483 visum

1953 3518 2266 3572 interiorem
2314 3525 2668 3588 recuperarit,
2712 3527 2766 3573 et
2813 3518 3002 3590 pellem
3053 3527 3288 3588 ponunt,
3331 3519 3383 3573 id
3425 3529 3528 3583 est,

1955 3607 2222 3664 immunes
2262 3609 2397 3662 fiunt
2437 3624 2467 3662 a
2509 3610 2764 3678 peccatis.
2795 3608 2877 3662 Ne
2908 3610 3185 3664 suscitetis.
3218 3608 3432 3679 (Getam)
3471 3607 3528 3662 Si

1955 3701 2153 3756 subditi
2205 3701 2403 3770 aliquid
2453 3712 2713 3772 peccant,
2762 3711 2983 3773 propter
3021 3701 3164 3772 quod
3211 3701 3459 3758 doctores
3498 3717 3528 3756 a

1955 3794 2135 3864 quiete
2175 3811 2397 3866 surgere
2437 3804 2718 3866 cogantur,
2763 3811 2866 3850 non
2903 3805 3109 3850 tantum
3140 3809 3354 3866 paruam
3392 3796 3532 3852 illius

1944 3888 2160 3957 peccati
2190 3888 2490 3954 incurrunt,
2521 3888 2614 3943 sed
2655 3889 2816 3942 etiam
2858 3889 3152 3959 puniuntur
3188 3904 3288 3958 pro
3319 3889 3530 3960 inquie-

1956 3980 2157 4034 tatione
2185 3981 2484 4044 doctorum,
2530 3981 2654 4049 quia
2699 3981 2789 4049 qui
2820 3982 3066 4036 doctores
3106 3981 3418 4036 cmlestibus
3446 3981 3530 4036 in-

1957 4079 2135 4126 tentos
2185 4071 2486 4141 inquietare
2533 4073 2840 4141 praesumit,
2902 4074 3065 4127 etiam
3122 4074 3350 4128 virtutes
3399 4089 3536 4143 quas

1957 4162 2157 4217 habere
2186 4177 2244 4216 se
2277 4161 2551 4226 credebat,
2584 4164 2777 4234 perdit.
2810 4163 2892 4217 Ad
2925 4165 3290 4234 jnramentum
3320 4165 3533 4233 sponsi,

1959 4270 2155 4325 sponsa
2179 4254 2409 4309 libenter
2431 4256 2674 4325 suscipit,
2702 4264 2755 4309 et
2784 4257 3006 4310 audiens
3033 4256 3534 4334 determinationem

1959 4347 2119 4402 istam
2147 4347 2467 4416 appositam,
2497 4346 2702 4400 scilicet
2743 4345 2916 4399 donec
2965 4347 3076 4415 ipsa
3105 4345 3262 4411 velit,
3294 4347 3538 4402 animad-

1959 4439 2124 4493 vertit
2171 4437 2271 4490 sibi
2307 4437 2535 4490 latenter
2566 4437 2814 4506 praecipi,
2845 4444 2904 4489 ut
2945 4437 3058 4505 ipsa
3086 4445 3273 4506 sponte
3317 4453 3538 4509 surgere

1961 4529 2119 4592 velit,
2171 4527 2438 4598 promittit
2484 4543 2613 4598 ergo
2661 4543 2720 4582 se
2765 4538 3131 4582 surrecturam
3179 4536 3233 4583 et
3287 4530 3541 4599 proponit

1963 4618 2122 4672 talem
2149 4633 2428 4688 sponsum,
2457 4634 2554 4689 pro
2579 4634 2684 4688 quo
2710 4619 2857 4684 velit,
2895 4629 2948 4674 et
2978 4628 3185 4689 tempus
3216 4636 3536 4691 congruum.

1832 4701 1858 4712 ’
1887 4697 1940 4758 Β
1965 4710 2250 4780 Postquam
2280 4711 2425 4765 enim
2463 4711 2688 4780 apostoli
2725 4711 2777 4766 in
2813 4712 3086 4783 primitiva
3129 4713 3368 4768 Ecclesia
3405 4729 3537 4785 gen-

1965 4803 2097 4858 tium
2126 4803 2318 4874 positi,
2351 4805 2405 4858 in
2461 4812 2666 4857 tantam
2693 4803 3078 4874 perfectionem
3111 4821 3168 4860 se
3199 4815 3254 4861 et
3287 4805 3421 4860 alios
3452 4806 3540 4860 in-

1966 4897 2262 4960 duxerant,
2303 4904 2361 4950 ut
2401 4896 2510 4966 jam
2545 4897 2982 4966 contemplationi
3017 4907 3290 4961 vacarent,
3341 4897 3538 4952 iterum

1965 4988 2214 5059 intelligit
2257 4989 2358 5042 sibi
2407 4989 2714 5059 impositam
2774 4991 3155 5045 necessitatem
3203 4989 3541 5046 discurrendi

1963 5095 2063 5150 per
2089 5088 2260 5134 totum
2308 5079 2564 5133 mundum
2596 5090 2650 5134 et
2678 5082 3022 5136 construendi
3050 5095 3216 5135 novas
3250 5079 3537 5136 Ecclesias.

2041 5166 2205 5222 Vens.
2231 5167 2283 5222 8.
2307 5198 2374 5209 --
2411 5165 2524 5220 Vox
2549 5168 2722 5223 dilecti
2747 5171 2865 5224 mei.
2898 5169 3011 5224 Hac
3045 5177 3129 5224 est
3169 5184 3330 5240 quam
3361 5170 3543 5226 audivi

1971 5260 2306 5330 adjurantem
2364 5258 2501 5314 filias
2547 5260 2844 5316 Jerusalem
2899 5274 2966 5315 ne
3013 5275 3100 5316 me
3151 5262 3475 5319 suscitarent
3526 5281 3540 5317 :

1973 5349 2179 5422 gaudeo
2203 5349 2616 5404 consolatoriam
2646 5351 2762 5420 ejus
2781 5366 2966 5406 vocem
2997 5351 3220 5407 audiens
3239 5393 3254 5418 ,
3282 5368 3403 5408 cum
3430 5352 3546 5422 ejus

1974 5441 2164 5496 faciem
2199 5441 2437 5496 nondum
2469 5443 2655 5508 video;
2695 5453 2874 5498 tamen
2916 5445 3195 5501 sublevate
3238 5448 3306 5501 ad
3348 5447 3544 5502 etelum

1977 5532 2178 5596 animo,
2208 5531 2438 5601 aliquam
2465 5534 2784 5587 suavitatem
2809 5531 3004 5588 futurae
3035 5535 3382 5591 beatitudinis
3406 5552 3546 5608 pra:-

1972 5633 2156 5696 gusto,
2182 5624 2345 5679 etiam
2377 5625 2430 5679 in
2473 5625 2575 5679 hoc
2615 5623 2884 5694 praesenti.
2920 5623 3128 5680 Saliens
3168 5628 3223 5680 in
3263 5627 3544 5684 montibus.

1974 5719 2108 5775 Salit
2153 5720 2206 5774 in
2247 5721 2520 5775 montibus
2543 5761 2556 5785 ,
2595 5728 2650 5774 et
2676 5720 2830 5788 quasi
2874 5721 3036 5791 pedes
3065 5722 3236 5790 ponit,
3262 5737 3368 5792 quo
3395 5723 3549 5794 signo

1975 5815 2048 5872 ibi
2094 5815 2259 5871 fuisse
2301 5815 2653 5886 dignoscitur,
2685 5815 2810 5884 quia
2850 5831 2973 5871 eum
3020 5833 3116 5887 per
3162 5817 3468 5886 passionem
3497 5828 3553 5874 et

1975 5908 2097 5962 vitae
2119 5908 2586 5964 conversationem
2629 5907 2889 5962 imitatur.
2927 5907 3130 5963 Saltum
3162 5908 3380 5988 fecitvde
3412 5911 3550 5968 ctelo
