4028 6332
625 489 765 545 1159

1127 490 1515 547 WALAFRlDl
1558 490 1802 546 STRABI
1845 491 2045 548 FULD.
2088 492 2249 549 MON.
2291 492 2439 549 OPP.
2484 488 2662 548 PARS
2698 490 2740 547 1.
2780 522 2851 534 -
2886 490 3327 548 THEOLOGICA.

3655 503 3751 560 1140

624 601 678 655 in
710 606 946 669 uterum,
967 601 1033 657 de
1075 609 1232 658 utero
1270 602 1324 657 in
1350 616 1619 675 praesepe,
1646 602 1711 656 de
1730 604 1957 675 praesepi
1989 604 2042 658 in
2069 620 2189 659 cru-
2216 605 2267 666 Α
2292 601 2466 669 cellos,
2501 602 2552 657 id
2581 612 2685 667 est,
2714 618 2810 673 per
2838 618 3001 673 parva
3045 601 3303 658 foramina
3339 618 3485 675 parva
3519 605 3592 661 lux
3617 609 3747 675 intrat,

626 708 778 761 cem,
810 694 877 751 de
919 709 1080 753 cruce
1107 694 1162 751 in
1192 684 1529 766 sepulcrum,
1572 694 1641 755 de
1675 696 1922 768 sepulcro
1947 696 2105 751 rediit
2142 695 2196 753 in

628 783 846 840 cmlum.
875 784 994 857 Ipse
1023 796 1108 842 est
1136 786 1227 859 qui
1255 785 1494 841 elevatus
1523 794 1607 841 est
1639 802 1800 857 super
1827 801 2016 843 omnes
2046 802 2197 841 mon-

627 881 711 933 tes
747 882 805 933 et
830 874 1022 943 colles,
1050 877 1103 932 id
1130 886 1232 943 est,
1257 886 1563 933 sanctorum
1593 885 1702 933 tam
1732 877 1993 950 majorum
2034 895 2194 951 quam

626 966 897 1022 minorum
940 966 1268 1027 altitudines.
1316 966 1635 1025 Transiliens
1677 969 1851 1025 colles.
1885 971 1941 1027 ln
1981 970 2196 1024 collibus

624 1074 732 1119 non
770 1068 1030 1133 apparent
1072 1061 1223 1131 signa
1258 1061 1483 1132 pedum,
1530 1063 1625 1120 sed
1650 1064 1894 1119 umbram
1944 1078 2196 1133 supervo-

625 1150 789 1207 lantis
827 1161 1216 1225 susceperunt:
1253 1152 1379 1227 quia
1418 1153 1519 1209 etsi
1561 1169 1668 1210 non
1708 1163 1767 1209 ut
1808 1154 1882 1210 illi
1932 1154 2194 1227 majores,

625 1250 806 1299 tamen
861 1243 1198 1315 aliquatenus
1244 1245 1524 1301 imitantur
1566 1255 1620 1302 et
1667 1247 1737 1305 ab
1778 1262 1843 1302 eo
1887 1247 2193 1315 visitantur,

624 1331 830 1417 Montes
863 1343 921 1391 et
952 1336 1107 1393 colles
1132 1346 1276 1401 sunt,
1306 1338 1397 1408 qui
1434 1338 1739 1411 generalem
1779 1338 2031 1395 Ecclesiae
2062 1355 2194 1394 con-

621 1427 982 1483 versationem
1026 1429 1178 1507 quasi
1236 1428 1478 1485 ﬂoridam
1530 1445 1843 1502 camporum
1884 1428 2192 1501 planitiem,

622 1515 880 1591 singulari
904 1519 1100 1575 mentis
1123 1519 1358 1591 puritate
1387 1521 1790 1587 transcendunt,
1821 1528 1875 1575 et
1904 1520 1972 1575 ab
1997 1518 2195 1574 inlimis

621 1610 937 1666 recedentes
962 1610 1191 1667 vicinius
1229 1626 1460 1683 superna
1502 1612 1953 1683 contemplantur.
1982 1610 2039 1667 ln
2071 1611 2193 1682 qui-

619 1699 721 1757 hus
749 1701 901 1768 salit,
932 1703 1057 1773 quia
1105 1703 1267 1761 corda
1312 1703 1621 1759 sublimium
1662 1704 1853 1760 crebra
1890 1703 2195 1759 visitationc

619 1789 882 1859 illustrat;
910 1802 967 1848 et
1008 1809 1115 1851 non
1156 1802 1370 1863 manet,
1412 1796 1503 1851 sed
1531 1795 1654 1850 salit
1682 1802 1735 1850 et
1762 1794 2030 1849 transilit:
2067 1795 2194 1866 quia

620 1881 737 1937 haec
775 1883 999 1938 dulcedo
1049 1886 1514 1959 contemplationis
1562 1886 1740 1943 brevis
1796 1895 1879 1942 est
1925 1894 1979 1945 et
2025 1902 2190 1956 rara,

619 1982 840 2046 propter
864 1975 1210 2049 gravedinem
1242 1954 1439 2045 ciamis,
1475 1979 1599 2048 quia
1636 1987 1850 2034 terrena
1873 1954 2193 2037 inhabitatio
2223 1954 2271 2018 ³

622 2074 877 2137 aggravat
906 2081 1123 2123 sensum
1152 2067 1316 2123 multa
1352 2069 1693 2139 cogitantem.

692 2144 854 2210 Vsus.
893 2154 949 2212 9.
972 2187 1041 2196 -
1062 2154 1284 2212 Similis.
1328 2158 1465 2228 Quia
1507 2168 1662 2214 acute
1690 2159 1865 2227 videt,
1893 2160 2028 2217 etin
2065 2162 2193 2221 altis

618 2248 878 2303 montium
910 2248 1146 2317 habitat,
1177 2251 1433 2307 velociter
1465 2252 1642 2307 saltat.
1681 2250 1833 2311 Unde
1872 2263 1929 2310 et
1959 2254 2134 2313 rarius
2159 2270 2191 2311 a

621 2337 776 2393 nobis
814 2337 1062 2395 videtur:
1103 2355 1317 2415 semper
1360 2344 1601 2398 ascendit
1641 2358 1671 2398 a
1703 2344 1980 2400 nativitate
2022 2361 2192 2419 usque

619 2427 687 2482 ad
717 2428 893 2485 sinum
935 2430 1119 2507 patris.
1147 2429 1368 2486 Similis.
1400 2431 1466 2487 Et
1502 2433 1748 2503 quamvis
1775 2433 2054 2490 divinitate
2094 2451 2192 2493 sua

621 2522 693 2577 ita
724 2537 910 2579 omnes
948 2525 1324 2593 transcendat,
1356 2535 1533 2583 tamen
1571 2525 1744 2584 factus
1772 2536 1857 2585 est
1886 2528 2065 2599 homo,
2092 2546 2193 2601 pro

618 2614 705 2670 me
732 2622 891 2671 natus
916 2624 1000 2671 est
1024 2612 1093 2672 de
1125 2617 1311 2688 gentili
1337 2627 1393 2673 et
1419 2618 1850 2693 patriarcharum
1879 2621 2100 2679 semine.
2134 2621 2190 2679 ln

618 2707 986 2777 assumptione
1027 2707 1207 2763 carnis
1245 2717 1300 2764 et
1333 2710 1666 2767 humanitate
1714 2720 2059 2783 comparatur
2099 2730 2191 2769 ca—

614 2812 752 2867 prea:
766 2814 786 2861 ;
812 2797 866 2851 in
887 2798 1147 2854 varietate
1172 2800 1428 2857 virtutum
1461 2810 1519 2858 et
1552 2803 1929 2861 miraculorum
1953 2806 2191 2863 hinnulo.

617 2886 824 2944 Cervus
852 2887 980 2946 ﬂatu
1006 2891 1215 2947 narium
1244 2901 1547 2969 serpentem
1571 2896 1637 2955 de
1656 2897 1905 2954 cavernis
1932 2899 2191 2967 extrahit,

620 2985 674 3032 ct
707 2988 957 3050 superata
986 2981 1225 3055 pernicie
1250 2984 1442 3039 veneni
1474 2985 1671 3056 pabulo
1697 2986 2014 3047 delectatur,
2043 2989 2190 3057 Quo-

620 3069 764 3124 niam
801 3070 921 3126 istis
939 3072 1219 3128 versiculis
1245 3075 1586 3149 speculativae
1615 3076 1738 3133 vita;
1772 3078 2073 3137 sublimitas
2107 3087 2191 3137 est

618 3177 907 3233 expressa,
953 3172 1120 3221 restat
1161 3166 1349 3221 activae
1390 3168 1548 3236 vitm,
1592 3185 1712 3240 quae
1746 3172 1892 3228 omni
1938 3172 2192 3229 Ecclesiae

616 3253 917 3309 communis
962 3261 1067 3321 est,
1097 3253 1479 3325 perfectionem
1501 3259 1803 3316 ostendere.
1828 3259 1978 3317 Unde
2007 3262 2191 3332 sequi-

616 3351 707 3398 tur
734 3383 749 3400 .
777 3341 861 3396 En
892 3344 999 3415 ipse
1023 3352 1161 3409 stat,
1196 3351 1301 3401 etc.
1352 3341 1481 3399 Post
1520 3347 1787 3418 parietem.
1832 3348 2044 3415 Paries,
2097 3350 2189 3423 qui

617 3436 686 3490 ab
723 3435 840 3508 ejus
884 3444 1101 3509 aspectu
1151 3452 1250 3495 nos
1290 3437 1528 3505 seducit,
1576 3439 1916 3496 mortalitatis
1952 3442 2190 3499 conditio

615 3535 717 3592 est,
747 3541 909 3597 quam
951 3528 1225 3599 peccando
1268 3528 1589 3597 meruimus,
1618 3531 1709 3600 qui
1756 3531 1828 3586 ita
1869 3533 2070 3588 conditi
2100 3550 2191 3590 su-

618 3632 759 3689 mus,
784 3630 844 3677 ut
886 3621 930 3679 si
960 3637 1066 3679 non
1109 3637 1488 3695 peccaremus,
1517 3639 1705 3681 omnes
1745 3625 1902 3685 electi
1949 3628 2189 3689 divinum

612 3710 793 3770 lumen
840 3711 1093 3770 indefessi
1139 3729 1529 3771 cerneremus:
1568 3716 1634 3772 ad
1682 3718 1824 3791 quod
1875 3710 2186 3781 intuendum

610 3806 866 3878 perpauci
908 3808 1291 3881 perfectiores,
1337 3824 1460 3867 cum
1506 3810 1722 3879 labore,
1771 3810 1877 3867 ﬁde
1920 3813 2189 3887 purificati

614 3918 760 3959 nunc
798 3904 1147 3977 pertingunt:
1179 3905 1273 3961 sed
1317 3906 1372 3961 in
1420 3906 1525 3970 hoc
1564 3908 1773 3981 pariete
1817 3909 2189 3973 misericordia

614 3993 709 4048 Dei
739 3992 1006 4051 fenestras
1031 4002 1086 4050 et
1120 3996 1386 4055 cancellos
1417 3999 1556 4054 unde
1586 4014 1683 4055 nos
1702 4001 2013 4071 prospicere
2037 4002 2187 4073 fecit,

612 4085 736 4155 quia
778 4085 1078 4155 mentibus,
1122 4102 1429 4159 quanquam
1464 4092 1759 4162 oppressit,
1811 4093 2039 4164 gratiam
2077 4109 2188 4155 sum

611 4176 933 4247 cognitionis
958 4179 1189 4249 aperuit,
1223 4188 1278 4235 et
1308 4180 1496 4237 crebra
1539 4196 1636 4236 nos
1665 4196 1776 4239 sua:
1819 4183 2187 4254 inspirationis

611 4268 730 4325 luce
774 4270 1011 4341 respicit.
1064 4271 1167 4327 Per
1207 4271 1361 4343 cujus
1399 4272 1768 4349 inspirationis
1806 4285 2185 4347 prospectum,

610 4363 735 4437 quia
774 4364 877 4419 hoc
921 4364 1155 4420 maxime
1186 4365 1328 4423 Deus
1366 4366 1502 4439 agit,
1532 4376 1591 4423 ut
1619 4384 1716 4425 nos
1746 4383 1776 4423 a
1804 4369 2186 4441 temporalibus

610 4461 677 4519 ad
698 4462 1054 4533 promerenda
1078 4460 1321 4521 cmlestia
1340 4472 1614 4533 provocet,
1642 4473 1787 4521 recte
1804 4463 2144 4533 subiungitur
2168 4483 2182 4521 :

612 4556 696 4611 En
740 4555 957 4613 dilectus
1001 4573 1144 4612 meus
1192 4554 1424 4627 loquitur
1457 4558 1619 4623 mihi,
1652 4558 1744 4629 qui
1771 4573 1933 4629 supra
1981 4559 2186 4615 monuit

610 4647 748 4748 tilias
783 4646 1088 4748 ‘Jerusalein
1132 4648 1556 4748 all-custodiam-
1570 4662 1702 4705 meae
1740 4648 1935 4723 quietis
1963 4664 2091 4748 ante
2117 4647 2183 4705 ad
2211 4684 2262 4748 Β

607 4739 861 4799 colendas
913 4739 1098 4797 vineas
1156 4741 1323 4799 mittit
1368 4741 1657 4799 ostendens
1707 4742 2180 4817 opportunitatem.

608 4833 739 4893 Post
782 4834 1050 4909 parietem.
1110 4834 1383 4895 Moraliter
1425 4836 1471 4895 si
1524 4834 1721 4895 feceris
1775 4836 2187 4909 aediﬁcationem

609 4934 776 4991 uiam,
807 4922 951 4981 Deus
970 4923 1146 4981 veniet
1163 4934 1276 4997 post
1290 4924 1541 4995 parietem
1565 4933 1732 4990 tuum,
1757 4927 2074 4998 prospiciens
2090 4946 2189 5003 per

609 5012 885 5080 fenestras,
916 5012 969 5069 id
1010 5021 1121 5077 est,
1156 5027 1254 5085 per
1288 5013 1527 5085 quinque
1563 5029 1752 5073 sensus
1780 5017 2009 5073 sollicite
2048 5034 2180 5077 con-

606 5112 818 5170 tuetur;
848 5106 940 5163 ubi
970 5107 1114 5169 enim
1139 5120 1245 5165 nou
1272 5107 1529 5177 prospicit
1546 5123 1796 5181 sponsus,
1818 5124 1965 5167 mors
1994 5126 2185 5168 ascen—

607 5195 726 5251 dit:
764 5199 904 5257 unde
932 5195 1194 5263 Ieremias
1224 5216 1238 5254 :
1272 5197 1405 5254 Ecca
1449 5216 1589 5259 mors
1635 5203 1865 5259 ascendit
1908 5221 1999 5275 per
2034 5204 2183 5275 ferte-

608 5292 743 5338 stras
795 5296 998 5343 nostras
1044 5287 1192 5358 (Jer.
1236 5288 1361 5363 1x);
1410 5306 1502 5361 per
1549 5292 1699 5347 retia.
1740 5290 1933 5355 Omnia
1980 5294 2183 5353 retibus

608 5374 807 5433 diaboli
871 5375 1024 5451 plena
1077 5390 1236 5445 sunt,
1291 5381 1487 5450 quibus
1543 5384 1845 5455 capereris,
1895 5384 1999 5441 nisi
2054 5385 2181 5457 quia

608 5482 838 5539 sponsus
866 5467 1092 5539 subjecit
1117 5487 1175 5527 se
1210 5472 1413 5529 retibus
1448 5472 1631 5533 mundi
1662 5474 1752 5545 qui
1776 5476 2099 5545 eminenter,
2126 5484 2183 5533 et

607 5558 963 5617 consciudens
991 5562 1133 5619 viam
1176 5562 1413 5633 faceret,
1454 5572 1515 5621 ut
1549 5562 1737 5621 dicas:
1775 5566 1965 5621 Anima
2000 5576 2177 5625 nostra

606 5649 741 5703 sicut
778 5666 959 5719 passer
1006 5662 1177 5721 erepta
1212 5663 1285 5707 est
1324 5653 1391 5708 de
1445 5653 1628 5724 laqueo
1670 5656 1965 5709 venantium
2003 5654 2173 5727 (Psal.

608 5738 817 5809 cunt).
850 5734 956 5794 Per
984 5738 1252 5808 fenestras.
1279 5742 1430 5797 Sicut
1456 5741 1534 5798 sol
1562 5742 1768 5797 intrans
1794 5757 1893 5812 per
1916 5742 2177 5803 fenestras

611 5826 876 5883 illuminat
905 5828 1143 5896 domum,
1173 5831 1244 5884 ita
1273 5831 1520 5887 Christus
1549 5830 1794 5903 exemplo
1828 5840 1884 5886 ct
1931 5833 2175 5891 admoni-

614 5915 758 5975 tione
797 5916 1156 5986 apostolorum
1203 5935 1302 5973 nos
1350 5919 1688 5975 illuminavit.
1735 5919 1887 5977 Sicut
1927 5937 2023 5993 per
2054 5940 2179 5977 can-

2297 692 2373 748 sic
2403 692 2629 748 obscura
2650 693 2885 764 cognitio
2917 709 3014 767 per
3040 694 3338 764 prophetas.

2367 783 2531 841 Vens.
2578 785 2661 840 10.
2696 818 2767 826 -—
2797 784 2961 856 Surge
3004 800 3235 857 prapera.
3274 784 3329 840 ld
3365 795 3461 852 est,
3500 787 3753 862 lnterrumpe

2297 878 2830 948 contemplationem,
2861 884 2916 932 et
2958 876 3136 932 labora
3170 877 3221 931 in
3268 878 3627 949 acquisitionem
3661 883 3753 938 alio-

2297 984 2448 1034 rum;
2479 970 2560 1023 vel
2592 985 2749 1040 surge
2772 969 2837 1024 ab
2859 983 3043 1023 amore
3077 977 3418 1023 terrenarum.
3442 968 3609 1040 Surge,
3629 976 3754 1030 omnia

2297 1069 2505 1130 tempus
2530 1061 2761 1121 habent;
2785 1061 2875 1129 qui
2900 1061 3056 1114 modo
3078 1059 3350 1131 adjurabat
3373 1059 3495 1114 filias
3516 1060 3753 1128 Jerusalem,

2297 1167 2364 1206 ne
2396 1152 2757 1222 inquietarent
2794 1153 3044 1207 dilectam
3071 1169 3085 1205 :
3117 1166 3238 1207 ecce
3273 1166 3383 1207 eam
3411 1154 3472 1207 ad
3496 1151 3684 1208 laborem
3704 1156 3757 1208 ia-

2296 1242 2449 1297 vitat.
2500 1241 2669 1313 Surge
2715 1258 2952 1313 propera.
3005 1240 3219 1314 (ϐιιεα.)
3257 1241 3381 1296 Cum
3410 1240 3511 1311 jam
3547 1243 3604 1298 de
3627 1257 3757 1299 corru-

2296 1332 2495 1402 ptionis
2537 1347 2762 1403 corpore
2809 1333 3076 1397 educitur,
3130 1332 3181 1386 ei
3231 1332 3396 1387 imber
3431 1333 3635 1398 transiit,
3673 1334 3756 1403 quia

2296 1422 2575 1493 praesentis
2597 1425 2720 1478 vitae
2740 1431 2925 1494 torpor
2939 1423 3217 1488 abscessit,
3233 1430 3285 1477 et
3308 1423 3369 1477 ad
3388 1422 3757 1492 contemplandum

2297 1512 2462 1570 Deum
2515 1515 2568 1569 in
2618 1515 2919 1571 substantia
2967 1516 3231 1579 educitur,
3274 1530 3370 1570 nec
3405 1515 3507 1583 jam
3549 1519 3758 1570 verborum

2296 1614 2460 1676 gutta:
2480 1615 2604 1661 sunt
2628 1606 2962 1673 necessariae,
2987 1616 3047 1662 ut
3066 1607 3243 1680 pluvia
3263 1607 3616 1679 praedicationis
3630 1606 3759 1661 debeat

2295 1701 2523 1757 infundi.
2558 1701 2688 1757 Nam
2717 1702 2859 1773 quod
2886 1703 3063 1759 minus
3098 1701 3283 1757 audire
3324 1701 3483 1771 potuit
3512 1699 3758 1770 ampliusri

2296 1792 2459 1847 debit.
2494 1792 2645 1849 Tunc
2672 1794 2813 1848 enim
2838 1803 3087 1865 apparent
3116 1792 3269 1865 ﬂores
3295 1793 3346 1846 in
3366 1801 3513 1857 terra,
3538 1791 3703 1862 quando
3719 1791 3759 1845 de

2294 1892 2494 1939 aeterna
2515 1883 2861 1939 beatitudinis
2881 1883 2988 1937 vita
3011 1884 3253 1953 quaedam
3275 1882 3532 1937 suavitatis
3550 1879 3760 1951 primordia

2294 1984 2626 2045 pratgustare
2660 1975 2835 2028 anima
2868 1973 3090 2044 cmperit
3126 1989 3243 2044 qua:
3266 1972 3371 2045 jam
3408 1973 3458 2027 in
3481 1971 3760 2027 ﬂoribusodo-

2293 2077 2445 2122 ratur
2478 2066 2687 2132 exiens,
2708 2082 2827 2137 quae
2853 2075 3139 2137 postquam
3168 2082 3374 2139 egressa
3397 2065 3553 2127 fuerit,
3580 2066 3622 2119 in
3639 2062 3761 2120 fructu

2293 2159 2515 2215 uberius
2536 2159 2774 2214 habebit.
2791 2158 3010 2229 Tempus
3030 2160 3397 2231 amputationis
3417 2158 3611 2213 advenit.
3629 2157 3758 2212 Nostra

2294 2251 2588 2322 amputatio
2628 2259 2753 2306 tunc
2775 2250 2983 2317 evenit,
3012 2250 3228 2321 quando
3256 2249 3602 2307 infructuosam
3635 2264 3681 2304 ac
3701 2263 3760 2303 no-

2294 2341 2438 2395 xiam
2468 2342 2869 2413 corruptionem
2898 2342 3079 2398 carnis
3109 2343 3418 2408 deserimus,
3450 2352 3503 2395 ut
3526 2340 3584 2396 ad
3600 2341 3759 2395 fructum

2295 2434 2486 2489 anima:
2534 2434 2814 2505 pervenire
2856 2434 3150 2501 valeamus,
3199 2436 3287 2506 qui
3330 2433 3521 2489 fructus
3559 2432 3677 2489 nobis
3709 2439 3761 2485 est

2293 2525 2617 2579 uberrimus.
2649 2524 2705 2583 In
2744 2506 3109 2601 ampuﬂtione
3140 2524 3331 2595 quippe
3364 2530 3603 2579 sarmenta
3624 2520 3760 2575 sterilia

2294 2615 2692 2682 rescinduntur,
2742 2625 2801 2671 ut
2843 2631 2906 2673 ea
2954 2631 3072 2686 quas
3118 2615 3329 2682 valent,
3376 2614 3570 2670 uberius
3600 2612 3759 2667 fructum

2295 2707 2491 2763 ferant.
2535 2707 2658 2763 ideo
2704 2724 2880 2779 surge,
2912 2706 3039 2777 quia
3082 2720 3184 2778 ego
3209 2707 3410 2778 patiens
3445 2719 3532 2776 pro
3568 2712 3612 2758 te
3633 2700 3759 2756 fluctus

2294 2800 2496 2857 sedavi.

2376 2886 2523 2945 Veni.
2548 2889 2631 2946 Ad
2661 2888 3073 2961 impendendam
3105 2892 3269 2947 etiam
3299 2906 3473 2947 curam
3508 2889 3662 2945 salutis
3684 2900 3760 2958 pm-

2294 2984 2455 3041 ximis
2501 2998 2597 3055 per
2645 2983 2878 3039 studium
2930 2980 3131 3041 sedulae
3176 2984 3576 3057 praedicationis,
3605 2988 3652 3035 ut
3683 2991 3760 3033 cum

2295 3090 2489 3147 magno
2518 3074 2775 3130 comitatu
2821 3075 2888 3130 ad
2915 3074 3136 3146 nuptias
3164 3075 3414 3130 merearis
3441 3073 3599 3144 recipi.
3619 3068 3757 3139 Quasi:

2295 3165 2471 3222 credis
2515 3174 2565 3221 te
2615 3174 2900 3221 venturam
2923 3207 2939 3232 ,
2971 3166 3016 3221 si
3064 3168 3340 3222 vacaveris
3380 3159 3759 3235 contemplationi:

2295 3263 2387 3319 sed
2424 3263 2605 3319 venies
2639 3262 2831 3318 melius
2860 3276 2957 3332 per
2989 3261 3232 3316 laborem
3278 3258 3574 3331 hujusmodi.
3612 3254 3762 3325 Oportet

2217 3320 2263 3383 Ο
2293 3363 2353 3417 ut
2379 3355 2655 3428 praedices,
2687 3355 2813 3429 quia
2843 3320 2965 3409 cum
3004 3352 3121 3427 jam
3156 3320 3377 3408 scientia
3419 3359 3494 3406 est
3534 3350 3579 3404 in
3618 3357 3679 3411 te,
3710 3347 3760 3399 est

2290 3443 2453 3500 etiam
2482 3444 2535 3499 in
2570 3443 2706 3511 illis,
2742 3443 2812 3499 ad
2852 3456 2986 3514 quos
3014 3450 3068 3498 te
3099 3442 3289 3510 mitto,
3317 3439 3642 3513 Opportunitas
3675 3431 3761 3491 rcci-

2289 3536 2490 3608 piendi.

2360 3629 2523 3685 Vens.
2555 3629 2641 3684 11.
2660 3659 2730 3670 —-
2750 3626 2926 3683 Imber
2951 3626 3099 3683 abiit.
3130 3624 3242 3699 Ego
3262 3640 3290 3681 a
3312 3623 3520 3680 mortuis
3538 3626 3759 3687 resurgens.

2291 3727 2607 3791 tempestate
2643 3732 2955 3789 compressa
2986 3717 3424 3788 tranquillitatem
3446 3710 3637 3769 reddidi.
3658 3702 3759 3760 llodo

2289 3808 2501 3869 facilin
2536 3819 2629 3869 est
2662 3809 2989 3880 praedicare.
3032 3824 3159 3869 cum
3206 3807 3416 3880 quidam
3451 3804 3552 3874 iam
3589 3792 3758 3859 conversi

2288 3900 2413 3964 sint,
2448 3916 2609 3970 quam
2639 3900 2811 3970 prius.
2838 3915 2966 3969 cum
2994 3899 3175 3961 nullus
3197 3899 3370 3959 adhuc
3392 3892 3666 3953 crediderat.

2360 3992 2519 4053 Vsus.
2548 3991 2632 4051 l2.
2657 4020 2728 4049 -τ-
2750 3988 2957 4049 Flores.
2990 3989 3159 4056 Quasi
3186 4003 3207 4043 ς
3236 3988 3370 4047 Istos
3388 4026 3404 4053 ,
3448 3984 3531 4054 qui
3564 3980 3655 4051 iam
3683 3986 3760 4030 cre-

2286 4086 2448 4150 dunt,
2474 4082 2668 4154 etiam
2694 4084 2837 4143 hanc
2874 4091 3191 4154 operantur,
3232 4090 3384 4152 potes
3413 4077 3532 4133 dare
3564 4074 3610 4133 iu
3638 4078 3757 4127 eten-

2285 4177 2431 4249 plum
2476 4176 2600 4235 aliis
2626 4192 2641 4228 :
2672 4177 2806 4232 istos
2856 4184 3013 4245 potes
3059 4186 3360 4245 proponere
3411 4169 3521 4224 aliis
3556 4165 3601 4225 iu
3635 4170 3757 4219 elem-

2285 4270 2435 4341 NW
2475 4269 2568 4340 qui
2608 4270 2722 4341 iam
2778 4268 3057 4339 patiuntur
3096 4266 3291 4325 falcem
3328 4263 3452 4319 vitia
3491 4259 3753 4314 reserata.

2283 4362 2391 4419 Pro
2426 4362 2607 4433 quiete
2634 4373 2725 4419 tua
2748 4377 2861 4416 non
2893 4361 3060 4417 debes
3086 4361 3358 4417 dimittens
3391 4348 3755 4427 pradicetth

2283 4454 2410 4526 quia
2437 4453 2707 4521 Christus,
2742 4453 2838 4522 qui
2866 4452 2922 4507 in
2948 4467 3146 4524 magna
3172 4452 3352 4523 quiete
3372 4456 3484 4504 erat
3514 4455 3616 4499 cum
3632 4437 3755 4537 Petit.

2284 4547 2521 4618 quietem
2554 4545 2954 4618 quodammodo
2993 4561 3092 4617 pro
3128 4543 3497 4617 praedicatione
3530 4530 3755 4630 ίυυξῗπξίείξξ

2290 4637 2511 4710 Tempus
2552 4638 2856 4709 putationis.
2899 4637 3019 4692 iam
3068 4637 3349 4705 inutilibus
3390 4645 3528 4688 ηοω
3561 4624 3754 4691 NW

2288 4736 2578 4806 amputatis
2605 4734 2911 4798 sarmentis,
2939 4731 3118 4788 futuro
3144 4732 3267 4788 fidei
3290 4730 3457 4786 fructu
3472 4721 3755 4810 ρηριηηῐξτ

2288 4830 2450 4885 corda
2481 4827 2780 4894 hominum,
2802 4827 2913 4903 jam
2936 4835 2989 4882 et
3016 4826 3142 4881 vitia
3170 4832 3518 4897 amputantur,
3538 4814 3639 4885 quia
3660 4807 3755 4903 rei!“

2288 4927 2499 4993 tempus
2519 4896 2852 4979 remisstonis
2877 4927 3239 4991 peccatorum.
3282 4916 3392 4975 Yon:
3419 4909 3608 4968 turturis
3631 4896 3752 4996 audiit

2287 5024 2379 5073 est.
2413 5013 2646 5086 Spiritus
2685 5022 2923 5081 sanetus,
2944 5014 3158 5084 quando
3183 5013 3249 5069 de
3277 5005 3620 5069 occultioribus
3640 4997 3753 5086 loqur

2288 5115 2374 5163 tur
2400 5106 2775 5170 sacramentis,
2796 5112 2850 5161 et
2877 5119 2996 5175 quae
3027 5104 3177 5159 multi
3225 5118 3328 5159 non
3355 5099 3576 5175 capiunt,
3597 5089 3752 5177 turturtt

2288 5197 2643 5269 appellatione
2671 5195 2934 5266 είέηδιυικ
2963 5193 3114 5253 Unde
3135 5203 3189 5255 et
3215 5191 3378 5264 Moysi
3399 5190 3592 5259 apparet
3610 5184 3651 5231 et
3670 5179 3750 5227 ωιιέ

2287 5288 2502 5362 quando
2539 5288 2605 5344 de
2633 5287 2921 5347 humilibus
2959 5301 3078 5359 quae
3120 5286 3186 5343 ad
3224 5296 3407 5341 omnes
3446 5288 3592 5345 usque
3626 5271 3753 5362 perte

2288 5352 2474 5447 niunt,
2503 5394 2599 5450 per
2620 5376 2922 5435 columbam
2951 5378 3263 5445 assumitur,
3290 5374 3422 5435 unde
3455 5377 3504 5425 et
3539 5352 3753 5450 circa

2289 5446 2477 5527 danem
2503 5446 2805 5523 astantibus
2849 5466 3030 5525 multis
3074 5483 3178 5525 non
3220 5466 3278 5529 in
3326 5470 3515 5519 turture
3555 5446 3750 5529 apparuit,

2287 5560 2380 5617 scd
2405 5560 2465 5615 in
2486 5556 2751 5615 columba.
2795 5556 2907 5613 Vox
2935 5560 3173 5627 turturis,
3203 5572 3302 5613 vox
3340 5547 3674 5626 apostolorum.
3696 5522 3751 5581 τε]

2284 5651 2546 5725 quorumli
2557 5654 2644 5706 bet
2664 5649 3098 5721 praedicatorum,
3122 5646 3212 5721 qui
3242 5661 3335 5702 suo
3354 5650 3497 5701 cantu
3520 5628 3748 5725 absim“?

2287 5718 2487 5815 biemisl
2512 5754 2567 5799 et
2601 5718 2743 5798 veris
2786 5743 3075 5798 adventum
3115 5718 3384 5798 nuntiant,
3413 5730 3493 5803 qui
3520 5738 3601 5799 pro
3638 5718 3747 5815 canui

2284 5808 2537 5889 humilem
2572 5834 2830 5904 gemitum
2859 5823 3112 5899 reddunt,
3138 5830 3225 5901 qui
3268 5822 3518 5901 pudicitia:
3553 5808 3750 5911 αῐηξίιξξῗ

2284 5935 2426 5991 sunt,
2458 5926 2550 5997 qui
2576 5940 2788 5997 semper
2824 5923 2874 5979 in
2892 5923 3035 5996 jugis
3056 5922 3331 5987 montium,
3359 5914 3437 5973 vel
3461 5914 3507 5968 in
3532 5893 3749 5963 verticlbni
