  <div class='ocr_page' id='page_1' title='image "/cluster/home/n/w/nwhite01/storage/ocr_20150623/113/hvd.32044018909572/576.png"; bbox 0 0 4028 6332; ppageno 0'>
   <div class='ocr_carea' id='block_1_1' title="bbox 247 466 379 521">
    <p class='ocr_par' dir='ltr' id='par_1_1' title="bbox 247 466 379 521">
     <span class='ocr_line' id='line_1_1' title="bbox 247 466 379 521; baseline 0.015 -2"><span class='ocrx_word' id='word_1_1' title='bbox 247 466 379 521; x_wconf 61' lang='lat' dir='ltr'><strong>illi</strong></span> 
     </span>
    </p>
   </div>
   <div class='ocr_carea' id='block_1_2' title="bbox 997 454 2701 520">
    <p class='ocr_par' dir='ltr' id='par_1_2' title="bbox 997 454 2701 520">
     <span class='ocr_line' id='line_1_2' title="bbox 997 454 2701 520; baseline -0.006 -2"><span class='ocrx_word' id='word_1_2' title='bbox 997 459 1263 520; x_wconf 78' lang='lat' dir='ltr'><strong>GLOSSA</strong></span> <span class='ocrx_word' id='word_1_3' title='bbox 1301 460 1692 517; x_wconf 59' lang='lat' dir='ltr'><strong>OliDINARIA.</strong></span> <span class='ocrx_word' id='word_1_4' title='bbox 1735 489 1803 500; x_wconf 90' lang='lat'><strong>-—</strong></span> <span class='ocrx_word' id='word_1_5' title='bbox 1843 457 2195 516; x_wconf 78' lang='lat' dir='ltr'><strong>CANTICUM</strong></span> <span class='ocrx_word' id='word_1_6' title='bbox 2235 454 2701 514; x_wconf 77' lang='lat' dir='ltr'><strong>CANTICORUM.</strong></span> 
     </span>
    </p>
   </div>
   <div class='ocr_carea' id='block_1_3' title="bbox 3342 454 3479 510">
    <p class='ocr_par' dir='ltr' id='par_1_3' title="bbox 3342 454 3479 510">
     <span class='ocr_line' id='line_1_3' title="bbox 3342 454 3479 510; baseline 0.015 -2"><span class='ocrx_word' id='word_1_7' title='bbox 3342 454 3479 510; x_wconf 67' lang='grc' dir='ltr'><strong>Μιιὲ</strong></span> 
     </span>
    </p>
   </div>
   <div class='ocr_carea' id='block_1_4' title="bbox 243 566 3476 646">
    <p class='ocr_par' dir='ltr' id='par_1_4' title="bbox 243 566 3476 646">
     <span class='ocr_line' id='line_1_4' title="bbox 243 566 3476 646; baseline -0.004 -10"><span class='ocrx_word' id='word_1_8' title='bbox 243 567 498 637; x_wconf 76' lang='lat' dir='ltr'><strong>arborum</strong></span> <span class='ocrx_word' id='word_1_9' title='bbox 522 584 820 643; x_wconf 77' lang='lat' dir='ltr'><strong>morantur,</strong></span> <span class='ocrx_word' id='word_1_10' title='bbox 849 584 902 630; x_wconf 79' lang='lat' dir='ltr'><strong>et</strong></span> <span class='ocrx_word' id='word_1_11' title='bbox 929 575 1392 632; x_wconf 75' lang='lat' dir='ltr'><strong>conversationem</strong></span> <span class='ocrx_word' id='word_1_12' title='bbox 1411 574 1620 646; x_wconf 86' lang='lat' dir='ltr'><strong>fugiunt</strong></span> <span class='ocrx_word' id='word_1_13' title='bbox 1641 573 1811 629; x_wconf 89' lang='lat' dir='ltr'><strong>homi-</strong></span> <span class='ocrx_word' id='word_1_14' title='bbox 1837 580 1888 640; x_wconf 80' lang='grc' dir='ltr'><strong>Α</strong></span> <span class='ocrx_word' id='word_1_15' title='bbox 1914 587 2038 627; x_wconf 87' lang='lat' dir='ltr'><strong>mox</strong></span> <span class='ocrx_word' id='word_1_16' title='bbox 2069 571 2240 627; x_wconf 89' lang='lat' dir='ltr'><strong>amica</strong></span> <span class='ocrx_word' id='word_1_17' title='bbox 2269 569 2560 626; x_wconf 82' lang='lat' dir='ltr'><strong>columbini</strong></span> <span class='ocrx_word' id='word_1_18' title='bbox 2594 567 2772 624; x_wconf 82' lang='lat' dir='ltr'><strong>cordis</strong></span> <span class='ocrx_word' id='word_1_19' title='bbox 2804 566 3145 638; x_wconf 70' lang='lat' dir='ltr'><strong>simplicitate</strong></span> <span class='ocrx_word' id='word_1_20' title='bbox 3171 568 3476 638; x_wconf 91' lang='lat' dir='ltr'><strong>respondet,</strong></span> 
     </span>
    </p>
   </div>
   <div class='ocr_carea' id='block_1_5' title="bbox 243 661 3486 740">
    <p class='ocr_par' dir='ltr' id='par_1_5' title="bbox 243 661 3486 740">
     <span class='ocr_line' id='line_1_5' title="bbox 243 661 3486 740; baseline -0.002 -15"><span class='ocrx_word' id='word_1_21' title='bbox 243 689 394 739; x_wconf 82' lang='lat' dir='ltr'><strong>num,</strong></span> <span class='ocrx_word' id='word_1_22' title='bbox 425 671 552 728; x_wconf 90' lang='lat' dir='ltr'><strong>dum</strong></span> <span class='ocrx_word' id='word_1_23' title='bbox 584 670 638 725; x_wconf 92' lang='lat' dir='ltr'><strong>in</strong></span> <span class='ocrx_word' id='word_1_24' title='bbox 662 669 860 725; x_wconf 90' lang='lat' dir='ltr'><strong>mundo</strong></span> <span class='ocrx_word' id='word_1_25' title='bbox 886 685 1110 740; x_wconf 88' lang='lat' dir='ltr'><strong>corpore</strong></span> <span class='ocrx_word' id='word_1_26' title='bbox 1135 670 1320 740; x_wconf 83' lang='lat' dir='ltr'><strong>positi,</strong></span> <span class='ocrx_word' id='word_1_27' title='bbox 1351 668 1812 725; x_wconf 90' lang='lat' dir='ltr'><strong>conversationem</strong></span> <span class='ocrx_word' id='word_1_28' title='bbox 1910 672 1966 719; x_wconf 91' lang='lat' dir='ltr'><strong>et</strong></span> <span class='ocrx_word' id='word_1_29' title='bbox 1987 663 2222 734; x_wconf 90' lang='lat' dir='ltr'><strong>injuncto</strong></span> <span class='ocrx_word' id='word_1_30' title='bbox 2249 661 2423 718; x_wconf 85' lang='lat' dir='ltr'><strong>olﬁcio</strong></span> <span class='ocrx_word' id='word_1_31' title='bbox 2450 676 2510 716; x_wconf 91' lang='lat' dir='ltr'><strong>se</strong></span> <span class='ocrx_word' id='word_1_32' title='bbox 2529 661 2866 716; x_wconf 88' lang='lat' dir='ltr'><strong>obedituram</strong></span> <span class='ocrx_word' id='word_1_33' title='bbox 2893 661 3186 732; x_wconf 83' lang='lat' dir='ltr'><strong>promittit;</strong></span> <span class='ocrx_word' id='word_1_34' title='bbox 3219 662 3375 733; x_wconf 89' lang='lat' dir='ltr'><strong>quasi</strong></span> <span class='ocrx_word' id='word_1_35' title='bbox 3403 664 3486 719; x_wconf 83' lang='lat' dir='ltr'><strong>di-</strong></span> 
     </span>
    </p>
   </div>
   <div class='ocr_carea' id='block_1_6' title="bbox 245 759 1816 830">
    <p class='ocr_par' dir='ltr' id='par_1_6' title="bbox 245 759 1816 830">
     <span class='ocr_line' id='line_1_6' title="bbox 245 759 1816 830; baseline -0.005 -9"><span class='ocrx_word' id='word_1_36' title='bbox 245 763 445 821; x_wconf 89' lang='lat' dir='ltr'><strong>habent</strong></span> <span class='ocrx_word' id='word_1_37' title='bbox 468 763 520 816; x_wconf 92' lang='lat' dir='ltr'><strong>in</strong></span> <span class='ocrx_word' id='word_1_38' title='bbox 547 759 715 825; x_wconf 72' lang='lat' dir='ltr'><strong>ccelis,</strong></span> <span class='ocrx_word' id='word_1_39' title='bbox 741 760 1002 816; x_wconf 88' lang='lat' dir='ltr'><strong>incolatus</strong></span> <span class='ocrx_word' id='word_1_40' title='bbox 1021 761 1102 816; x_wconf 91' lang='lat' dir='ltr'><strong>sui</strong></span> <span class='ocrx_word' id='word_1_41' title='bbox 1128 769 1181 814; x_wconf 89' lang='lat' dir='ltr'><strong>et</strong></span> <span class='ocrx_word' id='word_1_42' title='bbox 1203 761 1389 830; x_wconf 65' lang='lat' dir='ltr'><strong>patriae</strong></span> <span class='ocrx_word' id='word_1_43' title='bbox 1414 760 1515 816; x_wconf 86' lang='lat' dir='ltr'><strong>sibi</strong></span> <span class='ocrx_word' id='word_1_44' title='bbox 1537 759 1816 830; x_wconf 76' lang='lat' dir='ltr'><strong>promissae</strong></span> 
     </span>
    </p>
   </div>
   <div class='ocr_carea' id='block_1_7' title="bbox 246 867 536 910">
    <p class='ocr_par' dir='ltr' id='par_1_7' title="bbox 246 867 536 910">
     <span class='ocr_line' id='line_1_7' title="bbox 246 867 536 910; baseline -0.007 0"><span class='ocrx_word' id='word_1_45' title='bbox 246 867 536 910; x_wconf 87' lang='lat' dir='ltr'><strong>memores.</strong></span> 
     </span>
    </p>
   </div>
   <div class='ocr_carea' id='block_1_8' title="bbox 319 941 1817 1015">
    <p class='ocr_par' dir='ltr' id='par_1_8' title="bbox 319 941 1817 1015">
     <span class='ocr_line' id='line_1_8' title="bbox 319 941 1817 1015; baseline -0.002 -14"><span class='ocrx_word' id='word_1_46' title='bbox 319 945 482 1001; x_wconf 73' lang='lat' dir='ltr'><strong>Vens.</strong></span> <span class='ocrx_word' id='word_1_47' title='bbox 518 943 604 1000; x_wconf 75' lang='grc'><strong>18.</strong></span> <span class='ocrx_word' id='word_1_48' title='bbox 639 975 708 986; x_wconf 95' lang='grc'><strong><em>-</em></strong></span> <span class='ocrx_word' id='word_1_49' title='bbox 741 941 922 1000; x_wconf 84' lang='lat' dir='ltr'><strong>Ficus.</strong></span> <span class='ocrx_word' id='word_1_50' title='bbox 966 943 1195 1000; x_wconf 87' lang='lat' dir='ltr'><strong>Grossos</strong></span> <span class='ocrx_word' id='word_1_51' title='bbox 1223 951 1382 1000; x_wconf 89' lang='lat' dir='ltr'><strong>vocat</strong></span> <span class='ocrx_word' id='word_1_52' title='bbox 1421 944 1723 1015; x_wconf 90' lang='lat' dir='ltr'><strong>primitivas</strong></span> <span class='ocrx_word' id='word_1_53' title='bbox 1761 951 1817 998; x_wconf 93' lang='lat' dir='ltr'><strong>et</strong></span> 
     </span>
    </p>
   </div>
   <div class='ocr_carea' id='block_1_9' title="bbox 249 1034 1818 1108">
    <p class='ocr_par' dir='ltr' id='par_1_9' title="bbox 249 1034 1818 1108">
     <span class='ocr_line' id='line_1_9' title="bbox 249 1034 1818 1108; baseline -0.003 -13"><span class='ocrx_word' id='word_1_54' title='bbox 249 1040 565 1095; x_wconf 89' lang='lat' dir='ltr'><strong>immaturas</strong></span> <span class='ocrx_word' id='word_1_55' title='bbox 607 1039 756 1103; x_wconf 86' lang='lat' dir='ltr'><strong>licus,</strong></span> <span class='ocrx_word' id='word_1_56' title='bbox 792 1053 912 1108; x_wconf 69' lang='lat' dir='ltr'><strong>qua:</strong></span> <span class='ocrx_word' id='word_1_57' title='bbox 943 1053 1047 1092; x_wconf 91' lang='lat' dir='ltr'><strong>non</strong></span> <span class='ocrx_word' id='word_1_58' title='bbox 1095 1046 1220 1092; x_wconf 90' lang='lat' dir='ltr'><strong>sunt</strong></span> <span class='ocrx_word' id='word_1_59' title='bbox 1268 1036 1475 1092; x_wconf 84' lang='lat' dir='ltr'><strong>habiles</strong></span> <span class='ocrx_word' id='word_1_60' title='bbox 1517 1034 1667 1100; x_wconf 88' lang='lat' dir='ltr'><strong>esui,</strong></span> <span class='ocrx_word' id='word_1_61' title='bbox 1698 1050 1818 1106; x_wconf 64' lang='lat' dir='ltr'><strong>qua!</strong></span> 
     </span>
    </p>
   </div>
   <div class='ocr_carea' id='block_1_10' title="bbox 249 1125 1820 1196">
    <p class='ocr_par' dir='ltr' id='par_1_10' title="bbox 249 1125 1820 1196">
     <span class='ocr_line' id='line_1_10' title="bbox 249 1125 1820 1196; baseline -0.005 -9"><span class='ocrx_word' id='word_1_62' title='bbox 249 1132 412 1187; x_wconf 90' lang='lat' dir='ltr'><strong>etiam</strong></span> <span class='ocrx_word' id='word_1_63' title='bbox 441 1131 484 1185; x_wconf 91' lang='lat' dir='ltr'><strong>si</strong></span> <span class='ocrx_word' id='word_1_64' title='bbox 517 1145 789 1187; x_wconf 70' lang='lat' dir='ltr'><strong>concussas</strong></span> <span class='ocrx_word' id='word_1_65' title='bbox 816 1128 1032 1194; x_wconf 88' lang='lat' dir='ltr'><strong>fuerint,</strong></span> <span class='ocrx_word' id='word_1_66' title='bbox 1077 1127 1179 1182; x_wconf 90' lang='lat' dir='ltr'><strong>leni</strong></span> <span class='ocrx_word' id='word_1_67' title='bbox 1225 1135 1366 1181; x_wconf 89' lang='lat' dir='ltr'><strong>tactu</strong></span> <span class='ocrx_word' id='word_1_68' title='bbox 1414 1125 1654 1182; x_wconf 86' lang='lat' dir='ltr'><strong>cadunt:</strong></span> <span class='ocrx_word' id='word_1_69' title='bbox 1691 1139 1820 1196; x_wconf 86' lang='lat' dir='ltr'><strong>ergo</strong></span> 
     </span>
    </p>
   </div>
   <div class='ocr_carea' id='block_1_11' title="bbox 250 1217 1814 1292">
    <p class='ocr_par' dir='ltr' id='par_1_11' title="bbox 250 1217 1814 1292">
     <span class='ocr_line' id='line_1_11' title="bbox 250 1217 1814 1292; baseline -0.004 -13"><span class='ocrx_word' id='word_1_70' title='bbox 250 1234 474 1280; x_wconf 86' lang='lat' dir='ltr'><strong>sonante</strong></span> <span class='ocrx_word' id='word_1_71' title='bbox 525 1233 762 1288; x_wconf 90' lang='lat' dir='ltr'><strong>turture,</strong></span> <span class='ocrx_word' id='word_1_72' title='bbox 809 1223 863 1276; x_wconf 91' lang='lat' dir='ltr'><strong>id</strong></span> <span class='ocrx_word' id='word_1_73' title='bbox 911 1231 1027 1288; x_wconf 89' lang='lat' dir='ltr'><strong>est,</strong></span> <span class='ocrx_word' id='word_1_74' title='bbox 1080 1221 1490 1292; x_wconf 69' lang='lat' dir='ltr'><strong>praedicantibus</strong></span> <span class='ocrx_word' id='word_1_75' title='bbox 1541 1217 1814 1288; x_wconf 84' lang='lat' dir='ltr'><strong>apostolis,</strong></span> 
     </span>
    </p>
   </div>
   <div class='ocr_carea' id='block_1_12' title="bbox 253 1311 1821 1390">
    <p class='ocr_par' dir='ltr' id='par_1_12' title="bbox 253 1311 1821 1390">
     <span class='ocr_line' id='line_1_12' title="bbox 253 1311 1821 1390; baseline -0.005 -16"><span class='ocrx_word' id='word_1_76' title='bbox 253 1318 532 1390; x_wconf 83' lang='lat' dir='ltr'><strong>Synagoga</strong></span> <span class='ocrx_word' id='word_1_77' title='bbox 559 1315 780 1387; x_wconf 86' lang='lat' dir='ltr'><strong>protulit</strong></span> <span class='ocrx_word' id='word_1_78' title='bbox 805 1317 1038 1386; x_wconf 83' lang='lat' dir='ltr'><strong>grossos,</strong></span> <span class='ocrx_word' id='word_1_79' title='bbox 1065 1313 1114 1368; x_wconf 92' lang='lat' dir='ltr'><strong>id</strong></span> <span class='ocrx_word' id='word_1_80' title='bbox 1141 1322 1240 1377; x_wconf 83' lang='lat' dir='ltr'><strong>est,</strong></span> <span class='ocrx_word' id='word_1_81' title='bbox 1271 1313 1614 1366; x_wconf 81' lang='lat' dir='ltr'><strong>immaturam</strong></span> <span class='ocrx_word' id='word_1_82' title='bbox 1636 1311 1821 1383; x_wconf 83' lang='lat' dir='ltr'><strong>legalis</strong></span> 
     </span>
    </p>
   </div>
   <div class='ocr_carea' id='block_1_13' title="bbox 251 1400 1822 1479">
    <p class='ocr_par' dir='ltr' id='par_1_13' title="bbox 251 1400 1822 1479">
     <span class='ocr_line' id='line_1_13' title="bbox 251 1400 1822 1479; baseline -0.006 -16"><span class='ocrx_word' id='word_1_83' title='bbox 251 1406 608 1463; x_wconf 70' lang='lat' dir='ltr'><strong>observantia:</strong></span> <span class='ocrx_word' id='word_1_84' title='bbox 627 1404 1030 1476; x_wconf 83' lang='lat' dir='ltr'><strong>intelligentiam</strong></span> <span class='ocrx_word' id='word_1_85' title='bbox 1053 1403 1263 1472; x_wconf 87' lang='lat' dir='ltr'><strong>abjccit.</strong></span> <span class='ocrx_word' id='word_1_86' title='bbox 1285 1402 1381 1458; x_wconf 91' lang='lat' dir='ltr'><strong>Vel</strong></span> <span class='ocrx_word' id='word_1_87' title='bbox 1402 1404 1472 1456; x_wconf 90' lang='lat' dir='ltr'><strong>ita</strong></span> <span class='ocrx_word' id='word_1_88' title='bbox 1499 1419 1511 1456; x_wconf 90' lang='lat'><strong>:</strong></span> <span class='ocrx_word' id='word_1_89' title='bbox 1539 1400 1822 1479; x_wconf 77' lang='lat' dir='ltr'><strong>Synagoga</strong></span> 
     </span>
    </p>
   </div>
   <div class='ocr_carea' id='block_1_14' title="bbox 251 1493 1824 1568">
    <p class='ocr_par' dir='ltr' id='par_1_14' title="bbox 251 1493 1824 1568">
     <span class='ocr_line' id='line_1_14' title="bbox 251 1493 1824 1568; baseline -0.004 -16"><span class='ocrx_word' id='word_1_90' title='bbox 251 1497 554 1568; x_wconf 85' lang='lat' dir='ltr'><strong>procreavit</strong></span> <span class='ocrx_word' id='word_1_91' title='bbox 584 1495 870 1565; x_wconf 85' lang='lat' dir='ltr'><strong>apostolos,</strong></span> <span class='ocrx_word' id='word_1_92' title='bbox 896 1495 984 1564; x_wconf 90' lang='lat' dir='ltr'><strong>qui</strong></span> <span class='ocrx_word' id='word_1_93' title='bbox 1014 1493 1220 1548; x_wconf 85' lang='lat' dir='ltr'><strong>dulcem</strong></span> <span class='ocrx_word' id='word_1_94' title='bbox 1253 1493 1426 1547; x_wconf 88' lang='lat' dir='ltr'><strong>cibum</strong></span> <span class='ocrx_word' id='word_1_95' title='bbox 1452 1493 1564 1549; x_wconf 91' lang='lat' dir='ltr'><strong>suis</strong></span> <span class='ocrx_word' id='word_1_96' title='bbox 1600 1495 1824 1548; x_wconf 87' lang='lat' dir='ltr'><strong>creden-</strong></span> 
     </span>
    </p>
   </div>
   <div class='ocr_carea' id='block_1_15' title="bbox 254 1587 1822 1658">
    <p class='ocr_par' dir='ltr' id='par_1_15' title="bbox 254 1587 1822 1658">
     <span class='ocr_line' id='line_1_15' title="bbox 254 1587 1822 1658; baseline -0.001 -14"><span class='ocrx_word' id='word_1_97' title='bbox 254 1591 396 1645; x_wconf 84' lang='lat' dir='ltr'><strong>tibus</strong></span> <span class='ocrx_word' id='word_1_98' title='bbox 448 1589 836 1643; x_wconf 83' lang='lat' dir='ltr'><strong>ministrarent.</strong></span> <span class='ocrx_word' id='word_1_99' title='bbox 891 1589 956 1642; x_wconf 86' lang='lat' dir='ltr'><strong>Et</strong></span> <span class='ocrx_word' id='word_1_100' title='bbox 1005 1589 1128 1657; x_wconf 86' lang='lat' dir='ltr'><strong>quia</strong></span> <span class='ocrx_word' id='word_1_101' title='bbox 1179 1587 1484 1658; x_wconf 75' lang='lat' dir='ltr'><strong>proferente</strong></span> <span class='ocrx_word' id='word_1_102' title='bbox 1540 1587 1822 1658; x_wconf 86' lang='lat' dir='ltr'><strong>Synagoga</strong></span> 
     </span>
    </p>
   </div>
   <div class='ocr_carea' id='block_1_16' title="bbox 255 1679 1825 1750">
    <p class='ocr_par' dir='ltr' id='par_1_16' title="bbox 255 1679 1825 1750">
     <span class='ocr_line' id='line_1_16' title="bbox 255 1679 1825 1750; baseline 0 -16"><span class='ocrx_word' id='word_1_103' title='bbox 255 1681 543 1749; x_wconf 89' lang='lat' dir='ltr'><strong>apostolos,</strong></span> <span class='ocrx_word' id='word_1_104' title='bbox 568 1681 731 1734; x_wconf 88' lang='lat' dir='ltr'><strong>totius</strong></span> <span class='ocrx_word' id='word_1_105' title='bbox 753 1680 898 1734; x_wconf 89' lang='lat' dir='ltr'><strong>orbis</strong></span> <span class='ocrx_word' id='word_1_106' title='bbox 922 1679 1052 1735; x_wconf 90' lang='lat' dir='ltr'><strong>lides</strong></span> <span class='ocrx_word' id='word_1_107' title='bbox 1073 1681 1323 1750; x_wconf 89' lang='lat' dir='ltr'><strong>salusque</strong></span> <span class='ocrx_word' id='word_1_108' title='bbox 1344 1689 1527 1735; x_wconf 83' lang='lat' dir='ltr'><strong>secuta</strong></span> <span class='ocrx_word' id='word_1_109' title='bbox 1548 1689 1648 1746; x_wconf 88' lang='lat' dir='ltr'><strong>est,</strong></span> <span class='ocrx_word' id='word_1_110' title='bbox 1680 1691 1825 1734; x_wconf 90' lang='lat' dir='ltr'><strong>recte</strong></span> 
     </span>
    </p>
   </div>
   <div class='ocr_carea' id='block_1_17' title="bbox 254 1770 1828 1841">
    <p class='ocr_par' dir='ltr' id='par_1_17' title="bbox 254 1770 1828 1841">
     <span class='ocr_line' id='line_1_17' title="bbox 254 1770 1828 1841; baseline 0.001 -16"><span class='ocrx_word' id='word_1_111' title='bbox 254 1773 518 1826; x_wconf 83' lang='lat' dir='ltr'><strong>subditur.</strong></span> <span class='ocrx_word' id='word_1_112' title='bbox 561 1770 732 1826; x_wconf 74' lang='lat' dir='ltr'><strong>Vinetr</strong></span> <span class='ocrx_word' id='word_1_113' title='bbox 757 1773 1016 1841; x_wconf 82' lang='lat' dir='ltr'><strong>ﬂorentes.</strong></span> <span class='ocrx_word' id='word_1_114' title='bbox 1049 1771 1151 1826; x_wconf 89' lang='lat' dir='ltr'><strong>Per</strong></span> <span class='ocrx_word' id='word_1_115' title='bbox 1174 1771 1492 1827; x_wconf 89' lang='lat' dir='ltr'><strong>ﬁoritionem</strong></span> <span class='ocrx_word' id='word_1_116' title='bbox 1520 1771 1668 1826; x_wconf 87' lang='lat' dir='ltr'><strong>initia</strong></span> <span class='ocrx_word' id='word_1_117' title='bbox 1692 1771 1828 1826; x_wconf 91' lang='lat' dir='ltr'><strong>mul-</strong></span> 
     </span>
    </p>
   </div>
   <div class='ocr_carea' id='block_1_18' title="bbox 197 1862 1827 1936">
    <p class='ocr_par' dir='ltr' id='par_1_18' title="bbox 197 1862 1827 1936">
     <span class='ocr_line' id='line_1_18' title="bbox 197 1862 1827 1936; baseline 0.002 -21"><span class='ocrx_word' id='word_1_118' title='bbox 197 1899 210 1908; x_wconf 80' lang='lat'><strong>.</strong></span> <span class='ocrx_word' id='word_1_119' title='bbox 259 1862 514 1932; x_wconf 88' lang='lat' dir='ltr'><strong>tiplicium</strong></span> <span class='ocrx_word' id='word_1_120' title='bbox 540 1863 919 1925; x_wconf 85' lang='lat' dir='ltr'><strong>Ecclesiarum,</strong></span> <span class='ocrx_word' id='word_1_121' title='bbox 951 1865 1016 1918; x_wconf 89' lang='lat' dir='ltr'><strong>de</strong></span> <span class='ocrx_word' id='word_1_122' title='bbox 1042 1880 1104 1918; x_wconf 90' lang='lat' dir='ltr'><strong>ea</strong></span> <span class='ocrx_word' id='word_1_123' title='bbox 1132 1881 1250 1933; x_wconf 69' lang='lat' dir='ltr'><strong>qua:</strong></span> <span class='ocrx_word' id='word_1_124' title='bbox 1276 1863 1623 1936; x_wconf 84' lang='lat' dir='ltr'><strong>Jerosolymis</strong></span> <span class='ocrx_word' id='word_1_125' title='bbox 1650 1866 1827 1935; x_wconf 87' lang='lat' dir='ltr'><strong>primo</strong></span> 
     </span>
    </p>
   </div>
   <div class='ocr_carea' id='block_1_19' title="bbox 1913 751 3484 822">
    <p class='ocr_par' dir='ltr' id='par_1_19' title="bbox 1913 751 3484 822">
     <span class='ocr_line' id='line_1_19' title="bbox 1913 751 3484 822; baseline -0.001 -11"><span class='ocrx_word' id='word_1_126' title='bbox 1913 763 2023 820; x_wconf 87' lang='lat' dir='ltr'><strong>cat,</strong></span> <span class='ocrx_word' id='word_1_127' title='bbox 2053 771 2161 810; x_wconf 90' lang='lat' dir='ltr'><strong>non</strong></span> <span class='ocrx_word' id='word_1_128' title='bbox 2185 754 2358 810; x_wconf 90' lang='lat' dir='ltr'><strong>solum</strong></span> <span class='ocrx_word' id='word_1_129' title='bbox 2388 755 2653 818; x_wconf 88' lang='lat' dir='ltr'><strong>hortatur,</strong></span> <span class='ocrx_word' id='word_1_130' title='bbox 2686 753 2779 809; x_wconf 91' lang='lat' dir='ltr'><strong>sed</strong></span> <span class='ocrx_word' id='word_1_131' title='bbox 2805 754 2967 809; x_wconf 89' lang='lat' dir='ltr'><strong>etiam</strong></span> <span class='ocrx_word' id='word_1_132' title='bbox 2992 751 3225 822; x_wconf 83' lang='lat' dir='ltr'><strong>adjuvat.</strong></span> <span class='ocrx_word' id='word_1_133' title='bbox 3251 754 3484 810; x_wconf 76' lang='lat' dir='ltr'><strong>Dilectus</strong></span> 
     </span>
    </p>
   </div>
   <div class='ocr_carea' id='block_1_20' title="bbox 1914 845 3482 920">
    <p class='ocr_par' dir='ltr' id='par_1_20' title="bbox 1914 845 3482 920">
     <span class='ocr_line' id='line_1_20' title="bbox 1914 845 3482 920; baseline 0.003 -19"><span class='ocrx_word' id='word_1_134' title='bbox 1914 863 2059 902; x_wconf 87' lang='lat' dir='ltr'><strong>meus</strong></span> <span class='ocrx_word' id='word_1_135' title='bbox 2089 845 2236 900; x_wconf 86' lang='lat' dir='ltr'><strong>mihi.</strong></span> <span class='ocrx_word' id='word_1_136' title='bbox 2261 845 2487 900; x_wconf 89' lang='lat' dir='ltr'><strong>Sincero</strong></span> <span class='ocrx_word' id='word_1_137' title='bbox 2509 860 2694 901; x_wconf 89' lang='lat' dir='ltr'><strong>amore</strong></span> <span class='ocrx_word' id='word_1_138' title='bbox 2714 845 2846 901; x_wconf 88' lang='lat' dir='ltr'><strong>mihi</strong></span> <span class='ocrx_word' id='word_1_139' title='bbox 2868 845 3170 916; x_wconf 87' lang='lat' dir='ltr'><strong>copulatur,</strong></span> <span class='ocrx_word' id='word_1_140' title='bbox 3192 854 3248 903; x_wconf 90' lang='lat' dir='ltr'><strong>et</strong></span> <span class='ocrx_word' id='word_1_141' title='bbox 3267 863 3360 920; x_wconf 82' lang='lat' dir='ltr'><strong>ego</strong></span> <span class='ocrx_word' id='word_1_142' title='bbox 3382 848 3482 905; x_wconf 89' lang='lat' dir='ltr'><strong>illi.</strong></span> 
     </span>
    </p>
   </div>
   <div class='ocr_carea' id='block_1_21' title="bbox 1916 937 3487 1015">
    <p class='ocr_par' dir='ltr' id='par_1_21' title="bbox 1916 937 3487 1015">
     <span class='ocr_line' id='line_1_21' title="bbox 1916 937 3487 1015; baseline 0.003 -21"><span class='ocrx_word' id='word_1_143' title='bbox 1916 938 2046 1003; x_wconf 89' lang='lat' dir='ltr'><strong>Vel,</strong></span> <span class='ocrx_word' id='word_1_144' title='bbox 2073 937 2289 992; x_wconf 86' lang='lat' dir='ltr'><strong>dilectus</strong></span> <span class='ocrx_word' id='word_1_145' title='bbox 2317 939 2476 993; x_wconf 83' lang='lat' dir='ltr'><strong>talem</strong></span> <span class='ocrx_word' id='word_1_146' title='bbox 2507 938 2938 994; x_wconf 82' lang='lat' dir='ltr'><strong>exhortationem</strong></span> <span class='ocrx_word' id='word_1_147' title='bbox 2972 939 3096 994; x_wconf 83' lang='lat' dir='ltr'><strong>mihi</strong></span> <span class='ocrx_word' id='word_1_148' title='bbox 3125 939 3282 1006; x_wconf 84' lang='lat' dir='ltr'><strong>facit,</strong></span> <span class='ocrx_word' id='word_1_149' title='bbox 3316 949 3371 998; x_wconf 90' lang='lat' dir='ltr'><strong>et</strong></span> <span class='ocrx_word' id='word_1_150' title='bbox 3395 959 3487 1015; x_wconf 88' lang='lat' dir='ltr'><strong>ego</strong></span> 
     </span>
    </p>
   </div>
   <div class='ocr_carea' id='block_1_22' title="bbox 1919 1029 3488 1098">
    <p class='ocr_par' dir='ltr' id='par_1_22' title="bbox 1919 1029 3488 1098">
     <span class='ocr_line' id='line_1_22' title="bbox 1919 1029 3488 1098; baseline 0.003 -14"><span class='ocrx_word' id='word_1_151' title='bbox 1919 1029 1995 1084; x_wconf 84' lang='lat' dir='ltr'><strong>illi</strong></span> <span class='ocrx_word' id='word_1_152' title='bbox 2038 1029 2227 1085; x_wconf 84' lang='lat' dir='ltr'><strong>faciem</strong></span> <span class='ocrx_word' id='word_1_153' title='bbox 2268 1039 2323 1085; x_wconf 89' lang='lat' dir='ltr'><strong>et</strong></span> <span class='ocrx_word' id='word_1_154' title='bbox 2366 1045 2550 1085; x_wconf 86' lang='lat' dir='ltr'><strong>vocem</strong></span> <span class='ocrx_word' id='word_1_155' title='bbox 2600 1031 2846 1088; x_wconf 77' lang='lat' dir='ltr'><strong>ostendo.</strong></span> <span class='ocrx_word' id='word_1_156' title='bbox 2892 1029 3022 1098; x_wconf 85' lang='lat' dir='ltr'><strong>Vel,</strong></span> <span class='ocrx_word' id='word_1_157' title='bbox 3073 1031 3290 1087; x_wconf 85' lang='lat' dir='ltr'><strong>dilectus</strong></span> <span class='ocrx_word' id='word_1_158' title='bbox 3342 1051 3488 1089; x_wconf 81' lang='lat' dir='ltr'><strong>meus</strong></span> 
     </span>
    </p>
   </div>
   <div class='ocr_carea' id='block_1_23' title="bbox 1918 1122 3492 1196">
    <p class='ocr_par' dir='ltr' id='par_1_23' title="bbox 1918 1122 3492 1196">
     <span class='ocr_line' id='line_1_23' title="bbox 1918 1122 3492 1196; baseline 0.003 -20"><span class='ocrx_word' id='word_1_159' title='bbox 1918 1123 2064 1182; x_wconf 84' lang='lat' dir='ltr'><strong>mihi.</strong></span> <span class='ocrx_word' id='word_1_160' title='bbox 2096 1139 2201 1177; x_wconf 92' lang='lat' dir='ltr'><strong>non</strong></span> <span class='ocrx_word' id='word_1_161' title='bbox 2230 1123 2382 1178; x_wconf 86' lang='lat' dir='ltr'><strong>alteri</strong></span> <span class='ocrx_word' id='word_1_162' title='bbox 2415 1122 2662 1190; x_wconf 88' lang='lat' dir='ltr'><strong>cuilibet,</strong></span> <span class='ocrx_word' id='word_1_163' title='bbox 2694 1123 2918 1188; x_wconf 89' lang='lat' dir='ltr'><strong>scilicet,</strong></span> <span class='ocrx_word' id='word_1_164' title='bbox 2953 1125 3180 1196; x_wconf 79' lang='lat' dir='ltr'><strong>gratiam</strong></span> <span class='ocrx_word' id='word_1_165' title='bbox 3211 1126 3492 1196; x_wconf 62' lang='lat' dir='ltr'><strong>praestabit</strong></span> 
     </span>
    </p>
   </div>
   <div class='ocr_carea' id='block_1_24' title="bbox 1919 1213 3487 1288">
    <p class='ocr_par' dir='ltr' id='par_1_24' title="bbox 1919 1213 3487 1288">
     <span class='ocr_line' id='line_1_24' title="bbox 1919 1213 3487 1288; baseline 0.003 -20"><span class='ocrx_word' id='word_1_166' title='bbox 1919 1221 1974 1268; x_wconf 88' lang='lat' dir='ltr'><strong>et</strong></span> <span class='ocrx_word' id='word_1_167' title='bbox 2000 1213 2231 1268; x_wconf 88' lang='lat' dir='ltr'><strong>fructum</strong></span> <span class='ocrx_word' id='word_1_168' title='bbox 2263 1215 2552 1284; x_wconf 88' lang='lat' dir='ltr'><strong>rependet;</strong></span> <span class='ocrx_word' id='word_1_169' title='bbox 2586 1223 2640 1269; x_wconf 93' lang='lat' dir='ltr'><strong>et</strong></span> <span class='ocrx_word' id='word_1_170' title='bbox 2665 1231 2759 1286; x_wconf 88' lang='lat' dir='ltr'><strong>ego</strong></span> <span class='ocrx_word' id='word_1_171' title='bbox 2789 1215 2867 1280; x_wconf 86' lang='lat' dir='ltr'><strong>ei,</strong></span> <span class='ocrx_word' id='word_1_172' title='bbox 2894 1229 3002 1270; x_wconf 92' lang='lat' dir='ltr'><strong>non</strong></span> <span class='ocrx_word' id='word_1_173' title='bbox 3033 1215 3186 1271; x_wconf 89' lang='lat' dir='ltr'><strong>alteri</strong></span> <span class='ocrx_word' id='word_1_174' title='bbox 3215 1216 3487 1288; x_wconf 86' lang='lat' dir='ltr'><strong>cuiquam,</strong></span> 
     </span>
    </p>
   </div>
   <div class='ocr_carea' id='block_1_25' title="bbox 1920 1305 3492 1380">
    <p class='ocr_par' dir='ltr' id='par_1_25' title="bbox 1920 1305 3492 1380">
     <span class='ocr_line' id='line_1_25' title="bbox 1920 1305 3492 1380; baseline 0.002 -20"><span class='ocrx_word' id='word_1_175' title='bbox 1920 1321 2027 1362; x_wconf 93' lang='lat' dir='ltr'><strong>non</strong></span> <span class='ocrx_word' id='word_1_176' title='bbox 2057 1306 2111 1359; x_wconf 90' lang='lat' dir='ltr'><strong>in</strong></span> <span class='ocrx_word' id='word_1_177' title='bbox 2144 1305 2246 1360; x_wconf 87' lang='lat' dir='ltr'><strong>alia</strong></span> <span class='ocrx_word' id='word_1_178' title='bbox 2277 1307 2429 1360; x_wconf 90' lang='lat' dir='ltr'><strong>turba</strong></span> <span class='ocrx_word' id='word_1_179' title='bbox 2458 1305 2756 1372; x_wconf 89' lang='lat' dir='ltr'><strong>hominum,</strong></span> <span class='ocrx_word' id='word_1_180' title='bbox 2801 1307 2894 1363; x_wconf 89' lang='lat' dir='ltr'><strong>sed</strong></span> <span class='ocrx_word' id='word_1_181' title='bbox 2938 1307 3146 1380; x_wconf 83' lang='lat' dir='ltr'><strong>integra</strong></span> <span class='ocrx_word' id='word_1_182' title='bbox 3189 1307 3492 1364; x_wconf 88' lang='lat' dir='ltr'><strong>obcdientia</strong></span> 
     </span>
    </p>
   </div>
   <div class='ocr_carea' id='block_1_26' title="bbox 1921 1396 3493 1468">
    <p class='ocr_par' dir='ltr' id='par_1_26' title="bbox 1921 1396 3493 1468">
     <span class='ocr_line' id='line_1_26' title="bbox 1921 1396 3493 1468; baseline 0.004 -19"><span class='ocrx_word' id='word_1_183' title='bbox 1921 1403 1977 1449; x_wconf 92' lang='lat' dir='ltr'><strong>et</strong></span> <span class='ocrx_word' id='word_1_184' title='bbox 2031 1396 2313 1451; x_wconf 84' lang='lat' dir='ltr'><strong>devotione</strong></span> <span class='ocrx_word' id='word_1_185' title='bbox 2359 1397 2783 1468; x_wconf 87' lang='lat' dir='ltr'><strong>conglutinabor.</strong></span> <span class='ocrx_word' id='word_1_186' title='bbox 2835 1397 3060 1454; x_wconf 89' lang='lat' dir='ltr'><strong>Cunctis</strong></span> <span class='ocrx_word' id='word_1_187' title='bbox 3111 1399 3197 1454; x_wconf 91' lang='lat' dir='ltr'><strong>his</strong></span> <span class='ocrx_word' id='word_1_188' title='bbox 3245 1400 3493 1456; x_wconf 87' lang='lat' dir='ltr'><strong>sensibus</strong></span> 
     </span>
    </p>
   </div>
   <div class='ocr_carea' id='block_1_27' title="bbox 1924 1490 3492 1564">
    <p class='ocr_par' dir='ltr' id='par_1_27' title="bbox 1924 1490 3492 1564">
     <span class='ocr_line' id='line_1_27' title="bbox 1924 1490 3492 1564; baseline 0.002 -20"><span class='ocrx_word' id='word_1_189' title='bbox 1924 1498 2044 1558; x_wconf 86' lang='lat' dir='ltr'><strong>apte</strong></span> <span class='ocrx_word' id='word_1_190' title='bbox 2074 1491 2323 1545; x_wconf 77' lang='lat' dir='ltr'><strong>convenit</strong></span> <span class='ocrx_word' id='word_1_191' title='bbox 2345 1491 2486 1560; x_wconf 93' lang='lat' dir='ltr'><strong>quod</strong></span> <span class='ocrx_word' id='word_1_192' title='bbox 2515 1492 2794 1562; x_wconf 88' lang='lat' dir='ltr'><strong>sequitur:</strong></span> <span class='ocrx_word' id='word_1_193' title='bbox 2821 1490 2924 1558; x_wconf 83' lang='lat' dir='ltr'><strong>Qui</strong></span> <span class='ocrx_word' id='word_1_194' title='bbox 2947 1491 3180 1564; x_wconf 83' lang='lat' dir='ltr'><strong>pascitur</strong></span> <span class='ocrx_word' id='word_1_195' title='bbox 3202 1492 3338 1548; x_wconf 84' lang='lat' dir='ltr'><strong>inter</strong></span> <span class='ocrx_word' id='word_1_196' title='bbox 3359 1491 3492 1548; x_wconf 86' lang='lat' dir='ltr'><strong>lilia.</strong></span> 
     </span>
    </p>
   </div>
   <div class='ocr_carea' id='block_1_28' title="bbox 1922 1580 3498 1654">
    <p class='ocr_par' dir='ltr' id='par_1_28' title="bbox 1922 1580 3498 1654">
     <span class='ocr_line' id='line_1_28' title="bbox 1922 1580 3498 1654; baseline 0.003 -20"><span class='ocrx_word' id='word_1_197' title='bbox 1922 1580 2170 1635; x_wconf 89' lang='lat' dir='ltr'><strong>Pascitur</strong></span> <span class='ocrx_word' id='word_1_198' title='bbox 2195 1583 2247 1636; x_wconf 90' lang='lat' dir='ltr'><strong>in</strong></span> <span class='ocrx_word' id='word_1_199' title='bbox 2275 1583 2452 1645; x_wconf 91' lang='lat' dir='ltr'><strong>nobis,</strong></span> <span class='ocrx_word' id='word_1_200' title='bbox 2483 1584 2605 1652; x_wconf 85' lang='lat' dir='ltr'><strong>quia</strong></span> <span class='ocrx_word' id='word_1_201' title='bbox 2636 1598 2831 1654; x_wconf 90' lang='lat' dir='ltr'><strong>corpus</strong></span> <span class='ocrx_word' id='word_1_202' title='bbox 2859 1583 3000 1639; x_wconf 91' lang='lat' dir='ltr'><strong>illius</strong></span> <span class='ocrx_word' id='word_1_203' title='bbox 3028 1599 3214 1639; x_wconf 93' lang='lat' dir='ltr'><strong>sumus</strong></span> <span class='ocrx_word' id='word_1_204' title='bbox 3243 1593 3296 1640; x_wconf 88' lang='lat' dir='ltr'><strong>et</strong></span> <span class='ocrx_word' id='word_1_205' title='bbox 3331 1597 3498 1638; x_wconf 89' lang='lat' dir='ltr'><strong>mem-</strong></span> 
     </span>
    </p>
   </div>
   <div class='ocr_carea' id='block_1_29' title="bbox 1924 1673 3497 1748">
    <p class='ocr_par' dir='ltr' id='par_1_29' title="bbox 1924 1673 3497 1748">
     <span class='ocr_line' id='line_1_29' title="bbox 1924 1673 3497 1748; baseline 0.003 -21"><span class='ocrx_word' id='word_1_206' title='bbox 1924 1673 2022 1727; x_wconf 89' lang='lat' dir='ltr'><strong>bra</strong></span> <span class='ocrx_word' id='word_1_207' title='bbox 2057 1673 2124 1727; x_wconf 86' lang='lat' dir='ltr'><strong>de</strong></span> <span class='ocrx_word' id='word_1_208' title='bbox 2165 1676 2439 1740; x_wconf 89' lang='lat' dir='ltr'><strong>membro;</strong></span> <span class='ocrx_word' id='word_1_209' title='bbox 2491 1679 2666 1747; x_wconf 90' lang='lat' dir='ltr'><strong>pascit</strong></span> <span class='ocrx_word' id='word_1_210' title='bbox 2713 1692 2814 1733; x_wconf 90' lang='lat' dir='ltr'><strong>nos</strong></span> <span class='ocrx_word' id='word_1_211' title='bbox 2863 1676 3017 1747; x_wconf 90' lang='lat' dir='ltr'><strong>ipse,</strong></span> <span class='ocrx_word' id='word_1_212' title='bbox 3063 1677 3154 1748; x_wconf 86' lang='lat' dir='ltr'><strong>qui</strong></span> <span class='ocrx_word' id='word_1_213' title='bbox 3205 1685 3365 1748; x_wconf 87' lang='lat' dir='ltr'><strong>caput</strong></span> <span class='ocrx_word' id='word_1_214' title='bbox 3393 1688 3497 1734; x_wconf 90' lang='lat' dir='ltr'><strong>est.</strong></span> 
     </span>
    </p>
   </div>
   <div class='ocr_carea' id='block_1_30' title="bbox 1929 1761 3502 1836">
    <p class='ocr_par' dir='ltr' id='par_1_30' title="bbox 1929 1761 3502 1836">
     <span class='ocr_line' id='line_1_30' title="bbox 1929 1761 3502 1836; baseline 0.005 -21"><span class='ocrx_word' id='word_1_215' title='bbox 1929 1761 2175 1816; x_wconf 87' lang='lat' dir='ltr'><strong>Pascitur</strong></span> <span class='ocrx_word' id='word_1_216' title='bbox 2211 1765 2346 1818; x_wconf 83' lang='lat' dir='ltr'><strong>inter</strong></span> <span class='ocrx_word' id='word_1_217' title='bbox 2370 1764 2502 1830; x_wconf 84' lang='lat' dir='ltr'><strong>lilia,</strong></span> <span class='ocrx_word' id='word_1_218' title='bbox 2551 1781 2672 1820; x_wconf 89' lang='lat' dir='ltr'><strong>eum</strong></span> <span class='ocrx_word' id='word_1_219' title='bbox 2706 1765 2919 1832; x_wconf 88' lang='lat' dir='ltr'><strong>ﬁdeles,</strong></span> <span class='ocrx_word' id='word_1_220' title='bbox 2965 1765 3052 1836; x_wconf 89' lang='lat' dir='ltr'><strong>qui</strong></span> <span class='ocrx_word' id='word_1_221' title='bbox 3101 1776 3226 1823; x_wconf 92' lang='lat' dir='ltr'><strong>sunt</strong></span> <span class='ocrx_word' id='word_1_222' title='bbox 3262 1770 3502 1824; x_wconf 88' lang='lat' dir='ltr'><strong>membra</strong></span> 
     </span>
    </p>
   </div>
   <div class='ocr_carea' id='block_1_31' title="bbox 1929 1849 3506 1928">
    <p class='ocr_par' dir='ltr' id='par_1_31' title="bbox 1929 1849 3506 1928">
     <span class='ocr_line' id='line_1_31' title="bbox 1929 1849 3506 1928; baseline 0.006 -22"><span class='ocrx_word' id='word_1_223' title='bbox 1929 1849 2064 1920; x_wconf 69' lang='lat' dir='ltr'><strong>eius,</strong></span> <span class='ocrx_word' id='word_1_224' title='bbox 2079 1854 2336 1924; x_wconf 83' lang='lat' dir='ltr'><strong>exemplis</strong></span> <span class='ocrx_word' id='word_1_225' title='bbox 2351 1857 2590 1928; x_wconf 89' lang='lat' dir='ltr'><strong>priorum</strong></span> <span class='ocrx_word' id='word_1_226' title='bbox 2611 1856 2844 1912; x_wconf 87' lang='lat' dir='ltr'><strong>ﬁdelium</strong></span> <span class='ocrx_word' id='word_1_227' title='bbox 2874 1858 2926 1912; x_wconf 93' lang='lat' dir='ltr'><strong>in</strong></span> <span class='ocrx_word' id='word_1_228' title='bbox 2948 1873 3299 1928; x_wconf 85' lang='lat' dir='ltr'><strong>supernorum</strong></span> <span class='ocrx_word' id='word_1_229' title='bbox 3320 1875 3506 1916; x_wconf 86' lang='lat' dir='ltr'><strong>amore</strong></span> 
     </span>
    </p>
   </div>
   <div class='ocr_carea' id='block_1_32' title="bbox 255 1937 3502 2025">
    <p class='ocr_par' dir='ltr' id='par_1_32' title="bbox 255 1937 3502 2025">
     <span class='ocr_line' id='line_1_32' title="bbox 255 1937 3502 2025; baseline 0.002 -25"><span class='ocrx_word' id='word_1_230' title='bbox 255 1951 495 2020; x_wconf 77' lang='lat' dir='ltr'><strong>plantata</strong></span> <span class='ocrx_word' id='word_1_231' title='bbox 525 1964 606 2007; x_wconf 85' lang='lat' dir='ltr'><strong>est</strong></span> <span class='ocrx_word' id='word_1_232' title='bbox 625 1994 638 2016; x_wconf 93' lang='lat'><strong>,</strong></span> <span class='ocrx_word' id='word_1_233' title='bbox 669 1954 733 2007; x_wconf 87' lang='lat' dir='ltr'><strong>de</strong></span> <span class='ocrx_word' id='word_1_234' title='bbox 757 1954 910 2023; x_wconf 86' lang='lat' dir='ltr'><strong>cujus</strong></span> <span class='ocrx_word' id='word_1_235' title='bbox 933 1953 1062 2009; x_wconf 87' lang='lat' dir='ltr'><strong>ﬁore</strong></span> <span class='ocrx_word' id='word_1_236' title='bbox 1092 1971 1284 2009; x_wconf 86' lang='lat' dir='ltr'><strong>succus</strong></span> <span class='ocrx_word' id='word_1_237' title='bbox 1327 1970 1612 2024; x_wconf 81' lang='lat' dir='ltr'><strong>expressus</strong></span> <span class='ocrx_word' id='word_1_238' title='bbox 1652 1956 1827 2025; x_wconf 85' lang='lat' dir='ltr'><strong>poculi</strong></span> <span class='ocrx_word' id='word_1_239' title='bbox 1859 1937 1904 2000; x_wconf 85' lang='grc' dir='ltr'><strong>Β</strong></span> <span class='ocrx_word' id='word_1_240' title='bbox 1931 1945 2301 2015; x_wconf 89' lang='lat' dir='ltr'><strong>perﬁciuntur.</strong></span> <span class='ocrx_word' id='word_1_241' title='bbox 2335 1945 2487 2001; x_wconf 87' lang='lat' dir='ltr'><strong>Lilia.</strong></span> <span class='ocrx_word' id='word_1_242' title='bbox 2519 1948 2742 2005; x_wconf 86' lang='lat' dir='ltr'><strong>Adustis</strong></span> <span class='ocrx_word' id='word_1_243' title='bbox 2771 1952 3027 2006; x_wconf 91' lang='lat' dir='ltr'><strong>membris</strong></span> <span class='ocrx_word' id='word_1_244' title='bbox 3057 1952 3258 2006; x_wconf 88' lang='lat' dir='ltr'><strong>mederi</strong></span> <span class='ocrx_word' id='word_1_245' title='bbox 3290 1951 3502 2008; x_wconf 83' lang='lat' dir='ltr'><strong>solent;</strong></span> 
     </span>
    </p>
   </div>
   <div class='ocr_carea' id='block_1_33' title="bbox 257 2043 1826 2115">
    <p class='ocr_par' dir='ltr' id='par_1_33' title="bbox 257 2043 1826 2115">
     <span class='ocr_line' id='line_1_33' title="bbox 257 2043 1826 2115; baseline 0.005 -21"><span class='ocrx_word' id='word_1_246' title='bbox 257 2055 427 2109; x_wconf 86' lang='lat' dir='ltr'><strong>genus</strong></span> <span class='ocrx_word' id='word_1_247' title='bbox 473 2043 721 2107; x_wconf 86' lang='lat' dir='ltr'><strong>coniicit,</strong></span> <span class='ocrx_word' id='word_1_248' title='bbox 757 2043 916 2098; x_wconf 88' lang='lat' dir='ltr'><strong>saluti</strong></span> <span class='ocrx_word' id='word_1_249' title='bbox 964 2053 1017 2098; x_wconf 93' lang='lat' dir='ltr'><strong>et</strong></span> <span class='ocrx_word' id='word_1_250' title='bbox 1075 2044 1332 2115; x_wconf 87' lang='lat' dir='ltr'><strong>voluptati</strong></span> <span class='ocrx_word' id='word_1_251' title='bbox 1387 2047 1826 2114; x_wconf 89' lang='lat' dir='ltr'><strong>accommodum,</strong></span> 
     </span>
    </p>
   </div>
   <div class='ocr_carea' id='block_1_34' title="bbox 260 2131 1156 2201">
    <p class='ocr_par' dir='ltr' id='par_1_34' title="bbox 260 2131 1156 2201">
     <span class='ocr_line' id='line_1_34' title="bbox 260 2131 1156 2201; baseline 0.003 -17"><span class='ocrx_word' id='word_1_252' title='bbox 260 2132 401 2201; x_wconf 91' lang='lat' dir='ltr'><strong>quod</strong></span> <span class='ocrx_word' id='word_1_253' title='bbox 429 2131 664 2186; x_wconf 66' lang='lat' dir='ltr'><strong>laetiﬁcat</strong></span> <span class='ocrx_word' id='word_1_254' title='bbox 693 2147 788 2187; x_wconf 89' lang='lat' dir='ltr'><strong>cor</strong></span> <span class='ocrx_word' id='word_1_255' title='bbox 814 2134 1070 2190; x_wconf 90' lang='lat' dir='ltr'><strong>hominis.</strong></span> <span class='ocrx_word' id='word_1_256' title='bbox 1146 2171 1156 2182; x_wconf 81' lang='lat'><strong>.</strong></span> 
     </span>
    </p>
   </div>
   <div class='ocr_carea' id='block_1_35' title="bbox 336 2223 1830 2294">
    <p class='ocr_par' dir='ltr' id='par_1_35' title="bbox 336 2223 1830 2294">
     <span class='ocr_line' id='line_1_35' title="bbox 336 2223 1830 2294; baseline 0.003 -16"><span class='ocrx_word' id='word_1_257' title='bbox 336 2223 496 2278; x_wconf 72' lang='lat' dir='ltr'><strong>Vens.</strong></span> <span class='ocrx_word' id='word_1_258' title='bbox 531 2223 788 2278; x_wconf 71' lang='lat' dir='ltr'><strong>H.-—-Iu</strong></span> <span class='ocrx_word' id='word_1_259' title='bbox 813 2225 1176 2294; x_wconf 79' lang='lat' dir='ltr'><strong>foraminibus.</strong></span> <span class='ocrx_word' id='word_1_260' title='bbox 1205 2227 1262 2281; x_wconf 86' lang='lat' dir='ltr'><strong>In</strong></span> <span class='ocrx_word' id='word_1_261' title='bbox 1291 2227 1601 2282; x_wconf 86' lang='lat' dir='ltr'><strong>vulneribus</strong></span> <span class='ocrx_word' id='word_1_262' title='bbox 1628 2226 1830 2282; x_wconf 86' lang='lat' dir='ltr'><strong>Christi</strong></span> 
     </span>
    </p>
   </div>
   <div class='ocr_carea' id='block_1_36' title="bbox 263 2313 1831 2389">
    <p class='ocr_par' dir='ltr' id='par_1_36' title="bbox 263 2313 1831 2389">
     <span class='ocr_line' id='line_1_36' title="bbox 263 2313 1831 2389; baseline 0.004 -21"><span class='ocrx_word' id='word_1_263' title='bbox 263 2313 502 2370; x_wconf 86' lang='lat' dir='ltr'><strong>Ecclesia</strong></span> <span class='ocrx_word' id='word_1_264' title='bbox 532 2315 684 2370; x_wconf 89' lang='lat' dir='ltr'><strong>sedet</strong></span> <span class='ocrx_word' id='word_1_265' title='bbox 705 2324 759 2369; x_wconf 89' lang='lat' dir='ltr'><strong>et</strong></span> <span class='ocrx_word' id='word_1_266' title='bbox 784 2315 1018 2370; x_wconf 88' lang='lat' dir='ltr'><strong>nidiﬁcat</strong></span> <span class='ocrx_word' id='word_1_267' title='bbox 1049 2335 1061 2369; x_wconf 91' lang='lat'>:</span> <span class='ocrx_word' id='word_1_268' title='bbox 1099 2335 1220 2372; x_wconf 91' lang='lat' dir='ltr'><strong>cum</strong></span> <span class='ocrx_word' id='word_1_269' title='bbox 1260 2319 1310 2372; x_wconf 90' lang='lat' dir='ltr'><strong>in</strong></span> <span class='ocrx_word' id='word_1_270' title='bbox 1347 2319 1594 2389; x_wconf 89' lang='lat' dir='ltr'><strong>passione</strong></span> <span class='ocrx_word' id='word_1_271' title='bbox 1620 2319 1831 2374; x_wconf 89' lang='lat' dir='ltr'><strong>Domini</strong></span> 
     </span>
    </p>
   </div>
   <div class='ocr_carea' id='block_1_37' title="bbox 265 2408 1832 2480">
    <p class='ocr_par' dir='ltr' id='par_1_37' title="bbox 265 2408 1832 2480">
     <span class='ocr_line' id='line_1_37' title="bbox 265 2408 1832 2480; baseline 0.004 -21"><span class='ocrx_word' id='word_1_272' title='bbox 265 2421 412 2476; x_wconf 90' lang='lat' dir='ltr'><strong>spem</strong></span> <span class='ocrx_word' id='word_1_273' title='bbox 447 2423 556 2463; x_wconf 63' lang='lat' dir='ltr'><strong>suae</strong></span> <span class='ocrx_word' id='word_1_274' title='bbox 575 2408 762 2463; x_wconf 87' lang='lat' dir='ltr'><strong>salutis</strong></span> <span class='ocrx_word' id='word_1_275' title='bbox 787 2409 960 2479; x_wconf 91' lang='lat' dir='ltr'><strong>ponit,</strong></span> <span class='ocrx_word' id='word_1_276' title='bbox 985 2419 1040 2465; x_wconf 92' lang='lat' dir='ltr'><strong>et</strong></span> <span class='ocrx_word' id='word_1_277' title='bbox 1065 2426 1162 2480; x_wconf 88' lang='lat' dir='ltr'><strong>per</strong></span> <span class='ocrx_word' id='word_1_278' title='bbox 1189 2412 1291 2466; x_wconf 90' lang='lat' dir='ltr'><strong>hoc</strong></span> <span class='ocrx_word' id='word_1_279' title='bbox 1319 2412 1385 2465; x_wconf 89' lang='lat' dir='ltr'><strong>ab</strong></span> <span class='ocrx_word' id='word_1_280' title='bbox 1431 2411 1638 2466; x_wconf 89' lang='lat' dir='ltr'><strong>insidiis</strong></span> <span class='ocrx_word' id='word_1_281' title='bbox 1683 2412 1832 2466; x_wconf 83' lang='lat' dir='ltr'><strong>acc‘i-</strong></span> 
     </span>
    </p>
   </div>
   <div class='ocr_carea' id='block_1_38' title="bbox 264 2496 1831 2588">
    <p class='ocr_par' dir='ltr' id='par_1_38' title="bbox 264 2496 1831 2588">
     <span class='ocr_line' id='line_1_38' title="bbox 264 2496 1831 2588; baseline 0.007 -39"><span class='ocrx_word' id='word_1_282' title='bbox 264 2496 451 2567; x_wconf 88' lang='lat' dir='ltr'><strong>pitris,</strong></span> <span class='ocrx_word' id='word_1_283' title='bbox 488 2498 543 2552; x_wconf 87' lang='lat' dir='ltr'><strong>id</strong></span> <span class='ocrx_word' id='word_1_284' title='bbox 579 2507 689 2564; x_wconf 87' lang='lat' dir='ltr'><strong>est,</strong></span> <span class='ocrx_word' id='word_1_285' title='bbox 723 2501 914 2555; x_wconf 87' lang='lat' dir='ltr'><strong>diaboli</strong></span> <span class='ocrx_word' id='word_1_286' title='bbox 965 2517 1024 2556; x_wconf 89' lang='lat' dir='ltr'><strong>se</strong></span> <span class='ocrx_word' id='word_1_287' title='bbox 1070 2503 1345 2588; x_wconf 65' lang='lat' dir='ltr'><strong>tutaqdam</strong></span> <span class='ocrx_word' id='word_1_288' title='bbox 1389 2505 1640 2570; x_wconf 83' lang='lat' dir='ltr'><strong>conﬁdit,</strong></span> <span class='ocrx_word' id='word_1_289' title='bbox 1683 2514 1739 2560; x_wconf 89' lang='lat' dir='ltr'><strong>et</strong></span> <span class='ocrx_word' id='word_1_290' title='bbox 1781 2506 1831 2560; x_wconf 90' lang='lat' dir='ltr'><strong>in</strong></span> 
     </span>
    </p>
   </div>
   <div class='ocr_carea' id='block_1_39' title="bbox 266 2593 1834 2666">
    <p class='ocr_par' dir='ltr' id='par_1_39' title="bbox 266 2593 1834 2666">
     <span class='ocr_line' id='line_1_39' title="bbox 266 2593 1834 2666; baseline 0.005 -20"><span class='ocrx_word' id='word_1_291' title='bbox 266 2593 450 2646; x_wconf 89' lang='lat' dir='ltr'><strong>eodem</strong></span> <span class='ocrx_word' id='word_1_292' title='bbox 481 2593 614 2648; x_wconf 87' lang='lat' dir='ltr'><strong>alios</strong></span> <span class='ocrx_word' id='word_1_293' title='bbox 643 2594 830 2666; x_wconf 86' lang='lat' dir='ltr'><strong>gignit.</strong></span> <span class='ocrx_word' id='word_1_294' title='bbox 875 2596 942 2650; x_wconf 84' lang='lat' dir='ltr'><strong>In</strong></span> <span class='ocrx_word' id='word_1_295' title='bbox 987 2596 1351 2666; x_wconf 80' lang='lat' dir='ltr'><strong>foraminibus.</strong></span> <span class='ocrx_word' id='word_1_296' title='bbox 1379 2597 1436 2652; x_wconf 79' lang='grc' dir='ltr'><strong>ἠ</strong></span> <span class='ocrx_word' id='word_1_297' title='bbox 1483 2599 1614 2665; x_wconf 90' lang='lat' dir='ltr'><strong>ﬁde,</strong></span> <span class='ocrx_word' id='word_1_298' title='bbox 1647 2601 1731 2653; x_wconf 89' lang='lat' dir='ltr'><strong>vel</strong></span> <span class='ocrx_word' id='word_1_299' title='bbox 1780 2601 1834 2654; x_wconf 91' lang='lat' dir='ltr'><strong>in</strong></span> 
     </span>
    </p>
   </div>
   <div class='ocr_carea' id='block_1_40' title="bbox 269 2684 1833 2755">
    <p class='ocr_par' dir='ltr' id='par_1_40' title="bbox 269 2684 1833 2755">
     <span class='ocr_line' id='line_1_40' title="bbox 269 2684 1833 2755; baseline 0.004 -18"><span class='ocrx_word' id='word_1_300' title='bbox 269 2684 586 2753; x_wconf 88' lang='lat' dir='ltr'><strong>capacitate,</strong></span> <span class='ocrx_word' id='word_1_301' title='bbox 607 2685 662 2740; x_wconf 91' lang='lat' dir='ltr'><strong>in</strong></span> <span class='ocrx_word' id='word_1_302' title='bbox 687 2701 790 2755; x_wconf 91' lang='lat' dir='ltr'><strong>qua</strong></span> <span class='ocrx_word' id='word_1_303' title='bbox 819 2685 1000 2742; x_wconf 85' lang='lat' dir='ltr'><strong>ﬁdeles</strong></span> <span class='ocrx_word' id='word_1_304' title='bbox 1026 2688 1183 2743; x_wconf 88' lang='lat' dir='ltr'><strong>locati</strong></span> <span class='ocrx_word' id='word_1_305' title='bbox 1209 2689 1275 2743; x_wconf 88' lang='lat' dir='ltr'><strong>ab</strong></span> <span class='ocrx_word' id='word_1_306' title='bbox 1299 2689 1543 2745; x_wconf 87' lang='lat' dir='ltr'><strong>hostibus</strong></span> <span class='ocrx_word' id='word_1_307' title='bbox 1567 2700 1690 2744; x_wconf 91' lang='lat' dir='ltr'><strong>sunt</strong></span> <span class='ocrx_word' id='word_1_308' title='bbox 1714 2691 1833 2744; x_wconf 91' lang='lat' dir='ltr'><strong>tuti.</strong></span> 
     </span>
    </p>
   </div>
   <div class='ocr_carea' id='block_1_41' title="bbox 272 2772 1834 2848">
    <p class='ocr_par' dir='ltr' id='par_1_41' title="bbox 272 2772 1834 2848">
     <span class='ocr_line' id='line_1_41' title="bbox 272 2772 1834 2848; baseline 0.007 -23"><span class='ocrx_word' id='word_1_309' title='bbox 272 2772 526 2829; x_wconf 76' lang='lat' dir='ltr'><strong>Maceries</strong></span> <span class='ocrx_word' id='word_1_310' title='bbox 553 2785 638 2831; x_wconf 81' lang='lat' dir='ltr'><strong>est</strong></span> <span class='ocrx_word' id='word_1_311' title='bbox 681 2778 958 2848; x_wconf 79' lang='lat' dir='ltr'><strong>congeries</strong></span> <span class='ocrx_word' id='word_1_312' title='bbox 1003 2779 1272 2848; x_wconf 78' lang='lat' dir='ltr'><strong>lapidum,</strong></span> <span class='ocrx_word' id='word_1_313' title='bbox 1324 2781 1440 2836; x_wconf 89' lang='lat' dir='ltr'><strong>sine</strong></span> <span class='ocrx_word' id='word_1_314' title='bbox 1478 2789 1739 2837; x_wconf 71' lang='lat' dir='ltr'><strong>caemento</strong></span> <span class='ocrx_word' id='word_1_315' title='bbox 1783 2783 1834 2836; x_wconf 92' lang='lat' dir='ltr'><strong>in</strong></span> 
     </span>
    </p>
   </div>
   <div class='ocr_carea' id='block_1_42' title="bbox 273 2871 1838 2940">
    <p class='ocr_par' dir='ltr' id='par_1_42' title="bbox 273 2871 1838 2940">
     <span class='ocr_line' id='line_1_42' title="bbox 273 2871 1838 2940; baseline 0.008 -23"><span class='ocrx_word' id='word_1_316' title='bbox 273 2879 434 2918; x_wconf 90' lang='lat' dir='ltr'><strong>unum</strong></span> <span class='ocrx_word' id='word_1_317' title='bbox 483 2876 921 2935; x_wconf 82' lang='lat' dir='ltr'><strong>compactorum,</strong></span> <span class='ocrx_word' id='word_1_318' title='bbox 981 2871 1060 2926; x_wconf 91' lang='lat' dir='ltr'><strong>sic</strong></span> <span class='ocrx_word' id='word_1_319' title='bbox 1112 2873 1339 2940; x_wconf 85' lang='lat' dir='ltr'><strong>apostoli</strong></span> <span class='ocrx_word' id='word_1_320' title='bbox 1392 2875 1579 2928; x_wconf 87' lang='lat' dir='ltr'><strong>eadem</strong></span> <span class='ocrx_word' id='word_1_321' title='bbox 1631 2873 1735 2928; x_wconf 87' lang='lat' dir='ltr'><strong>ﬁde</strong></span> <span class='ocrx_word' id='word_1_322' title='bbox 1783 2882 1838 2929; x_wconf 89' lang='lat' dir='ltr'><strong>et</strong></span> 
     </span>
    </p>
   </div>
   <div class='ocr_carea' id='block_1_43' title="bbox 271 2957 1837 3018">
    <p class='ocr_par' dir='ltr' id='par_1_43' title="bbox 271 2957 1837 3018">
     <span class='ocr_line' id='line_1_43' title="bbox 271 2957 1837 3018; baseline 0.005 -8"><span class='ocrx_word' id='word_1_323' title='bbox 271 2957 472 3010; x_wconf 90' lang='lat' dir='ltr'><strong>eisdem</strong></span> <span class='ocrx_word' id='word_1_324' title='bbox 501 2959 853 3013; x_wconf 87' lang='lat' dir='ltr'><strong>sacramentis</strong></span> <span class='ocrx_word' id='word_1_325' title='bbox 871 2969 995 3013; x_wconf 90' lang='lat' dir='ltr'><strong>sunt</strong></span> <span class='ocrx_word' id='word_1_326' title='bbox 1014 2962 1170 3014; x_wconf 88' lang='lat' dir='ltr'><strong>uniti.</strong></span> <span class='ocrx_word' id='word_1_327' title='bbox 1189 2959 1413 3016; x_wconf 84' lang='lat' dir='ltr'><strong>Ostende</strong></span> <span class='ocrx_word' id='word_1_328' title='bbox 1433 2964 1580 3016; x_wconf 84' lang='lat' dir='ltr'><strong>mihi.</strong></span> <span class='ocrx_word' id='word_1_329' title='bbox 1599 2961 1837 3018; x_wconf 80' lang='lat' dir='ltr'><strong>Necdum</strong></span> 
     </span>
    </p>
   </div>
   <div class='ocr_carea' id='block_1_44' title="bbox 275 3044 1838 3122">
    <p class='ocr_par' dir='ltr' id='par_1_44' title="bbox 275 3044 1838 3122">
     <span class='ocr_line' id='line_1_44' title="bbox 275 3044 1838 3122; baseline 0.005 -24"><span class='ocrx_word' id='word_1_330' title='bbox 275 3045 503 3098; x_wconf 88' lang='lat' dir='ltr'><strong>habebat</strong></span> <span class='ocrx_word' id='word_1_331' title='bbox 527 3044 798 3110; x_wconf 91' lang='lat' dir='ltr'><strong>ﬁduciam,</strong></span> <span class='ocrx_word' id='word_1_332' title='bbox 827 3055 889 3100; x_wconf 90' lang='lat' dir='ltr'><strong>ut</strong></span> <span class='ocrx_word' id='word_1_333' title='bbox 914 3049 1145 3103; x_wconf 86' lang='lat' dir='ltr'><strong>revelata</strong></span> <span class='ocrx_word' id='word_1_334' title='bbox 1176 3049 1311 3105; x_wconf 87' lang='lat' dir='ltr'><strong>facie</strong></span> <span class='ocrx_word' id='word_1_335' title='bbox 1335 3052 1557 3122; x_wconf 77' lang='lat' dir='ltr'><strong>gloriam</strong></span> <span class='ocrx_word' id='word_1_336' title='bbox 1593 3053 1686 3108; x_wconf 90' lang='lat' dir='ltr'><strong>Dei</strong></span> <span class='ocrx_word' id='word_1_337' title='bbox 1714 3069 1838 3108; x_wconf 86' lang='lat' dir='ltr'><strong>con-</strong></span> 
     </span>
    </p>
   </div>
   <div class='ocr_carea' id='block_1_45' title="bbox 274 3133 1836 3207">
    <p class='ocr_par' dir='ltr' id='par_1_45' title="bbox 274 3133 1836 3207">
     <span class='ocr_line' id='line_1_45' title="bbox 274 3133 1836 3207; baseline 0.006 -20"><span class='ocrx_word' id='word_1_338' title='bbox 274 3133 653 3202; x_wconf 81' lang='lat' dir='ltr'><strong>temptaretur;</strong></span> <span class='ocrx_word' id='word_1_339' title='bbox 695 3135 788 3190; x_wconf 87' lang='lat' dir='ltr'><strong>sed</strong></span> <span class='ocrx_word' id='word_1_340' title='bbox 841 3136 966 3206; x_wconf 85' lang='lat' dir='ltr'><strong>quia</strong></span> <span class='ocrx_word' id='word_1_341' title='bbox 1017 3136 1128 3206; x_wconf 86' lang='lat' dir='ltr'><strong>jam</strong></span> <span class='ocrx_word' id='word_1_342' title='bbox 1194 3149 1385 3195; x_wconf 89' lang='lat' dir='ltr'><strong>ornata</strong></span> <span class='ocrx_word' id='word_1_343' title='bbox 1437 3151 1551 3207; x_wconf 86' lang='lat' dir='ltr'><strong>est,</strong></span> <span class='ocrx_word' id='word_1_344' title='bbox 1595 3143 1836 3198; x_wconf 86' lang='lat' dir='ltr'><strong>dicitur:</strong></span> 
     </span>
    </p>
   </div>
   <div class='ocr_carea' id='block_1_46' title="bbox 277 3221 1839 3298">
    <p class='ocr_par' dir='ltr' id='par_1_46' title="bbox 277 3221 1839 3298">
     <span class='ocr_line' id='line_1_46' title="bbox 277 3221 1839 3298; baseline 0.008 -20"><span class='ocrx_word' id='word_1_345' title='bbox 277 3225 500 3281; x_wconf 83' lang='lat' dir='ltr'><strong>Ostende</strong></span> <span class='ocrx_word' id='word_1_346' title='bbox 520 3229 646 3282; x_wconf 82' lang='lat' dir='ltr'><strong>mihi</strong></span> <span class='ocrx_word' id='word_1_347' title='bbox 669 3221 1060 3298; x_wconf 27' lang='lat' dir='ltr'><strong>faciem‘tuam;</strong></span> <span class='ocrx_word' id='word_1_348' title='bbox 1089 3243 1232 3287; x_wconf 81' lang='lat' dir='ltr'><strong>sonet</strong></span> <span class='ocrx_word' id='word_1_349' title='bbox 1256 3249 1356 3288; x_wconf 75' lang='lat' dir='ltr'><strong>vox</strong></span> <span class='ocrx_word' id='word_1_350' title='bbox 1397 3242 1488 3288; x_wconf 88' lang='lat' dir='ltr'><strong>tua</strong></span> <span class='ocrx_word' id='word_1_351' title='bbox 1533 3235 1589 3288; x_wconf 80' lang='lat' dir='ltr'><strong>in,</strong></span> <span class='ocrx_word' id='word_1_352' title='bbox 1626 3235 1839 3290; x_wconf 84' lang='lat' dir='ltr'><strong>auribus</strong></span> 
     </span>
    </p>
   </div>
   <div class='ocr_carea' id='block_1_47' title="bbox 1933 2036 3511 2112">
    <p class='ocr_par' dir='ltr' id='par_1_47' title="bbox 1933 2036 3511 2112">
     <span class='ocr_line' id='line_1_47' title="bbox 1933 2036 3511 2112; baseline 0.006 -22"><span class='ocrx_word' id='word_1_353' title='bbox 1933 2036 2012 2090; x_wconf 88' lang='lat' dir='ltr'><strong>sic</strong></span> <span class='ocrx_word' id='word_1_354' title='bbox 2055 2037 2258 2102; x_wconf 86' lang='lat' dir='ltr'><strong>sancti,</strong></span> <span class='ocrx_word' id='word_1_355' title='bbox 2286 2038 2328 2092; x_wconf 91' lang='lat' dir='ltr'><strong>si</strong></span> <span class='ocrx_word' id='word_1_356' title='bbox 2362 2037 2497 2093; x_wconf 86' lang='lat' dir='ltr'><strong>forte</strong></span> <span class='ocrx_word' id='word_1_357' title='bbox 2527 2041 2710 2095; x_wconf 90' lang='lat' dir='ltr'><strong>vident</strong></span> <span class='ocrx_word' id='word_1_358' title='bbox 2745 2043 2908 2097; x_wconf 90' lang='lat' dir='ltr'><strong>corda</strong></span> <span class='ocrx_word' id='word_1_359' title='bbox 2937 2043 3305 2112; x_wconf 61' lang='lat' dir='ltr'><strong>proximorum</strong></span> <span class='ocrx_word' id='word_1_360' title='bbox 3352 2044 3511 2100; x_wconf 89' lang='lat' dir='ltr'><strong>aduri</strong></span> 
     </span>
    </p>
   </div>
   <div class='ocr_carea' id='block_1_48' title="bbox 1931 2127 3508 2205">
    <p class='ocr_par' dir='ltr' id='par_1_48' title="bbox 1931 2127 3508 2205">
     <span class='ocr_line' id='line_1_48' title="bbox 1931 2127 3508 2205; baseline 0.007 -24"><span class='ocrx_word' id='word_1_361' title='bbox 1931 2127 2146 2182; x_wconf 88' lang='lat' dir='ltr'><strong>ﬂamma</strong></span> <span class='ocrx_word' id='word_1_362' title='bbox 2191 2130 2474 2196; x_wconf 90' lang='lat' dir='ltr'><strong>vitiorum,</strong></span> <span class='ocrx_word' id='word_1_363' title='bbox 2524 2131 2859 2205; x_wconf 78' lang='lat' dir='ltr'><strong>refrigerium</strong></span> <span class='ocrx_word' id='word_1_364' title='bbox 2901 2135 3286 2192; x_wconf 87' lang='lat' dir='ltr'><strong>consolationis</strong></span> <span class='ocrx_word' id='word_1_365' title='bbox 3330 2145 3382 2192; x_wconf 90' lang='lat' dir='ltr'><strong>et</strong></span> <span class='ocrx_word' id='word_1_366' title='bbox 3412 2152 3508 2192; x_wconf 79' lang='lat' dir='ltr'><strong>ex-</strong></span> 
     </span>
    </p>
   </div>
   <div class='ocr_carea' id='block_1_49' title="bbox 1933 2220 3509 2298">
    <p class='ocr_par' dir='ltr' id='par_1_49' title="bbox 1933 2220 3509 2298">
     <span class='ocr_line' id='line_1_49' title="bbox 1933 2220 3509 2298; baseline 0.005 -24"><span class='ocrx_word' id='word_1_367' title='bbox 1933 2220 2256 2277; x_wconf 88' lang='lat' dir='ltr'><strong>hortationis</strong></span> <span class='ocrx_word' id='word_1_368' title='bbox 2280 2223 2556 2279; x_wconf 89' lang='lat' dir='ltr'><strong>adhibent.</strong></span> <span class='ocrx_word' id='word_1_369' title='bbox 2598 2224 2736 2292; x_wconf 84' lang='lat' dir='ltr'><strong>Quia</strong></span> <span class='ocrx_word' id='word_1_370' title='bbox 2767 2227 2882 2282; x_wconf 69' lang='lat' dir='ltr'><strong>haec</strong></span> <span class='ocrx_word' id='word_1_371' title='bbox 2911 2226 3122 2281; x_wconf 88' lang='lat' dir='ltr'><strong>Domini</strong></span> <span class='ocrx_word' id='word_1_372' title='bbox 3162 2227 3360 2296; x_wconf 89' lang='lat' dir='ltr'><strong>pastio,</strong></span> <span class='ocrx_word' id='word_1_373' title='bbox 3389 2242 3509 2298; x_wconf 66' lang='lat' dir='ltr'><strong>quae</strong></span> 
     </span>
    </p>
   </div>
   <div class='ocr_carea' id='block_1_50' title="bbox 1933 2311 3509 2388">
    <p class='ocr_par' dir='ltr' id='par_1_50' title="bbox 1933 2311 3509 2388">
     <span class='ocr_line' id='line_1_50' title="bbox 1933 2311 3509 2388; baseline 0.006 -24"><span class='ocrx_word' id='word_1_374' title='bbox 1933 2311 1989 2365; x_wconf 90' lang='lat' dir='ltr'><strong>in</strong></span> <span class='ocrx_word' id='word_1_375' title='bbox 2009 2320 2313 2366; x_wconf 90' lang='lat' dir='ltr'><strong>sanctorum</strong></span> <span class='ocrx_word' id='word_1_376' title='bbox 2338 2313 2453 2384; x_wconf 89' lang='lat' dir='ltr'><strong>ejus</strong></span> <span class='ocrx_word' id='word_1_377' title='bbox 2477 2312 2808 2384; x_wconf 78' lang='lat' dir='ltr'><strong>profectibus</strong></span> <span class='ocrx_word' id='word_1_378' title='bbox 2838 2317 3033 2388; x_wconf 82' lang='lat' dir='ltr'><strong>agitur,</strong></span> <span class='ocrx_word' id='word_1_379' title='bbox 3057 2333 3225 2388; x_wconf 90' lang='lat' dir='ltr'><strong>usque</strong></span> <span class='ocrx_word' id='word_1_380' title='bbox 3251 2319 3318 2374; x_wconf 92' lang='lat' dir='ltr'><strong>ad</strong></span> <span class='ocrx_word' id='word_1_381' title='bbox 3346 2318 3509 2374; x_wconf 91' lang='lat' dir='ltr'><strong>ﬁnem</strong></span> 
     </span>
    </p>
   </div>
   <div class='ocr_carea' id='block_1_51' title="bbox 1935 2405 3509 2483">
    <p class='ocr_par' dir='ltr' id='par_1_51' title="bbox 1935 2405 3509 2483">
     <span class='ocr_line' id='line_1_51' title="bbox 1935 2405 3509 2483; baseline 0.004 -23"><span class='ocrx_word' id='word_1_382' title='bbox 1935 2405 2111 2460; x_wconf 68' lang='lat' dir='ltr'><strong>steculi</strong></span> <span class='ocrx_word' id='word_1_383' title='bbox 2152 2409 2423 2479; x_wconf 86' lang='lat' dir='ltr'><strong>pertingit.</strong></span> <span class='ocrx_word' id='word_1_384' title='bbox 2463 2407 2597 2463; x_wconf 80' lang='lat' dir='ltr'><strong>Nam</strong></span> <span class='ocrx_word' id='word_1_385' title='bbox 2628 2411 2718 2465; x_wconf 91' lang='lat' dir='ltr'><strong>ubi</strong></span> <span class='ocrx_word' id='word_1_386' title='bbox 2755 2411 2822 2468; x_wconf 88' lang='lat' dir='ltr'><strong>ad</strong></span> <span class='ocrx_word' id='word_1_387' title='bbox 2847 2411 3108 2467; x_wconf 76' lang='lat' dir='ltr'><strong>visionem</strong></span> <span class='ocrx_word' id='word_1_388' title='bbox 3145 2413 3509 2483; x_wconf 88' lang='lat' dir='ltr'><strong>pervenerint,</strong></span> 
     </span>
    </p>
   </div>
   <div class='ocr_carea' id='block_1_52' title="bbox 1937 2495 3507 2568">
    <p class='ocr_par' dir='ltr' id='par_1_52' title="bbox 1937 2495 3507 2568">
     <span class='ocr_line' id='line_1_52' title="bbox 1937 2495 3507 2568; baseline 0.004 -19"><span class='ocrx_word' id='word_1_389' title='bbox 1937 2495 1990 2549; x_wconf 90' lang='lat' dir='ltr'><strong>in</strong></span> <span class='ocrx_word' id='word_1_390' title='bbox 2013 2510 2119 2564; x_wconf 91' lang='lat' dir='ltr'><strong>quo</strong></span> <span class='ocrx_word' id='word_1_391' title='bbox 2141 2496 2278 2550; x_wconf 88' lang='lat' dir='ltr'><strong>ultra</strong></span> <span class='ocrx_word' id='word_1_392' title='bbox 2305 2498 2596 2568; x_wconf 90' lang='lat' dir='ltr'><strong>proﬁciunt</strong></span> <span class='ocrx_word' id='word_1_393' title='bbox 2621 2515 2729 2556; x_wconf 91' lang='lat' dir='ltr'><strong>non</strong></span> <span class='ocrx_word' id='word_1_394' title='bbox 2751 2499 3045 2568; x_wconf 86' lang='lat' dir='ltr'><strong>habebunt,</strong></span> <span class='ocrx_word' id='word_1_395' title='bbox 3067 2510 3212 2558; x_wconf 88' lang='lat' dir='ltr'><strong>recte</strong></span> <span class='ocrx_word' id='word_1_396' title='bbox 3233 2501 3507 2557; x_wconf 89' lang='lat' dir='ltr'><strong>subditur:</strong></span> 
     </span>
    </p>
   </div>
   <div class='ocr_carea' id='block_1_53' title="bbox 1939 2584 2495 2657">
    <p class='ocr_par' dir='ltr' id='par_1_53' title="bbox 1939 2584 2495 2657">
     <span class='ocr_line' id='line_1_53' title="bbox 1939 2584 2495 2657; baseline 0.009 -19"><span class='ocrx_word' id='word_1_397' title='bbox 1939 2584 2112 2640; x_wconf 84' lang='lat' dir='ltr'><strong>Donec</strong></span> <span class='ocrx_word' id='word_1_398' title='bbox 2146 2588 2335 2657; x_wconf 84' lang='lat' dir='ltr'><strong>aspiret</strong></span> <span class='ocrx_word' id='word_1_399' title='bbox 2367 2590 2495 2643; x_wconf 84' lang='lat' dir='ltr'><strong>dies.</strong></span> 
     </span>
    </p>
   </div>
   <div class='ocr_carea' id='block_1_54' title="bbox 2010 2677 3512 2750">
    <p class='ocr_par' dir='ltr' id='par_1_54' title="bbox 2010 2677 3512 2750">
     <span class='ocr_line' id='line_1_54' title="bbox 2010 2677 3512 2750; baseline 0.005 -20"><span class='ocrx_word' id='word_1_400' title='bbox 2010 2677 2170 2732; x_wconf 77' lang='lat' dir='ltr'><strong>Vens.</strong></span> <span class='ocrx_word' id='word_1_401' title='bbox 2203 2677 2287 2732; x_wconf 83' lang='lat' dir='ltr'><strong>l7.</strong></span> <span class='ocrx_word' id='word_1_402' title='bbox 2314 2709 2385 2718; x_wconf 91' lang='lat'>—</span> <span class='ocrx_word' id='word_1_403' title='bbox 2405 2679 2711 2750; x_wconf 85' lang='lat' dir='ltr'><strong>Revertere,</strong></span> <span class='ocrx_word' id='word_1_404' title='bbox 2757 2681 2962 2738; x_wconf 75' lang='lat' dir='ltr'><strong>similis.</strong></span> <span class='ocrx_word' id='word_1_405' title='bbox 3008 2681 3068 2738; x_wconf 78' lang='lat' dir='ltr'><strong>In</strong></span> <span class='ocrx_word' id='word_1_406' title='bbox 3102 2683 3332 2740; x_wconf 81' lang='lat' dir='ltr'><strong>excelsis</strong></span> <span class='ocrx_word' id='word_1_407' title='bbox 3362 2697 3512 2740; x_wconf 86' lang='lat' dir='ltr'><strong>men-</strong></span> 
     </span>
    </p>
   </div>
   <div class='ocr_carea' id='block_1_55' title="bbox 1940 2767 3516 2844">
    <p class='ocr_par' dir='ltr' id='par_1_55' title="bbox 1940 2767 3516 2844">
     <span class='ocr_line' id='line_1_55' title="bbox 1940 2767 3516 2844; baseline 0.006 -22"><span class='ocrx_word' id='word_1_408' title='bbox 1940 2767 2082 2822; x_wconf 90' lang='lat' dir='ltr'><strong>tibus</strong></span> <span class='ocrx_word' id='word_1_409' title='bbox 2105 2769 2328 2840; x_wconf 86' lang='lat' dir='ltr'><strong>vestigia</strong></span> <span class='ocrx_word' id='word_1_410' title='bbox 2355 2785 2512 2841; x_wconf 89' lang='lat' dir='ltr'><strong>pone,</strong></span> <span class='ocrx_word' id='word_1_411' title='bbox 2543 2780 2598 2826; x_wconf 91' lang='lat' dir='ltr'><strong>et</strong></span> <span class='ocrx_word' id='word_1_412' title='bbox 2621 2771 2688 2826; x_wconf 84' lang='lat' dir='ltr'><strong>ab</strong></span> <span class='ocrx_word' id='word_1_413' title='bbox 2721 2772 2828 2831; x_wconf 69' lang='lat' dir='ltr'><strong>illis</strong></span> <span class='ocrx_word' id='word_1_414' title='bbox 2852 2773 3141 2844; x_wconf 88' lang='lat' dir='ltr'><strong>aliquando</strong></span> <span class='ocrx_word' id='word_1_415' title='bbox 3183 2776 3342 2829; x_wconf 90' lang='lat' dir='ltr'><strong>etiam</strong></span> <span class='ocrx_word' id='word_1_416' title='bbox 3387 2791 3516 2831; x_wconf 85' lang='lat' dir='ltr'><strong>con-</strong></span> 
     </span>
    </p>
   </div>
   <div class='ocr_carea' id='block_1_56' title="bbox 1940 2859 3510 2936">
    <p class='ocr_par' dir='ltr' id='par_1_56' title="bbox 1940 2859 3510 2936">
     <span class='ocr_line' id='line_1_56' title="bbox 1940 2859 3510 2936; baseline 0.006 -23"><span class='ocrx_word' id='word_1_417' title='bbox 1940 2859 2309 2916; x_wconf 90' lang='lat' dir='ltr'><strong>descendendo</strong></span> <span class='ocrx_word' id='word_1_418' title='bbox 2345 2861 2689 2918; x_wconf 89' lang='lat' dir='ltr'><strong>inferioribus</strong></span> <span class='ocrx_word' id='word_1_419' title='bbox 2715 2879 2941 2936; x_wconf 89' lang='lat' dir='ltr'><strong>appare,</strong></span> <span class='ocrx_word' id='word_1_420' title='bbox 2976 2867 3066 2936; x_wconf 87' lang='lat' dir='ltr'><strong>qui</strong></span> <span class='ocrx_word' id='word_1_421' title='bbox 3103 2867 3157 2921; x_wconf 91' lang='lat' dir='ltr'><strong>in</strong></span> <span class='ocrx_word' id='word_1_422' title='bbox 3203 2867 3338 2921; x_wconf 91' lang='lat' dir='ltr'><strong>valle</strong></span> <span class='ocrx_word' id='word_1_423' title='bbox 3367 2877 3510 2924; x_wconf 92' lang='lat' dir='ltr'><strong>sunt.</strong></span> 
     </span>
    </p>
   </div>
   <div class='ocr_carea' id='block_1_57' title="bbox 1943 2949 3510 3026">
    <p class='ocr_par' dir='ltr' id='par_1_57' title="bbox 1943 2949 3510 3026">
     <span class='ocr_line' id='line_1_57' title="bbox 1943 2949 3510 3026; baseline 0.008 -24"><span class='ocrx_word' id='word_1_424' title='bbox 1943 2949 2232 3016; x_wconf 81' lang='lat' dir='ltr'><strong>Revertere,</strong></span> <span class='ocrx_word' id='word_1_425' title='bbox 2255 2952 2461 3006; x_wconf 76' lang='lat' dir='ltr'><strong>similis.</strong></span> <span class='ocrx_word' id='word_1_426' title='bbox 2484 2953 2550 3007; x_wconf 90' lang='lat' dir='ltr'><strong>Et</strong></span> <span class='ocrx_word' id='word_1_427' title='bbox 2571 2953 2694 3026; x_wconf 87' lang='lat' dir='ltr'><strong>quia</strong></span> <span class='ocrx_word' id='word_1_428' title='bbox 2717 2955 2780 3008; x_wconf 89' lang='lat' dir='ltr'><strong>ad</strong></span> <span class='ocrx_word' id='word_1_429' title='bbox 2808 2955 3068 3012; x_wconf 89' lang='lat' dir='ltr'><strong>ecclesias</strong></span> <span class='ocrx_word' id='word_1_430' title='bbox 3088 2957 3510 3026; x_wconf 80' lang='lat' dir='ltr'><strong>constituendas,</strong></span> 
     </span>
    </p>
   </div>
   <div class='ocr_carea' id='block_1_58' title="bbox 1941 3041 3513 3122">
    <p class='ocr_par' dir='ltr' id='par_1_58' title="bbox 1941 3041 3513 3122">
     <span class='ocr_line' id='line_1_58' title="bbox 1941 3041 3513 3122; baseline 0.009 -30"><span class='ocrx_word' id='word_1_431' title='bbox 1941 3047 1994 3092; x_wconf 88' lang='lat' dir='ltr'><strong>et</strong></span> <span class='ocrx_word' id='word_1_432' title='bbox 2024 3041 2364 3106; x_wconf 85' lang='lat' dir='ltr'><strong>excolendas,</strong></span> <span class='ocrx_word' id='word_1_433' title='bbox 2395 3051 2449 3097; x_wconf 91' lang='lat' dir='ltr'><strong>et</strong></span> <span class='ocrx_word' id='word_1_434' title='bbox 2472 3045 2538 3097; x_wconf 90' lang='lat' dir='ltr'><strong>ad</strong></span> <span class='ocrx_word' id='word_1_435' title='bbox 2569 3047 2837 3102; x_wconf 89' lang='lat' dir='ltr'><strong>versutias</strong></span> <span class='ocrx_word' id='word_1_436' title='bbox 2862 3048 3261 3118; x_wconf 89' lang='lat' dir='ltr'><strong>vulpecularum</strong></span> <span class='ocrx_word' id='word_1_437' title='bbox 3288 3051 3513 3122; x_wconf 87' lang='lat' dir='ltr'><strong>abigen-</strong></span> 
     </span>
    </p>
   </div>
   <div class='ocr_carea' id='block_1_59' title="bbox 1942 3129 3512 3208">
    <p class='ocr_par' dir='ltr' id='par_1_59' title="bbox 1942 3129 3512 3208">
     <span class='ocr_line' id='line_1_59' title="bbox 1942 3129 3512 3208; baseline 0.009 -26"><span class='ocrx_word' id='word_1_438' title='bbox 1942 3129 2036 3184; x_wconf 84' lang='lat' dir='ltr'><strong>das</strong></span> <span class='ocrx_word' id='word_1_439' title='bbox 2065 3143 2344 3199; x_wconf 86' lang='lat' dir='ltr'><strong>provocas,</strong></span> <span class='ocrx_word' id='word_1_440' title='bbox 2383 3142 2438 3188; x_wconf 91' lang='lat' dir='ltr'><strong>et</strong></span> <span class='ocrx_word' id='word_1_441' title='bbox 2485 3142 2543 3188; x_wconf 94' lang='lat' dir='ltr'><strong>ut</strong></span> <span class='ocrx_word' id='word_1_442' title='bbox 2580 3135 2772 3191; x_wconf 82' lang='lat' dir='ltr'><strong>faciem</strong></span> <span class='ocrx_word' id='word_1_443' title='bbox 2804 3152 2978 3193; x_wconf 88' lang='lat' dir='ltr'><strong>meam</strong></span> <span class='ocrx_word' id='word_1_444' title='bbox 3015 3139 3110 3195; x_wconf 87' lang='lat' dir='ltr'><strong>tibi</strong></span> <span class='ocrx_word' id='word_1_445' title='bbox 3149 3140 3512 3208; x_wconf 85' lang='lat' dir='ltr'><strong>ostenderem,</strong></span> 
     </span>
    </p>
   </div>
   <div class='ocr_carea' id='block_1_60' title="bbox 1944 3222 3517 3303">
    <p class='ocr_par' dir='ltr' id='par_1_60' title="bbox 1944 3222 3517 3303">
     <span class='ocr_line' id='line_1_60' title="bbox 1944 3222 3517 3303; baseline 0.011 -31"><span class='ocrx_word' id='word_1_446' title='bbox 1944 3235 2064 3274; x_wconf 90' lang='lat' dir='ltr'><strong>cum</strong></span> <span class='ocrx_word' id='word_1_447' title='bbox 2093 3229 2238 3275; x_wconf 87' lang='lat' dir='ltr'><strong>tuam</strong></span> <span class='ocrx_word' id='word_1_448' title='bbox 2266 3222 2454 3278; x_wconf 86' lang='lat' dir='ltr'><strong>faciem</strong></span> <span class='ocrx_word' id='word_1_449' title='bbox 2484 3225 2658 3281; x_wconf 86' lang='lat' dir='ltr'><strong>adhuc</strong></span> <span class='ocrx_word' id='word_1_450' title='bbox 2679 3227 2824 3283; x_wconf 88' lang='lat' dir='ltr'><strong>clare</strong></span> <span class='ocrx_word' id='word_1_451' title='bbox 2845 3244 2950 3284; x_wconf 92' lang='lat' dir='ltr'><strong>non</strong></span> <span class='ocrx_word' id='word_1_452' title='bbox 2977 3231 3208 3297; x_wconf 88' lang='lat' dir='ltr'><strong>videam,</strong></span> <span class='ocrx_word' id='word_1_453' title='bbox 3231 3238 3286 3288; x_wconf 85' lang='lat' dir='ltr'><strong>et</strong></span> <span class='ocrx_word' id='word_1_454' title='bbox 3308 3246 3406 3303; x_wconf 86' lang='lat' dir='ltr'><strong>per</strong></span> <span class='ocrx_word' id='word_1_455' title='bbox 3431 3247 3517 3290; x_wconf 77' lang='lat' dir='ltr'><strong>me</strong></span> 
     </span>
    </p>
   </div>
   <div class='ocr_carea' id='block_1_61' title="bbox 273 3311 3512 3395">
    <p class='ocr_par' dir='ltr' id='par_1_61' title="bbox 273 3311 3512 3395">
     <span class='ocr_line' id='line_1_61' title="bbox 273 3311 3512 3395; baseline 0.01 -43"><span class='ocrx_word' id='word_1_456' title='bbox 273 3317 417 3370; x_wconf 65' lang='grc' dir='ltr'><strong>ηιεεε,</strong></span> <span class='ocrx_word' id='word_1_457' title='bbox 455 3316 766 3374; x_wconf 51' lang='lat' dir='ltr'><strong>ostenditur</strong></span> <span class='ocrx_word' id='word_1_458' title='bbox 811 3319 1038 3376; x_wconf 56' lang='lat' dir='ltr'><strong>Domino</strong></span> <span class='ocrx_word' id='word_1_459' title='bbox 1082 3322 1273 3392; x_wconf 50' lang='lat' dir='ltr'><strong>fames,</strong></span> <span class='ocrx_word' id='word_1_460' title='bbox 1324 3331 1470 3380; x_wconf 58' lang='lat' dir='ltr'><strong>recte</strong></span> <span class='ocrx_word' id='word_1_461' title='bbox 1517 3324 1790 3395; x_wconf 61' lang='lat' dir='ltr'><strong>operando</strong></span> <span class='ocrx_word' id='word_1_462' title='bbox 1823 3344 1834 3379; x_wconf 64' lang='grc' dir='ltr'>ε</span> <span class='ocrx_word' id='word_1_463' title='bbox 1865 3315 1910 3378; x_wconf 82' lang='lat' dir='ltr'>C</span> <span class='ocrx_word' id='word_1_464' title='bbox 1943 3325 2049 3366; x_wconf 89' lang='lat' dir='ltr'><strong>non</strong></span> <span class='ocrx_word' id='word_1_465' title='bbox 2074 3311 2356 3381; x_wconf 81' lang='lat' dir='ltr'><strong>suiliclam,</strong></span> <span class='ocrx_word' id='word_1_466' title='bbox 2383 3317 2630 3386; x_wconf 90' lang='lat' dir='ltr'><strong>obsecro,</strong></span> <span class='ocrx_word' id='word_1_467' title='bbox 2667 3320 2872 3376; x_wconf 88' lang='lat' dir='ltr'><strong>illustra</strong></span> <span class='ocrx_word' id='word_1_468' title='bbox 2896 3322 3186 3392; x_wconf 82' lang='lat' dir='ltr'><strong>perfectius</strong></span> <span class='ocrx_word' id='word_1_469' title='bbox 3211 3341 3305 3384; x_wconf 90' lang='lat' dir='ltr'><strong>cor</strong></span> <span class='ocrx_word' id='word_1_470' title='bbox 3335 3341 3512 3384; x_wconf 91' lang='lat' dir='ltr'><strong>meum</strong></span> 
     </span>
    </p>
   </div>
   <div class='ocr_carea' id='block_1_62' title="bbox 272 3409 1840 3486">
    <p class='ocr_par' dir='ltr' id='par_1_62' title="bbox 272 3409 1840 3486">
     <span class='ocr_line' id='line_1_62' title="bbox 272 3409 1840 3486; baseline 0.007 -24"><span class='ocrx_word' id='word_1_471' title='bbox 272 3409 572 3462; x_wconf 82' lang='lat' dir='ltr'><strong>ostenditur</strong></span> <span class='ocrx_word' id='word_1_472' title='bbox 609 3425 767 3465; x_wconf 87' lang='lat' dir='ltr'><strong>sonus</strong></span> <span class='ocrx_word' id='word_1_473' title='bbox 814 3412 975 3476; x_wconf 81' lang='lat' dir='ltr'><strong>vocis,</strong></span> <span class='ocrx_word' id='word_1_474' title='bbox 1023 3413 1310 3470; x_wconf 87' lang='lat' dir='ltr'><strong>salubriter</strong></span> <span class='ocrx_word' id='word_1_475' title='bbox 1356 3416 1712 3486; x_wconf 69' lang='lat' dir='ltr'><strong>prtedicando.</strong></span> <span class='ocrx_word' id='word_1_476' title='bbox 1763 3415 1840 3473; x_wconf 85' lang='lat' dir='ltr'><strong>Ne</strong></span> 
     </span>
    </p>
   </div>
   <div class='ocr_carea' id='block_1_63' title="bbox 273 3499 1842 3580">
    <p class='ocr_par' dir='ltr' id='par_1_63' title="bbox 273 3499 1842 3580">
     <span class='ocr_line' id='line_1_63' title="bbox 273 3499 1842 3580; baseline 0.009 -29"><span class='ocrx_word' id='word_1_477' title='bbox 273 3499 558 3554; x_wconf 82' lang='lat' dir='ltr'><strong>erubescas</strong></span> <span class='ocrx_word' id='word_1_478' title='bbox 581 3503 874 3571; x_wconf 58' lang='lat' dir='ltr'><strong>praedicare</strong></span> <span class='ocrx_word' id='word_1_479' title='bbox 917 3519 1131 3560; x_wconf 89' lang='lat' dir='ltr'><strong>crucem</strong></span> <span class='ocrx_word' id='word_1_480' title='bbox 1161 3505 1384 3574; x_wconf 89' lang='lat' dir='ltr'><strong>Christi,</strong></span> <span class='ocrx_word' id='word_1_481' title='bbox 1418 3512 1664 3580; x_wconf 84' lang='lat' dir='ltr'><strong>quamvis</strong></span> <span class='ocrx_word' id='word_1_482' title='bbox 1709 3511 1842 3566; x_wconf 90' lang='lat' dir='ltr'><strong>stul-</strong></span> 
     </span>
    </p>
   </div>
   <div class='ocr_carea' id='block_1_64' title="bbox 275 3589 1840 3669">
    <p class='ocr_par' dir='ltr' id='par_1_64' title="bbox 275 3589 1840 3669">
     <span class='ocr_line' id='line_1_64' title="bbox 275 3589 1840 3669; baseline 0.011 -27"><span class='ocrx_word' id='word_1_483' title='bbox 275 3589 388 3644; x_wconf 87' lang='lat' dir='ltr'><strong>titia</strong></span> <span class='ocrx_word' id='word_1_484' title='bbox 421 3591 668 3646; x_wconf 88' lang='lat' dir='ltr'><strong>videatur</strong></span> <span class='ocrx_word' id='word_1_485' title='bbox 687 3594 998 3661; x_wconf 88' lang='lat' dir='ltr'><strong>incredulis,</strong></span> <span class='ocrx_word' id='word_1_486' title='bbox 1013 3613 1174 3668; x_wconf 90' lang='lat' dir='ltr'><strong>quam</strong></span> <span class='ocrx_word' id='word_1_487' title='bbox 1195 3597 1621 3669; x_wconf 60' lang='lat' dir='ltr'><strong>praedicaverunt</strong></span> <span class='ocrx_word' id='word_1_488' title='bbox 1640 3603 1840 3660; x_wconf 86' lang='lat' dir='ltr'><strong>Christi</strong></span> 
     </span>
    </p>
   </div>
   <div class='ocr_carea' id='block_1_65' title="bbox 273 3682 1836 3752">
    <p class='ocr_par' dir='ltr' id='par_1_65' title="bbox 273 3682 1836 3752">
     <span class='ocr_line' id='line_1_65' title="bbox 273 3682 1836 3752; baseline 0.012 -19"><span class='ocrx_word' id='word_1_489' title='bbox 273 3682 628 3752; x_wconf 83' lang='lat' dir='ltr'><strong>apostoli,-qui</strong></span> <span class='ocrx_word' id='word_1_490' title='bbox 653 3693 777 3739; x_wconf 88' lang='lat' dir='ltr'><strong>sunt</strong></span> <span class='ocrx_word' id='word_1_491' title='bbox 801 3689 1051 3743; x_wconf 81' lang='lat' dir='ltr'><strong>maceries</strong></span> <span class='ocrx_word' id='word_1_492' title='bbox 1076 3697 1130 3744; x_wconf 91' lang='lat' dir='ltr'><strong>et</strong></span> <span class='ocrx_word' id='word_1_493' title='bbox 1149 3692 1537 3748; x_wconf 88' lang='lat' dir='ltr'><strong>munimentum</strong></span> <span class='ocrx_word' id='word_1_494' title='bbox 1569 3694 1836 3750; x_wconf 78' lang='lat' dir='ltr'><strong>Ecclesiae.</strong></span> 
     </span>
    </p>
   </div>
   <div class='ocr_carea' id='block_1_66' title="bbox 273 3771 1842 3856">
    <p class='ocr_par' dir='ltr' id='par_1_66' title="bbox 273 3771 1842 3856">
     <span class='ocr_line' id='line_1_66' title="bbox 273 3771 1842 3856; baseline 0.011 -31"><span class='ocrx_word' id='word_1_495' title='bbox 273 3771 390 3838; x_wconf 89' lang='lat' dir='ltr'><strong>Vel,</strong></span> <span class='ocrx_word' id='word_1_496' title='bbox 423 3775 670 3830; x_wconf 76' lang='lat' dir='ltr'><strong>maceries</strong></span> <span class='ocrx_word' id='word_1_497' title='bbox 690 3785 814 3832; x_wconf 89' lang='lat' dir='ltr'><strong>sunt</strong></span> <span class='ocrx_word' id='word_1_498' title='bbox 839 3781 1110 3848; x_wconf 68' lang='lat' dir='ltr'><strong>pr0pheta:</strong></span> <span class='ocrx_word' id='word_1_499' title='bbox 1128 3792 1182 3836; x_wconf 92' lang='lat' dir='ltr'><strong>et</strong></span> <span class='ocrx_word' id='word_1_500' title='bbox 1205 3783 1544 3852; x_wconf 63' lang='lat' dir='ltr'><strong>patriarchae,</strong></span> <span class='ocrx_word' id='word_1_501' title='bbox 1571 3787 1621 3840; x_wconf 91' lang='lat' dir='ltr'><strong>in</strong></span> <span class='ocrx_word' id='word_1_502' title='bbox 1648 3788 1842 3856; x_wconf 82' lang='lat' dir='ltr'><strong>quibus</strong></span> 
     </span>
    </p>
   </div>
   <div class='ocr_carea' id='block_1_67' title="bbox 276 3865 1841 3947">
    <p class='ocr_par' dir='ltr' id='par_1_67' title="bbox 276 3865 1841 3947">
     <span class='ocr_line' id='line_1_67' title="bbox 276 3865 1841 3947; baseline 0.011 -31"><span class='ocrx_word' id='word_1_503' title='bbox 276 3865 500 3932; x_wconf 79' lang='lat' dir='ltr'><strong>apostoli</strong></span> <span class='ocrx_word' id='word_1_504' title='bbox 527 3867 734 3924; x_wconf 79' lang='lat' dir='ltr'><strong>habent</strong></span> <span class='ocrx_word' id='word_1_505' title='bbox 763 3869 1047 3940; x_wconf 79' lang='lat' dir='ltr'><strong>refugium.</strong></span> <span class='ocrx_word' id='word_1_506' title='bbox 1075 3871 1230 3940; x_wconf 81' lang='lat' dir='ltr'><strong>Quod</strong></span> <span class='ocrx_word' id='word_1_507' title='bbox 1257 3874 1400 3930; x_wconf 87' lang='lat' dir='ltr'><strong>intus</strong></span> <span class='ocrx_word' id='word_1_508' title='bbox 1430 3877 1841 3947; x_wconf 88' lang='lat' dir='ltr'><strong>pulchritudinis</strong></span> 
     </span>
    </p>
   </div>
   <div class='ocr_carea' id='block_1_68' title="bbox 275 3957 1841 4038">
    <p class='ocr_par' dir='ltr' id='par_1_68' title="bbox 275 3957 1841 4038">
     <span class='ocr_line' id='line_1_68' title="bbox 275 3957 1841 4038; baseline 0.008 -27"><span class='ocrx_word' id='word_1_509' title='bbox 275 3957 472 4022; x_wconf 88' lang='lat' dir='ltr'><strong>habes,</strong></span> <span class='ocrx_word' id='word_1_510' title='bbox 527 3968 581 4013; x_wconf 82' lang='lat' dir='ltr'><strong>et</strong></span> <span class='ocrx_word' id='word_1_511' title='bbox 631 3961 684 4013; x_wconf 91' lang='lat' dir='ltr'><strong>in</strong></span> <span class='ocrx_word' id='word_1_512' title='bbox 723 3973 933 4016; x_wconf 88' lang='lat' dir='ltr'><strong>secreto</strong></span> <span class='ocrx_word' id='word_1_513' title='bbox 977 3965 1176 4034; x_wconf 89' lang='lat' dir='ltr'><strong>quietis</strong></span> <span class='ocrx_word' id='word_1_514' title='bbox 1217 3967 1482 4033; x_wconf 84' lang='lat' dir='ltr'><strong>didicisti,</strong></span> <span class='ocrx_word' id='word_1_515' title='bbox 1522 3968 1575 4022; x_wconf 93' lang='lat' dir='ltr'><strong>in</strong></span> <span class='ocrx_word' id='word_1_516' title='bbox 1629 3969 1841 4038; x_wconf 87' lang='lat' dir='ltr'><strong>publica</strong></span> 
     </span>
    </p>
   </div>
   <div class='ocr_carea' id='block_1_69' title="bbox 276 4051 1840 4118">
    <p class='ocr_par' dir='ltr' id='par_1_69' title="bbox 276 4051 1840 4118">
     <span class='ocr_line' id='line_1_69' title="bbox 276 4051 1840 4118; baseline 0.01 -16"><span class='ocrx_word' id='word_1_517' title='bbox 276 4051 488 4106; x_wconf 89' lang='lat' dir='ltr'><strong>actione</strong></span> <span class='ocrx_word' id='word_1_518' title='bbox 511 4052 578 4106; x_wconf 87' lang='lat' dir='ltr'><strong>ad</strong></span> <span class='ocrx_word' id='word_1_519' title='bbox 609 4053 890 4110; x_wconf 83' lang='lat' dir='ltr'><strong>utilitatem</strong></span> <span class='ocrx_word' id='word_1_520' title='bbox 923 4057 1150 4112; x_wconf 84' lang='lat' dir='ltr'><strong>aliorum</strong></span> <span class='ocrx_word' id='word_1_521' title='bbox 1179 4059 1484 4115; x_wconf 89' lang='lat' dir='ltr'><strong>demonstra</strong></span> <span class='ocrx_word' id='word_1_522' title='bbox 1517 4077 1529 4113; x_wconf 89' lang='lat'><strong>:</strong></span> <span class='ocrx_word' id='word_1_523' title='bbox 1561 4077 1682 4116; x_wconf 90' lang='lat' dir='ltr'><strong>nam</strong></span> <span class='ocrx_word' id='word_1_524' title='bbox 1713 4063 1840 4118; x_wconf 89' lang='lat' dir='ltr'><strong>mihi</strong></span> 
     </span>
    </p>
   </div>
   <div class='ocr_carea' id='block_1_70' title="bbox 277 4142 1843 4218">
    <p class='ocr_par' dir='ltr' id='par_1_70' title="bbox 277 4142 1843 4218">
     <span class='ocr_line' id='line_1_70' title="bbox 277 4142 1843 4218; baseline 0.009 -23"><span class='ocrx_word' id='word_1_525' title='bbox 277 4142 367 4211; x_wconf 92' lang='lat' dir='ltr'><strong>qui</strong></span> <span class='ocrx_word' id='word_1_526' title='bbox 391 4143 578 4198; x_wconf 86' lang='lat' dir='ltr'><strong>intima</strong></span> <span class='ocrx_word' id='word_1_527' title='bbox 605 4147 892 4216; x_wconf 86' lang='lat' dir='ltr'><strong>prospicio,</strong></span> <span class='ocrx_word' id='word_1_528' title='bbox 927 4156 1054 4203; x_wconf 86' lang='lat' dir='ltr'><strong>tunc</strong></span> <span class='ocrx_word' id='word_1_529' title='bbox 1078 4148 1264 4218; x_wconf 79' lang='lat' dir='ltr'><strong>faciem</strong></span> <span class='ocrx_word' id='word_1_530' title='bbox 1293 4161 1438 4205; x_wconf 87' lang='lat' dir='ltr'><strong>tuam</strong></span> <span class='ocrx_word' id='word_1_531' title='bbox 1465 4154 1669 4208; x_wconf 90' lang='lat' dir='ltr'><strong>ostendi</strong></span> <span class='ocrx_word' id='word_1_532' title='bbox 1699 4153 1843 4209; x_wconf 70' lang='lat' dir='ltr'><strong>testi-</strong></span> 
     </span>
    </p>
   </div>
   <div class='ocr_carea' id='block_1_71' title="bbox 277 4237 1839 4309">
    <p class='ocr_par' dir='ltr' id='par_1_71' title="bbox 277 4237 1839 4309">
     <span class='ocr_line' id='line_1_71' title="bbox 277 4237 1839 4309; baseline 0.008 -22"><span class='ocrx_word' id='word_1_533' title='bbox 277 4249 404 4300; x_wconf 91' lang='lat' dir='ltr'><strong>mo,</strong></span> <span class='ocrx_word' id='word_1_534' title='bbox 451 4250 576 4290; x_wconf 86' lang='lat' dir='ltr'><strong>cum</strong></span> <span class='ocrx_word' id='word_1_535' title='bbox 625 4237 840 4293; x_wconf 83' lang='lat' dir='ltr'><strong>utilitati</strong></span> <span class='ocrx_word' id='word_1_536' title='bbox 903 4241 1270 4309; x_wconf 83' lang='lat' dir='ltr'><strong>proximorum</strong></span> <span class='ocrx_word' id='word_1_537' title='bbox 1322 4243 1516 4299; x_wconf 83' lang='lat' dir='ltr'><strong>bonam</strong></span> <span class='ocrx_word' id='word_1_538' title='bbox 1575 4245 1839 4301; x_wconf 87' lang='lat' dir='ltr'><strong>actionem</strong></span> 
     </span>
    </p>
   </div>
   <div class='ocr_carea' id='block_1_72' title="bbox 277 4328 812 4386">
    <p class='ocr_par' dir='ltr' id='par_1_72' title="bbox 277 4328 812 4386">
     <span class='ocr_line' id='line_1_72' title="bbox 277 4328 812 4386; baseline 0.009 -5"><span class='ocrx_word' id='word_1_539' title='bbox 277 4328 486 4382; x_wconf 88' lang='lat' dir='ltr'><strong>ostendi</strong></span> <span class='ocrx_word' id='word_1_540' title='bbox 511 4331 812 4386; x_wconf 88' lang='lat' dir='ltr'><strong>considero.</strong></span> 
     </span>
    </p>
   </div>
   <div class='ocr_carea' id='block_1_73' title="bbox 345 4409 1840 4493">
    <p class='ocr_par' dir='ltr' id='par_1_73' title="bbox 345 4409 1840 4493">
     <span class='ocr_line' id='line_1_73' title="bbox 345 4409 1840 4493; baseline 0.009 -25"><span class='ocrx_word' id='word_1_541' title='bbox 345 4409 571 4473; x_wconf 80' lang='lat' dir='ltr'><strong>Au&#39;ribus</strong></span> <span class='ocrx_word' id='word_1_542' title='bbox 593 4421 738 4474; x_wconf 85' lang='lat' dir='ltr'><strong>meis.</strong></span> <span class='ocrx_word' id='word_1_543' title='bbox 770 4419 884 4475; x_wconf 86' lang='lat' dir='ltr'><strong>Non</strong></span> <span class='ocrx_word' id='word_1_544' title='bbox 911 4421 1132 4490; x_wconf 78' lang='lat' dir='ltr'><strong>alienis,</strong></span> <span class='ocrx_word' id='word_1_545' title='bbox 1159 4423 1210 4480; x_wconf 91' lang='lat' dir='ltr'><strong>id</strong></span> <span class='ocrx_word' id='word_1_546' title='bbox 1240 4432 1350 4492; x_wconf 88' lang='lat' dir='ltr'><strong>est,</strong></span> <span class='ocrx_word' id='word_1_547' title='bbox 1382 4441 1514 4483; x_wconf 73' lang='lat' dir='ltr'><strong>mete</strong></span> <span class='ocrx_word' id='word_1_548' title='bbox 1543 4427 1840 4493; x_wconf 91' lang='lat' dir='ltr'><strong>dilectioni,</strong></span> 
     </span>
    </p>
   </div>
   <div class='ocr_carea' id='block_1_74' title="bbox 276 4509 1842 4589">
    <p class='ocr_par' dir='ltr' id='par_1_74' title="bbox 276 4509 1842 4589">
     <span class='ocr_line' id='line_1_74' title="bbox 276 4509 1842 4589; baseline 0.008 -29"><span class='ocrx_word' id='word_1_549' title='bbox 276 4521 380 4561; x_wconf 89' lang='lat' dir='ltr'><strong>non</strong></span> <span class='ocrx_word' id='word_1_550' title='bbox 409 4509 568 4564; x_wconf 86' lang='lat' dir='ltr'><strong>alicui</strong></span> <span class='ocrx_word' id='word_1_551' title='bbox 599 4520 840 4578; x_wconf 91' lang='lat' dir='ltr'><strong>terreno,</strong></span> <span class='ocrx_word' id='word_1_552' title='bbox 865 4522 920 4568; x_wconf 91' lang='lat' dir='ltr'><strong>et</strong></span> <span class='ocrx_word' id='word_1_553' title='bbox 954 4529 1089 4585; x_wconf 85' lang='lat' dir='ltr'><strong>opus</strong></span> <span class='ocrx_word' id='word_1_554' title='bbox 1128 4526 1182 4573; x_wconf 91' lang='lat' dir='ltr'><strong>et</strong></span> <span class='ocrx_word' id='word_1_555' title='bbox 1221 4534 1407 4574; x_wconf 89' lang='lat' dir='ltr'><strong>vocem</strong></span> <span class='ocrx_word' id='word_1_556' title='bbox 1433 4521 1691 4589; x_wconf 82' lang='lat' dir='ltr'><strong>expende.</strong></span> <span class='ocrx_word' id='word_1_557' title='bbox 1730 4519 1842 4573; x_wconf 75' lang='lat' dir='ltr'><strong>Vox</strong></span> 
     </span>
    </p>
   </div>
   <div class='ocr_carea' id='block_1_75' title="bbox 274 4600 1842 4680">
    <p class='ocr_par' dir='ltr' id='par_1_75' title="bbox 274 4600 1842 4680">
     <span class='ocr_line' id='line_1_75' title="bbox 274 4600 1842 4680; baseline 0.008 -27"><span class='ocrx_word' id='word_1_558' title='bbox 274 4600 412 4654; x_wconf 84' lang='lat' dir='ltr'><strong>enim</strong></span> <span class='ocrx_word' id='word_1_559' title='bbox 439 4612 550 4656; x_wconf 87' lang='lat' dir='ltr'><strong>tua.</strong></span> <span class='ocrx_word' id='word_1_560' title='bbox 578 4603 692 4658; x_wconf 84' lang='lat' dir='ltr'><strong>Non</strong></span> <span class='ocrx_word' id='word_1_561' title='bbox 724 4606 920 4671; x_wconf 88' lang='lat' dir='ltr'><strong>aliena,</strong></span> <span class='ocrx_word' id='word_1_562' title='bbox 951 4611 1044 4662; x_wconf 85' lang='lat' dir='ltr'><strong>sed</strong></span> <span class='ocrx_word' id='word_1_563' title='bbox 1068 4625 1155 4674; x_wconf 90' lang='lat' dir='ltr'><strong>ea,</strong></span> <span class='ocrx_word' id='word_1_564' title='bbox 1179 4625 1339 4678; x_wconf 91' lang='lat' dir='ltr'><strong>quam</strong></span> <span class='ocrx_word' id='word_1_565' title='bbox 1365 4613 1419 4665; x_wconf 89' lang='lat' dir='ltr'><strong>in</strong></span> <span class='ocrx_word' id='word_1_566' title='bbox 1442 4610 1527 4666; x_wconf 88' lang='lat' dir='ltr'><strong>die</strong></span> <span class='ocrx_word' id='word_1_567' title='bbox 1553 4611 1842 4680; x_wconf 87' lang='lat' dir='ltr'><strong>desponsa-</strong></span> 
     </span>
    </p>
   </div>
   <div class='ocr_carea' id='block_1_76' title="bbox 277 4691 1242 4765">
    <p class='ocr_par' dir='ltr' id='par_1_76' title="bbox 277 4691 1242 4765">
     <span class='ocr_line' id='line_1_76' title="bbox 277 4691 1242 4765; baseline 0.01 -22"><span class='ocrx_word' id='word_1_568' title='bbox 277 4691 437 4745; x_wconf 86' lang='lat' dir='ltr'><strong>tionis</strong></span> <span class='ocrx_word' id='word_1_569' title='bbox 463 4703 514 4746; x_wconf 92' lang='lat' dir='ltr'><strong>te</strong></span> <span class='ocrx_word' id='word_1_570' title='bbox 545 4693 676 4747; x_wconf 89' lang='lat' dir='ltr'><strong>mihi</strong></span> <span class='ocrx_word' id='word_1_571' title='bbox 706 4696 907 4749; x_wconf 84' lang='lat' dir='ltr'><strong>servire</strong></span> <span class='ocrx_word' id='word_1_572' title='bbox 931 4698 1242 4765; x_wconf 87' lang='lat' dir='ltr'><strong>promisisti.</strong></span> 
     </span>
    </p>
   </div>
   <div class='ocr_carea' id='block_1_77' title="bbox 346 4780 1841 4856">
    <p class='ocr_par' dir='ltr' id='par_1_77' title="bbox 346 4780 1841 4856">
     <span class='ocr_line' id='line_1_77' title="bbox 346 4780 1841 4856; baseline 0.007 -21"><span class='ocrx_word' id='word_1_573' title='bbox 346 4780 507 4838; x_wconf 70' lang='lat' dir='ltr'><strong>Vens.</strong></span> <span class='ocrx_word' id='word_1_574' title='bbox 548 4783 934 4855; x_wconf 57' lang='lat' dir='ltr'><strong>iii—Capite</strong></span> <span class='ocrx_word' id='word_1_575' title='bbox 977 4788 1141 4842; x_wconf 80' lang='lat' dir='ltr'><strong>nobis.</strong></span> <span class='ocrx_word' id='word_1_576' title='bbox 1181 4788 1444 4856; x_wconf 84' lang='lat' dir='ltr'><strong>Quoniam</strong></span> <span class='ocrx_word' id='word_1_577' title='bbox 1490 4805 1596 4845; x_wconf 94' lang='lat' dir='ltr'><strong>non</strong></span> <span class='ocrx_word' id='word_1_578' title='bbox 1649 4789 1841 4848; x_wconf 78' lang='lat' dir='ltr'><strong>sufﬁcit</strong></span> 
     </span>
    </p>
   </div>
   <div class='ocr_carea' id='block_1_78' title="bbox 276 4873 1838 4953">
    <p class='ocr_par' dir='ltr' id='par_1_78' title="bbox 276 4873 1838 4953">
     <span class='ocr_line' id='line_1_78' title="bbox 276 4873 1838 4953; baseline 0.009 -28"><span class='ocrx_word' id='word_1_579' title='bbox 276 4873 431 4928; x_wconf 84' lang='lat' dir='ltr'><strong>nobis</strong></span> <span class='ocrx_word' id='word_1_580' title='bbox 453 4875 618 4930; x_wconf 80' lang='lat' dir='ltr'><strong>vitam</strong></span> <span class='ocrx_word' id='word_1_581' title='bbox 662 4887 902 4933; x_wconf 84' lang='lat' dir='ltr'><strong>nostram</strong></span> <span class='ocrx_word' id='word_1_582' title='bbox 935 4879 1053 4934; x_wconf 80' lang='lat' dir='ltr'><strong>aliis</strong></span> <span class='ocrx_word' id='word_1_583' title='bbox 1081 4879 1132 4933; x_wconf 90' lang='lat' dir='ltr'><strong>in</strong></span> <span class='ocrx_word' id='word_1_584' title='bbox 1164 4882 1465 4951; x_wconf 84' lang='lat' dir='ltr'><strong>exemplum</strong></span> <span class='ocrx_word' id='word_1_585' title='bbox 1507 4897 1838 4953; x_wconf 80' lang='lat' dir='ltr'><strong>proponere,</strong></span> 
     </span>
    </p>
   </div>
   <div class='ocr_carea' id='block_1_79' title="bbox 275 4966 1840 5040">
    <p class='ocr_par' dir='ltr' id='par_1_79' title="bbox 275 4966 1840 5040">
     <span class='ocr_line' id='line_1_79' title="bbox 275 4966 1840 5040; baseline 0.012 -22"><span class='ocrx_word' id='word_1_586' title='bbox 275 4971 330 5018; x_wconf 85' lang='lat' dir='ltr'><strong>et</strong></span> <span class='ocrx_word' id='word_1_587' title='bbox 351 4966 546 5022; x_wconf 77' lang='lat' dir='ltr'><strong>bonam</strong></span> <span class='ocrx_word' id='word_1_588' title='bbox 573 4971 1006 5040; x_wconf 61' lang='lat' dir='ltr'><strong>pradieationem</strong></span> <span class='ocrx_word' id='word_1_589' title='bbox 1041 4971 1238 5040; x_wconf 90' lang='lat' dir='ltr'><strong>facere,</strong></span> <span class='ocrx_word' id='word_1_590' title='bbox 1275 4974 1377 5029; x_wconf 89' lang='lat' dir='ltr'><strong>nisi</strong></span> <span class='ocrx_word' id='word_1_591' title='bbox 1407 4977 1566 5031; x_wconf 86' lang='lat' dir='ltr'><strong>etiam</strong></span> <span class='ocrx_word' id='word_1_592' title='bbox 1595 4988 1840 5036; x_wconf 87' lang='lat' dir='ltr'><strong>errantes</strong></span> 
     </span>
    </p>
   </div>
   <div class='ocr_carea' id='block_1_80' title="bbox 277 5057 1841 5128">
    <p class='ocr_par' dir='ltr' id='par_1_80' title="bbox 277 5057 1841 5128">
     <span class='ocr_line' id='line_1_80' title="bbox 277 5057 1841 5128; baseline 0.011 -19"><span class='ocrx_word' id='word_1_593' title='bbox 277 5057 641 5128; x_wconf 83' lang='lat' dir='ltr'><strong>corrigamus,</strong></span> <span class='ocrx_word' id='word_1_594' title='bbox 687 5070 742 5116; x_wconf 86' lang='lat' dir='ltr'><strong>et</strong></span> <span class='ocrx_word' id='word_1_595' title='bbox 771 5061 1012 5118; x_wconf 91' lang='lat' dir='ltr'><strong>inﬁrmos</strong></span> <span class='ocrx_word' id='word_1_596' title='bbox 1046 5065 1113 5119; x_wconf 88' lang='lat' dir='ltr'><strong>ab</strong></span> <span class='ocrx_word' id='word_1_597' title='bbox 1144 5065 1354 5121; x_wconf 89' lang='lat' dir='ltr'><strong>insidiis</strong></span> <span class='ocrx_word' id='word_1_598' title='bbox 1397 5068 1623 5123; x_wconf 91' lang='lat' dir='ltr'><strong>aliorum</strong></span> <span class='ocrx_word' id='word_1_599' title='bbox 1658 5071 1841 5126; x_wconf 90' lang='lat' dir='ltr'><strong>defen-</strong></span> 
     </span>
    </p>
   </div>
   <div class='ocr_carea' id='block_1_81' title="bbox 276 5146 1838 5226">
    <p class='ocr_par' dir='ltr' id='par_1_81' title="bbox 276 5146 1838 5226">
     <span class='ocr_line' id='line_1_81' title="bbox 276 5146 1838 5226; baseline 0.008 -23"><span class='ocrx_word' id='word_1_600' title='bbox 276 5146 484 5215; x_wconf 88' lang='lat' dir='ltr'><strong>damus,</strong></span> <span class='ocrx_word' id='word_1_601' title='bbox 516 5159 660 5207; x_wconf 85' lang='lat' dir='ltr'><strong>recte</strong></span> <span class='ocrx_word' id='word_1_602' title='bbox 687 5153 884 5208; x_wconf 89' lang='lat' dir='ltr'><strong>dicitur</strong></span> <span class='ocrx_word' id='word_1_603' title='bbox 907 5155 1071 5225; x_wconf 84' lang='lat' dir='ltr'><strong>capite</strong></span> <span class='ocrx_word' id='word_1_604' title='bbox 1094 5171 1199 5211; x_wconf 92' lang='lat' dir='ltr'><strong>non</strong></span> <span class='ocrx_word' id='word_1_605' title='bbox 1237 5155 1403 5223; x_wconf 92' lang='lat' dir='ltr'><strong>vobis,</strong></span> <span class='ocrx_word' id='word_1_606' title='bbox 1433 5159 1524 5214; x_wconf 89' lang='lat' dir='ltr'><strong>sed</strong></span> <span class='ocrx_word' id='word_1_607' title='bbox 1560 5160 1744 5226; x_wconf 89' lang='lat' dir='ltr'><strong>nobis;</strong></span> <span class='ocrx_word' id='word_1_608' title='bbox 1785 5161 1838 5216; x_wconf 90' lang='lat' dir='ltr'><strong>in</strong></span> 
     </span>
    </p>
   </div>
   <div class='ocr_carea' id='block_1_82' title="bbox 275 5235 1837 5312">
    <p class='ocr_par' dir='ltr' id='par_1_82' title="bbox 275 5235 1837 5312">
     <span class='ocr_line' id='line_1_82' title="bbox 275 5235 1837 5312; baseline 0.008 -19"><span class='ocrx_word' id='word_1_609' title='bbox 275 5235 381 5294; x_wconf 86' lang='lat' dir='ltr'><strong>hoc</strong></span> <span class='ocrx_word' id='word_1_610' title='bbox 427 5241 558 5296; x_wconf 91' lang='lat' dir='ltr'><strong>mihi</strong></span> <span class='ocrx_word' id='word_1_611' title='bbox 605 5245 746 5299; x_wconf 87' lang='lat' dir='ltr'><strong>enim</strong></span> <span class='ocrx_word' id='word_1_612' title='bbox 797 5246 1038 5312; x_wconf 81' lang='lat' dir='ltr'><strong>servitis,</strong></span> <span class='ocrx_word' id='word_1_613' title='bbox 1084 5247 1136 5301; x_wconf 93' lang='lat' dir='ltr'><strong>in</strong></span> <span class='ocrx_word' id='word_1_614' title='bbox 1182 5249 1284 5304; x_wconf 87' lang='lat' dir='ltr'><strong>hoc</strong></span> <span class='ocrx_word' id='word_1_615' title='bbox 1321 5263 1416 5304; x_wconf 86' lang='lat' dir='ltr'><strong>vos</strong></span> <span class='ocrx_word' id='word_1_616' title='bbox 1463 5252 1837 5306; x_wconf 85' lang='lat' dir='ltr'><strong>remunerabo.</strong></span> 
     </span>
    </p>
   </div>
   <div class='ocr_carea' id='block_1_83' title="bbox 277 5331 1844 5412">
    <p class='ocr_par' dir='ltr' id='par_1_83' title="bbox 277 5331 1844 5412">
     <span class='ocr_line' id='line_1_83' title="bbox 277 5331 1844 5412; baseline 0.008 -26"><span class='ocrx_word' id='word_1_617' title='bbox 277 5331 475 5402; x_wconf 82' lang='lat' dir='ltr'><strong>Vulpes</strong></span> <span class='ocrx_word' id='word_1_618' title='bbox 495 5334 548 5389; x_wconf 91' lang='lat' dir='ltr'><strong>in</strong></span> <span class='ocrx_word' id='word_1_619' title='bbox 577 5336 748 5393; x_wconf 84' lang='lat' dir='ltr'><strong>foveis</strong></span> <span class='ocrx_word' id='word_1_620' title='bbox 774 5338 1058 5404; x_wconf 84' lang='lat' dir='ltr'><strong>abduntur,</strong></span> <span class='ocrx_word' id='word_1_621' title='bbox 1089 5351 1141 5395; x_wconf 87' lang='lat' dir='ltr'><strong>et</strong></span> <span class='ocrx_word' id='word_1_622' title='bbox 1173 5356 1295 5396; x_wconf 90' lang='lat' dir='ltr'><strong>cum</strong></span> <span class='ocrx_word' id='word_1_623' title='bbox 1318 5344 1682 5412; x_wconf 87' lang='lat' dir='ltr'><strong>apparuerint,</strong></span> <span class='ocrx_word' id='word_1_624' title='bbox 1713 5359 1844 5399; x_wconf 76' lang='lat' dir='ltr'><strong>uua-</strong></span> 
     </span>
    </p>
   </div>
   <div class='ocr_carea' id='block_1_84' title="bbox 279 5427 1841 5496">
    <p class='ocr_par' dir='ltr' id='par_1_84' title="bbox 279 5427 1841 5496">
     <span class='ocr_line' id='line_1_84' title="bbox 279 5427 1841 5496; baseline 0.008 -18"><span class='ocrx_word' id='word_1_625' title='bbox 279 5441 436 5496; x_wconf 90' lang='lat' dir='ltr'><strong>quam</strong></span> <span class='ocrx_word' id='word_1_626' title='bbox 466 5427 687 5484; x_wconf 81' lang='lat' dir='ltr'><strong>directis</strong></span> <span class='ocrx_word' id='word_1_627' title='bbox 711 5429 993 5486; x_wconf 88' lang='lat' dir='ltr'><strong>itineribus</strong></span> <span class='ocrx_word' id='word_1_628' title='bbox 1021 5441 1264 5496; x_wconf 90' lang='lat' dir='ltr'><strong>currunt,</strong></span> <span class='ocrx_word' id='word_1_629' title='bbox 1299 5434 1377 5488; x_wconf 94' lang='lat' dir='ltr'><strong>sic</strong></span> <span class='ocrx_word' id='word_1_630' title='bbox 1410 5436 1664 5490; x_wconf 70' lang='lat' dir='ltr'><strong>haeretici.</strong></span> <span class='ocrx_word' id='word_1_631' title='bbox 1702 5435 1841 5490; x_wconf 82' lang='lat' dir='ltr'><strong>Nam</strong></span> 
     </span>
    </p>
   </div>
   <div class='ocr_carea' id='block_1_85' title="bbox 273 5521 1842 5598">
    <p class='ocr_par' dir='ltr' id='par_1_85' title="bbox 273 5521 1842 5598">
     <span class='ocr_line' id='line_1_85' title="bbox 273 5521 1842 5598; baseline 0.004 -22"><span class='ocrx_word' id='word_1_632' title='bbox 273 5521 424 5576; x_wconf 74' lang='lat' dir='ltr'><strong>vinea</strong></span> <span class='ocrx_word' id='word_1_633' title='bbox 457 5530 651 5576; x_wconf 80' lang='lat' dir='ltr'><strong>nostra.</strong></span> <span class='ocrx_word' id='word_1_634' title='bbox 676 5521 933 5586; x_wconf 86' lang='lat' dir='ltr'><strong>Pulchre,</strong></span> <span class='ocrx_word' id='word_1_635' title='bbox 967 5539 1086 5579; x_wconf 89' lang='lat' dir='ltr'><strong>cum</strong></span> <span class='ocrx_word' id='word_1_636' title='bbox 1119 5537 1278 5594; x_wconf 89' lang='lat' dir='ltr'><strong>supra</strong></span> <span class='ocrx_word' id='word_1_637' title='bbox 1309 5525 1482 5579; x_wconf 79' lang='lat' dir='ltr'><strong>vineas</strong></span> <span class='ocrx_word' id='word_1_638' title='bbox 1524 5526 1714 5598; x_wconf 89' lang='lat' dir='ltr'><strong>plurali</strong></span> <span class='ocrx_word' id='word_1_639' title='bbox 1747 5544 1842 5582; x_wconf 88' lang='lat' dir='ltr'><strong>nu-</strong></span> 
     </span>
    </p>
   </div>
   <div class='ocr_carea' id='block_1_86' title="bbox 275 5610 1844 5688">
    <p class='ocr_par' dir='ltr' id='par_1_86' title="bbox 275 5610 1844 5688">
     <span class='ocr_line' id='line_1_86' title="bbox 275 5610 1844 5688; baseline 0.006 -24"><span class='ocrx_word' id='word_1_640' title='bbox 275 5624 450 5675; x_wconf 89' lang='lat' dir='ltr'><strong>mero,</strong></span> <span class='ocrx_word' id='word_1_641' title='bbox 477 5610 562 5665; x_wconf 91' lang='lat' dir='ltr'><strong>hic</strong></span> <span class='ocrx_word' id='word_1_642' title='bbox 596 5611 938 5681; x_wconf 77' lang='lat' dir='ltr'><strong>singulariter</strong></span> <span class='ocrx_word' id='word_1_643' title='bbox 972 5615 1139 5680; x_wconf 75' lang='lat' dir='ltr'><strong>uinea,</strong></span> <span class='ocrx_word' id='word_1_644' title='bbox 1183 5616 1308 5686; x_wconf 67' lang='lat' dir='ltr'><strong>quia</strong></span> <span class='ocrx_word' id='word_1_645' title='bbox 1337 5615 1516 5671; x_wconf 66' lang='lat' dir='ltr'><strong>mulae</strong></span> <span class='ocrx_word' id='word_1_646' title='bbox 1543 5618 1713 5672; x_wconf 68' lang='lat' dir='ltr'><strong>vincte</strong></span> <span class='ocrx_word' id='word_1_647' title='bbox 1749 5634 1844 5688; x_wconf 90' lang='lat' dir='ltr'><strong>per</strong></span> 
     </span>
    </p>
   </div>
   <div class='ocr_carea' id='block_1_87' title="bbox 276 5701 1839 5780">
    <p class='ocr_par' dir='ltr' id='par_1_87' title="bbox 276 5701 1839 5780">
     <span class='ocr_line' id='line_1_87' title="bbox 276 5701 1839 5780; baseline 0.006 -25"><span class='ocrx_word' id='word_1_648' title='bbox 276 5701 433 5756; x_wconf 88' lang='lat' dir='ltr'><strong>ﬁdem</strong></span> <span class='ocrx_word' id='word_1_649' title='bbox 459 5712 510 5757; x_wconf 90' lang='lat' dir='ltr'><strong>et</strong></span> <span class='ocrx_word' id='word_1_650' title='bbox 543 5705 856 5758; x_wconf 87' lang='lat' dir='ltr'><strong>charitatem</strong></span> <span class='ocrx_word' id='word_1_651' title='bbox 893 5719 1050 5758; x_wconf 89' lang='lat' dir='ltr'><strong>unam</strong></span> <span class='ocrx_word' id='word_1_652' title='bbox 1083 5721 1096 5759; x_wconf 93' lang='lat'><strong>:</strong></span> <span class='ocrx_word' id='word_1_653' title='bbox 1138 5716 1192 5762; x_wconf 92' lang='lat' dir='ltr'><strong>et</strong></span> <span class='ocrx_word' id='word_1_654' title='bbox 1219 5708 1337 5762; x_wconf 87' lang='lat' dir='ltr'><strong>ideo</strong></span> <span class='ocrx_word' id='word_1_655' title='bbox 1364 5718 1486 5762; x_wconf 91' lang='lat' dir='ltr'><strong>sunt</strong></span> <span class='ocrx_word' id='word_1_656' title='bbox 1511 5711 1839 5780; x_wconf 84' lang='lat' dir='ltr'><strong>expellendi,</strong></span> 
     </span>
    </p>
   </div>
   <div class='ocr_carea' id='block_1_88' title="bbox 275 5791 1530 5864">
    <p class='ocr_par' dir='ltr' id='par_1_88' title="bbox 275 5791 1530 5864">
     <span class='ocr_line' id='line_1_88' title="bbox 275 5791 1530 5864; baseline 0.006 -18"><span class='ocrx_word' id='word_1_657' title='bbox 275 5793 364 5864; x_wconf 89' lang='lat' dir='ltr'><strong>qui</strong></span> <span class='ocrx_word' id='word_1_658' title='bbox 399 5809 518 5848; x_wconf 88' lang='lat' dir='ltr'><strong>eam</strong></span> <span class='ocrx_word' id='word_1_659' title='bbox 547 5795 730 5850; x_wconf 87' lang='lat' dir='ltr'><strong>volunt</strong></span> <span class='ocrx_word' id='word_1_660' title='bbox 753 5809 848 5864; x_wconf 91' lang='lat' dir='ltr'><strong>per</strong></span> <span class='ocrx_word' id='word_1_661' title='bbox 875 5796 1102 5851; x_wconf 82' lang='lat' dir='ltr'><strong>haereses</strong></span> <span class='ocrx_word' id='word_1_662' title='bbox 1127 5799 1388 5854; x_wconf 88' lang='lat' dir='ltr'><strong>scindere.</strong></span> <span class='ocrx_word' id='word_1_663' title='bbox 1523 5791 1530 5798; x_wconf 77' lang='grc'><em>’</em></span> 
     </span>
    </p>
   </div>
   <div class='ocr_carea' id='block_1_89' title="bbox 345 5885 1840 5961">
    <p class='ocr_par' dir='ltr' id='par_1_89' title="bbox 345 5885 1840 5961">
     <span class='ocr_line' id='line_1_89' title="bbox 345 5885 1840 5961; baseline 0.005 -20"><span class='ocrx_word' id='word_1_664' title='bbox 345 5885 506 5944; x_wconf 73' lang='lat' dir='ltr'><strong>Vens.</strong></span> <span class='ocrx_word' id='word_1_665' title='bbox 533 5887 922 5942; x_wconf 68' lang='lat' dir='ltr'><strong>16.—-Dilectus</strong></span> <span class='ocrx_word' id='word_1_666' title='bbox 943 5903 1086 5943; x_wconf 85' lang='lat' dir='ltr'><strong>meus</strong></span> <span class='ocrx_word' id='word_1_667' title='bbox 1115 5889 1264 5945; x_wconf 82' lang='lat' dir='ltr'><strong>mihi.</strong></span> <span class='ocrx_word' id='word_1_668' title='bbox 1289 5889 1404 5946; x_wconf 88' lang='lat' dir='ltr'><strong>Tali</strong></span> <span class='ocrx_word' id='word_1_669' title='bbox 1427 5890 1610 5948; x_wconf 76' lang='lat' dir='ltr'><strong>aﬁatui</strong></span> <span class='ocrx_word' id='word_1_670' title='bbox 1637 5892 1840 5961; x_wconf 89' lang='lat' dir='ltr'><strong>dilecti,</strong></span> 
     </span>
    </p>
   </div>
   <div class='ocr_carea' id='block_1_90' title="bbox 1943 3407 3190 3484">
    <p class='ocr_par' dir='ltr' id='par_1_90' title="bbox 1943 3407 3190 3484">
     <span class='ocr_line' id='line_1_90' title="bbox 1943 3407 3190 3484; baseline 0.013 -26"><span class='ocrx_word' id='word_1_671' title='bbox 1943 3414 1996 3458; x_wconf 88' lang='lat' dir='ltr'><strong>et</strong></span> <span class='ocrx_word' id='word_1_672' title='bbox 2021 3407 2182 3461; x_wconf 89' lang='lat' dir='ltr'><strong>corda</strong></span> <span class='ocrx_word' id='word_1_673' title='bbox 2210 3407 2422 3464; x_wconf 89' lang='lat' dir='ltr'><strong>illorum</strong></span> <span class='ocrx_word' id='word_1_674' title='bbox 2449 3413 2644 3480; x_wconf 92' lang='lat' dir='ltr'><strong>quibus</strong></span> <span class='ocrx_word' id='word_1_675' title='bbox 2668 3416 3020 3484; x_wconf 65' lang='lat' dir='ltr'><strong>praedicatum</strong></span> <span class='ocrx_word' id='word_1_676' title='bbox 3051 3435 3190 3476; x_wconf 88' lang='lat' dir='ltr'><strong>sum.</strong></span> 
     </span>
    </p>
   </div>
   <div class='ocr_carea' id='block_1_91' title="bbox 2545 3547 2912 3610">
    <p class='ocr_par' dir='ltr' id='par_1_91' title="bbox 2545 3547 2912 3610">
     <span class='ocr_line' id='line_1_91' title="bbox 2545 3547 2912 3610; baseline 0.005 -7"><span class='ocrx_word' id='word_1_677' title='bbox 2545 3547 2772 3606; x_wconf 85' lang='lat' dir='ltr'><strong>CAPUT</strong></span> <span class='ocrx_word' id='word_1_678' title='bbox 2827 3550 2912 3610; x_wconf 76' lang='lat' dir='ltr'><strong>Ill.</strong></span> 
     </span>
    </p>
   </div>
   <div class='ocr_carea' id='block_1_92' title="bbox 2021 3673 3519 3759">
    <p class='ocr_par' dir='ltr' id='par_1_92' title="bbox 2021 3673 3519 3759">
     <span class='ocr_line' id='line_1_92' title="bbox 2021 3673 3519 3759; baseline 0.012 -31"><span class='ocrx_word' id='word_1_679' title='bbox 2021 3673 2177 3730; x_wconf 68' lang='lat' dir='ltr'><strong>Vens.</strong></span> <span class='ocrx_word' id='word_1_680' title='bbox 2208 3677 2233 3730; x_wconf 85' lang='lat' dir='ltr'><strong>l</strong></span> <span class='ocrx_word' id='word_1_681' title='bbox 2257 3716 2272 3742; x_wconf 92' lang='lat'><strong>,</strong></span> <span class='ocrx_word' id='word_1_682' title='bbox 2297 3678 2354 3732; x_wconf 69' lang='lat'><strong>2.</strong></span> <span class='ocrx_word' id='word_1_683' title='bbox 2377 3704 2449 3718; x_wconf 69' lang='lat'><strong>--</strong></span> <span class='ocrx_word' id='word_1_684' title='bbox 2472 3679 2539 3734; x_wconf 83' lang='lat' dir='ltr'><strong>In</strong></span> <span class='ocrx_word' id='word_1_685' title='bbox 2567 3681 2777 3738; x_wconf 84' lang='lat' dir='ltr'><strong>lectulo.</strong></span> <span class='ocrx_word' id='word_1_686' title='bbox 2823 3683 3112 3742; x_wconf 88' lang='lat' dir='ltr'><strong>Orantibus</strong></span> <span class='ocrx_word' id='word_1_687' title='bbox 3151 3688 3519 3759; x_wconf 73' lang='lat' dir='ltr'><strong>praedicatori-</strong></span> 
     </span>
    </p>
   </div>
   <div class='ocr_carea' id='block_1_93' title="bbox 1942 3765 3518 3848">
    <p class='ocr_par' dir='ltr' id='par_1_93' title="bbox 1942 3765 3518 3848">
     <span class='ocr_line' id='line_1_93' title="bbox 1942 3765 3518 3848; baseline 0.011 -28"><span class='ocrx_word' id='word_1_688' title='bbox 1942 3765 2044 3821; x_wconf 87' lang='lat' dir='ltr'><strong>bus</strong></span> <span class='ocrx_word' id='word_1_689' title='bbox 2066 3767 2131 3822; x_wconf 90' lang='lat' dir='ltr'><strong>de</strong></span> <span class='ocrx_word' id='word_1_690' title='bbox 2146 3766 2344 3832; x_wconf 70' lang='lat' dir='ltr'><strong>Iudaea,</strong></span> <span class='ocrx_word' id='word_1_691' title='bbox 2370 3785 2496 3826; x_wconf 88' lang='lat' dir='ltr'><strong>ecce</strong></span> <span class='ocrx_word' id='word_1_692' title='bbox 2517 3773 2790 3842; x_wconf 76' lang='lat' dir='ltr'><strong>gentilitas</strong></span> <span class='ocrx_word' id='word_1_693' title='bbox 2809 3773 3013 3848; x_wconf 78' lang='lat' dir='ltr'><strong>Spiritu</strong></span> <span class='ocrx_word' id='word_1_694' title='bbox 3047 3779 3229 3835; x_wconf 91' lang='lat' dir='ltr'><strong>divino</strong></span> <span class='ocrx_word' id='word_1_695' title='bbox 3250 3781 3426 3838; x_wconf 79' lang='lat' dir='ltr'><strong>amata</strong></span> <span class='ocrx_word' id='word_1_696' title='bbox 3452 3784 3518 3838; x_wconf 90' lang='lat' dir='ltr'><strong>ad</strong></span> 
     </span>
    </p>
   </div>
   <div class='ocr_carea' id='block_1_94' title="bbox 1945 3858 3518 3934">
    <p class='ocr_par' dir='ltr' id='par_1_94' title="bbox 1945 3858 3518 3934">
     <span class='ocr_line' id='line_1_94' title="bbox 1945 3858 3518 3934; baseline 0.013 -25"><span class='ocrx_word' id='word_1_697' title='bbox 1945 3858 2272 3927; x_wconf 76' lang='lat' dir='ltr'><strong>agnitionem</strong></span> <span class='ocrx_word' id='word_1_698' title='bbox 2321 3875 2431 3916; x_wconf 72' lang='lat' dir='ltr'><strong>sua:</strong></span> <span class='ocrx_word' id='word_1_699' title='bbox 2474 3862 2664 3920; x_wconf 88' lang='lat' dir='ltr'><strong>salutis</strong></span> <span class='ocrx_word' id='word_1_700' title='bbox 2694 3867 2944 3934; x_wconf 88' lang='lat' dir='ltr'><strong>advenit,</strong></span> <span class='ocrx_word' id='word_1_701' title='bbox 2973 3878 3030 3924; x_wconf 91' lang='lat' dir='ltr'><strong>et</strong></span> <span class='ocrx_word' id='word_1_702' title='bbox 3056 3871 3328 3928; x_wconf 87' lang='lat' dir='ltr'><strong>inventam</strong></span> <span class='ocrx_word' id='word_1_703' title='bbox 3361 3873 3518 3930; x_wconf 90' lang='lat' dir='ltr'><strong>ﬁrmo</strong></span> 
     </span>
    </p>
   </div>
   <div class='ocr_carea' id='block_1_95' title="bbox 1945 3951 3518 4033">
    <p class='ocr_par' dir='ltr' id='par_1_95' title="bbox 1945 3951 3518 4033">
     <span class='ocr_line' id='line_1_95' title="bbox 1945 3951 3518 4033; baseline 0.011 -32"><span class='ocrx_word' id='word_1_704' title='bbox 1945 3964 2129 4006; x_wconf 90' lang='lat' dir='ltr'><strong>amore</strong></span> <span class='ocrx_word' id='word_1_705' title='bbox 2158 3958 2322 4006; x_wconf 88' lang='lat' dir='ltr'><strong>tenet.</strong></span> <span class='ocrx_word' id='word_1_706' title='bbox 2356 3951 2507 4010; x_wconf 92' lang='lat' dir='ltr'><strong>Unde</strong></span> <span class='ocrx_word' id='word_1_707' title='bbox 2529 3957 2773 4026; x_wconf 89' lang='lat' dir='ltr'><strong>sequitur</strong></span> <span class='ocrx_word' id='word_1_708' title='bbox 2797 3975 2809 4011; x_wconf 89' lang='lat'><strong>:</strong></span> <span class='ocrx_word' id='word_1_709' title='bbox 2842 3957 2955 4014; x_wconf 83' lang='lat' dir='ltr'><strong>Vox</strong></span> <span class='ocrx_word' id='word_1_710' title='bbox 2984 3959 3100 4030; x_wconf 83' lang='lat' dir='ltr'><strong>ejus</strong></span> <span class='ocrx_word' id='word_1_711' title='bbox 3128 3962 3283 4033; x_wconf 91' lang='lat' dir='ltr'><strong>plene</strong></span> <span class='ocrx_word' id='word_1_712' title='bbox 3311 3963 3518 4018; x_wconf 89' lang='lat' dir='ltr'><strong>intran-</strong></span> 
     </span>
    </p>
   </div>
   <div class='ocr_carea' id='block_1_96' title="bbox 1946 4041 3518 4117">
    <p class='ocr_par' dir='ltr' id='par_1_96' title="bbox 1946 4041 3518 4117">
     <span class='ocr_line' id='line_1_96' title="bbox 1946 4041 3518 4117; baseline 0.01 -21"><span class='ocrx_word' id='word_1_713' title='bbox 1946 4042 2036 4097; x_wconf 90' lang='lat' dir='ltr'><strong>tis.</strong></span> <span class='ocrx_word' id='word_1_714' title='bbox 2068 4041 2136 4097; x_wconf 81' lang='lat' dir='ltr'><strong>ln</strong></span> <span class='ocrx_word' id='word_1_715' title='bbox 2163 4043 2371 4100; x_wconf 81' lang='lat' dir='ltr'><strong>lectulo.</strong></span> <span class='ocrx_word' id='word_1_716' title='bbox 2395 4045 2612 4117; x_wconf 56' lang='lat' dir='ltr'><strong>(Cum)</strong></span> <span class='ocrx_word' id='word_1_717' title='bbox 2638 4049 2908 4106; x_wconf 85' lang='lat' dir='ltr'><strong>Moraliter</strong></span> <span class='ocrx_word' id='word_1_718' title='bbox 2929 4049 3184 4110; x_wconf 88' lang='lat' dir='ltr'><strong>lectulum</strong></span> <span class='ocrx_word' id='word_1_719' title='bbox 3207 4056 3310 4112; x_wconf 91' lang='lat' dir='ltr'><strong>sibi</strong></span> <span class='ocrx_word' id='word_1_720' title='bbox 3331 4065 3518 4112; x_wconf 87' lang='lat' dir='ltr'><strong>sancta</strong></span> 
     </span>
    </p>
   </div>
   <div class='ocr_carea' id='block_1_97' title="bbox 1945 4139 3513 4220">
    <p class='ocr_par' dir='ltr' id='par_1_97' title="bbox 1945 4139 3513 4220">
     <span class='ocr_line' id='line_1_97' title="bbox 1945 4139 3513 4220; baseline 0.009 -29"><span class='ocrx_word' id='word_1_721' title='bbox 1945 4139 2122 4192; x_wconf 88' lang='lat' dir='ltr'><strong>anima</strong></span> <span class='ocrx_word' id='word_1_722' title='bbox 2152 4140 2206 4193; x_wconf 93' lang='lat' dir='ltr'><strong>in</strong></span> <span class='ocrx_word' id='word_1_723' title='bbox 2237 4151 2393 4196; x_wconf 89' lang='lat' dir='ltr'><strong>nocte</strong></span> <span class='ocrx_word' id='word_1_724' title='bbox 2424 4141 2588 4210; x_wconf 90' lang='lat' dir='ltr'><strong>facit,</strong></span> <span class='ocrx_word' id='word_1_725' title='bbox 2623 4144 2748 4200; x_wconf 92' lang='lat' dir='ltr'><strong>dum</strong></span> <span class='ocrx_word' id='word_1_726' title='bbox 2778 4162 2968 4203; x_wconf 91' lang='lat' dir='ltr'><strong>omnes</strong></span> <span class='ocrx_word' id='word_1_727' title='bbox 2997 4151 3183 4203; x_wconf 86' lang='lat' dir='ltr'><strong>mundi</strong></span> <span class='ocrx_word' id='word_1_728' title='bbox 3223 4152 3513 4220; x_wconf 86' lang='lat' dir='ltr'><strong>perturba-</strong></span> 
     </span>
    </p>
   </div>
   <div class='ocr_carea' id='block_1_98' title="bbox 1945 4229 3518 4308">
    <p class='ocr_par' dir='ltr' id='par_1_98' title="bbox 1945 4229 3518 4308">
     <span class='ocr_line' id='line_1_98' title="bbox 1945 4229 3518 4308; baseline 0.007 -24"><span class='ocrx_word' id='word_1_729' title='bbox 1945 4231 2118 4286; x_wconf 90' lang='lat' dir='ltr'><strong>tiones</strong></span> <span class='ocrx_word' id='word_1_730' title='bbox 2161 4229 2402 4302; x_wconf 85' lang='lat' dir='ltr'><strong>fugiens,</strong></span> <span class='ocrx_word' id='word_1_731' title='bbox 2436 4242 2736 4301; x_wconf 89' lang='lat' dir='ltr'><strong>secretum,</strong></span> <span class='ocrx_word' id='word_1_732' title='bbox 2783 4237 2837 4290; x_wconf 91' lang='lat' dir='ltr'><strong>in</strong></span> <span class='ocrx_word' id='word_1_733' title='bbox 2880 4251 2986 4306; x_wconf 90' lang='lat' dir='ltr'><strong>quo</strong></span> <span class='ocrx_word' id='word_1_734' title='bbox 3028 4239 3346 4308; x_wconf 89' lang='lat' dir='ltr'><strong>requiescit,</strong></span> <span class='ocrx_word' id='word_1_735' title='bbox 3375 4255 3518 4295; x_wconf 92' lang='lat' dir='ltr'><strong>com-</strong></span> 
     </span>
    </p>
   </div>
   <div class='ocr_carea' id='block_1_99' title="bbox 1942 4323 3516 4403">
    <p class='ocr_par' dir='ltr' id='par_1_99' title="bbox 1942 4323 3516 4403">
     <span class='ocr_line' id='line_1_99' title="bbox 1942 4323 3516 4403; baseline 0.009 -27"><span class='ocrx_word' id='word_1_736' title='bbox 1942 4333 2119 4394; x_wconf 88' lang='lat' dir='ltr'><strong>parat.</strong></span> <span class='ocrx_word' id='word_1_737' title='bbox 2153 4323 2208 4378; x_wconf 89' lang='lat' dir='ltr'><strong>ln</strong></span> <span class='ocrx_word' id='word_1_738' title='bbox 2242 4326 2344 4380; x_wconf 91' lang='lat' dir='ltr'><strong>hoc</strong></span> <span class='ocrx_word' id='word_1_739' title='bbox 2393 4325 2534 4381; x_wconf 90' lang='lat' dir='ltr'><strong>lecto</strong></span> <span class='ocrx_word' id='word_1_740' title='bbox 2579 4327 2833 4382; x_wconf 87' lang='lat' dir='ltr'><strong>dilectum</strong></span> <span class='ocrx_word' id='word_1_741' title='bbox 2879 4331 3075 4400; x_wconf 78' lang='lat' dir='ltr'><strong>quaerit</strong></span> <span class='ocrx_word' id='word_1_742' title='bbox 3125 4349 3138 4384; x_wconf 89' lang='lat'><strong>:</strong></span> <span class='ocrx_word' id='word_1_743' title='bbox 3171 4333 3297 4403; x_wconf 88' lang='lat' dir='ltr'><strong>quia</strong></span> <span class='ocrx_word' id='word_1_744' title='bbox 3327 4334 3454 4389; x_wconf 93' lang='lat' dir='ltr'><strong>dum</strong></span> <span class='ocrx_word' id='word_1_745' title='bbox 3485 4351 3516 4390; x_wconf 91' lang='lat' dir='ltr'><strong>a</strong></span> 
     </span>
    </p>
   </div>
   <div class='ocr_carea' id='block_1_100' title="bbox 1946 4414 3516 4496">
    <p class='ocr_par' dir='ltr' id='par_1_100' title="bbox 1946 4414 3516 4496">
     <span class='ocr_line' id='line_1_100' title="bbox 1946 4414 3516 4496; baseline 0.01 -28"><span class='ocrx_word' id='word_1_746' title='bbox 1946 4414 2398 4470; x_wconf 89' lang='lat' dir='ltr'><strong>sollicitudinibus</strong></span> <span class='ocrx_word' id='word_1_747' title='bbox 2427 4425 2620 4484; x_wconf 90' lang='lat' dir='ltr'><strong>vacat,</strong></span> <span class='ocrx_word' id='word_1_748' title='bbox 2647 4418 2701 4472; x_wconf 89' lang='lat' dir='ltr'><strong>in</strong></span> <span class='ocrx_word' id='word_1_749' title='bbox 2729 4419 2846 4490; x_wconf 83' lang='lat' dir='ltr'><strong>ejus</strong></span> <span class='ocrx_word' id='word_1_750' title='bbox 2874 4421 3224 4492; x_wconf 90' lang='lat' dir='ltr'><strong>inquisitione</strong></span> <span class='ocrx_word' id='word_1_751' title='bbox 3249 4427 3516 4496; x_wconf 92' lang='lat' dir='ltr'><strong>quomodo</strong></span> 
     </span>
    </p>
   </div>
   <div class='ocr_carea' id='block_1_101' title="bbox 1945 4507 3519 4584">
    <p class='ocr_par' dir='ltr' id='par_1_101' title="bbox 1945 4507 3519 4584">
     <span class='ocr_line' id='line_1_101' title="bbox 1945 4507 3519 4584; baseline 0.013 -24"><span class='ocrx_word' id='word_1_752' title='bbox 1945 4508 2012 4560; x_wconf 89' lang='lat' dir='ltr'><strong>ad</strong></span> <span class='ocrx_word' id='word_1_753' title='bbox 2057 4507 2206 4561; x_wconf 93' lang='lat' dir='ltr'><strong>illum</strong></span> <span class='ocrx_word' id='word_1_754' title='bbox 2234 4511 2517 4578; x_wconf 88' lang='lat' dir='ltr'><strong>perveniat</strong></span> <span class='ocrx_word' id='word_1_755' title='bbox 2552 4514 2846 4584; x_wconf 89' lang='lat' dir='ltr'><strong>requiescit</strong></span> <span class='ocrx_word' id='word_1_756' title='bbox 2881 4535 2893 4569; x_wconf 92' lang='lat'><strong>:</strong></span> <span class='ocrx_word' id='word_1_757' title='bbox 2928 4519 3020 4572; x_wconf 88' lang='lat' dir='ltr'><strong>sed</strong></span> <span class='ocrx_word' id='word_1_758' title='bbox 3067 4519 3192 4574; x_wconf 90' lang='lat' dir='ltr'><strong>dum</strong></span> <span class='ocrx_word' id='word_1_759' title='bbox 3223 4519 3278 4576; x_wconf 91' lang='lat' dir='ltr'><strong>in</strong></span> <span class='ocrx_word' id='word_1_760' title='bbox 3317 4526 3519 4582; x_wconf 91' lang='lat' dir='ltr'><strong>mundo</strong></span> 
     </span>
    </p>
   </div>
   <div class='ocr_carea' id='block_1_102' title="bbox 1944 4597 3519 4680">
    <p class='ocr_par' dir='ltr' id='par_1_102' title="bbox 1944 4597 3519 4680">
     <span class='ocr_line' id='line_1_102' title="bbox 1944 4597 3519 4680; baseline 0.014 -30"><span class='ocrx_word' id='word_1_761' title='bbox 1944 4597 2095 4663; x_wconf 89' lang='lat' dir='ltr'><strong>vivit,</strong></span> <span class='ocrx_word' id='word_1_762' title='bbox 2147 4600 2398 4657; x_wconf 89' lang='lat' dir='ltr'><strong>tenebras</strong></span> <span class='ocrx_word' id='word_1_763' title='bbox 2460 4605 2643 4659; x_wconf 91' lang='lat' dir='ltr'><strong>mundi</strong></span> <span class='ocrx_word' id='word_1_764' title='bbox 2690 4621 2718 4659; x_wconf 90' lang='lat' dir='ltr'><strong>a</strong></span> <span class='ocrx_word' id='word_1_765' title='bbox 2764 4621 2823 4662; x_wconf 90' lang='lat' dir='ltr'><strong>se</strong></span> <span class='ocrx_word' id='word_1_766' title='bbox 2867 4607 3108 4680; x_wconf 87' lang='lat' dir='ltr'><strong>perfecte</strong></span> <span class='ocrx_word' id='word_1_767' title='bbox 3155 4629 3261 4670; x_wconf 90' lang='lat' dir='ltr'><strong>non</strong></span> <span class='ocrx_word' id='word_1_768' title='bbox 3315 4619 3519 4672; x_wconf 76' lang='lat' dir='ltr'><strong>excutit</strong></span> 
     </span>
    </p>
   </div>
   <div class='ocr_carea' id='block_1_103' title="bbox 1866 4678 3514 4782">
    <p class='ocr_par' dir='ltr' id='par_1_103' title="bbox 1866 4678 3514 4782">
     <span class='ocr_line' id='line_1_103' title="bbox 1866 4678 3514 4782; baseline 0.016 -43"><span class='ocrx_word' id='word_1_769' title='bbox 1866 4678 1919 4738; x_wconf 89' lang='lat' dir='ltr'><strong>D</strong></span> <span class='ocrx_word' id='word_1_770' title='bbox 1945 4697 1999 4742; x_wconf 90' lang='lat' dir='ltr'><strong>et</strong></span> <span class='ocrx_word' id='word_1_771' title='bbox 2033 4699 2236 4758; x_wconf 89' lang='lat' dir='ltr'><strong>quanto</strong></span> <span class='ocrx_word' id='word_1_772' title='bbox 2283 4695 2500 4764; x_wconf 88' lang='lat' dir='ltr'><strong>gravius</strong></span> <span class='ocrx_word' id='word_1_773' title='bbox 2545 4695 2765 4766; x_wconf 89' lang='lat' dir='ltr'><strong>patitur,</strong></span> <span class='ocrx_word' id='word_1_774' title='bbox 2814 4678 2880 4754; x_wconf 87' lang='lat' dir='ltr'><strong>eo</strong></span> <span class='ocrx_word' id='word_1_775' title='bbox 2915 4700 3250 4774; x_wconf 89' lang='lat' dir='ltr'><strong>frequentius</strong></span> <span class='ocrx_word' id='word_1_776' title='bbox 3292 4711 3514 4782; x_wconf 65' lang='lat' dir='ltr'><strong>quaerit,</strong></span> 
     </span>
    </p>
   </div>
   <div class='ocr_carea' id='block_1_104' title="bbox 1949 4781 3518 4874">
    <p class='ocr_par' dir='ltr' id='par_1_104' title="bbox 1949 4781 3518 4874">
     <span class='ocr_line' id='line_1_104' title="bbox 1949 4781 3518 4874; baseline 0.015 -38"><span class='ocrx_word' id='word_1_777' title='bbox 1949 4789 2003 4836; x_wconf 92' lang='lat' dir='ltr'><strong>et</strong></span> <span class='ocrx_word' id='word_1_778' title='bbox 2050 4781 2344 4842; x_wconf 88' lang='lat' dir='ltr'><strong>ferventius</strong></span> <span class='ocrx_word' id='word_1_779' title='bbox 2390 4803 2547 4857; x_wconf 92' lang='lat' dir='ltr'><strong>eum,</strong></span> <span class='ocrx_word' id='word_1_780' title='bbox 2583 4807 2690 4861; x_wconf 86' lang='lat' dir='ltr'><strong>quo</strong></span> <span class='ocrx_word' id='word_1_781' title='bbox 2735 4792 2952 4848; x_wconf 91' lang='lat' dir='ltr'><strong>invento</strong></span> <span class='ocrx_word' id='word_1_782' title='bbox 2985 4798 3236 4856; x_wconf 88' lang='lat' dir='ltr'><strong>tenebras</strong></span> <span class='ocrx_word' id='word_1_783' title='bbox 3287 4781 3518 4874; x_wconf 85' lang='lat' dir='ltr'><strong>amplius</strong></span> 
     </span>
    </p>
   </div>
   <div class='ocr_carea' id='block_1_105' title="bbox 1947 4874 3514 4961">
    <p class='ocr_par' dir='ltr' id='par_1_105' title="bbox 1947 4874 3514 4961">
     <span class='ocr_line' id='line_1_105' title="bbox 1947 4874 3514 4961; baseline 0.017 -36"><span class='ocrx_word' id='word_1_784' title='bbox 1947 4887 2052 4926; x_wconf 89' lang='lat' dir='ltr'><strong>non</strong></span> <span class='ocrx_word' id='word_1_785' title='bbox 2078 4874 2331 4943; x_wconf 86' lang='lat' dir='ltr'><strong>patiatur.</strong></span> <span class='ocrx_word' id='word_1_786' title='bbox 2371 4877 2476 4932; x_wconf 86' lang='lat' dir='ltr'><strong>Sed</strong></span> <span class='ocrx_word' id='word_1_787' title='bbox 2507 4880 2630 4948; x_wconf 88' lang='lat' dir='ltr'><strong>quia</strong></span> <span class='ocrx_word' id='word_1_788' title='bbox 2663 4882 2715 4934; x_wconf 91' lang='lat' dir='ltr'><strong>in</strong></span> <span class='ocrx_word' id='word_1_789' title='bbox 2751 4883 2856 4938; x_wconf 89' lang='lat' dir='ltr'><strong>hoc</strong></span> <span class='ocrx_word' id='word_1_790' title='bbox 2893 4887 3091 4944; x_wconf 89' lang='lat' dir='ltr'><strong>mundo</strong></span> <span class='ocrx_word' id='word_1_791' title='bbox 3135 4905 3244 4946; x_wconf 88' lang='lat' dir='ltr'><strong>non</strong></span> <span class='ocrx_word' id='word_1_792' title='bbox 3287 4892 3514 4961; x_wconf 89' lang='lat' dir='ltr'><strong>invenit,</strong></span> 
     </span>
    </p>
   </div>
   <div class='ocr_carea' id='block_1_106' title="bbox 1948 4964 3516 5052">
    <p class='ocr_par' dir='ltr' id='par_1_106' title="bbox 1948 4964 3516 5052">
     <span class='ocr_line' id='line_1_106' title="bbox 1948 4964 3516 5052; baseline 0.017 -34"><span class='ocrx_word' id='word_1_793' title='bbox 1948 4964 2067 5020; x_wconf 88' lang='lat' dir='ltr'><strong>ideo</strong></span> <span class='ocrx_word' id='word_1_794' title='bbox 2089 4967 2334 5022; x_wconf 84' lang='lat' dir='ltr'><strong>subditur</strong></span> <span class='ocrx_word' id='word_1_795' title='bbox 2361 4988 2372 5023; x_wconf 93' lang='lat'>:</span> <span class='ocrx_word' id='word_1_796' title='bbox 2401 4969 2630 5036; x_wconf 72' lang='lat' dir='ltr'><strong>Quwsivi</strong></span> <span class='ocrx_word' id='word_1_797' title='bbox 2659 4991 2797 5042; x_wconf 88' lang='lat' dir='ltr'><strong>eum,</strong></span> <span class='ocrx_word' id='word_1_798' title='bbox 2821 4986 2868 5032; x_wconf 86' lang='lat' dir='ltr'><strong>et</strong></span> <span class='ocrx_word' id='word_1_799' title='bbox 2891 4996 2992 5034; x_wconf 87' lang='lat' dir='ltr'><strong>non</strong></span> <span class='ocrx_word' id='word_1_800' title='bbox 3014 4981 3205 5038; x_wconf 85' lang='lat' dir='ltr'><strong>inveni.</strong></span> <span class='ocrx_word' id='word_1_801' title='bbox 3228 4983 3364 5052; x_wconf 85' lang='lat' dir='ltr'><strong>Quia</strong></span> <span class='ocrx_word' id='word_1_802' title='bbox 3388 5003 3516 5044; x_wconf 88' lang='lat' dir='ltr'><strong>vero</strong></span> 
     </span>
    </p>
   </div>
   <div class='ocr_carea' id='block_1_107' title="bbox 1947 5057 3514 5146">
    <p class='ocr_par' dir='ltr' id='par_1_107' title="bbox 1947 5057 3514 5146">
     <span class='ocr_line' id='line_1_107' title="bbox 1947 5057 3514 5146; baseline 0.02 -38"><span class='ocrx_word' id='word_1_803' title='bbox 1947 5057 2184 5113; x_wconf 83' lang='lat' dir='ltr'><strong>maximo</strong></span> <span class='ocrx_word' id='word_1_804' title='bbox 2211 5059 2482 5118; x_wconf 89' lang='lat' dir='ltr'><strong>desiderio</strong></span> <span class='ocrx_word' id='word_1_805' title='bbox 2530 5078 2740 5128; x_wconf 59' lang='lat' dir='ltr'><strong>aestuat.</strong></span> <span class='ocrx_word' id='word_1_806' title='bbox 2767 5079 2819 5125; x_wconf 92' lang='lat' dir='ltr'><strong>et</strong></span> <span class='ocrx_word' id='word_1_807' title='bbox 2847 5073 3102 5145; x_wconf 90' lang='lat' dir='ltr'><strong>quidquid</strong></span> <span class='ocrx_word' id='word_1_808' title='bbox 3135 5086 3314 5146; x_wconf 90' lang='lat' dir='ltr'><strong>tenet,</strong></span> <span class='ocrx_word' id='word_1_809' title='bbox 3337 5081 3387 5136; x_wconf 90' lang='lat' dir='ltr'><strong>ei</strong></span> <span class='ocrx_word' id='word_1_810' title='bbox 3408 5098 3514 5138; x_wconf 91' lang='lat' dir='ltr'><strong>non</strong></span> 
     </span>
    </p>
   </div>
   <div class='ocr_carea' id='block_1_108' title="bbox 1947 5145 3514 5240">
    <p class='ocr_par' dir='ltr' id='par_1_108' title="bbox 1947 5145 3514 5240">
     <span class='ocr_line' id='line_1_108' title="bbox 1947 5145 3514 5240; baseline 0.021 -41"><span class='ocrx_word' id='word_1_811' title='bbox 1947 5145 2141 5202; x_wconf 83' lang='lat' dir='ltr'><strong>suﬁicit</strong></span> <span class='ocrx_word' id='word_1_812' title='bbox 2161 5190 2174 5216; x_wconf 96' lang='lat'><strong>,</strong></span> <span class='ocrx_word' id='word_1_813' title='bbox 2208 5150 2379 5208; x_wconf 89' lang='lat' dir='ltr'><strong>donec</strong></span> <span class='ocrx_word' id='word_1_814' title='bbox 2409 5154 2662 5212; x_wconf 88' lang='lat' dir='ltr'><strong>delictum</strong></span> <span class='ocrx_word' id='word_1_815' title='bbox 2685 5160 2925 5217; x_wconf 85' lang='lat' dir='ltr'><strong>inveniat</strong></span> <span class='ocrx_word' id='word_1_816' title='bbox 2961 5183 2974 5218; x_wconf 90' lang='lat'><strong>:</strong></span> <span class='ocrx_word' id='word_1_817' title='bbox 3009 5166 3128 5222; x_wconf 83' lang='lat' dir='ltr'><strong>uico</strong></span> <span class='ocrx_word' id='word_1_818' title='bbox 3159 5145 3514 5240; x_wconf 82' lang='lat' dir='ltr'><strong>perseveran-</strong></span> 
     </span>
    </p>
   </div>
   <div class='ocr_carea' id='block_1_109' title="bbox 1946 5240 3513 5329">
    <p class='ocr_par' dir='ltr' id='par_1_109' title="bbox 1946 5240 3513 5329">
     <span class='ocr_line' id='line_1_109' title="bbox 1946 5240 3513 5329; baseline 0.019 -37"><span class='ocrx_word' id='word_1_819' title='bbox 1946 5240 2076 5294; x_wconf 89' lang='lat' dir='ltr'><strong>tiam</strong></span> <span class='ocrx_word' id='word_1_820' title='bbox 2126 5243 2494 5312; x_wconf 90' lang='lat' dir='ltr'><strong>inquisitionis</strong></span> <span class='ocrx_word' id='word_1_821' title='bbox 2541 5249 2844 5326; x_wconf 86' lang='lat' dir='ltr'><strong>subjungit,</strong></span> <span class='ocrx_word' id='word_1_822' title='bbox 2893 5255 3142 5329; x_wconf 76' lang='lat' dir='ltr'><strong>Surgunt,</strong></span> <span class='ocrx_word' id='word_1_823' title='bbox 3185 5270 3237 5316; x_wconf 88' lang='lat' dir='ltr'><strong>et</strong></span> <span class='ocrx_word' id='word_1_824' title='bbox 3285 5265 3513 5323; x_wconf 86' lang='lat' dir='ltr'><strong>circuiba</strong></span> 
     </span>
    </p>
   </div>
   <div class='ocr_carea' id='block_1_110' title="bbox 1949 5333 3516 5429">
    <p class='ocr_par' dir='ltr' id='par_1_110' title="bbox 1949 5333 3516 5429">
     <span class='ocr_line' id='line_1_110' title="bbox 1949 5333 3516 5429; baseline 0.017 -43"><span class='ocrx_word' id='word_1_825' title='bbox 1949 5333 2223 5389; x_wconf 81' lang='lat' dir='ltr'><strong>civitatem.</strong></span> <span class='ocrx_word' id='word_1_826' title='bbox 2250 5335 2316 5391; x_wconf 87' lang='lat' dir='ltr'><strong>In</strong></span> <span class='ocrx_word' id='word_1_827' title='bbox 2355 5338 2561 5396; x_wconf 84' lang='lat' dir='ltr'><strong>lectulo.</strong></span> <span class='ocrx_word' id='word_1_828' title='bbox 2592 5343 2669 5398; x_wconf 82' lang='lat' dir='ltr'><strong>Ex</strong></span> <span class='ocrx_word' id='word_1_829' title='bbox 2706 5361 2812 5416; x_wconf 92' lang='lat' dir='ltr'><strong>quo</strong></span> <span class='ocrx_word' id='word_1_830' title='bbox 2840 5346 3009 5403; x_wconf 84' lang='lat' dir='ltr'><strong>Adam</strong></span> <span class='ocrx_word' id='word_1_831' title='bbox 3037 5355 3310 5421; x_wconf 86' lang='lat' dir='ltr'><strong>peccavit,</strong></span> <span class='ocrx_word' id='word_1_832' title='bbox 3350 5359 3516 5429; x_wconf 66' lang='lat' dir='ltr'><strong>coepit</strong></span> 
     </span>
    </p>
   </div>
   <div class='ocr_carea' id='block_1_111' title="bbox 1951 5424 3515 5506">
    <p class='ocr_par' dir='ltr' id='par_1_111' title="bbox 1951 5424 3515 5506">
     <span class='ocr_line' id='line_1_111' title="bbox 1951 5424 3515 5506; baseline 0.019 -29"><span class='ocrx_word' id='word_1_833' title='bbox 1951 5424 2112 5479; x_wconf 89' lang='lat' dir='ltr'><strong>homo</strong></span> <span class='ocrx_word' id='word_1_834' title='bbox 2140 5426 2193 5479; x_wconf 92' lang='lat' dir='ltr'><strong>in</strong></span> <span class='ocrx_word' id='word_1_835' title='bbox 2233 5431 2464 5486; x_wconf 84' lang='lat' dir='ltr'><strong>terrenis</strong></span> <span class='ocrx_word' id='word_1_836' title='bbox 2487 5435 2765 5504; x_wconf 89' lang='lat' dir='ltr'><strong>quiescere</strong></span> <span class='ocrx_word' id='word_1_837' title='bbox 2785 5479 2799 5504; x_wconf 94' lang='lat'><strong>,</strong></span> <span class='ocrx_word' id='word_1_838' title='bbox 2833 5447 2887 5495; x_wconf 91' lang='lat' dir='ltr'><strong>et</strong></span> <span class='ocrx_word' id='word_1_839' title='bbox 2920 5448 3096 5498; x_wconf 91' lang='lat' dir='ltr'><strong>tamen</strong></span> <span class='ocrx_word' id='word_1_840' title='bbox 3144 5447 3278 5503; x_wconf 90' lang='lat' dir='ltr'><strong>duce</strong></span> <span class='ocrx_word' id='word_1_841' title='bbox 3307 5424 3515 5506; x_wconf 77' lang='lat' dir='ltr'><strong>ratione</strong></span> 
     </span>
    </p>
   </div>
   <div class='ocr_carea' id='block_1_112' title="bbox 1950 5519 3510 5622">
    <p class='ocr_par' dir='ltr' id='par_1_112' title="bbox 1950 5519 3510 5622">
     <span class='ocr_line' id='line_1_112' title="bbox 1950 5519 3510 5622; baseline 0.018 -52"><span class='ocrx_word' id='word_1_842' title='bbox 1950 5519 2104 5587; x_wconf 90' lang='lat' dir='ltr'><strong>quasi</strong></span> <span class='ocrx_word' id='word_1_843' title='bbox 2132 5536 2229 5592; x_wconf 87' lang='lat' dir='ltr'><strong>per</strong></span> <span class='ocrx_word' id='word_1_844' title='bbox 2253 5526 2520 5580; x_wconf 88' lang='lat' dir='ltr'><strong>somnium</strong></span> <span class='ocrx_word' id='word_1_845' title='bbox 2547 5543 2728 5582; x_wconf 87' lang='lat' dir='ltr'><strong>veram</strong></span> <span class='ocrx_word' id='word_1_846' title='bbox 2765 5529 3146 5591; x_wconf 85' lang='lat' dir='ltr'><strong>beatitudinem</strong></span> <span class='ocrx_word' id='word_1_847' title='bbox 3177 5537 3510 5622; x_wconf 76' lang='lat' dir='ltr'><strong>intelligens,</strong></span> 
     </span>
    </p>
   </div>
   <div class='ocr_carea' id='block_1_113' title="bbox 1945 5611 3511 5703">
    <p class='ocr_par' dir='ltr' id='par_1_113' title="bbox 1945 5611 3511 5703">
     <span class='ocr_line' id='line_1_113' title="bbox 1945 5611 3511 5703; baseline 0.016 -39"><span class='ocrx_word' id='word_1_848' title='bbox 1945 5611 2117 5682; x_wconf 85' lang='lat' dir='ltr'><strong>ipsam</strong></span> <span class='ocrx_word' id='word_1_849' title='bbox 2151 5615 2204 5668; x_wconf 89' lang='lat' dir='ltr'><strong>in</strong></span> <span class='ocrx_word' id='word_1_850' title='bbox 2235 5619 2461 5673; x_wconf 88' lang='lat' dir='ltr'><strong>terrenis</strong></span> <span class='ocrx_word' id='word_1_851' title='bbox 2491 5622 2715 5688; x_wconf 87' lang='lat' dir='ltr'><strong>putabat</strong></span> <span class='ocrx_word' id='word_1_852' title='bbox 2743 5624 3063 5681; x_wconf 88' lang='lat' dir='ltr'><strong>consistere.</strong></span> <span class='ocrx_word' id='word_1_853' title='bbox 3094 5611 3368 5703; x_wconf 43' lang='lat' dir='ltr'><strong>(Hmnosi)</strong></span> <span class='ocrx_word' id='word_1_854' title='bbox 3400 5611 3511 5688; x_wconf 54' lang='grc' dir='ltr'><strong>Μοέ</strong></span> 
     </span>
    </p>
   </div>
   <div class='ocr_carea' id='block_1_114' title="bbox 1946 5704 3510 5792">
    <p class='ocr_par' dir='ltr' id='par_1_114' title="bbox 1946 5704 3510 5792">
     <span class='ocr_line' id='line_1_114' title="bbox 1946 5704 3510 5792; baseline 0.016 -35"><span class='ocrx_word' id='word_1_855' title='bbox 1946 5704 2148 5760; x_wconf 86' lang='lat' dir='ltr'><strong>raliter.</strong></span> <span class='ocrx_word' id='word_1_856' title='bbox 2197 5709 2252 5764; x_wconf 92' lang='lat' dir='ltr'><strong>In</strong></span> <span class='ocrx_word' id='word_1_857' title='bbox 2300 5709 2495 5766; x_wconf 90' lang='lat' dir='ltr'><strong>lectulo</strong></span> <span class='ocrx_word' id='word_1_858' title='bbox 2532 5714 2709 5768; x_wconf 88' lang='lat' dir='ltr'><strong>anima</strong></span> <span class='ocrx_word' id='word_1_859' title='bbox 2739 5714 2905 5770; x_wconf 90' lang='lat' dir='ltr'><strong>Deum</strong></span> <span class='ocrx_word' id='word_1_860' title='bbox 2945 5719 3169 5788; x_wconf 65' lang='lat' dir='ltr'><strong>quaerit,</strong></span> <span class='ocrx_word' id='word_1_861' title='bbox 3205 5725 3417 5792; x_wconf 89' lang='lat' dir='ltr'><strong>quando</strong></span> <span class='ocrx_word' id='word_1_862' title='bbox 3459 5728 3510 5782; x_wconf 89' lang='lat' dir='ltr'><strong>in</strong></span> 
     </span>
    </p>
   </div>
   <div class='ocr_carea' id='block_1_115' title="bbox 1945 5801 3512 5880">
    <p class='ocr_par' dir='ltr' id='par_1_115' title="bbox 1945 5801 3512 5880">
     <span class='ocr_line' id='line_1_115' title="bbox 1945 5801 3512 5880; baseline 0.015 -29"><span class='ocrx_word' id='word_1_863' title='bbox 1945 5812 2046 5852; x_wconf 84' lang='lat' dir='ltr'><strong>suo</strong></span> <span class='ocrx_word' id='word_1_864' title='bbox 2071 5801 2180 5856; x_wconf 91' lang='lat' dir='ltr'><strong>otio</strong></span> <span class='ocrx_word' id='word_1_865' title='bbox 2204 5804 2417 5871; x_wconf 86' lang='lat' dir='ltr'><strong>quidem</strong></span> <span class='ocrx_word' id='word_1_866' title='bbox 2451 5806 2652 5875; x_wconf 89' lang='lat' dir='ltr'><strong>appetit</strong></span> <span class='ocrx_word' id='word_1_867' title='bbox 2680 5805 2849 5864; x_wconf 92' lang='lat' dir='ltr'><strong>Deum</strong></span> <span class='ocrx_word' id='word_1_868' title='bbox 2873 5809 3086 5880; x_wconf 91' lang='lat' dir='ltr'><strong>videre,</strong></span> <span class='ocrx_word' id='word_1_869' title='bbox 3116 5824 3169 5870; x_wconf 90' lang='lat' dir='ltr'><strong>et</strong></span> <span class='ocrx_word' id='word_1_870' title='bbox 3199 5816 3266 5872; x_wconf 88' lang='lat' dir='ltr'><strong>ad</strong></span> <span class='ocrx_word' id='word_1_871' title='bbox 3299 5833 3421 5874; x_wconf 89' lang='lat' dir='ltr'><strong>eum</strong></span> <span class='ocrx_word' id='word_1_872' title='bbox 3447 5821 3512 5877; x_wconf 90' lang='lat' dir='ltr'><strong>dc</strong></span> 
     </span>
    </p>
   </div>
   <div class='ocr_carea' id='block_1_116' title="bbox 1945 5897 3513 5974">
    <p class='ocr_par' dir='ltr' id='par_1_116' title="bbox 1945 5897 3513 5974">
     <span class='ocr_line' id='line_1_116' title="bbox 1945 5897 3513 5974; baseline 0.015 -24"><span class='ocrx_word' id='word_1_873' title='bbox 1945 5907 2164 5952; x_wconf 87' lang='lat' dir='ltr'><strong>carcere</strong></span> <span class='ocrx_word' id='word_1_874' title='bbox 2187 5898 2369 5953; x_wconf 88' lang='lat' dir='ltr'><strong>carnis</strong></span> <span class='ocrx_word' id='word_1_875' title='bbox 2397 5897 2546 5954; x_wconf 81' lang='lat' dir='ltr'><strong>exire</strong></span> <span class='ocrx_word' id='word_1_876' title='bbox 2573 5901 2869 5971; x_wconf 74' lang='lat' dir='ltr'><strong>desiderat,</strong></span> <span class='ocrx_word' id='word_1_877' title='bbox 2899 5903 2994 5963; x_wconf 85' lang='lat' dir='ltr'><strong>sed</strong></span> <span class='ocrx_word' id='word_1_878' title='bbox 3018 5923 3127 5966; x_wconf 89' lang='lat' dir='ltr'><strong>non</strong></span> <span class='ocrx_word' id='word_1_879' title='bbox 3155 5913 3466 5970; x_wconf 80' lang='lat' dir='ltr'><strong>conceditur</strong></span> <span class='ocrx_word' id='word_1_880' title='bbox 3495 5933 3513 5974; x_wconf 85' lang='lat'><strong>:</strong></span> 
     </span>
    </p>
   </div>
  </div>
