4028 6332
607 413 744 473 11ιὸ
768 449 775 457 ο

1067 409 1457 466 WALAFRID!
1496 410 1743 467 STRABI
1778 410 1983 467 FULD.
2026 409 2190 467 MOE.
2232 410 2382 467 OPP.
2426 411 2603 466 PARS
2640 410 2680 467 I.
2719 439 2787 450 -ο
2827 408 3277 467 THEOLOGICA.

3651 416 3751 476 ωι

605 538 661 584 et
688 524 973 583 abscondit
1012 538 1072 581 se
1099 539 1361 594 sponsus,
1411 533 1467 578 ut
1508 541 1615 578 non
1650 525 1934 591 inventus,
1979 526 2173 581 arden-
2204 526 2255 586 Α
2278 500 2643 599 promotioues
2687 526 2759 580 sit
2802 525 3173 596 multiplicata.
3225 523 3349 591 Qua:
3381 536 3449 581 est
3490 528 3750 593 istailudzei

608 620 718 674 tius
739 626 1031 689 quaeratur.
1060 612 1125 670 Et
1146 631 1249 669 non
1276 616 1468 670 inveni.
1499 614 1714 689 (Gaza)
1738 615 1879 693 Quia
1895 616 2028 672 mihi
2049 633 2180 688 gen-

611 713 793 770 tilitati
849 726 959 767 non
1004 709 1257 782 angelus,
1310 724 1416 764 non
1464 709 1756 780 propheta,
1804 725 1911 765 non
1958 710 2183 780 quilibet

609 813 800 861 doctor
824 804 881 859 in
906 802 1085 859 dubiis
1119 801 1299 858 lumen
1333 802 1527 858 divinae
1554 802 1877 873 cognitionis
1911 802 2178 868 ostendit,

565 903 569 906 ’
609 893 731 950 ideo
760 908 866 948 non
910 893 1091 947 inveni
1113 933 1127 958 ,
1160 893 1302 962 quod
1348 893 1438 948 ubi
1481 893 1748 962 comperi,
1784 893 1925 963 quod
1959 893 2012 947 in
2044 892 2183 949 lecto

609 1001 716 1042 non
739 994 923 1059 posset
950 986 1176 1041 inveniri
1199 1027 1217 1053 ,
1240 986 1492 1056 proposui
1522 985 1575 1040 in
1602 987 1785 1041 animo
1810 1001 1930 1042 meo
1949 987 2015 1041 de
2042 987 2183 1042 lecto

609 1076 909 1134 carnalium
958 1066 1285 1148 voluptatum
1343 1092 1671 1149 exsurgere,
1718 1086 1773 1131 et
1828 1076 1894 1131 ad
1944 1077 2183 1132 laborem

609 1166 898 1224 salutiferae
926 1167 1292 1237 inquisitionis
1320 1168 1547 1238 accingi,
1580 1177 1636 1224 et
1670 1175 1813 1222 terra
1843 1176 1896 1223 et
1926 1167 2065 1222 mari
2087 1183 2184 1237 pu-

608 1256 749 1317 blice
778 1267 833 1317 et
855 1260 1109 1332 privatim
1149 1261 1524 1316 universorum
1542 1300 1558 1326 ,
1584 1276 1720 1331 quos
1745 1263 2012 1333 sapientes
2037 1262 2185 1317 audi-

610 1369 763 1418 rem,
800 1353 1109 1425 magisteria
1160 1353 1328 1409 adire.
1375 1351 1519 1420 Vici,
1549 1362 1673 1409 sunt
1702 1353 2011 1424 spirituales
2044 1353 2182 1420 viri,

610 1446 703 1516 qui
726 1445 855 1500 dum
885 1446 953 1500 ad
975 1445 1218 1501 coelestia
1255 1444 1591 1515 gradiuntur,
1622 1454 1904 1517 angustam
1934 1444 2074 1499 viam
2107 1453 2185 1498 te-

609 1545 758 1592 nent.
797 1534 1030 1602 Platere,
1060 1536 1114 1591 id
1143 1543 1255 1599 est,
1289 1537 1606 1601 saeculares,
1651 1536 1742 1606 qui
1773 1535 1968 1590 inultas
1996 1534 2183 1603 volup-

614 1640 750 1687 tates
774 1640 1093 1702 sequuntur,
1140 1638 1196 1686 et
1243 1629 1351 1686 alta
1376 1631 1464 1685 via
1511 1631 1784 1686 incedunt.
1829 1629 2028 1685 Omnes
2054 1644 2185 1700 ergo

610 1725 858 1780 circumit
879 1765 894 1790 ,
925 1724 1051 1795 quia
1089 1738 1278 1779 omnes
1303 1735 1543 1789 sanctos,
1566 1724 1655 1792 qui
1686 1731 1811 1777 sunt
1832 1721 1913 1776 vel
1944 1720 2181 1786 fuerunt,

608 1826 791 1872 mente
810 1817 1074 1887 conspicit
1118 1824 1174 1872 et
1216 1816 1498 1871 imitatur:
1531 1815 1694 1870 etiam
1740 1814 1793 1869 in
1838 1813 2186 1869 szecularibus

611 1907 900 1978 aliquando
949 1907 1192 1974 invenit,
1241 1908 1385 1976 quod
1433 1907 1613 1962 valeat
1661 1906 1730 1961 ad
1781 1905 2186 1975 inquisitionem

610 2000 792 2071 sponsi
820 2018 834 2053 :
867 2001 960 2055 sed
984 2009 1265 2071 postquam
1308 2000 1549 2056 laborem
1579 1998 1907 2070 geminatum
1957 1996 2187 2067 inquisi-

612 2088 776 2146 tionis
798 2090 1054 2157 ostendit,
1084 2093 1282 2147 iterum
1312 2089 1682 2146 dilllcultatem
1707 2089 2034 2144 inventionis
2058 2088 2186 2144 sub-

612 2179 691 2257 dit
720 2194 734 2233 :
765 2178 1024 2246 Quwsivi,
1057 2188 1105 2234 et
1135 2197 1239 2234 non
1263 2180 1435 2234 inveni
1459 2195 1478 2234 :
1504 2180 1597 2234 sed
1626 2179 1751 2233 dum
1779 2179 1971 2248 quaerit
1999 2186 2186 2233 etnon

612 2272 857 2337 invenit,
884 2272 996 2342 ipsa
1033 2280 1087 2326 et
1128 2272 1392 2342 quaeritur
1425 2279 1480 2326 et
1522 2271 1793 2327 invenitur
1826 2289 1839 2325 :
1874 2271 2025 2327 Unde
2053 2270 2188 2325 dici-

613 2375 703 2422 tur
731 2385 744 2421 :
777 2365 1091 2422 Invenerunt
1128 2383 1210 2420 me
1232 2365 1430 2438 vigiles.
1460 2366 1707 2433 Qutesivi.
1738 2365 1976 2421 Plurimo
2002 2363 2186 2418 labore

614 2458 815 2513 mundo
862 2466 1169 2529 peragrato,
1201 2458 1525 2528 sapientium
1572 2458 1751 2514 verbis
1799 2452 2077 2520 discussis,
2113 2453 2188 2509 nil

615 2559 822 2606 certum
847 2551 916 2606 de
950 2552 1034 2605 via
1064 2551 1309 2607 veritatis
1333 2550 1612 2607 addiscere
1638 2550 1809 2620 potui.

686 2642 848 2698 Vnus.
881 2641 936 2697 5.
956 2672 1025 2683 -—
1048 2641 1365 2697 Invenerunt
1407 2659 1506 2697 me.
1550 2641 1682 2697 Cum
1712 2641 1792 2696 sic
1834 2640 2189 2711 inquirerem,

614 2731 874 2787 Dominus
912 2731 1055 2785 hanc
1084 2730 1396 2787 instantiam
1438 2729 1800 2800 inquisitionis
1827 2728 2037 2793 videns,
2068 2737 2191 2781 tan-

617 2822 739 2878 dem
766 2837 826 2877 se
851 2822 1202 2877 manifestare
1229 2822 1479 2892 dignatus
1501 2830 1587 2876 est
1611 2829 1665 2874 et
1691 2820 1779 2874 cui
1810 2819 2189 2889 inspiraverat,

618 2921 680 2968 ut
700 2923 967 2984 quaereret
987 2955 1002 2979 ,
1030 2915 1287 2983 quaerenti
1318 2912 1536 2968 donavit
1563 2920 1623 2967 ut
1655 2912 1942 2968 inveniret.

695 3001 837 3056 Num
868 3020 1020 3073 quem
1043 3002 1234 3073 diligit.
1268 3001 1484 3075 (Gutta)
1505 3002 1614 3057 Illis
1644 3001 1952 3058 volentibus
1976 3003 2189 3069 docere,

622 3095 725 3151 ista
764 3094 1000 3166 ﬂagrans
1045 3096 1215 3150 nimio
1262 3111 1446 3151 amore
1487 3095 1637 3166 prior
1682 3095 1997 3165 alloquitur,
2049 3094 2194 3150 Num

619 3203 771 3258 quem
814 3185 1006 3259 diligit.
1042 3186 1281 3243 Ecclesia
1325 3186 1626 3257 interrogat
1662 3186 1880 3255 vigiles,
1908 3201 2029 3241 cum
2058 3200 2196 3256 pra:-

621 3277 944 3335 dicationem
978 3281 1181 3335 intente
1203 3279 1458 3349 suscipit,
1490 3288 1543 3334 et
1572 3278 1627 3333 in
1662 3293 1727 3333 ea
1763 3278 2031 3334 bonorum
2059 3293 2193 3348 ope-

621 3386 742 3426 rum
774 3371 1105 3427 exhibitione
1138 3370 1447 3427 fructificat.

694 3465 858 3519 Vsus.
882 3464 933 3517 4.
958 3494 1029 3504 -
1050 3462 1182 3518 Cum
1203 3464 1619 3534 pertransissem.
1639 3463 1761 3536 (Ιυ.)
1786 3462 1996 3521 Per'eos
2024 3473 2196 3520 trans-

624 3556 699 3622 it,
729 3556 855 3626 quia
882 3555 934 3610 in
963 3555 1095 3625 ipsis
1134 3554 1279 3610 videt
1308 3553 1537 3611 formam
1579 3554 1724 3624 ejus,
1772 3570 1933 3624 quem
1964 3557 2191 3626 quaerit;

625 3656 680 3705 et
702 3657 878 3704 tamen
907 3650 1132 3714 transit,
1171 3649 1298 3719 quia
1344 3648 1510 3703 Deum
1530 3689 1544 3711 ,
1574 3649 1665 3717 qui
1691 3657 1774 3704 est
1810 3648 1948 3704 ultra
1967 3689 1980 3713 ,
2012 3648 2198 3720 incipit

627 3741 826 3796 imitari
856 3749 912 3795 et
940 3741 1157 3796 intueri.
1190 3739 1412 3795 Transit
1439 3739 1631 3795 Petrus
1661 3740 1883 3812 vigiles,
1913 3742 2040 3795 dum
2064 3756 2198 3797 cou-

627 3831 818 3885 temnit
871 3831 1187 3899 prophetas,
1235 3840 1291 3885 et
1335 3830 1562 3885 Domino
1606 3832 1987 3901 prophetarum
2032 3832 2195 3887 dicit:

607 3913 710 3972 'Tu
742 3936 795 3973 es
829 3917 1097 3981 Christus,
1126 3916 1301 3974 Filius
1342 3920 1438 3975 Dei
1466 3921 1568 3975 vivi
1608 3920 1823 3994 (Matth.
1854 3920 1988 3992 xvi).
2024 3920 2199 3977 Donec

630 4007 958 4089 introducam
983 4006 1164 4071 illum,
1194 4016 1301 4063 etc.
1331 4009 1511 4063 Donec
1540 4009 1594 4064 in
1642 4011 1747 4065 line
1794 4011 1980 4066 mundi
2025 4009 2200 4083 Syna-

632 4114 820 4170 gogam
843 4139 857 4163 ,
889 4112 985 4167 per
1023 4114 1183 4168 quam
1211 4100 1451 4155 auditum
1494 4102 1598 4154 fide
1650 4103 1891 4172 suscepi,
1922 4110 1976 4157 et
2003 4111 2204 4174 myste-

633 4191 773 4244 rium
805 4189 1230 4260 regenerationis
1250 4191 1316 4246 ad
1338 4189 1497 4246 ﬁdem
1519 4191 1635 4262 ejus
1658 4208 1911 4249 revocare
1937 4202 2199 4265 satagam.

634 4280 870 4336 Ecclesia
900 4279 1119 4350 gentilis
1150 4281 1202 4335 in
1230 4278 1334 4336 ﬁne
1364 4283 1643 4338 revocabit
1681 4282 2021 4356 Synagogam
2040 4325 2056 4355 ,
2085 4301 2207 4356 quae

632 4374 783 4443 prius
810 4381 1099 4429 vocaverat
1122 4372 1264 4427 illam
1285 4388 1383 4444 per
1405 4375 1696 4445 apostolos.

709 4462 869 4519 Vens.
922 4464 976 4519 5.
1005 4494 1076 4504 —
1100 4463 1302 4534 Adjuro
1330 4482 1436 4519 vos.
1468 4464 1715 4521 Christus
1745 4464 1967 4523 audiens
2008 4482 2067 4523 se
2111 4484 2208 4539 per

2285 617 2557 683 conversi,
2591 618 2834 673 videntes
2856 618 3020 674 etiam
3046 627 3235 691 gentes
3254 621 3476 675 converti
3511 629 3558 676 et
3582 623 3627 677 in
3647 640 3753 682 amo-

2284 723 2400 762 rem
2428 709 2610 777 sponsi
2639 708 2847 780 pariter
2873 708 3075 780 recipi;
3101 723 3210 764 non
3230 725 3295 764 ex
3316 710 3526 775 invidia,
3550 714 3751 785 sedquasi

2285 798 2644 863 admirantes,
2673 807 2731 854 et
2755 800 2822 855 de
2852 801 3109 855 societate
3146 799 3370 855 fratrum
3402 804 3751 874 congaudentcs,

2283 891 2566 963 inquirunt
2605 893 2653 949 si
2688 892 2834 950 salus
2855 894 2927 948 sit
2948 893 3213 965 promissa
3236 895 3470 966 gentibus
3494 911 3508 951 :
3528 898 3644 967 quod
3659 902 3753 955 mul-

2287 993 2398 1041 tum
2430 985 2608 1041 fuerat
2631 985 2871 1041 dubium.
2904 984 3033 1052 Quae
3065 987 3316 1041 ascendit.
3347 987 3527 1043 Eodem
3553 997 3753 1060 tempore.

2284 1083 2339 1129 et
2383 1076 2610 1141 dormit,
2632 1091 2778 1131 ecum
2823 1090 2853 1129 a
2902 1075 3210 1130 carnalibus
3237 1074 3503 1131 desideriis
3534 1093 3584 1132 se
3614 1079 3754 1136 alienat

2286 1165 2570 1231 Ecclesiae,
2600 1174 2656 1221 et
2685 1165 2840 1221 bonis
2882 1164 3136 1236 operibus
3164 1165 3231 1243 ad
3257 1165 3502 1220 visionem
3523 1167 3593 1220 sui
3620 1171 3753 1224 condi-

2285 1257 2418 1313 toris
2447 1259 2745 1329 appropiat.
2796 1258 2898 1312 Per
2932 1258 3214 1312 desertum.
3261 1257 3317 1312 1d
3361 1264 3439 1312 est
3474 1273 3559 1328 per
3585 1260 3753 1316 medium

2286 1349 2557 1422 gentium,
2582 1364 2701 1420 quae
2743 1349 2889 1404 nulla
2933 1357 3093 1405 erant
3116 1349 3373 1403 virtutum
3395 1348 3539 1420 fruge
3556 1347 3753 1417 fecunda,

2285 1460 2421 1516 quas
2466 1444 2642 1500 nullus
2686 1444 2977 1515 propheta,
3008 1442 3091 1496 vel
3134 1440 3356 1513 angelus
3398 1441 3461 1496 ad
3496 1442 3661 1497 cultum
3694 1443 3755 1500 Dei

2289 1537 2638 1602 instituerat,
2667 1537 2751 1592 vel
2784 1553 2798 1590 :
2832 1534 2937 1590 Per
2977 1535 3238 1590 desertum
3280 1534 3406 1588 sicut
3432 1533 3603 1605 virgula
3638 1536 3754 1605 fumi,

2286 1629 2409 1699 quia
2424 1645 2457 1685 a
2470 1628 2651 1683 mundi
2675 1627 2940 1683 illecebris
2954 1636 3223 1699 separata,
3246 1625 3536 1683 caelestibus
3553 1631 3755 1699 praeceptis

2286 1727 2371 1774 est
2392 1719 2586 1775 dedita.
2608 1718 2809 1777 Fumus
2827 1719 3016 1774 eodem
3040 1726 3281 1787 tempore
3302 1717 3486 1787 partim
3507 1718 3661 1783 oritur,
3677 1737 3755 1790 par-

2291 1810 2421 1875 tim,
2463 1810 2553 1880 qui
2578 1810 2727 1879 prius
2754 1820 2907 1866 ortus
2944 1807 3149 1873 fuerat,
3181 1808 3318 1864 solet
3339 1811 3389 1866 in
3433 1809 3747 1865 sublimioribus
3794 1868 3801 1877 _

2218 1884 2265 1944 Β
2292 1901 2567 1980 disparere
2599 1918 2612 1955 :
2644 1902 2723 1957 sic
2753 1900 2990 1957 Ecclesia
3010 1941 3025 1967 ,
3050 1900 3103 1954 in
3127 1900 3437 1970 quibusdam
3460 1901 3559 1957 suis
3576 1902 3756 1955 membris

2291 2008 2507 2064 semper
2551 1995 2786 2065 gignitur
2839 2009 3006 2058 nova,
3060 1995 3115 2048 in
3176 1994 3515 2063 quibusdam,
3553 1994 3628 2064 qui
3658 1994 3758 2063 prius

2288 2095 2401 2139 nati
2427 2084 2672 2149 iuuerunt,
2705 2100 2921 2156 semper
2952 2085 3224 2156 colligitur
3257 2087 3323 2143 ad
3348 2085 3585 2143 coelestia.
3622 2083 3759 2138 Fumus

2289 2192 2355 2232 ex
2386 2178 2509 2248 igne
2533 2185 2691 2233 natus
2736 2177 2805 2232 ad
2850 2176 2956 2231 alta
2986 2178 3353 2233 conscendens
3380 2176 3607 2247 paulatim
3627 2191 3671 2230 se
3690 2174 3756 2228 hu-

2289 2268 2464 2323 manis
2502 2268 2769 2324 subtrahit
2788 2269 3096 2338 aspectibus
3123 2288 3135 2323 :
3166 2268 3247 2324 sic
3273 2268 3497 2324 Ecclesia
3522 2268 3622 2338 igne
3640 2264 3756 2320 sancti

2290 2358 2454 2415 solius
2480 2358 2715 2429 Spiritus
2738 2360 2791 2415 in
2811 2374 3049 2415 amorem
3071 2359 3169 2416 Dei
3193 2375 3417 2416 accensa
3436 2360 3677 2415 ascendere
3689 2372 3758 2411 non

2290 2450 2518 2514 desinit,
2564 2448 2736 2505 donec
2791 2466 2824 2505 a
2880 2451 3112 2506 terrenis
3140 2452 3407 2507 abstracta
3452 2452 3514 2507 ad
3552 2450 3757 2507 invisibilia

2291 2543 2414 2598 coeli
2457 2545 2714 2613 rapiatur.
2748 2541 2833 2598 Ea:
2870 2522 3218 2600 arbmatibus.
3264 2545 3394 2601 Nota
3436 2544 3559 2615 quod
3590 2550 3757 2598 aromata

2292 2647 2749 2701 commemorans,
2800 2635 2976 2707 primo
3020 2637 3321 2706 myrrham,
3369 2633 3543 2690 deinde
3582 2632 3696 2695 tius,
3724 2638 3758 2685 et

2291 2737 2479 2797 postea
2504 2729 2733 2783 universi
2753 2727 2979 2799 pulveris
3000 2727 3333 2799 pigmentarii
3352 2726 3493 2799 ponit
3508 2765 3524 2793 ,
3541 2724 3642 2795 quia
3661 2723 3758 2793 prius

2294 2825 2377 2872 est
2404 2817 2733 2874 mortiﬁeare
2777 2817 3274 2887 concupiscentiam
3313 2817 3512 2882 carnis,
3536 2823 3681 2887 postea
3705 2809 3757 2865 ol-

2293 2905 2408 2963 iere
2435 2905 2546 2961 Deo
2574 2905 2857 2976 placabilia
2908 2914 3033 2960 vota
3058 2905 3264 2971 cordis,
3301 2912 3357 2960 et
3393 2905 3468 2961 sic
3487 2898 3757 2976 cumhumili-

2294 3007 2409 3056 tate
2437 3014 2682 3055 crescere
2730 2999 2787 3055 in
2831 2999 2979 3055 omni
3016 2999 3284 3054 virtutum
3310 3012 3508 3071 genere.
3547 2993 3755 3065 Pignatta.

2294 3092 2353 3151 In
2397 3094 2674 3166 pulverem
2721 3092 2942 3149 redacta
2985 3091 3169 3147 valent
3212 3092 3279 3147 ad
3322 3088 3658 3146 coniectionem
3682 3082 3757 3135 :sic

2296 3187 2524 3241 virtutes
2552 3201 2674 3241 cum
2721 3200 2827 3241 non
2862 3182 3130 3239 extollunt
3173 3184 3433 3263 animum,
3477 3178 3558 3236 sed
3595 3175 3707 3247 quasi
3726 3174 3758 3226 in

2298 3276 2575 3348 pulverem
2597 3318 2612 3343 ,
2646 3278 2984 3349 reputatione
3012 3278 3256 3348 agentis,
3286 3276 3591 3346 rediguntur,
3616 3270 3666 3324 ad
3682 3282 3759 3339 per-

2296 3367 2585 3424 fectionem
2631 3368 2948 3438 perducunt.
2984 3366 3398 3440 I’igmentarius,
3440 3365 3516 3420 vel
3548 3365 3674 3418 homo
3693 3358 3753 3428 qui

2298 3475 2513 3530 operam
2529 3460 2621 3515 dat
2634 3459 2922 3514 virtutibus
2941 3478 2953 3514 :
2976 3459 3059 3515 vel
3078 3459 3241 3521 Deus,
3256 3458 3343 3530 qui
3361 3453 3749 3523 virtuteslargitur.

2367 3550 2753 3609 Vsus.7.—En
2768 3549 3033 3607 lectulum.
3048 3550 3224 3606 Priori
3238 3551 3404 3605 amice
3418 3548 3603 3603 miranti
3616 3555 3761 3611 respon-

2298 3644 2389 3698 det
2403 3645 2672 3716 gentilitas
2693 3645 3074 3708 determinans,
3090 3662 3202 3716 quo
3221 3643 3602 3714 ascendat,quia
3618 3637 3758 3695 scilicet

2300 3740 2368 3792 ad
2387 3737 2654 3801 lectulum,
2681 3746 2738 3794 et
2757 3752 2852 3809 per
2870 3739 3000 3809 quid
3021 3742 3300 3806 ascendat,
3319 3739 3439 3810 quia
3456 3737 3629 3793 scilicet
3644 3729 3759 3786 media

2300 3832 2502 3903 fercula
2546 3841 2673 3888 sunt
2726 3834 2993 3890 charitate
3021 3845 3324 3900 constrata,
3370 3843 3421 3891 et
3459 3831 3620 3904 probat
3653 3840 3695 3881 se
3727 3823 3760 3875 in

2301 3926 2544 3981 eamdem
2574 3927 2754 3997 sponsi
2780 3927 3119 3984 dilectionem
3148 3930 3460 3992 accessisse,
3487 3927 3536 3982 in
3565 3937 3647 3993 qua
3665 3916 3762 3988 ιπίθτ

2301 4025 2427 4073 est:
2459 4018 2582 4088 quia
2612 4018 2861 4075 similiter
2904 4020 3066 4074 habet
3099 4021 3386 4092 nuptialem
3425 4012 3759 4090 apparattht

2301 4107 2690 4178 praedicatores
2708 4109 2904 4173 habet,
2928 4125 3066 4180 quos
3084 4110 3229 4168 Deus
3262 4112 3329 4167 ad
3358 4126 3457 4167 nos
3472 4123 3563 4164 nou
3583 4101 3759 4160 misisse!»

2303 4197 2409 4252 nisi
2453 4212 2549 4253 eos
2591 4198 2969 4271 praeelegisset.
3023 4200 3108 4256 En
3145 4201 3405 4257 lectulum.
3451 4193 3657 4254 Lectulus
3689 4182 3760 4240 veri

2304 4289 2544 4359 paciﬁci,
2576 4299 2778 4345 aeterna
2812 4291 3120 4359 beatitudo,
3151 4294 3207 4349 in
3246 4309 3347 4364 qua
3377 4306 3465 4347 rex
3487 4301 3590 4344 cum
3626 4275 3761 4337 sanctis

2305 4378 2566 4448 quiescit,
2613 4379 2683 4435 ad
2724 4394 2884 4449 quem
2929 4382 3171 4439 Ecclesia
3210 4399 3305 4455 per
3348 4383 3590 4439 desertum
3627 4367 3758 4455 Ρθτίίίίῗ

2308 4470 2547 4542 quotidie
2590 4472 2868 4542 pervenit,
2912 4475 3127 4530 tandem
3160 4452 3391 4546 perfecte
3428 4467 3672 4544 perveniet.
3702 4452 3761 4512 νά

635 4556 734 4610 hos
767 4554 1243 4651 introducendum,
1280 4555 1501 4651 adiurat
1546 4572 1614 4613 ne
1659 4557 1709 4611 ei
1752 4566 1947 4627 parent
1986 4559 2209 4630 impedi-
2234 4591 2286 4651 Β
2311 4564 2474 4619 etiam
2522 4564 2753 4621 lectulus
2780 4564 2877 4622 Dei
2928 4575 3010 4622 est
3057 4567 3111 4622 in
3161 4562 3407 4639 μετεκδυηῆ
3432 4564 3587 4635 quieta
3609 4560 3760 4651 θοξινίξν⁸

637 4654 894 4702 mentum.
919 4648 1123 4719 Adjuro
1142 4663 1249 4702 vos.
1278 4646 1401 4703 Ideo
1428 4648 1689 4718 repetitur
1718 4649 1808 4704 hic
1829 4649 2128 4706 versiculus
2151 4652 2205 4706 in
2234 4643 2276 4651 ⁷
2314 4656 2453 4711 satio
2483 4663 2813 4711 sanctorum.
2852 4655 3148 4727 Utrumque
3185 4656 3379 4715 lectum
3416 4652 3615 4709 ambiunt
3643 4643 3760 4727 Ml“

636 4739 852 4796 cantico
879 4740 1109 4805 amoris,
1134 4747 1193 4793 ut
1218 4754 1323 4794 non
1356 4740 1621 4795 minorem
1647 4756 1705 4797 se
1734 4740 1994 4798 Dominus
2019 4742 2208 4800 Eccle-

637 4831 731 4886 siae
761 4830 826 4885 de
868 4829 1148 4902 gentibus,
1195 4845 1357 4900 quam
1387 4832 1452 4887 de
1496 4830 1700 4888 Judaeis
1734 4833 1973 4889 collectae
2018 4850 2206 4892 curam

636 4922 879 4980 habere:
917 4922 1014 4977 sed
1041 4922 1301 4993 aequalem
1331 4937 1431 4994 pro
1466 4924 1745 4995 utriusque
1768 4939 1900 4994 pace
1942 4924 2204 4982 sollicitu-

636 5013 819 5071 dinem
853 5026 1041 5086 gerere
1075 5013 1334 5084 designet.
1375 5012 1493 5070 Non
1535 5014 1711 5071 minus
1752 5016 1895 5070 enim
1944 5016 2061 5073 haec
2114 5032 2202 5073 re-

638 5107 765 5179 gina
792 5107 963 5162 austri
989 5106 1200 5178 capitur
1219 5120 1404 5161 amore
1422 5107 1628 5176 sponsi,
1650 5123 1810 5177 quam
1831 5109 2004 5179 prima
2030 5110 2206 5166 amica

640 5202 709 5259 de
734 5199 950 5256 Iudaeis.
980 5196 1289 5270 Genusque.
1321 5198 1480 5255 Cervi
1499 5207 1583 5255 est
1603 5200 1658 5255 in
1686 5209 1963 5256 senectute
1988 5216 2209 5272 serpen-

640 5304 750 5353 tem
793 5293 1108 5359 comedere,
1141 5301 1195 5348 et
1222 5307 1323 5362 pro
1351 5292 1440 5347 siti
1487 5308 1517 5347 a
1559 5307 1765 5350 veneno
1805 5303 2062 5366 concepta
2082 5334 2097 5361 ,
2139 5295 2209 5350 ad

639 5386 843 5444 fontem
866 5398 1186 5458 properare,
1217 5394 1273 5439 et
1299 5383 1421 5439 inde
1447 5385 1681 5455 potando
1701 5385 2054 5456 iuvenescere
2072 5427 2087 5452 ,
2123 5401 2210 5441 ca-

641 5481 894 5538 dentibus
919 5479 1044 5551 pilis
1074 5488 1130 5535 et
1159 5480 1413 5536 cornibus
1441 5498 1453 5535 :
1484 5481 1626 5552 quod
1666 5482 1862 5552 cuique
1889 5482 2033 5538 ﬁdeli
2055 5497 2207 5538 com-

643 5574 776 5646 petit
800 5587 898 5645 per
924 5571 1250 5628 lavationem
1283 5570 1559 5643 baptismi.

715 5664 878 5722 Vsus.
910 5664 966 5722 6.
990 5695 1061 5705 ——
1081 5661 1213 5729 Qua:
1236 5673 1310 5718 est
1335 5664 1456 5720 ista.
1491 5663 1728 5720 Ulterius
1745 5664 1858 5735 agit
1881 5663 1948 5720 de
1973 5663 2214 5722 Ecclesia

2311 4746 2433 4801 sinsi
2460 4759 2480 4798 :
2502 4745 2629 4817 quia
2666 4753 2724 4801 et
2755 4726 3075 4818 praesentem
3095 4749 3355 4819 quietem,
3388 4754 3439 4801 et
3462 4752 3617 4814 pacem
3638 4726 3758 4787 W

2312 4840 2406 4896 sia:
2432 4838 2815 4910 praedicatores
2841 4848 3029 4897 contra
3062 4841 3306 4897 incursus
3346 4845 3560 4897 tuentur,
3585 4836 3630 4885 et
3648 4826 3756 4881 inter-

2312 4948 2437 4989 nam
2478 4932 2667 5002 patria
2711 4932 2947 4988 caelestis
2994 4932 3228 5003 quietem
3286 4931 3472 5003 quique
3505 4915 3756 4996 perfectiom

2313 5025 2417 5081 lixa
2445 5024 2743 5081 intentione
2771 5024 3134 5096 speculantur.
3167 5021 3352 5078 Israel.
3380 5020 3435 5076 ιιι
3458 5024 3533 5073 est
3553 5014 3620 5067 vir

2313 5115 2481 5173 Deum
2501 5156 2515 5183 ,
2545 5131 2652 5187 quo
2696 5088 2913 5191 nomine
2946 5113 3092 5184 iuste
3114 5124 3371 5171 vocantur
3408 5120 3596 5195 omnes,

2312 5207 2507 5263 divina:
2534 5188 2974 5277 visionis‘gaudia
3004 5206 3251 5263 tendunt.
3274 5203 3408 5260 [uter
3425 5211 3543 5269 quos
3561 5188 3759 5277 τοτιίδείωῖ

2312 5312 2471 5369 sunt,
2501 5303 2592 5374 qui
2620 5302 2705 5358 vel
2747 5301 2983 5358 celestis
3007 5301 3148 5356 dono
3175 5293 3528 5371 speculatiouis
3548 5282 3755 5343 sublinitur

2314 5402 2426 5456 tur,
2451 5393 2537 5449 vel
2568 5391 2963 5464 praedicationis
2997 5391 3345 5448 ministerium
3372 5378 3637 5464 ευωίρίω
3675 5457 3685 5464 _
3728 5452 3736 5463 ,

2382 5485 2546 5543 VERS-
2653 5513 2723 5524 —
2749 5481 2939 5539 0mm
2980 5493 3204 5538 tenentes
3260 5479 3466 5552 gladios.
3507 5465 3590 5536 Qui
3620 5457 3754 5517 ἰηάαίο

2313 5583 2503 5634 neuter
2544 5575 2746 5632 habent
2768 5575 2989 5631 verbum
3019 5574 3114 5628 Dei
3150 5574 3202 5629 in
3229 5574 3487 5642 promptu,
3509 5568 3553 5615 et
3575 5552 3626 5642 ad

2315 5668 2484 5723 cauda
2515 5663 2781 5736 superﬂua
2807 5664 2940 5719 etin
2967 5680 3026 5719 se
3061 5671 3118 5719 et
3147 5663 3200 5717 in
3229 5627 3477 5717 subditis,
3504 5657 3548 5704 et
3567 5641 3619 5699 ad
3642 5627 3754 5736 rt?pr

646 5757 712 5812 de
735 5756 984 5827 gentibus
1004 5768 1285 5818 conversa,
1301 5753 1572 5824 quomodo
1590 5718 1845 5825 apostolis
1868 5753 2216 5813 fundamento
2318 5759 2501 5815 lendus
2528 5718 2712 5813 hostes
2735 5767 2789 5812 et
2813 5756 3222 5813 conculcandos.
3253 5751 3428 5807 Omnes
3466 5742 3648 5797 temtas

650 5858 870 5920 accepto
886 5889 901 5911 ,
926 5849 1117 5904 deinde
1136 5864 1235 5919 per
1253 5863 1535 5905 successus
1556 5858 1858 5917 temporum
1878 5859 1934 5905 et
1949 5850 2215 5919 graduum

2318 5851 2453 5907 dios.
2500 5849 2733 5906 Verbum
2776 5847 2868 5903 Dei
2918 5855 3130 5914 tenent,
3173 5853 3225 5901 et
3271 5838 3414 5913 periti
3458 5837 3561 5888 sunt
3593 5814 3750 5891 quamer
