4028 6332
343 466 480 521 1145

1097 468 1360 524 GLOSSA
1395 418 1787 524 ORDINA'RIA.
1826 499 1893 510 -—
1930 468 2279 530 CANTICUM
2315 477 2773 536 CANTICORUM.

3423 482 3563 540 1MB

343 585 560 631 utantur
611 574 728 639 illo,
764 584 868 630 tam
898 577 1033 633 alios
1077 593 1236 647 quam
1283 594 1341 634 se
1376 590 1634 648 quantum
1666 580 1732 634 ad
1771 580 1897 634 vitia
1925 583 1978 642 Α
2001 587 2148 641 navit
2178 604 2298 645 eum
2326 591 2506 648 Judaa
2551 610 2666 650 sua.
2701 595 2803 661 Qui
2830 598 3090 650 coronavit
3129 615 3266 653 eum.
3301 596 3414 665 Qua
3454 598 3558 653 hu-

340 669 712 738 expugnando.
744 669 824 722 Ad
855 669 988 724 bella
1027 671 1332 725 doctissimi.
1365 671 1496 738 Quia
1547 681 1626 728 tot
1671 673 1902 728 millibus

340 773 602 815 annorum
632 767 818 814 contra
858 759 1126 816 diabolum
1157 763 1210 816 in
1243 763 1422 817 carnis
1467 762 1755 834 fragilitate
1799 780 1899 833 pu-

339 854 641 920 gnaverunt
661 888 677 914 ,
704 862 774 904 ex
797 849 1014 905 assiduo
1041 866 1140 905 usu
1163 851 1306 906 docti
1332 861 1476 906 sunt.
1505 851 1728 923 Propter
1748 855 1902 907 timo-

339 959 438 996 res.
471 939 549 996 Ne
580 941 784 998 insidia
813 943 1132 1010 tentatoris;
1183 945 1228 999 si
1256 960 1349 1000 eos
1383 961 1602 1002 securos
1643 946 1902 1001 inermes-

338 1049 442 1102 que
466 1033 766 1103 repererint
790 1043 1034 1089 sternant
1064 1053 1078 1090 :
1105 1044 1160 1091 et
1188 1051 1254 1092 ne
1281 1038 1360 1092 eis
1387 1037 1705 1108 expugnatis
1735 1036 1901 1092 lectu-

337 1125 422 1181 lus
446 1141 603 1194 quem
629 1129 901 1183 custodire
927 1129 1256 1194 debuerunt,
1291 1129 1540 1194 fmdetur,
1573 1129 1799 1191 scilicet,
1833 1144 1901 1184 ne

337 1231 574 1287 prasens
594 1233 696 1287 pax
717 1218 970 1275 Ecclesia
989 1219 1238 1287 violetur,
1260 1229 1314 1274 et
1331 1219 1410 1274 sic
1431 1217 1609 1274 futura
1626 1219 1900 1275 beatitudo

339 1307 636 1362 amittatur.

407 1399 568 1453 Vitas.
600 1399 652 1454 9.
675 1429 745 1441 —
767 1399 1069 1456 Ferculum.
1101 1401 1216 1456 Non
1246 1401 1417 1458 solum
1458 1418 1556 1472 per
1591 1403 1693 1458 hoc
1712 1443 1726 1468 ,
1755 1403 1898 1472 quod

337 1498 390 1545 et
422 1489 475 1543 in
505 1493 756 1559 prasenti
802 1492 855 1546 in
903 1493 1099 1547 lectulo
1137 1493 1441 1549 Salomonis
1471 1495 1723 1562 quiesco,
1747 1502 1802 1550 et
1829 1492 1898 1547 ad

334 1578 573 1633 futurum
624 1579 875 1635 lectulum
922 1579 1146 1647 festino,
1195 1591 1249 1638 et
1288 1582 1613 1639 fortissimos
1647 1584 1896 1639 custodes

335 1671 536 1736 habeo,
565 1681 785 1742 apparet
823 1674 963 1742 quod
991 1675 1136 1729 salus
1180 1676 1252 1730 sit
1295 1677 1559 1746 promissa
1602 1675 1890 1746 gentibus:

331 1763 421 1818 sed
457 1765 620 1818 etiam
659 1780 754 1835 per
797 1767 933 1832 hoc,
961 1768 1102 1837 quod
1149 1768 1215 1823 de
1261 1769 1416 1825 nobis
1459 1769 1594 1825 fecit
1629 1771 1896 1839 quoddam

241 1875 244 1878 η
332 1850 626 1919 ferculum,
660 1855 713 1908 id
738 1863 820 1910 est
849 1856 991 1925 quod
1022 1857 1088 1912 de
1118 1857 1236 1912 loco
1274 1859 1340 1912 ad
1387 1861 1560 1915 locum
1600 1859 1768 1914 ferret
1814 1861 1892 1914 sui

2003 682 2258 738 manitate
2298 686 2598 742 honestavit
2628 704 2747 744 eum
2778 698 2949 743 mater
2982 707 2994 741 :
3031 689 3083 742 in
3113 687 3215 744 hoc
3243 691 3383 759 quod
3414 691 3563 762 virgo

2003 786 2109 839 est,
2137 792 2243 832 non
2270 779 2559 850 deturpans
2583 791 2641 836 ut
2683 781 2798 836 alia
2827 781 3108 847 mulieres,
3135 782 3298 846 sorde
3328 784 3564 854 origina-

2000 867 2067 922 lis
2093 871 2298 938 peccati
2329 890 2342 924 :
2369 881 2424 927 et
2448 874 2612 928 mittit
2639 889 2737 929 nos
2759 875 2825 928 ad
2858 874 3161 928 historiam.
3194 873 3357 942 Quasi
3389 893 3400 928 :
3433 875 3562 930 Cre-

2000 960 2111 1016 dite
2158 964 2512 1028 nativitatem,
2538 966 2876 1036 passionem,
2914 966 3383 1022 resurrectionem.
3438 964 3562 1020 Haec

2001 1053 2290 1128 descriptio
2334 1071 2431 1125 pro
2479 1056 2734 1111 Ecclesia
2799 1057 3191 1126 multiplicitate
3233 1056 3560 1112 extenditur.

1997 1141 2428 1213 Desponsationis
2466 1148 2628 1202 illius.
2655 1147 2712 1202 Si
2735 1148 2878 1205 illius
2903 1147 3189 1204 referimus
3217 1149 3282 1203 ad
3311 1140 3559 1209 matrein,

1999 1237 2227 1292 dicimus
2257 1239 2308 1292 in
2341 1248 2577 1310 tempore
2611 1242 3035 1298 annuntiationis
3066 1260 3080 1296 :
3117 1243 3163 1298 si
3205 1243 3273 1296 ad
3303 1241 3562 1304 ﬁdelium,

1999 1330 2413 1386 resurrectionis
2434 1371 2449 1396 ,
2476 1346 2594 1400 qua
2617 1333 2888 1402 pracipua
2916 1332 3100 1388 latitia
3119 1330 3254 1399 fuit,
3278 1331 3401 1402 quia
3435 1339 3564 1386 tunc

1997 1417 2228 1473 solutum
2256 1429 2340 1474 est
2365 1435 2533 1491 genus
2557 1423 2872 1476 humanum.

2605 1549 2830 1609 CAPUT
2860 1549 2947 1608 IV.

2065 1680 2230 1736 Vsus.
2255 1682 2553 1748 l.—Quam
2573 1681 2792 1752 pulchra
2811 1698 2884 1737 es.
2907 1681 3038 1736 Cum
3063 1695 3263 1752 sponsa
3297 1678 3367 1735 de
3394 1679 3566 1750 genti-

1992 1771 2095 1826 bus
2106 1772 2485 1842 conversajam
2500 1780 2658 1826 tanta
2671 1773 2742 1826 sit
2755 1769 3186 1842 perfectionis,ut
3196 1767 3398 1824 Judais
3411 1783 3565 1822 versa
3665 1807 3674 1816 .

1995 1861 2112 1916 vice
2131 1863 2384 1930 pradicet
2404 1869 2457 1916 et
2478 1875 2730 1930 sponsum
2749 1861 2928 1914 laudet
2947 1879 2960 1913 :
2982 1861 3095 1928 ipsa
3115 1874 3330 1929 quoque
3351 1859 3565 1927 dignam

332 1945 479 1999 verbi
507 1946 930 2016 dispensatores,
962 1948 1046 2002 vel
1075 1949 1126 2002 in
1153 1950 1347 2018 quibus
1374 1951 1487 2021 ipse
1516 1966 1614 2021 per
1639 1953 1894 2006 mundum
1926 1930 1973 1990 Β
2001 1955 2174 2010 laudis
2199 1955 2746 2024 recompensationem
2781 1970 2810 2008 a
2841 1968 3038 2022 sponso
3070 1951 3282 2020 recipit.
3315 1945 3441 2005 Ha'c
3469 1952 3562 2003 de-

329 2035 551 2091 feratur.
587 2035 682 2092 Vel
707 2039 779 2092 ita
809 2055 825 2093 :
869 2037 1159 2105 Paciﬁcus,
1192 2041 1259 2096 ad
1301 2042 1455 2112 cujus
1495 2042 1746 2098 lectulum
1773 2058 1896 2113 pro-

328 2142 490 2196 pero,
517 2128 590 2181 ita
620 2129 851 2184 munivit
872 2145 958 2184 me
983 2146 998 2184 :
1030 2139 1084 2184 et
1113 2131 1215 2186 hoc
1235 2130 1362 2188 fecit
1389 2148 1486 2202 per
1525 2132 1817 2201 ferculum,
1843 2136 1896 2191 id

329 2228 412 2274 est
435 2235 530 2290 per
559 2221 857 2291 apostolos,
883 2238 981 2294 per
999 2238 1154 2294 quos,
1181 2225 1322 2281 sicut
1347 2226 1399 2280 in
1425 2226 1680 2283 cathedra
1701 2226 1894 2296 fertur,

331 2328 465 2383 quos
489 2313 556 2368 ad
585 2329 756 2369 meam
780 2314 1002 2370 salutem
1034 2316 1120 2371 vel
1141 2325 1380 2372 nostram
1410 2317 1575 2372 misit.

404 2404 562 2459 Vens.
595 2405 678 2459 l0.
707 2406 1209 2461 —Reclinatorium
1253 2425 1491 2463 aureum.
1545 2407 1603 2462 Id
1649 2416 1763 2474 est,
1812 2408 1896 2463 sui

329 2495 694 2564 speculatores
717 2496 920 2566 iplenos
958 2497 1138 2552 divina
1182 2499 1475 2567 sapientia,
1503 2498 1586 2553 vel
1617 2498 1896 2553 reclinato-

332 2589 465 2641 rium
492 2588 621 2642 facit
642 2588 696 2666 in
723 2587 958 2660 ferculo,
986 2604 1106 2643 cum
1139 2605 1287 2660 spem
1310 2598 1584 2661 perpetua
1603 2590 1802 2660 quietis
1828 2589 1895 2643 fl-

331 2678 536 2734 delibus
559 2680 844 2750 promittit.
871 2680 1132 2747 Aureum,
1161 2682 1288 2752 quia
1330 2682 1570 2751 requiem
1600 2696 1710 2736 sua
1735 2681 1898 2735 visio-

331 2770 414 2824 nis
439 2770 604 2841 gloria
628 2785 908 2835 coruscam
934 2779 1220 2842 praparat.
1245 2771 1529 2826 Ascensum
1554 2785 1893 2841 purpureum.

330 2863 598 2917 Ascensus
641 2871 766 2918 sunt
787 2863 896 2925 illi,
919 2879 1018 2934 per
1044 2879 1178 2933 quos
1213 2864 1405 2934 aliquis
1441 2872 1620 2933 potest
1639 2863 1898 2918 scandere

329 2954 561 3024 primum
587 2955 654 3008 ad
681 2956 940 3018 virtutes,
987 2964 1174 3024 postea
1200 2956 1269 3008 ad
1318 2965 1502 3009 sancta
1534 2962 1845 3008 sanctorum
1878 2971 1890 3005 :

331 3045 421 3114 qui
448 3053 572 3098 sunt
592 3045 868 3114 purpurei,
893 3044 947 3098 id
968 3053 1052 3098 est
1072 3046 1138 3099 ad
1161 3045 1478 3114 martyrium
1500 3045 1752 3114 prompti.
1779 3042 1894 3108 Vel,

333 3137 458 3205 ipsa
484 3137 732 3200 virtutes,
755 3143 880 3190 sunt
899 3151 1166 3200 ascensus,
1188 3151 1308 3205 qua
1327 3143 1454 3190 sunt
1473 3149 1598 3188 vera
1619 3148 1851 3203 purpura
1877 3148 1895 3185 :

331 3227 525 3296 quibus
551 3226 874 3281 decorantur
899 3227 1091 3281 anima
1121 3226 1323 3281 fideles.
1356 3225 1485 3290 Vel,
1517 3226 1631 3295 ipse
1653 3223 1898 3278 Christus

2000 2045 2218 2113 scriptio
2244 2059 2342 2113 pro
2371 2044 2622 2099 Ecclesia
2650 2043 3045 2112 multiplicitate
3070 2041 3396 2096 extenditur.
3430 2037 3561 2092 Pul-

2000 2135 2361 2192 chraactione
2383 2176 2397 2200 ,
2427 2135 2551 2204 quia
2594 2134 2734 2189 sicut
2762 2133 2970 2202 virgula
3006 2132 3138 2186 fumi
3167 2147 3261 2200 per
3292 2133 3565 2186 desertum

2000 2226 2260 2292 ascendit,
2310 2225 2530 2295 pulchra
2556 2224 2968 2295 praedicatione,
2995 2222 3122 2292 quia
3145 2222 3211 2275 ad
3243 2236 3400 2274 suum
3426 2234 3562 2274 con-

2000 2319 2225 2373 sortium
2258 2318 2530 2388 proximas
2551 2316 2794 2369 attrahit.
2840 2313 3013 2368 Oculi.
3042 2313 3098 2368 Id
3125 2320 3237 2375 est,
3271 2325 3461 2366 sensus
3487 2309 3566 2364 tui

1999 2411 2451 2481 contemplatione
2477 2409 2833 2480 spiritualium
2877 2423 3060 2462 rerum
3090 2414 3215 2461 sunt
3245 2403 3567 2460 excellentes

1997 2512 2052 2558 et
2077 2503 2374 2558 reverendi.
2423 2499 2528 2556 Per
2565 2509 2750 2571 partes
2788 2499 3018 2554 intendit
3061 2494 3296 2551 laudare.
3341 2495 3564 2563 Absque.

1998 2591 2193 2662 Magna
2221 2586 2501 2662 estgloria
2524 2591 2692 2660 aperti
2725 2590 2904 2660 operis
2923 2629 2939 2654 ,
2969 2588 3062 2644 sed
3090 2587 3246 2657 longe
3295 2585 3570 2654 incompa-

2000 2683 2244 2738 rabiliter
2281 2691 2480 2738 atema
2518 2681 2832 2746 retributio,
2865 2695 2985 2750 qua
3025 2678 3196 2734 videri
3225 2691 3332 2732 non
3367 2682 3564 2745 potest.

2070 2773 2261 2844 Capilli
2280 2774 2378 2828 tui.
2421 2771 2489 2828 Ut
2516 2771 2728 2826 facilius
2751 2780 2945 2826 cuncta
2972 2770 3272 2840 liquescant
3290 2807 3304 2831 ,
3331 2765 3570 2821 breviter

2003 2865 2210 2936 singula
2242 2879 2642 2936 percurramus.
2675 2861 2903 2934 Capilli,
2948 2869 3074 2916 sunt
3117 2857 3402 2930 spontanei
3430 2871 3566 2926 pau-

2001 2971 2176 3027 peres.
2209 2953 2366 3010 Gente
2385 2997 2399 3022 ,
2426 2956 2622 3010 summi
2652 2955 2876 3026 pralati.
2907 2954 3096 3008 Dentes
3127 2967 3258 3008 vero
3285 2965 3568 3022 genarum,

2003 3045 2090 3098 alii
2116 3039 2401 3098 inferiores
2446 3045 2672 3112 pralati.
2719 3045 2916 3110 Labia,
2949 3043 3421 3099 sermocinatores.
3471 3040 3572 3093 Ca-

2001 3131 2115 3202 pilli
2139 3133 2234 3186 tui.
2267 3132 2324 3186 Si
2371 3133 2424 3186 in
2463 3133 2628 3186 oculis
2671 3148 2894 3187 acumen
2923 3132 3282 3202 spiritualium
3315 3145 3569 3186 sensuum

1985 3223 2286 3292 accipitur,
2327 3224 2378 3276 in
2408 3223 2610 3294 capillis
2632 3231 2808 3296 potest
2835 3222 3008 3277 notari
3055 3222 3334 3292 pluralitas
3373 3221 3571 3289 cogita-

331 3337 604 3384 ascensus,
633 3335 744 3389 per-
761 3335 920 3390 quem
947 3317 1006 3374 'et
1026 3321 1080 3374 in
1107 3319 1401 3375 Ecclesiam
1433 3327 1488 3373 et
1521 3319 1574 3372 in
1603 3317 1796 3372 calum
1826 3315 1902 3369 in-
1926 3283 1974 3350 ο
2009 3315 2210 3370 tionum
2231 3354 2246 3380 ,
2285 3330 2403 3384 qua
2445 3329 2634 3369 omnes
2670 3315 2736 3368 ad
2765 3330 2928 3368 unum
2973 3313 3131 3368 ﬁnem
3167 3312 3400 3367 calestis
3445 3312 3570 3365 boni
3637 3316 3644 3322 '

335 3419 525 3466 tratur.
549 3409 876 3482 Purpureus,
898 3412 1023 3482 quia
1050 3413 1182 3467 lavit
1204 3429 1302 3468 nos
1323 3413 1378 3467 in
1403 3412 1664 3482 sanguine
1689 3425 1786 3466 suo
1813 3419 1904 3466 :et

332 3502 508 3557 nullus
539 3503 836 3572 ingreditur
861 3503 1158 3558 Ecclesiam
1175 3545 1190 3568 ,
1221 3505 1324 3558 nisi
1347 3503 1700 3558 sacramentis
1721 3501 1903 3557 Domi-

330 3593 465 3648 nica
489 3593 754 3662 passionis
782 3594 1037 3648 imbutus.
1083 3593 1259 3648 Media
1300 3596 1556 3648 charitate
1595 3592 1896 3648 constravit.

333 3682 422 3738 Vel
457 3676 755 3747 charitate,
786 3698 890 3753 qua
917 3699 1014 3752 pro
1049 3683 1560 3753 nobis'pa’ssusgest.
1605 3682 1813 3747 Media,
1845 3682 1901 3738 id

330 3780 444 3836 est,
467 3771 720 3826 Ecclesia
747 3771 910 3826 corda
928 3811 943 3836 ,
968 3770 1142 3826 instar
1165 3772 1320 3826 strati
1343 3771 1570 3842 paravit,
1599 3771 1684 3826 ubi
1714 3768 1900 3824 fideles

331 3863 522 3916 anima
543 3863 775 3917 molliter
802 3863 1083 3933 quiescant
1107 3881 1119 3916 :
1145 3863 1268 3932 quia
1293 3870 1458 3916 totam
1488 3876 1606 3915 eam
1645 3860 1900 3916 intrinse-

331 3969 425 4008 cus
450 3969 802 4022 supernorum
832 3969 1016 4008 amore
1050 3953 1276 4024 replevit
1303 3968 1317 4006 :
1345 3953 1485 4008 unde
1511 3952 1685 4006 addit:
1723 3948 1895 4020 Prop-

331 4053 407 4098 ter
434 4043 571 4112 ﬁlias
597 4043 911 4099 Jerusalem.
943 4045 1172 4116 Pr0pter
1197 4045 1403 4100 animas
1428 4044 1730 4100 caelestium
1757 4042 1898 4098 desi-

330 4131 480 4187 derio
501 4143 791 4189 aestuantes
815 4135 938 4204 quia
964 4143 1169 4204 quanto
1196 4149 1364 4204 magis
1389 4150 1488 4189 nos
1513 4134 1715 4196 dilexit,
1747 4141 1894 4188 tanto

332 4225 500 4294 magis
542 4227 609 4279 ad
653 4226 962 4294 patiendum
1001 4243 1098 4297 pro
1144 4241 1207 4281 eo
1257 4243 1355 4282 nos
1406 4227 1665 4282 accendit.
1715 4225 1893 4280 Media

333 4313 549 4387 (GREG.)
575 4315 713 4370 Ecce
737 4316 1048 4371 consolatio.
1081 4317 1182 4384 Qui
1223 4333 1329 4373 non
1359 4327 1538 4388 potest
1579 4319 1895 4390 sanguinem

331 4421 428 4476 pro
473 4408 698 4463 Domino
751 4407 973 4464 fundere
995 4450 1009 4475 ,
1037 4410 1224 4479 diligat
1257 4411 1563 4480 proximum
1591 4421 1800 4482 propter
1825 4411 1894 4480 ﬁ-

330 4497 428 4550 lias
457 4496 781 4564 Jerusalem,
823 4499 950 4568 quia
1000 4515 1106 4554 non
1151 4507 1277 4554 sunt
1301 4500 1512 4556 dicendi
1541 4501 1672 4566 filii,
1721 4500 1776 4553 id
1810 4507 1896 4554 est

239 4579 242 4582 ’
331 4588 503 4650 firmi,
533 4589 624 4643 sed
656 4589 806 4652 filia,
837 4605 956 4658 qua
983 4605 1081 4660 per
1103 4591 1424 4646 charitatem
1459 4608 1489 4646 a
1537 4591 1632 4645 Dei
1665 4591 1892 4646 adiﬁcio

331 4697 436 4736 non
463 4681 650 4736 aliena
675 4690 818 4737 sunt.

401 4773 565 4830 Vens.
622 4775 708 4829 ll.
735 4806 803 4816 —
829 4775 1151 4847 Egredimini
1187 4788 1235 4832 et
1279 4778 1477 4844 videte,
1518 4786 1621 4834 etc.
1671 4777 1900 4835 Pulchro

332 4867 520 4921 ordine
549 4874 669 4937 post
688 4878 941 4923 enarrata
971 4869 1116 4940 regis
1150 4870 1310 4936 dona,
1339 4871 1507 4940 ipsam
1536 4885 1748 4942 quoque
1773 4885 1898 4940 spe-

333 4956 468 5010 ciem
491 4965 546 5010 et
573 4966 821 5012 ornatum
847 4958 962 5026 ejus
985 4960 1276 5028 praedicare
1304 4961 1525 5030 incipit,
1553 4970 1607 5015 et
1627 4963 1693 5016 ad
1717 4963 1902 5017 viden-

335 5049 460 5102 dum
488 5064 610 5104 eum
639 5049 848 5104 invitat.
879 5050 946 5105 Et
973 5053 1329 5108 attendendus
1369 5062 1451 5109 est
1491 5056 1622 5109 ordo
1646 5097 1659 5115 ,
1691 5065 1746 5110 et
1775 5071 1898 5112 suc-

335 5154 522 5195 cessus
552 5140 709 5210 hujus
738 5140 990 5196 Ecclesia
1011 5183 1026 5205 ,
1069 5159 1188 5213 qua
1219 5145 1283 5199 de
1312 5143 1616 5200 Iudaeorum
1649 5148 1901 5216 primitiis

338 5232 580 5286 instituta
599 5272 615 5295 ,
644 5231 906 5302 pralatis,
932 5233 1203 5304 judicibus
1222 5277 1236 5300 ,
1281 5236 1508 5307 aliisque
1555 5238 1811 5307 gradibus
1840 5240 1903 5294 il—

337 5324 442 5378 lam
467 5325 724 5393 primam,
753 5325 860 5395 jam
906 5335 1026 5396 post
1055 5329 1324 5398 apostolos
1357 5330 1589 5399 tepidam
1618 5332 1900 5399 admonet,

337 5423 397 5469 ut
431 5415 836 5470 successoribus
883 5425 937 5471 et
975 5417 1366 5473 contribulibus
1401 5415 1601 5476 eorum
1635 5437 1665 5475 a
1708 5421 1903 5492 quibus

335 5505 624 5575 pradicata
652 5505 783 5572 fuit,
812 5507 984 5562 vicem
1017 5517 1191 5580 mater
1233 5508 1436 5564 reddat.
1480 5509 1546 5564 In
1589 5511 1898 5570 diademate.

338 5595 501 5663 Quasi
527 5597 777 5652 latentem
815 5598 868 5652 in
897 5599 1230 5654 humanitate
1249 5639 1264 5663 ,
1292 5615 1397 5668 qua
1430 5601 1559 5656 vicit
1581 5602 1854 5658 diabolum
1884 5623 1896 5659 :

338 5696 392 5743 et
421 5703 546 5742 caro
596 5688 695 5743 fuit
732 5704 895 5744 causa
944 5691 1101 5760 hujus
1129 5691 1368 5746 victoria:
1403 5693 1506 5748 nisi
1553 5695 1692 5750 Deus
1741 5712 1904 5752 carne

340 5777 770 5843 obumbraretur,
803 5778 1048 5834 diabolus
1094 5795 1218 5835 eum
1265 5795 1374 5835 non
1403 5785 1806 5853 aggrederetur.
1837 5785 1903 5840 In

339 5875 662 5941 diademate,
697 5876 750 5930 id
777 5883 892 5940 est,
923 5875 979 5930 in
1009 5875 1098 5931 illa
1135 5875 1320 5945 spinea
1357 5893 1584 5943 corona,
1609 5894 1723 5948 .qua
1751 5895 1906 5936 coro-

1919 4642 1973 4702 D

2007 3407 2248 3462 tendunt.
2310 3407 2463 3464 Unde
2528 3407 2739 3478 capreis
2792 3415 3092 3476 aquantur,
3148 3420 3266 3474 qua
3319 3404 3572 3460 animalia

2005 3503 2200 3557 munda
2225 3511 2374 3567 sunt,
2396 3511 2450 3554 et
2471 3501 2646 3575 ardua
2663 3502 2871 3571 rupium
2894 3509 3141 3570 quarunt
3166 3501 3336 3570 gratia
3363 3507 3568 3569 pastus.

2005 3595 2136 3661 Qua:
2166 3594 2528 3649 ascenderunt.
2558 3592 2730 3648 Unam
2759 3593 2824 3649 de
2854 3593 3060 3647 naturis
3080 3608 3287 3662 caprea
3307 3591 3482 3662 ponit,
3514 3597 3573 3644 ut

2000 3686 2080 3742 sic
2111 3685 2178 3739 de
2225 3685 2344 3739 aliis
2391 3683 2741 3755 intelligatur,
2791 3691 2846 3738 et
2895 3683 3039 3738 illam
3095 3683 3268 3751 magis
3317 3681 3572 3734 virtutem

2000 3775 2256 3847 pradicat
2305 3791 2410 3844 qua
2460 3775 2730 3828 auditores
2786 3773 2957 3841 magis
3011 3772 3248 3840 indigere
3294 3768 3571 3839 perspicit.

2003 3865 2134 3930 Qua:
2150 3865 2512 3919 ascenderunt.
2539 3863 2614 3918 De
2644 3863 2752 3927 illo,
2780 3863 2869 3932 qui
2891 3871 2972 3916 est
2992 3861 3357 3916 testimonium
3380 3874 3437 3914 se
3460 3857 3575 3912 imi-

2002 3957 2260 4018 tantibus,
2286 3958 2425 4012 sicut
2450 3958 2562 4026 ipse
2586 3954 2866 4026 promisit:
2897 3953 2997 4020 Qui
3026 3969 3104 4008 me
3127 3951 3391 4021 confessus
3419 3949 3574 4019 fuerit

1997 4065 2175 4104 coram
2203 4047 2516 4111 hominibus,
2546 4055 2651 4102 etc.
2685 4045 2836 4116 (Luc.
2872 4044 2995 4116 xu.)

2070 4139 2230 4194 Vnus.
2264 4139 2318 4193 2.
2346 4169 2416 4180 --
2439 4139 2630 4194 Dentes
2661 4139 2737 4191 tui
2775 4138 2909 4192 sicut
2945 4153 3122 4207 greges
3165 4145 3452 4189 tonsarum.
3489 4131 3574 4186 Si-

1997 4239 2089 4287 cut
2124 4230 2178 4284 in
2209 4229 2445 4301 capillis,
2481 4228 2786 4298 lragiliores
2831 4226 3086 4280 Ecclesia
3111 4224 3326 4294 populi,
3357 4222 3446 4290 qui
3476 4237 3574 4274 nu-

1998 4325 2370 4380 merositatem
2403 4327 2664 4390 prastant
2691 4359 2704 4383 ,
2743 4318 3026 4388 signantur
3059 4333 3072 4368 :
3101 4315 3178 4368 sic
3225 4314 3278 4366 in
3325 4309 3573 4383 dentibus

1996 4414 2250 4469 fortiores
2280 4412 2476 4480 quique
2521 4417 2575 4464 et
2628 4409 2696 4464 ad
2744 4406 3034 4478 regendam
3082 4403 3375 4459 Ecclesiam
3425 4401 3570 4470 apti,

1996 4503 2087 4574 qui
2119 4501 2374 4555 firmitate
2395 4498 2702 4569 praevalent.
2735 4497 2812 4550 De
2840 4495 3068 4560 lavacro,
3094 4510 3291 4549 omnes.
3318 4491 3570 4548 Omnium

1996 4601 2095 4654 est,
2123 4589 2391 4661 baptismo
2412 4587 2686 4659 puriﬁcari
2714 4605 2726 4640 :
2752 4585 3114 4657 perfectorum
3137 4592 3240 4649 est,
3264 4591 3320 4638 et
3340 4582 3574 4637 maxime

2003 4699 2212 4748 eorum,
2237 4681 2431 4752 quibus
2456 4695 2586 4735 cura
2611 4679 2791 4734 ovium
2818 4687 2903 4732 est
2924 4677 3235 4741 commissa,
3264 4674 3574 4730 renuntiare

2006 4777 2256 4832 omnibus
2282 4791 2401 4845 qua
2429 4772 2724 4844 possident.
2759 4769 3003 4825 Gemellis
3029 4769 3239 4839 fetibus.
3264 4767 3320 4822 Id
3345 4777 3427 4823 est
3451 4782 3574 4820 con-

2007 4868 2273 4924 similibus
2307 4865 2540 4928 fetibus,
2572 4862 2696 4933 quia
2747 4861 2879 4915 tales
2929 4861 3064 4914 alios
3111 4860 3342 4915 reddunt
3390 4855 3574 4926 quales

2008 4961 2108 5031 ipsi
2134 4967 2277 5016 sunt.
2308 4956 2434 5023 Vel,
2465 4956 2703 5027 duplices
2747 4956 2909 5020 fetus,
2940 4970 3103 5025 opera
3135 4953 3360 5024 gemina
3390 4949 3572 5004 chari-

2011 5055 2170 5118 tatis,
2201 5061 2261 5108 ut
2307 5051 2491 5106 fideles
2533 5051 2779 5105 conversi
2826 5051 2891 5106 de
2930 5061 3158 5118 utroque
3197 5043 3410 5114 populo.
3443 5042 3571 5108 Vel,

2004 5146 2138 5201 fides
2166 5151 2221 5198 et
2249 5157 2402 5213 opus.
2436 5141 2504 5196 Et
2532 5141 2724 5196 sterilis
2753 5159 2854 5196 non
2883 5150 2978 5195 est.
3015 5138 3124 5192 Nec
3152 5135 3224 5190 illi
3256 5135 3396 5189 inter
3421 5139 3574 5190 steri-

2007 5237 2087 5292 les
2112 5236 2458 5304 deputantur,
2489 5235 2579 5303 qui
2606 5232 2773 5287 abluti
2797 5232 2976 5285 statim
2999 5245 3063 5284 ex
3088 5227 3190 5282 hac
3217 5227 3328 5281 vita
3355 5227 3571 5296 rapiun-

2007 5338 2114 5384 tur.
2149 5326 2461 5400 Habuerunt
2500 5327 2646 5380 enim
2694 5326 2930 5379 sobolem
2978 5321 3098 5375 ﬁdei
3144 5336 3303 5391 quam
3344 5320 3426 5375 vel
3475 5319 3573 5390 ipsi

2006 5437 2107 5492 pro
2141 5436 2231 5486 se,
2263 5417 2348 5474 vel
2390 5419 2480 5473 alii
2522 5434 2618 5488 pro
2662 5417 2790 5488 ipsis
2819 5413 3049 5470 confessi
3078 5424 3222 5470 sunt.
3263 5415 3576 5470 Habuerunt

2007 5513 2172 5567 etiam
2219 5517 2398 5564 votum
2447 5508 2600 5562 bona
2651 5505 3010 5576 operationis,
3071 5505 3214 5576 quod
3273 5505 3410 5558 inter
3448 5519 3574 5558 oves

2007 5602 2232 5668 Christi,
2270 5601 2315 5654 si
2342 5597 2639 5670 exspectati
2669 5595 3203 5661 fuissent,socialiter
3230 5605 3571 5659 exercerent,

2005 5697 2148 5751 unde
2176 5695 2400 5750 dicitur:
2427 5693 2827 5746 Consummatus
2857 5690 2911 5743 in
2939 5690 3074 5744 brevi
3102 5689 3316 5759 explevit
3345 5699 3573 5758 tempora

2005 5788 2169 5843 multa
2195 5787 2346 5858 (Sap.
2379 5784 2472 5854 tv).

2079 5881 2245 5934 Vens.
2278 5879 2331 5933 5.
2374 5909 2444 5918 —
2466 5875 2612 5930 Sicut
2643 5875 2786 5930 vitta.
2820 5872 3207 5930 Pradicatores
3236 5875 3358 5928 vitta
3389 5872 3574 5928 dicun-
