4028 6332
276 496 419 555 1149

1051 491 1317 553 GLOSSA
1352 491 1747 550 ORDlNARIA.
1788 518 1857 531 -ι
1890 488 2241 548 CANTICUM
2279 489 2749 548 CANTIGOBUM.

3372 490 3512 548 me

276 611 436 683 quasi
466 608 532 666 de
556 608 771 664 leonum
801 608 1067 666 cubilibus
1090 616 1441 673 coronantur,
1468 608 1532 663 de
1552 606 1745 677 quibus
1765 605 1850 662 leo
1878 610 1929 672 Α
1953 606 2253 662 cedentium
2282 605 2598 661 delictorum
2626 606 2867 677 operitur
2889 645 2905 674 ,
2930 615 3016 662 est
3040 607 3182 662 sicut
3208 607 3353 675 tbus,
3384 607 3515 679 quis

274 701 517 775 pellitur.
565 698 670 755 Per
695 699 903 755 Amana
933 700 1193 754 habemus
1240 698 1391 760 illos,
1436 712 1572 768 quos
1616 697 1762 768 ipse,
1791 704 1847 752 et

276 807 378 864 per
400 807 534 863 quos
558 790 692 846 alios
720 789 964 847 diabolus
990 804 1087 861 per
1112 789 1291 861 magni
1322 788 1484 845 studii
1518 788 1845 859 vigilantiam

276 884 481 955 decipit
507 890 562 940 et
589 883 841 941 conterit.
878 882 981 943 Per
1006 881 1189 950 Sanir,
1226 898 1318 938 eos
1353 883 1419 938 ad
1442 898 1578 953 quos
1600 881 1850 952 ignoran-

279 977 355 1032 tia
390 975 514 1033 talis
543 974 873 1051 deceptionis
921 975 1085 1029 volat.
1130 973 1233 1029 Per
1278 974 1543 1040 Hermon‘,
1577 972 1709 1028 tales
1754 972 1846 1043 qui

279 1068 437 1140 quasi
454 1068 507 1121 in
527 1074 715 1127 natura
733 1067 968 1141 prompti
995 1077 1117 1122 sunt
1142 1068 1209 1122 ad
1233 1067 1545 1137 nequitiam,
1573 1081 1678 1121 non
1705 1064 1848 1136 quod

278 1158 526 1215 diabolus
559 1158 825 1233 designat.
854 1158 959 1214 Per
985 1158 1150 1213 cubile
1191 1158 1436 1224 leonum,
1476 1157 1595 1213 illos
1618 1158 1846 1228 quibus,

277 1256 334 1304 et
378 1263 475 1319 per
521 1265 657 1323 quos
704 1249 825 1306 aliis
872 1250 1237 1325 persecutoria
1283 1249 1593 1305 dominatur
1620 1249 1844 1305 saevitia.

276 1340 384 1396 Per
404 1341 598 1413 pardus
619 1342 928 1411 haereticos,
962 1358 1190 1414 quorum
1228 1341 1501 1398 distinctis
1529 1342 1667 1398 dolis
1697 1342 1847 1398 deci-

264 1425 357 1505 pit
376 1474 391 1499 ,
421 1433 486 1489 de
514 1449 740 1507 quorum
773 1432 1105 1505 singulorum
1134 1433 1521 1503 principalibus
1565 1432 1709 1488 Deus
1734 1432 1849 1488 suis

275 1523 517 1580 victoriae
581 1524 791 1580 confert
856 1538 1133 1581 coronam.
1182 1523 1261 1579 De
1319 1523 1570 1578 cubilibus
1620 1521 1846 1577 leonum.

275 1613 505 1681 Leonas,
551 1624 771 1687 propter
798 1615 1136 1686 superbiam,
1185 1613 1270 1671 vel
1318 1613 1647 1670 violentiam.
1682 1610 1850 1667 Pardi

274 1715 496 1775 propter
550 1706 921 1763 crudelitatem
967 1706 1051 1761 vel
1104 1707 1454 1761 variationem
1494 1704 1850 1778 malignarum

274 1794 495 1850 artium.
545 1795 807 1852 Montium
842 1798 1057 1853 nomine
1092 1799 1320 1868 superba
1356 1796 1647 1852 inﬁdelium
1687 1796 1849 1852 corda

272 1885 642 1959 designantur.

1950 698 2005 754 in
2033 698 2283 753 omnibus
2309 696 2562 768 operibus
2593 712 2707 755 suis
2728 706 2849 753 orat
2869 737 2886 765 ,
2912 712 3036 753 cum
3054 697 3194 754 bene
3217 706 3474 770 operetur
3493 737 3510 766 ,

1948 800 2069 846 cum
2116 789 2414 847 intentione
2438 788 2785 859 perveniendi
2830 789 2899 845 ad
2944 789 3110 845 Deum
3134 829 3152 855 ,
3181 790 3360 846 unde:
3387 787 3516 847 Sine

1945 881 2324 935 intermissione
2358 889 2504 933 orata
2547 878 2599 950 (Ι
2645 877 2822 934 Thess.
2866 878 2942 951 π).
2974 879 3149 950 Supra
3172 879 3390 935 nomine
3415 896 3517 936 un-

1947 981 2273 1042 guentorum,
2292 968 2492 1024 inlusio
2525 968 2700 1024 sancti
2719 967 2955 1040 Spiritus
2972 969 3293 1031 ostenditur,
3317 969 3515 1040 quibus

1949 1061 2108 1117 corda
2162 1060 2397 1117 ﬁdelium
2438 1060 2779 1117 illustrantur
2825 1067 2881 1115 et
2925 1060 2993 1115 ad
3036 1059 3318 1130 spirituaio
3342 1067 3517 1115 certa-

1947 1166 2069 1208 men
2118 1160 2488 1225 praeponatur
2519 1171 2533 1207 :
2564 1152 2834 1208 Vocabula
2871 1152 3290 1208 uestimentorum
3315 1190 3330 1216 ,
3374 1150 3516 1209 facta

1941 1243 2208 1316 iustorum
2246 1253 2519 1310 notantur,
2548 1260 2670 1316 qum
2693 1245 2827 1300 foris
2850 1253 2995 1301 sunt.
3028 1244 3181 1301 Unde
3208 1252 3263 1299 et
3293 1243 3517 1313 pulchra

1948 1339 2313 1406 distinctione,
2347 1354 2468 1410 qua
2499 1353 2598 1410 per
2642 1339 2890 1395 homines
2942 1337 3080 1393 iiunt
3120 1350 3281 1407 opera
3307 1375 3324 1399 .
3376 1335 3519 1390 thuri

1947 1440 2328 1501 comparantur
2349 1447 2365 1499 ;
2399 1446 2519 1503 qua
2537 1445 2670 1487 vero
2687 1431 2866 1487 divina
2890 1428 3175 1500 largitione
3196 1428 3330 1482 [lunt
3351 1427 3516 1492 dona,

1948 1522 2166 1577 modum
2194 1521 2616 1593 comparationis
2647 1521 2933 1577 excedunt.
2963 1517 3216 1574 Consulto
3234 1526 3519 1587 postquam

1949 1611 2157 1683 singula
2205 1613 2461 1669 Ecclesiae
2493 1614 2737 1671 membra
2784 1612 3043 1667 Dominus
3077 1608 3353 1680 sigillatim
3383 1621 3521 1678 prae-

1948 1703 2167 1770 dicavit,
2194 1705 2359 1760 etiam
2387 1714 2648 1776 unguenta
2679 1704 2873 1773 quibus
2914 1711 3026 1757 tota
3062 1709 3209 1757 esset
3237 1700 3470 1757 delibuta
3500 1736 3517 1764 ,

1950 1793 2107 1866 digna
2136 1793 2293 1850 laude
2320 1795 2682 1849 commendat.
2710 1793 2863 1848 Nulla
2891 1802 3019 1848 sunt
3038 1793 3238 1863 quippe
3258 1791 3517 1855 membra,

1949 1885 2033 1941 vel
2070 1901 2261 1957 magna
2312 1886 2396 1942 vel
2444 1900 2605 1956 parva
2637 1900 2757 1955 quas
2782 1898 2889 1939 non
2918 1882 3077 1951 hujus
3108 1882 3383 1938 unctionis
3411 1880 3520 1951 spi«

356 1954 518 2039 Vitas.
553 1981 608 2041 9.
633 1972 711 2023 —'
730 1981 1032 2038 Vulnerasti
1064 2000 1170 2038 cor.
1200 1954 1322 2041 ideo
1354 1983 1516 2045 debes
1550 1984 1764 2048 venire,
1790 1992 1845 2038 et
1870 1966 1919 2027 Β
1947 1954 2308 2033 ritualis'sint
2345 1954 2611 2033 inlusione
2638 1954 2978 2033 consecrata.
2999 1973 3263 2037 Laudavit
3287 1980 3343 2028 et
3362 1973 3521 2027 uesti-

272 2080 341 2135 de
369 2076 728 2147 acquisitione
745 2074 972 2130 aliorum
993 2075 1258 2140 laborare,
1291 2075 1417 2144 quia
1439 2076 1601 2155 diligo
1632 2085 1703 2131 te.
1727 2071 1844 2143 Vel,

275 2170 404 2226 ideo
428 2171 567 2225 dabo
600 2168 697 2224 tibi
720 2184 974 2224 coronam
996 2168 1062 2224 de
1086 2169 1396 2225 hominibus
1416 2169 1545 2233 illis,
1567 2169 1690 2239 quia
1713 2183 1849 2238 pra:-

269 2262 473 2334 parasti
504 2262 637 2317 mihi
673 2261 729 2317 in
766 2269 819 2317 te
846 2261 1023 2317 locum
1050 2262 1375 2319 dilectionis.
1405 2262 1594 2319 Omnis
1620 2270 1708 2317 tua
1733 2261 1851 2331 pul-

272 2354 530 2411 chritudo
561 2352 689 2413 mihi
720 2352 932 2425 placet,
964 2354 1057 2409 sed
1087 2354 1322 2411 maxime
1349 2353 1526 2425 placet
1555 2353 1736 2408 unitas
1765 2367 1851 2409 ca-

276 2443 509 2509 tholica,
538 2457 698 2513 quam
726 2453 781 2497 et
816 2442 870 2497 in
899 2443 1136 2515 praelatis
1163 2452 1215 2498 et
1250 2443 1303 2498 in
1332 2442 1562 2499 subditis
1598 2442 1773 2499 video.

342 2532 504 2589 Vens.
552 2533 637 2591 10.
665 2561 733 2573 -
776 2531 947 2603 Quam
975 2532 1227 2605 pulchr/1',
1284 2542 1387 2588 etc.
1442 2532 1615 2605 Supra
1654 2549 1848 2609 sponsa

272 2628 327 2681 in
349 2626 545 2682 dilecto
577 2625 743 2687 ubera
792 2623 1065 2691 laudabat,
1115 2624 1207 2681 hic
1244 2624 1469 2682 dilectus
1507 2624 1670 2681 ubera
1702 2641 1849 2682 com-

272 2718 496 2777 mendat
527 2735 540 2772 :
569 2717 625 2773 in
651 2732 758 2791 quo
789 2725 1008 2775 notatur
1050 2717 1228 2772 unitas
1267 2715 1469 2773 Christi
1494 2724 1547 2773 et
1570 2716 1848 2789 Ecclesiae,

272 2807 397 2880 quia
426 2814 552 2863 sunt
573 2806 701 2873 duo,
732 2816 789 2862 ut
817 2806 894 2865 ait
923 2805 1237 2878 Apostolus,
1270 2806 1323 2860 in
1354 2820 1519 2862 carne
1546 2823 1650 2860 una
1683 2825 1697 2861 :
1724 2806 1848 2862 ideo

273 2898 434 2959 simili
458 2898 614 2955 laude
634 2896 770 2955 alter
792 2896 1019 2951 alterum
1038 2896 1239 2953 laudat.
1254 2895 1508 2951 Doctrina
1531 2896 1845 2969 estChristi,

273 2987 399 3058 quia
432 2969 553 3041 data
606 2992 689 3041 est
729 2984 1002 3051 Ecclesiae,
1054 2987 1177 3057 quia
1223 2987 1513 3043 ministrat.
1561 2986 1628 3041 Et
1656 2988 1850 3042 merito

275 3091 399 3131 amo
427 3084 499 3142 te,
525 3076 649 3147 quia
674 3074 921 3130 doctrina
956 3084 1047 3130 tua
1074 3117 1089 3142 ,
1120 3092 1238 3149 quae
1262 3077 1569 3139 continetur
1597 3078 1650 3131 in
1687 3094 1849 3149 supe-

278 3166 513 3222 rioribus
535 3167 811 3235 uberibus,
834 3174 918 3223 est
959 3166 1183 3240 pulchra
1223 3168 1291 3223 ad
1319 3167 1737 3224 consolationem
1769 3169 1850 3223 inc

275 3246 553 3313 iirinorum
594 3264 647 3312 et
696 3259 1146 3314 sustentationem
1183 3258 1548 3330 parvulorum.
1579 3258 1845 3332 Mammw,

277 3347 491 3405 dilectio
518 3348 611 3404 Dei
645 3357 699 3404 et
732 3348 965 3421 proximi
999 3369 1012 3404 :
1042 3364 1141 3420 per
1171 3365 1304 3421 quas
1331 3366 1484 3406 mens
1513 3360 1696 3407 sancta
1728 3367 1851 3416 sen-

276 3456 368 3496 sus
403 3455 529 3497 suos
556 3441 766 3513 nutrit,
798 3441 925 3495 dum
969 3439 1078 3497 Deo
1104 3440 1366 3497 cbaritate
1410 3440 1848 3517 conglutinatur,

279 3540 335 3587 et
356 3531 619 3603 proximis
643 3572 658 3598 ,
688 3531 830 3603 quod
853 3539 1049 3603 potest,
1085 3532 1365 3607 impendit.
1397 3532 1541 3607 Quas
1590 3550 1854 3592 mammas

278 3630 539 3693 quantum
572 3637 800 3701 sponsus
827 3621 1014 3693 diligat
1043 3662 1058 3687 ,
1098 3621 1149 3675 in
1187 3622 1506 3693 repetitione
1534 3622 1708 3679 laudis
1741 3640 1855 3679 ma-

277 3709 497 3767 nifestat
523 3711 745 3766 dicens:
777 3709 1091 3765 Pulcltriora
1123 3721 1242 3765 sunt
1266 3710 1446 3778 ubera,
1469 3722 1575 3767 etc.
1606 3710 1769 3768 Odor.
1796 3710 1855 3769 Id

280 3811 363 3857 est
414 3800 735 3857 suavissima
776 3799 918 3855 fama
962 3800 1085 3856 fidei
1126 3801 1382 3873 dispersa:
1430 3818 1528 3873 per
1561 3813 1728 3859 totum
1767 3820 1857 3860 or-

278 3895 400 3950 bem
417 3934 433 3961 ,
466 3893 624 3949 latior
644 3903 727 3949 est
749 3908 915 3967 quam
942 3892 1027 3949 lex
1048 3903 1287 3967 patrum,
1312 3910 1432 3966 qua:
1456 3895 1510 3951 in
1540 3895 1651 3951 sola
1674 3892 1856 3953 Judzea

282 3994 751 4059 coangustaretur.
777 3981 947 4059 Super
967 3985 1143 4039 omnia
1172 3995 1433 4041 aromata.
1468 3986 1524 4042 ld
1557 3996 1660 4055 est,
1698 4001 1858 4056 super

282 4077 459 4133 omnia
479 4077 619 4133 bona
646 4091 831 4148 opera,
853 4091 971 4146 quae
992 4075 1193 4133 faciunt
1215 4077 1464 4146 improbi,
1487 4092 1605 4148 quae
1625 4078 1727 4135 etsi
1750 4078 1851 4135 ali-

283 4165 495 4235 quando
543 4164 853 4221 hominibus
893 4166 1148 4237 placent,
1179 4174 1359 4221 tamen
1405 4166 1515 4222 Deo
1544 4183 1815 4241 nunquam
1839 4208 1856 4236 ,

283 4257 409 4328 quia
432 4273 499 4313 ex
532 4258 797 4314 cbaritate
826 4274 933 4313 non
956 4258 1272 4333 procedunt.
1301 4258 1420 4323 Vel,
1458 4276 1621 4331 super
1645 4262 1860 4316 institu-

287 4352 458 4408 tiones
475 4351 681 4409 Veteris
705 4352 1056 4419 Testamenti,
1080 4368 1200 4425 qua:
1220 4352 1437 4409 fuerunt
1458 4354 1624 4426 ﬁgura
1643 4353 1856 4409 horum.

352 4446 516 4502 Vnus.
545 4447 631 4501 il.
655 4478 727 4488 —
761 4444 938 4502 Favus
964 4446 1248 4503 distillans.
1281 4445 1537 4519 Superius
1562 4461 1660 4519 per
1695 4445 1857 4519 labia,

286 4537 552 4605 doctores,
597 4536 687 4594 hic
722 4553 823 4609 per
850 4536 990 4593 labia
1018 4538 1132 4611 ipsa
1163 4554 1266 4594 vox
1300 4540 1602 4593 doctorum.
1630 4534 1784 4591 Unde
1806 4542 1864 4590 et

285 4629 428 4686 melli
476 4644 712 4701 congrue
761 4639 1166 4701 comparantur.
1206 4626 1409 4695 Favus,
1455 4626 1562 4682 mel
1605 4626 1661 4681 in
1710 4643 1855 4682 cera.

286 4720 387 4781 Mcl
430 4723 484 4781 in
530 4738 657 4780 cera
720 4730 806 4776 est
844 4720 1136 4795 spiritualis
1172 4720 1508 4793 eloquiorum
1544 4736 1734 4777 sensus
1775 4720 1859 4776 di-

287 4815 529 4871 vinorum
583 4815 636 4870 in
688 4814 867 4869 littera
907 4811 1212 4881 distillans,
1265 4812 1390 4885 quia
1443 4827 1582 4885 pene
1642 4812 1863 4886 singulae

288 4906 563 4962 sententiae
621 4905 817 4963 multos
868 4906 1070 4961 habent
1124 4918 1329 4959 sensus.
1380 4904 1475 4961 Vel
1531 4905 1691 4960 aliter
1738 4923 1753 4963 :
1801 4904 1858 4961 In

288 4999 410 5059 favo
453 5000 559 5063 mel
586 5001 733 5067 latet,
776 5016 899 5056 cera
947 4979 1158 5054 videtur
1202 5013 1217 5052 :
1267 4995 1405 5051 labia
1433 5011 1564 5067 ergo
1587 4997 1739 5052 favus
1763 5012 1861 5055 vo-

290 5103 520 5167 cantur,
570 5095 697 5165 quia
739 5093 883 5151 dum'
915 5092 967 5146 in
1014 5090 1196 5147 carnis
1258 5086 1545 5161 fragilitate
1597 5088 1860 5160 sapientia

292 5201 484 5261 magna
522 5187 767 5253 habetur,
800 5184 955 5259 quasi
986 5183 1092 5240 mel
1119 5184 1173 5239 in
1209 5197 1333 5239 cera
1365 5182 1726 5239 absconditur.
1755 5180 1862 5237 Mel

293 5288 341 5335 et
364 5278 449 5335 lac
475 5278 570 5339 sub
602 5278 801 5353 lingua.
835 5275 1051 5353 (Gutta)
1084 5274 1255 5333 Tanta
1296 5285 1379 5331 est
1407 5274 1701 5348 spiritualis
1748 5270 1865 5331 dul-

298 5372 427 5429 cedo
472 5371 525 5429 in
555 5372 764 5437 verbis,
800 5382 1001 5443 quanta
1053 5369 1350 5440 corporalis
1394 5378 1477 5424 est
1532 5368 1585 5423 in
1630 5366 1781 5423 melle
1816 5377 1863 5424 et

301 5463 429 5519 lacte
460 5481 478 5518 :
497 5473 551 5519 et
577 5464 680 5521 hoc
700 5464 793 5520 sub
815 5464 1017 5535 lingua,
1046 5462 1098 5521 id
1123 5470 1227 5529 est,
1272 5477 1377 5518 non
1405 5460 1621 5518 cuilibet
1654 5469 1863 5532 patens,

302 5557 393 5613 sed
422 5564 628 5615 tantum
664 5556 838 5615 bonis.
871 5555 970 5622 Qui
999 5564 1305 5625 peccantem
1337 5569 1526 5624 aspere
1553 5554 1774 5623 corripit
1812 5560 1869 5607 et

304 5645 442 5702 inter
487 5661 676 5716 aspera
722 5644 1018 5703 dulcedinis
1065 5642 1319 5717 quiddam
1356 5643 1652 5708 admiscet,
1708 5642 1869 5697 habet

304 5736 425 5802 mel,
453 5753 559 5795 non
597 5737 648 5792 in
678 5733 877 5809 lingua,
908 5734 1003 5790 sed
1033 5732 1135 5789 sub
1168 5732 1368 5807 lirgna.
1412 5732 1556 5790 Odor
1599 5733 1869 5789 testimon-

302 5829 563 5889 torum.”
583 5837 666 5885 est
682 5828 823 5887 iam
847 5826 1113 5883 bonorum
1139 5842 1383 5898 operum,
1408 5826 1601 5899 quibus
1623 5824 1865 5880 vestiun-

303 5930 407 5987 tur,
443 5935 513 5977 ne
542 5920 669 5976 nudi
710 5918 1080 5985 inveniantur,
1114 5926 1168 5975 et
1192 5918 1386 5991 quibus
1422 5917 1698 5989 turpitudo
1724 5932 1864 5988 prae-

1878 3314 1924 3379 Ο

1882 4680 1939 4745 D

1948 2079 2137 2131 menta,
2172 2069 2226 2124 id
2252 2077 2335 2125 est
2357 2083 2520 2139 opera
2554 2067 2807 2137 iustitiae,
2837 2067 2961 2138 quis
3003 2074 3059 2122 et
3082 2063 3183 2138 biel
3206 2077 3367 2121 omne
3396 2076 3520 2119 eor-

1947 2176 2048 2232 pus
2082 2161 2198 2230 ejus
2231 2168 2477 2216 ornatur.
2518 2160 2687 2215 Nemo
2713 2161 2911 2231 quippe
2942 2158 2997 2213 in
3041 2173 3106 2215 ea
3150 2158 3317 2213 vitam
3344 2170 3543 2215 ruere-.

1948 2259 2059 2318 tur,
2088 2251 2192 2307 nisi
2232 2251 2481 2322 operibus
2509 2252 2672 2323 justis
2701 2251 2939 2315 indutus,
2977 2264 3100 2319 qum
3123 2249 3209 2304 vel
3234 2249 3349 2320 ipse
3373 2246 3519 2313 fecit,

1949 2338 2033 2395 vel
2056 2340 2102 2395 si
2132 2339 2310 2396 infans
2334 2348 2472 2404 erat,
2498 2340 2588 2395 alii
2616 2354 2716 2410 pro
2743 2353 2809 2395 eo
2835 2338 3078 2395 fecerunt
3099 2378 3115 2405 ,
3142 2346 3197 2394 et
3225 2338 3279 2393 in
3305 2337 3414 2392 illo.

2018 2429 2181 2489 Vsus.
2224 2432 2312 2488 {2.
2338 2463 2410 2473 —
2438 2431 2656 2487 Hortus.
2696 2431 3102 2489 Assimilaverat
3140 2445 3259 2486 eam
3312 2429 3522 2486 mulieri

1949 2538 2049 2594 pro
2094 2522 2444 2595 perfectione,
2490 2538 2591 2593 pro
2636 2522 2994 2594 speciositate,
3044 2537 3144 2593 pro
3188 2521 3523 2593 singulorum

1950 2616 2298 2686 dispositione
2329 2615 2607 2684 graduum.
2638 2628 2736 2684 pro
2760 2613 3001 2671 decentis
3023 2610 3527 2681 unitatisuomposip

1950 2710 2114 2765 tione.
2142 2709 2245 2764 Sed
2263 2709 2388 2778 quia
2416 2722 2608 2777 parum
2633 2706 2847 2761 videtur
2868 2705 3071 2760 amanti
3090 2704 3329 2775 singulas
3340 2710 3526 2773 partes

1951 2813 2160 2870 sponsae
2208 2798 2435 2870 singulis
2488 2797 2650 2852 rebus
2701 2797 2954 2868 pretiosis
2999 2808 3301 2866 coaequare,
3348 2802 3523 2849 totum

1949 2890 2153 2962 pariter
2189 2888 2437 2960 plurimis
2496 2895 2552 2943 et
2595 2888 2844 2942 maximis
2894 2888 3175 2956 speciebus
3220 2892 3520 2958 comparat.

1950 2980 2240 3051 Comparat
2262 2980 2428 3051 igitur
2448 2979 2622 3042 horto,
2638 2993 2738 3048 pro
2758 2979 2989 3049 copiosis
3014 2992 3236 3050 operum
3258 2976 3529 3033 trudibus

1950 3072 2005 3126 in
2037 3086 2142 3141 quo
2162 3071 2279 3126 ﬁeri
2308 3081 2542 3141 quatuor
2565 3071 2864 3139 contingit:
2890 3072 2943 3126 in
2970 3071 3163 3141 primis
3183 3071 3302 3127 fons
3326 3069 3529 3141 baptis-

1951 3162 2047 3227 mi,
2064 3161 2179 3216 sine
2190 3174 2296 3231 quo
2309 3160 2485 3216 nullus
2498 3161 2741 3231 sequitur
2757 3157 2963 3215 fruetus
2978 3177 2992 3223 ;
3018 3162 3211 3216 deinde
3228 3166 3523 3231 unguenta,

1956 3254 2008 3310 id
2028 3262 2111 3310 est
2134 3254 2273 3311 dona
2307 3252 2542 3324 Spiritus
2564 3246 2758 3321 sancti,
2783 3253 2875 3324 qui
2911 3262 3039 3309 sunt
3059 3254 3235 3324 prima
3268 3253 3522 3319 fomenta,

1956 3355 2017 3402 ut
2038 3346 2202 3403 etiam
2228 3345 2450 3401 arbores
2484 3354 2734 3401 crescant
2760 3353 2817 3400 et
2860 3343 3070 3399 fruetus
3104 3343 3303 3410 ierant,
3325 3342 3529 3400 scilicet

1955 3438 2046 3494 illa
2067 3437 2121 3492 in
2138 3437 2391 3492 cordibus
2407 3436 2623 3491 rudium
2643 3436 2820 3492 adhuc
2832 3443 2886 3491 et
2898 3442 3208 3490 tenerorum
3230 3435 3524 3507 proposita,

1956 3530 2174 3601 quando
2232 3528 2536 3585 deliberant
2594 3542 2695 3599 per
2755 3528 3017 3601 Spiritum
3061 3536 3306 3589 sanctum
3332 3568 3347 3595 ,
3400 3528 3525 3599 quis

1955 3623 2155 3678 mundo
2210 3620 2597 3677 renuntiabant
2656 3629 2714 3676 et
2762 3622 2988 3676 adversa
3047 3619 3416 3684 sustinebunt,
3470 3625 3528 3676 et

1956 3712 2179 3779 similia;
2226 3720 2413 3783 postea
2455 3712 2697 3777 arbores,
2742 3711 2821 3766 illi
2864 3711 3091 3778 eisdem,
3142 3711 3227 3766 vel
3280 3710 3372 3765 alii
3411 3708 3527 3779 jam

1957 3812 2288 3869 crescentes,
2333 3802 2447 3877 jam
2490 3802 2778 3869 ﬂorentes;
2810 3802 3030 3859 tandem
3060 3800 3270 3858 fructus
3305 3801 3525 3869 maturi,

1957 3908 2189 3970 quorum
2227 3908 2452 3966 operum
2482 3894 2814 3965 perfectione
2831 3894 2945 3965 jam
2993 3894 3235 3953 reﬁcitur
3257 3894 3526 3953 Christus.

1958 3988 2065 4045 Sed
2090 3988 2179 4043 hic
2205 4002 2312 4042 non
2342 3987 2575 4052 ordinat,
2605 3987 2901 4043 secundum
2923 3986 3065 4059 quod
3086 3988 3314 4044 alterum
3351 3986 3531 4057 sequi-
3616 3996 3625 4001 '

1916 4136 1921 4141 ,
1960 4086 2047 4133 tur
2084 4085 2205 4149 post
2231 4076 2483 4145 alterum,
2532 4076 2627 4132 sed
2676 4092 2707 4132 a
2734 4077 2964 4147 digniorl
3014 4078 3219 4148 incipit,
3270 4084 3331 4132 ut
3376 4076 3530 4133 istius

1959 4184 2169 4241 sponsas
2196 4170 2592 4226 commendatio
2634 4169 2705 4225 sit
2733 4171 3049 4240 captabilior
3072 4170 3148 4225 illi
3172 4169 3264 4224 alii
3296 4183 3526 4239 sponsis,

1960 4263 2045 4319 cui
2071 4263 2230 4318 istam
2274 4261 2505 4317 intendit
2539 4262 2937 4316 commendare.
2969 4258 3113 4314 Duos
3136 4259 3323 4313 hortos
3357 4258 3528 4328 ponit.

1958 4356 2014 4411 in
2060 4368 2167 4425 quo
2194 4361 2368 4407 status
2415 4351 2521 4404 duo
2553 4348 3093 4418 contemplativorum
3136 4356 3191 4402 et
3231 4347 3527 4402 activorum

1960 4444 2259 4513 signantur,
2286 4452 2512 4510 quorum
2539 4449 2767 4508 uterque
2814 4437 3130 4504 conclusus;
3175 4439 3302 4508 quia
3340 4437 3409 4492 ab
3435 4438 3529 4494 ad-

1960 4533 2204 4590 versario
2258 4530 2437 4603 colligi
2481 4546 2589 4586 non
2646 4537 2897 4601 possunt,
2942 4529 3029 4585 vel
3073 4529 3249 4585 fructu
3302 4530 3525 4601 privari.

1962 4623 2110 4679 Multi
2147 4624 2294 4679 inter
2334 4621 2519 4679 ﬁdeles
2566 4630 2959 4677 conversantur
3002 4620 3058 4676 in
3108 4622 3303 4692 quibus
3358 4620 3529 4677 hostis

1962 4716 2125 4773 habet
2150 4717 2349 4783 locum,
2394 4716 2487 4793 sed
2538 4714 2596 4771 bi
2648 4714 2703 4769 in
2749 4713 2910 4769 horto
2951 4712 3230 4771 fructifera
3264 4730 3370 4770 non
3408 4723 3533 4771 sunt

1963 4810 2326 4881 computandi,
2354 4809 2449 4866 sed
2498 4816 2558 4863 ut
2599 4807 2749 4879 palea
2781 4804 3048 4875 ejiciendi.
3088 4804 3233 4863 Fons
3274 4810 3527 4879 signatus.

1965 4904 2098 4973 Quia
2126 4902 2383 4964 Ecclesia,
2415 4914 2533 4972 qua:
2588 4902 2750 4958 fontis
2786 4902 3002 4957 nomine
3053 4901 3381 4973 designatur,
3417 4898 3529 4970 pri-

1964 5009 2109 5049 mum
2127 5008 2292 5064 parva
2326 4993 2379 5048 in
2407 4990 2614 5057 Judaaa,
2645 5000 2833 5064 postea
2865 4992 3084 5048 dilatata
3112 4998 3196 5045 est
3224 5004 3321 5060 per
3345 4990 3529 5044 urbem

1966 5092 2254 5147 terrarum,
2298 5092 2449 5137 recte
2473 5082 2738 5137 subditur.
2766 5080 3082 5136 Emissiones
3108 5090 3213 5133 tum
3243 5095 3261 5133 :
3288 5079 3413 5149 quia
3444 5079 3531 5132 illa

1968 5190 2134 5251 parva
2172 5176 2414 5233 Ecclesia
2457 5174 2523 5231 de
2573 5172 2769 5230 Judaeis
2803 5175 2985 5244 adiuta
3035 5170 3182 5225 l‘ome
3226 5170 3531 5242 paradisum

1968 5270 2147 5326 emisit
2186 5282 2252 5324 ex
2292 5283 2371 5323 se.
2423 5265 2659 5324 Ecclesia
2702 5265 2837 5336 fons,
2869 5263 2995 5335 quia
3026 5263 3265 5317 doctrina
3310 5260 3531 5317 salutari

1968 5362 2252 5429 redundat,
2296 5358 2439 5418 unde
2488 5360 2764 5432 proximos
2802 5356 3016 5427 irrigat.
3064 5352 3340 5427 Signatus,
3406 5354 3532 5425 quia

1970 5452 2263 5530 spiritualis
2290 5466 2481 5509 sensus
2515 5449 2746 5522 indignis
2776 5446 3143 5509 absconditur,
3166 5445 3309 5500 nulla
3354 5445 3533 5498 incur-

1972 5547 2179 5604 satione
2204 5542 2470 5601 turbatur.

2041 5638 2204 5695 Vens.
2248 5636 2334 5694 13.
2368 5669 2439 5680 -
2466 5634 2808 5691 Emissianes.
2854 5632 2933 5693 id.
2968 5638 3053 5688 est
3094 5630 3298 5687 fructus
3350 5626 3491 5683 horti
3515 5667 3529 5693 ,

1970 5732 2172 5788 scilicet
2194 5746 2353 5803 opera
2382 5744 2502 5801 quae
2520 5734 2640 5801 post
2660 5725 3047 5797 plantationem
3076 5734 3131 5780 et
3168 5719 3531 5792 irrigatiouem

1968 5824 2221 5898 baptismi
2264 5823 2547 5895 prodeunt,
2594 5826 2722 5875 sunt
2766 5818 2902 5875 mihi
2928 5817 3069 5872 mala
3095 5818 3307 5889 punica,
3355 5812 3406 5869 id
3450 5822 3535 5869 est

1970 5926 2181 5974 matura
2208 5914 2451 5981 refectio,
2477 5912 2552 5969 ita
2575 5926 2663 5968 me
2673 5908 2947 5968 delectans
2958 5916 3019 5964 ut
3036 5906 3333 5982 paradisus.
3350 5902 3530 5977 Cyprii.
