4028 6332
582 468 714 526 11⁸51

1073 461 1464 518 WALAFRIDI
1503 457 1748 516 STRABI
1786 456 1988 511 FULD.
2030 451 2192 509 MON.
2229 449 2382 506 OPP.
2422 446 2600 502 PARS
2637 445 2679 500 1.
2715 474 2784 485 ——
2823 438 3272 498 THEOLOGICA.

3614 442 3718 497 “5‘!

581 581 643 638 lu
663 587 749 637 est
767 577 979 644 directi,
1005 585 1060 632 et
1081 577 1135 631 in
1160 576 1328 630 altum
1371 581 1696 638 crescentes,
1729 572 1784 626 in
1815 568 2150 624 humanitate
2177 570 2228 628 Α
2255 561 2490 632 atquein
2520 559 2684 615 vitam
2713 563 2968 610 aeternam
2997 552 3218 644 ducunt.
3259 547 3334 602 De
3360 547 3558 612 Libano,
3589 552 3631 604 id
3657 566 3730 622 est,

583 674 811 749 graciles
832 683 888 730 et
916 673 1198 735 attenuati,
1225 687 1456 742 quorum
1477 670 1729 741 operibus
1743 667 1933 738 juncta
1958 665 2143 720 chari-

585 777 694 824 tate
723 766 1015 836 inungitur
1054 765 1322 836 princeps.
1363 761 1565 834 Cyprus
1607 762 1840 816 divinam
1895 758 2146 828 gratiam,

588 857 783 912 nardus
829 855 1158 911 Dominicam
1202 854 1541 924 passionem,
1593 867 1776 905 crocus
1819 848 2171 904 charitatem'

586 948 858 1020 exprimit.
885 946 1089 1018 Cyprus
1130 953 1214 1000 est
1258 948 1313 998 in
1351 942 1584 1014 IEgypto
1633 940 1921 995 aromatica
1967 937 2146 1000 arbor,

587 1038 790 1093 semine
814 1036 1040 1091 candido
1065 1043 1120 1090 et
1145 1033 1434 1097 odorifero,
1477 1033 1616 1102 quod
1661 1031 1910 1098 coquitur
1939 1029 1993 1081 in
2033 1026 2151 1082 oleo

586 1139 642 1185 et
664 1129 1004 1198 exprimitur,
1035 1127 1158 1182 inde
1193 1133 1519 1198 unguentum
1549 1123 1725 1194 regale
1755 1121 1918 1193 (quod
1957 1133 2152 1188 cyprus

587 1219 802 1291 dicitur)
837 1228 1076 1288 paratur.
1105 1217 1196 1272 Sic
1233 1218 1287 1271 in
1315 1215 1550 1271 tenebris
1575 1213 1731 1284 hujus
1753 1211 1932 1265 mundi
1959 1207 2154 1262 divina:

588 1311 774 1382 gratiae
796 1310 1096 1364 benedictio
1118 1309 1172 1363 in
1204 1307 1528 1379 pinguedine
1557 1303 1836 1360 charitatis
1865 1301 2156 1370 suscipitur

591 1408 646 1456 et
675 1398 914 1470 .ﬁatrmis
962 1400 1313 1454 tentationum
1357 1397 1632 1468 probatur,
1675 1394 1868 1464 quibus
1922 1393 2156 1447 sociatur

587 1494 791 1550 nardus
811 1492 976 1547 herba
991 1491 1226 1556 humilis,
1253 1490 1305 1544 id
1323 1498 1408 1545 est
1430 1490 1561 1543 ﬁdes
1585 1486 1872 1541 Dominicaa
1891 1481 2156 1554 passionis

587 1597 644 1642 et
695 1587 943 1642 imitatio.
990 1581 1342 1651 Conjungitur
1388 1595 1515 1650 ergo
1569 1595 1754 1647 cyprus
1807 1575 1991 1637 nardo,
2034 1587 2156 1627 cum

592 1677 771 1733 divina
819 1677 992 1748 gratia
1041 1673 1309 1729 confortat
1349 1686 1446 1724 nos
1489 1667 1720 1737 compati
1757 1665 1990 1720 Christo.
2021 1662 2156 1717 Item

593 1769 794 1824 nardus
839 1780 998 1821 croco
1044 1765 1324 1833 jungitur:
1385 1775 1505 1814 cum
1551 1761 1603 1812 in
1654 1757 1918 1812 charitate
1956 1753 2156 1808 Christi

590 1865 818 1912 mortem
846 1857 1074 1910 libenter
1098 1852 1411 1920 accipimus.
1443 1847 1659 1901 Nardus
1695 1855 1778 1900 est
1816 1844 2063 1900 redoleas
2102 1852 2156 1898 et

2252 653 2318 707 de
2345 653 2458 722 ipsa
2487 647 2747 709 Ecclesia,
2773 658 2891 714 quae
2918 649 2974 695 et
3008 639 3236 696 candida
3265 648 3348 693 est
3370 653 3459 707 per
3481 641 3730 699 munditiam

2252 742 2398 806 ﬁdei,
2423 751 2478 796 et
2497 739 2604 794 alta
2628 752 2726 807 per
2751 737 3009 790 virtutum
3047 731 3300 803 gratiam.

2327 833 2486 888 Vsus.
2514 830 2601 885 16.
2618 859 2684 869 -
2710 825 2893 896 Surge.
2923 824 3132 878 Etcum
3164 820 3289 877 talis
3308 821 3377 876 sit
3396 822 3585 888 hortus,
3607 840 3731 894 surge,

2251 929 2305 983 id
2331 937 2436 992 est,
2470 924 2682 979 discede
2718 921 2800 974 vel
2849 920 3120 987 impngna.
3173 913 3356 984 Surge.
3405 913 3554 970 Horto
3582 922 3736 974 consito

2253 1029 2307 1074 et
2335 1019 2573 1088 irrigato,
2603 1014 2839 1069 restabat
2867 1019 2926 1064 ut
2966 1009 3220 1064 omnibus
3253 1006 3470 1060 ﬁrmiter
3489 1015 3538 1060 et
3553 1009 3737 1064 ordinate

2253 1108 2583 1179 compositis,
2627 1117 2966 1174 nequaquam
2995 1098 3322 1154 adversariis
3370 1096 3516 1161 illius,
3559 1102 3737 1155 tentandi

2254 1207 2539 1270 negaretur
2573 1209 2843 1258 accessus,
2874 1190 2969 1246 sed
3015 1188 3197 1259 potius
3232 1195 3612 1252 monstraretur,
3652 1191 3739 1259 quia

2255 1304 2362 1360 quo
2388 1287 2613 1357 amplius
2632 1284 2986 1355 ﬁagellantur,
3013 1295 3078 1335 eo
3099 1277 3536 1348 ampliusinterna
3549 1276 3739 1334 ﬂuctuum

2257 1381 2400 1436 illius
2428 1378 2662 1432 suavitas
2683 1376 2956 1446 panditur.
2985 1371 3041 1426 In
3081 1370 3347 1441 aquilone,
3366 1369 3537 1423 mundi
3557 1368 3738 1436 adversa;

2258 1473 2312 1527 in
2340 1482 2539 1536 austro,
2570 1468 2934 1524 blandimenta
2967 1463 3230 1534 intellige,
3257 1462 3380 1531 quia
3411 1462 3597 1533 gemina
3625 1477 3742 1533 expu-

2259 1563 2512 1633 gnatione
2535 1561 2792 1630 probatur
2828 1557 3086 1611 Ecclesia.
3116 1551 3304 1623 Surge,
3332 1554 3651 1622 permittentis
3671 1564 3741 1617 est,

2258 1670 2364 1709 non
2409 1650 2739 1722 imperantis.
2787 1649 2982 1719 Per/Ia.
3020 1646 3176 1700 Alter
3236 1645 3490 1709 vexando,
3537 1645 3648 1698 alter
3688 1662 3743 1699 rc-

2257 1744 2508 1799 creando.
2556 1740 2756 1811 Perﬂa,
2812 1741 2865 1794 id
2917 1747 3022 1801 est,
3074 1737 3226 1792 infer
3274 1735 3650 1798 tribulationem,
3690 1735 3744 1787 vel

2258 1833 2649 1905 persequendo,
2673 1840 2734 1885 ut
2760 1829 2998 1886 Ecclesia
3031 1829 3082 1882 in
3118 1835 3350 1896 utroque
3375 1827 3564 1896 pulsata
3591 1834 3634 1880 et
3657 1841 3743 1895 pm-

590 1947 794 2011 calens,
831 1944 1169 2014 cet-significat
1189 1918 1525 1996 charitatem.
1553 1937 1746 1992 crocus
1769 1945 1852 1992 est
1890 1935 2040 1990 aurei
2065 1949 2156 1990 co.
2183 1921 2230 1980 B
2257 1924 2380 1978 bata
2409 1925 2602 1978 mirum
2626 1923 2845 1976 odorem
2867 1920 3192 1975 constantia:
3219 1933 3330 1973 suae
3350 1927 3402 1972 et
3422 1918 3745 1972 abundantioris

591 2037 723 2092 loris
743 2046 797 2092 et
825 2035 1090 2107 signiﬁcat
1118 2035 1294 2088 divina
1325 2031 1584 2102 sapientia
1615 2030 1867 2084 imbutos.

589 2160 614 2186 .-
661 2126 820 2181 Vnus.
852 2123 1220 2180 H.—Fistula
1242 2133 1290 2177 et
1317 2123 1722 2176 cinnamomum.
1741 2116 1943 2171 Fistula
1969 2131 2089 2186 qua:
2105 2123 2162 2171 et

590 2218 753 2282 casia,
787 2217 950 2272 arbor
963 2213 1387 2277 aromatica,sed
1411 2226 1576 2281 parva
1609 2227 1621 2263 :
1648 2218 1732 2263 est
1753 2217 1931 2262 autem
1954 2205 2159 2262 robusti

591 2307 808 2362 corticis
834 2317 886 2362 et
909 2305 1185 2377 purpurei,
1207 2319 1326 2373 quae
1345 2303 1411 2356 ad
1435 2301 1701 2356 curandas
1728 2299 1995 2354 viscerum
2039 2311 2159 2352 mo—

588 2399 774 2454 lestias
829 2400 995 2462 valet,
1037 2413 1156 2468 quae
1195 2411 1293 2466 pro
1331 2394 1413 2454 sui
1455 2393 1718 2447 brevitate
1767 2407 1797 2444 a
1841 2388 2162 2459 quibusdam

593 2489 734 2546 inter
782 2489 981 2546 herbas
1037 2485 1340 2542 odoriferas
1397 2493 1698 2554 reputatur,
1751 2495 1870 2551 quae
1932 2477 2162 2534 humiles

591 2582 783 2651 spiritu
813 2581 1100 2652 signiﬁcat,
1129 2594 1250 2650 quae
1275 2576 1565 2632 Dominicae
1588 2574 1852 2644 passionis
1873 2561 2174 2637 memores,

593 2673 660 2726 ad
683 2671 990 2741 patiendum
1011 2685 1109 2741 pro
1128 2669 1356 2724 Domino
1386 2675 1508 2722 sunt
1540 2665 1734 2735 parati.
1763 2662 2163 2718 Cinnamomum

597 2768 683 2816 est
695 2760 874 2816 brevis
886 2760 1063 2822 arbor,
1085 2761 1177 2813 sed
1193 2756 1461 2812 odorifera
1475 2765 1529 2809 et
1545 2755 1738 2819 dulcis,
1752 2753 1952 2808 cinerei
1968 2750 2164 2805 coloris

590 2851 658 2906 ad
675 2851 952 2906 medicinae
973 2865 1129 2905 usum
1142 2849 1332 2906 ﬁstulae
1345 2847 1503 2918 duplo
1517 2855 1798 2916 przestans.
1817 2844 1881 2897 Et
1895 2830 2166 2913 signiﬁcat

592 2939 816 3010 illos'qui
831 2955 898 3020 se
924 2941 1165 2996 inﬁrmos
1185 2947 1458 3009 reputant,
1473 2951 1702 3007 quorum
1724 2933 2001 2990 humilitas
2022 2932 2163 3002 apud

591 3031 760 3086 Deum
808 3030 1140 3086 dulcedinem
1190 3031 1352 3084 habet
1406 3039 1459 3082 et
1501 3027 1735 3082 laudem.
1781 3025 1847 3080 Et
1871 3025 2008 3079 bene
2042 3030 2163 3094 post

594 3120 830 3176 ﬁstulam
880 3136 1204 3192 purpuream
1245 3122 1463 3190 ponitur
1512 3120 1914 3174 cinnamomum
1963 3115 2165 3170 cinerei

597 3211 824 3277 coloris;
853 3213 976 3282 quia
999 3227 1098 3282 per
1125 3211 1550 3266 recordationem
1583 3208 1876 3263 Dominica)
1898 3207 2164 3277 passionis

2259 2015 2473 2070 virtutis
2500 2015 2696 2084 ubique
2729 2011 3016 2076 diﬂ'undat,
3050 2021 3108 2065 et
3145 2011 3200 2064 in
3248 2009 3354 2063 ﬁne
3401 2008 3567 2062 mundi
3600 2009 3745 2078 pesitos

2260 2105 2605 2164 inenarrabili
2639 2103 2934 2176 fragrantia
2963 2118 3076 2158 sua:
3113 2099 3396 2156 suavitatis
3425 2097 3628 2156 satiabit.

2891 2232 3125 2290 CAPUT
3165 2233 3232 2286 ν.

2332 2375 2494 2431 Vens.
2525 2376 2662 2429 1.-
2698 2371 2887 2429 Veniat
2907 2353 3284 2439 dilectusQQui
3320 2370 3551 2441 promisit
3577 2384 3623 2424 se
3653 2370 3748 2421 futu-

2261 2483 2381 2522 rum
2410 2483 2608 2522 mecum
2627 2479 2792 2527 usque
2823 2464 2894 2518 ad
2919 2462 3418 2518 consummationem
3443 2459 3614 2522 circuli,
3639 2457 3747 2512 modo

2261 2573 2384 2614 cum
2411 2558 2582 2628 magis
2605 2557 2816 2621 indigeo
2839 2553 3031 2626 majori
3056 2553 3256 2624 gratia,
3287 2568 3372 2607 me
3412 2551 3586 2604 visitet;
3623 2547 3747 2600 Veniat

2262 2649 2500 2703 dilectus.
2544 2649 2781 2703 Audiens
2807 2644 3046 2701 Ecclesia
3089 2659 3154 2698 se
3196 2641 3559 2698 tentationibus
3582 2638 3745 2707 proban-

2263 2742 2419 2805 dam,
2475 2738 2764 2809 provisioni
2819 2736 3001 2791 dilecti
3049 2751 3162 2789 non
3204 2732 3510 2790 contradicit
3548 2749 3559 2785 :
3605 2728 3747 2782 sedne

2265 2839 2571 2902 superetur,
2617 2827 2875 2882 auxilium
2907 2825 3048 2881 illius
3099 2825 3315 2894 quaerit,
3369 2822 3454 2892 qui
3495 2835 3582 2874 non
3610 2818 3746 2888 patitur

2265 2937 2356 2975 nos
2384 2919 2573 2974 tentari
2602 2933 2762 2988 supra
2808 2915 2861 2969 id
2891 2915 3030 2986 quod
3057 2929 3354 2984 possumus.
3383 2910 3428 2983 (ι
3453 2909 3562 2964 Cor.
3584 2906 3646 2974 ι.)
3669 2904 3745 2963 Vel.

2263 3022 2441 3084 potest
2495 3027 2560 3066 ex
2606 3024 2738 3065 voce
2787 3008 3159 3080 perfectorum
3211 3008 3290 3062 sic
3349 3003 3570 3073 intelligi.
3622 2997 3746 3051 Veniat

2265 3104 2504 3158 dilectus.
2538 3103 2703 3171 Quasi
2737 3119 2748 3154 :
2778 3101 2931 3156 Sicut
2982 3115 3104 3154 eum
3155 3114 3365 3168 semper
3388 3095 3641 3164 diligimus,
3660 3089 3695 3143 ei
3715 3099 3747 3140 et

2268 3197 2470 3251 servire
2496 3211 2748 3250 curamus
2779 3213 2792 3247 :
2821 3194 2898 3248 sic
2927 3193 3120 3262 ipsein
3159 3189 3528 3246 tentationibus
3549 3200 3634 3240 non
3651 3181 3745 3235 sinat

595 3309 769 3365 oritur
825 3309 978 3364 nobis
1009 3309 1290 3377 despectus
1339 3315 1536 3360 nostra:
1581 3305 1812 3359 virtutis.
1856 3302 2058 3357 Fistula
2113 3308 2168 3354 et
2194 3278 2238 3341 Ο
2270 3305 2368 3342 "05
2393 3303 2561 3357 usque
2576 3289 2642 3372 13d
2667 3284 2932 3342 ἀθίυοωηι
2963 3287 3204 3354 concuti,
3235 3285 3449 3354 δθάἱίυιι
3472 3272 3745 3377 Γθδάξθί¹¹⁰δί⁵

593 3401 993 3457 cinnamomum
1028 3399 1083 3453 in
1107 3401 1264 3452 horto
1303 3412 1425 3451 cum
1452 3395 1610 3467 lignis
1643 3394 1832 3448 Libani
1863 3393 2160 3463 prodeunt:

595 3490 721 3560 quia
752 3490 804 3542 in
829 3488 1088 3552 Ecclesia,
1117 3487 1210 3558 qui
1243 3486 1474 3541 humiles
1494 3495 1552 3540 et
1574 3485 1844 3555 patientes
1872 3491 2020 3548 sunt,
2042 3497 2166 3536 cum

597 3581 720 3644 illis,
748 3581 839 3651 qui
861 3579 1156 3636 Ecclesiam
1187 3579 1532 3650 prmdicando
1560 3577 1645 3632 vel
1665 3577 1894 3631 virtutes
1920 3575 2166 3630 faciendo

598 3673 871 3734 muniunt,
933 3671 1162 3742 palmam
1223 3670 1592 3726 retributionis
1651 3676 1984 3739 exspectant.
2036 3667 2166 3721 Cum

597 3763 850 3816 universis
878 3761 1053 3834 lignis.
1088 3763 1238 3818 Sicut
1275 3762 1449 3815 ﬁstula
1497 3769 1551 3816 et
1589 3761 2012 3823 cinnamomum,
2065 3758 2167 3811 hu-

597 3849 753 3904 miles
781 3859 1090 3906 sanctorum
1137 3851 1528 3922 cogitationes:
1573 3851 1654 3904 sic
1687 3857 1741 3902 et
1781 3847 1922 3919 ligna
1943 3845 2166 3909 Libani,

602 3953 724 4007 qua:
764 3941 873 3995 alta
929 3952 984 3996 et
1029 3942 1245 3996 robusta
1287 3952 1447 4008 sunt,
1498 3943 1868 3996 demonstrant
1914 3939 2170 3993 sublimes

601 4041 912 4085 sanctorum
938 4033 1179 4088 actiones
1201 4041 1258 4086 et
1281 4034 1572 4087 orationes.
1596 4032 1812 4102 Myrrha
1841 4029 2170 4100 imputribile

605 4121 780 4176 reddit
821 4136 1038 4191 corpus,
1069 4131 1124 4177 et
1149 4123 1416 4192 signiﬁcat
1460 4122 1578 4176 illos
1611 4121 1702 4190 qui
1733 4120 2091 4174 amaritudine
2117 4126 2173 4172 et

601 4211 859 4282 patientia
901 4228 1096 4282 corpus
1132 4229 1285 4268 suum
1319 4213 1547 4268 reddunt
1589 4227 1838 4266 securum
1866 4227 1897 4264 a
1938 4209 2171 4264 motibus

602 4304 912 4361 carnalibus
974 4313 1029 4358 et
1075 4305 1142 4358 ab
1198 4305 1343 4359 omni
1393 4304 1616 4358 adversa
1653 4311 1824 4372 parte.
1873 4303 2002 4356 Aloc
2062 4317 2168 4356 non

602 4401 806 4448 tantam
833 4395 940 4448 vim
963 4395 1146 4460 habet,
1171 4403 1427 4464 quantam
1447 4395 1682 4465 myrrha,
1713 4394 1807 4449 sed
1833 4402 2010 4448 tamen
2029 4393 2173 4448 valet

604 4492 789 4538 contra
819 4485 1174 4553 putredinem.
1215 4485 1429 4538 Primis.
1454 4484 1509 4538 ld
1547 4493 1647 4550 est,
1678 4498 1801 4538 cum
1829 4483 2171 4538 charismati-

603 4574 705 4628 bus
734 4574 988 4628 virtutum
1007 4574 1495 4630 excellentioribus.
1529 4573 1595 4627 Et
1613 4573 1838 4643 pulchra
1865 4573 2168 4642 conjunctio

601 4665 890 4720 herbarum
941 4675 995 4721 et
1039 4667 1289 4721 arborum
1333 4683 1453 4721 cum
1495 4665 1829 4735 unguentis:
1869 4666 1991 4732 quia
2041 4666 2165 4718 dum

603 4772 822 4812 carnem
865 4773 896 4810 a
932 4757 1152 4812 lascivia
1196 4758 1552 4819 refrenamus,
1609 4769 1943 4823 consequens
1986 4762 2066 4807 est
2110 4765 2169 4806 ut

607 4848 810 4916 majora
846 4847 987 4900 dona
1023 4847 1244 4917 spiritus
1274 4848 1648 4918 suscipiamus.
1683 4845 1742 4900 lu
1780 4845 1936 4914 horto
1959 4843 2168 4898 Domini

604 4937 882 5002 concluso,
910 4937 1051 4993 inter
1071 4937 1176 4992 alia
1203 4938 1466 4992 nascitur.

675 5035 839 5089 Vitas.
889 5034 974 5089 15.
1016 5065 1082 5076 ——-
1118 5033 1260 5090 Fons
1310 5035 1602 5090 hortorum.
1647 5034 1750 5101 Qui
1801 5032 1868 5089 de
1903 5033 2174 5104 primitiva

607 5123 842 5179 Ecclesia
867 5125 1130 5196 processit
1149 5126 1202 5180 in
1224 5126 1480 5180 mundum
1503 5127 1745 5181 doctrina
1776 5125 2032 5189 cmlestis,
2055 5139 2174 5193 qua:

606 5217 789 5286 plures
807 5218 1086 5282 ecclesias,
1119 5218 1326 5273 scilicet
1361 5219 1549 5273 hortos
1593 5226 1922 5288 procrearet.
1952 5217 2026 5270 De
2065 5232 2173 5286 quo

607 5306 757 5362 fonte
783 5309 917 5363 bene
945 5308 1278 5364 subinfertur
1309 5325 1323 5361 :
1354 5305 1552 5362 Puteus
1574 5324 1830 5380 aquarum
1859 5309 2164 5373 nitentium,

609 5403 734 5472 quia
755 5403 942 5458 eadem
973 5403 1216 5459 doctrina
1251 5401 1528 5468 Ecclesiae,
1552 5411 1607 5458 et
1636 5402 1753 5472 fons
1779 5404 2047 5457 hortorum
2065 5411 2169 5468 est,

608 5495 738 5567 quia
762 5493 1067 5566 spiritt'aici
1098 5492 1305 5552 fluctus
1330 5495 1520 5566 gignit,
1551 5494 1604 5548 in
1633 5493 1718 5548 his
1743 5509 1878 5562 quos
1915 5492 2171 5546 instruit:

607 5593 664 5642 et
706 5595 891 5657 puteus
919 5595 1001 5642 est
1055 5596 1272 5658 propter
1317 5586 1528 5642 occulta
1568 5587 1822 5657 mysteria
1874 5600 1993 5654 quae
2047 5584 2176 5640 solis

610 5679 814 5736 sanctis
841 5695 940 5748 per
966 5680 1346 5734 revelationem
1380 5680 1553 5734 sancti
1577 5677 1812 5747 Spiritus
1847 5678 2172 5745 panduntur.

611 5771 881 5841 Aquarum
908 5771 1207 5836 uiuentium,
1239 5780 1460 5842 propter
1481 5771 1664 5825 divina
1699 5769 1934 5838 eloquia,
1961 5783 2081 5837 qua:
2111 5768 2176 5820 de

617 5859 978 5914 invisibilibus
1039 5859 1234 5914 divinae
1282 5858 1468 5927 gratia:
1530 5858 1797 5914 thesauris
1851 5858 2176 5925 procedunt,

2273 3367 2706 3448 mercedem—piae
2731 3377 3052 3432 devotionis.
3097 3377 3230 3432 Veni
3269 3379 3321 3428 in
3346 3377 3552 3428 hortum.
3576 3367 3746 3437 Sponsus

2267 3469 2537 3525 desiderio
2575 3468 2825 3524 Ecclesia:
2850 3469 3204 3538 respondens,
3233 3468 3415 3524 eadem
3442 3479 3545 3533 qua:
3566 3457 3746 3530 peteban-

2271 3570 2376 3626 tur,
2406 3577 2464 3615 se
2483 3560 2596 3632 jam
2627 3560 2822 3616 fecisse
2851 3568 3112 3614 testatur:
3149 3559 3291 3614 unde
3328 3553 3548 3612 extranei
3587 3547 3744 3604 multum

2270 3653 2325 3708 in
2367 3668 2605 3708 amorem
2640 3652 2808 3722 ipsius
2853 3661 3076 3722 possunt
3124 3649 3368 3705 accendi.
3407 3644 3540 3707 Veni,
3571 3646 3745 3696 errantes

2273 3742 2617 3813 corrigendo,
2647 3742 2889 3795 inﬁrmos
2911 3741 3268 3805 sublevando,
3307 3739 3438 3793 bona
3466 3741 3745 3806 agentcscon-

2271 3831 2554 3896 ﬁrmando,
2607 3839 2845 3884 maturos
2891 3845 3102 3884 mecum
3167 3831 3220 3884 in
3271 3828 3446 3898 requie
3496 3814 3744 3877 collocando.

2273 3921 2490 3975 Messui.
2519 3919 2760 3988 Quadam
2805 3919 2942 3975 falce
2975 3922 3167 3975 mortis
3199 3921 3266 3974 ab
3295 3921 3393 3974 hac
3443 3916 3539 3970 vita
3571 3905 3744 3981 pracidi.

2271 4023 2325 4068 et
2362 4015 2416 4068 in
2458 4013 2674 4068 cellaria
2703 4013 3048 4068 beatitudinis
3080 4012 3330 4083 perduxi.
3382 4005 3571 4062 Comedi
3606 4000 3744 4069 fartim.

2271 4106 2377 4162 Per
2403 4107 2597 4178 favum,
2629 4107 2721 4176 qui
2765 4107 2818 4161 in
2847 4107 3142 4176 Scripturis
3186 4104 3502 4160 dulcedinem
3531 4088 3746 4178 spiritualis

2272 4176 2632 4270 intelligentia:
2660 4207 2925 4268 quaerunt,
2955 4208 3011 4252 et
3046 4198 3167 4251 aliis
3193 4194 3502 4255 dilucidant;
3549 4200 3626 4258 per
3664 4176 3743 4238 πιεῖν

2271 4294 2364 4364 qui
2395 4292 2581 4361 epulas
2611 4292 2775 4346 divini
2807 4292 2953 4346 verbi
3004 4290 3106 4346 sibi
3143 4290 3410 4362 appositas
3451 4283 3745 4340 libentia-gus-

2272 4392 2412 4448 tant,
2425 4392 2481 4436 et
2505 4383 2588 4436 his
2607 4382 2982 4436 insatiabiliter
3001 4382 3142 4435 vesci
3161 4379 3488 4440 desiderant;
3511 4386 3590 4444 per
3609 4368 3742 4420 rinam.

2271 4475 2440 4530 fortes
2464 4475 3200 4548 cmlestiumgprmdicatores;
3251 4487 3348 4542 per
3390 4469 3482 4530 lac,
3508 4451 3746 4548 inﬁrmi

2275 4568 2382 4622 huc
2416 4565 2712 4630 auditores,
2766 4540 2857 4634 qui
2885 4564 3010 4618 licet
3058 4540 3285 4618 diversis
3322 4557 3590 4615 studiorum
3626 4540 3742 4599 modis

2275 4661 2600 4730 discrepent,
2647 4674 2752 4712 una
2811 4668 2987 4712 tamen
3041 4671 3287 4728 supernae
3334 4640 3744 4730 retributionis

2273 4767 2622 4817 communes,
2667 4766 2930 4821 supernus
2969 4750 3172 4804 arbiter
3229 4744 3492 4816 approbat.
3535 4725 3742 4821 Comcditt',

2273 4843 2450 4895 amici.
2503 4839 2618 4894 Non
2671 4840 2841 4895 solum
2883 4840 2994 4909 ipse
3032 4838 3135 4908 piis
3179 4837 3460 4891 electorum
3489 4812 3745 4909 actibus-d6"

2277 4933 2506 4988 lectatur
2539 4947 2555 4986 :
2583 4933 2677 4988 sed
2704 4933 2868 4986 etiam
2900 4907 3147 4985 hortatur
3188 4927 3368 4982 ﬁdeles
3399 4921 3458 4976 ad
3485 4907 3740 4983 congauden-

2279 5029 2406 5082 dum
2432 5043 2592 5097 super
2615 5026 2704 5081 tali
2735 5025 3002 5088 convivio,
3035 5021 3328 5090 utam!)lius
3357 5019 3484 5071 ίηίετ
3505 5024 3554 5065 se
3572 5007 3740 5097 “inuia?

2279 5087 2580 5173 dilectionis
2612 5132 2794 5172 curam
2848 5087 3158 5176 exhibeant,
3197 5087 3266 5164 et
3315 5107 3529 5162 minores
3573 5087 3680 5176 ΨΜ
3706 5087 3738 5135 in

2279 5209 2568 5280 majoribus
2587 5208 2835 5271 viderint,
2865 5206 3174 5260 memoriter
3211 5199 3400 5256 imitari
3421 5193 3641 5262 satagunt.

2279 5268 2544 5366 briamini,
2589 5268 2899 5352 charissimi.
2943 5295 3159 5368 (Geram)
3209 5295 3334 5348 Post
3380 5297 3542 5360 potum
3587 5268 3737 5368 gaudii:

2281 5391 2424 5460 ipsas
2445 5391 2668 5444 virtutes
2691 5362 2961 5442 honorum
2972 5362 3330 5446 retractando,
3354 5362 3739 5460 torporem‘menm

2284 5486 2553 5549 discutite,
2584 5493 2638 5538 et
2686 5483 2753 5537 ad
2808 5496 3045 5536 amorem
3092 5489 3401 5535 aeternorum
3429 5457 3737 5549 accentui?“

2279 5581 2492 5651 porales
2517 5594 2703 5650 pmnas
2722 5593 2828 5632 non
2846 5574 3118 5641 sentiatis;
3143 5573 3278 5628 sicut
3301 5553 3566 5626 ebrius.‘l“i

2257 5674 2418 5748 citur
2443 5671 2680 5726 omnium
2705 5667 3076 5738 temporalium
3102 5684 3116 5730 ;
3159 5659 3396 5720 comedit,
3426 5666 3510 5730 nec
3535 5639 3733 5748 53mm:

2279 5765 2369 5834 qui
2401 5763 2587 5834 epulas
2631 5763 3030 5832 Scripturarnm
3062 5758 3262 5822 didicit,
3284 5728 3521 5826 justorum
3558 5717 3731 5834 ereti-ltili

2286 5858 2470 5922 novit,
2499 5872 2597 5911 nec
2624 5865 2799 5910 tamen
2829 5854 2994 5909 vitam
3023 5851 3289 5915 correxit;
3310 5843 3446 5904 bibit,
3471 5843 3517 5890 et
3541 5838 3624 5883 non
3653 5823 3731 5869 ωδ·
