4028 6332
303 436 445 492 H55

1085 429 1356 488 GLOSSA
1394 425 1788 486 0RDINARIA.
1830 451 1898 466 -
1935 423 2287 482 CANTICUM
2320 423 2788 482 CANTICORUM.

3418 424 3556 482 1154

300 547 529 612 briatur,
560 545 650 615 qui
695 554 962 616 praecepta
1010 543 1132 598 vitze
1185 543 1526 600 lmtabundus
1576 541 1746 607 audit,
1779 539 1876 596 sed
1907 542 1961 602 Α
1986 541 2118 596 dens
2147 542 2213 596 de
2242 542 2450 597 cmlesti
2476 542 2750 598 intellectu
2778 541 2837 597 in
2867 555 2963 597 sua
2987 542 3348 599 exsultatione
3373 545 3554 600 turba-

301 639 371 695 ad
399 638 664 708 implenda
702 637 853 708 piger
877 645 1134 692 remanet.

275 765 287 778 .
371 727 536 784 Vsus.
567 728 620 782 2.
649 759 716 768 -
743 727 856 798 Ego
886 729 1108 781 dormio.
1143 727 1382 783 Ecclesia
1420 726 1702 798 gentilium
1733 725 1879 780 mul-

304 819 560 892 tipliciter
617 819 992 876 commendata
1051 833 1119 873 ne
1175 835 1370 873 secura
1438 817 1879 886 praedicationem

301 914 563 980 dimittat,
591 921 646 967 et
689 912 786 968 soli
811 911 1254 982 contemplationi
1298 911 1558 976 intendat,
1587 908 1884 981 iniungitur

301 1011 350 1065 ei
407 1011 474 1065 de
527 1009 752 1064 aliorum
785 1007 1212 1062 conﬁrmatione.
1274 1006 1342 1060 Et
1389 1005 1476 1061 hic
1521 1004 1632 1076 agit
1683 1003 1748 1059 de
1792 1002 1881 1057 illa

301 1101 643 1157 successione
679 1098 954 1165 Ecclesiae,
999 1116 1120 1170 qua:
1156 1108 1239 1154 est
1278 1099 1330 1152 in
1363 1099 1466 1152 hoc
1498 1095 1748 1166 praesenti
1785 1112 1882 1151 sa:-

299 1193 440 1257 culo,
480 1193 548 1247 ab
571 1193 661 1248 illo
688 1191 894 1248 scilicet
931 1201 1192 1262 tempore,
1209 1207 1317 1262 quo
1339 1189 1615 1260 plenitudo
1642 1188 1878 1258 gentium

301 1285 596 1341 intraverat
645 1300 818 1354 usque
869 1285 936 1338 ad
993 1284 1152 1338 ﬁnem
1211 1283 1418 1347 mundi,
1471 1280 1684 1351 quando
1711 1279 1880 1335 Judaei

287 1376 611 1442 intrabunt;
643 1384 698 1432 et
719 1376 806 1430 hic
831 1391 961 1441 non,
988 1375 1200 1429 videtur
1226 1373 1369 1428 mitti
1427 1373 1494 1428 ad
1540 1372 1880 1427 omnimodos

299 1466 564 1532 inﬁdeles,
601 1469 692 1523 sed
739 1468 919 1538 potius
949 1467 1016 1520 ad
1057 1481 1149 1520 eos
1192 1464 1576 1528 exhortandus,
1619 1463 1707 1534 qui
1758 1470 1883 1516 sunt

300 1559 464 1628 tepidi
485 1561 538 1614 in
561 1559 825 1624 Ecclesia,
847 1567 903 1612 et
929 1557 1060 1612 dicit
1088 1557 1270 1626 itaque
1315 1557 1427 1626 ipsa
1457 1553 1697 1608 Ecclesia
1726 1571 1736 1604 :
1765 1551 1878 1621 Ego

307 1647 531 1702 dormio.
558 1649 714 1718 Aperi
731 1647 878 1712 mihi,
901 1662 1052 1700 soror
1087 1662 1224 1710 mea,
1251 1653 1356 1698 etc.
1391 1643 1564 1713 Surge
1585 1641 1652 1695 ab
1690 1641 1800 1694 otio
1825 1647 1880 1693 et

299 1737 480 1806 quiete
513 1737 1002 1807 contemplationis,
1053 1745 1108 1791 et
1145 1735 1292 1805 aperi
1351 1735 1536 1798 corda,
1570 1741 1629 1786 ut
1656 1731 1880 1786 remotis

300 1830 555 1884 vitiorum
594 1829 887 1884 obstaculis
932 1828 1108 1882 lucem
1163 1827 1411 1881 veritatis
1455 1824 1740 1895 perspicue
1785 1822 1880 1876 ad-

298 1924 534 1978 mittant.
585 1923 662 1978 De
715 1921 977 1992 sanguine
1025 1935 1186 1985 meo,
1241 1936 1390 1973 soror
1443 1935 1600 1982 mea;
1653 1931 1874 1971 accessu
1905 1897 1953 1956 Β

299 2032 439 2080 meo,
467 2015 706 2086 proxima
739 2031 854 2068 mea
877 2031 896 2079 ;
921 2013 989 2068 de
1033 2013 1223 2082 spiritu
1269 2025 1388 2066 meo
1407 2051 1421 2074 ,
1450 2009 1690 2063 columba
1718 2023 1872 2072 mea;

299 2108 364 2162 de
409 2122 656 2162 sermone
704 2121 825 2160 meo
873 2121 1032 2175 quam
1078 2103 1291 2173 plenius
1329 2117 1395 2157 ex
1444 2101 1556 2156 otio
1616 2098 1871 2164 didicisti,

227 2265 235 2273 ⁷
295 2198 526 2268 perfecta
556 2197 873 2267 mea.Caput
900 2213 1091 2250 meum.
1120 2195 1177 2250 Id
1207 2203 1290 2249 est
1315 2193 1446 2248 ﬁdes
1476 2208 1615 2256 mea,
1647 2201 1701 2246 et
1725 2206 1876 2246 amor

300 2291 402 2344 mei
431 2289 485 2343 in
519 2289 772 2345 cordibus
799 2304 985 2343 eorum
1013 2287 1300 2344 exczecatis
1338 2296 1874 2341 amoreterrenorum

298 2381 534 2449 refrixit,
583 2390 637 2437 et
679 2383 836 2453 quasi
864 2398 1086 2453 prorsus
1137 2382 1350 2436 defecit.
1393 2380 1632 2435 Cincinni
1661 2381 1780 2433 mei.
1818 2378 1875 2434 ld

299 2484 382 2532 est
418 2491 570 2530 amor
602 2477 992 2546 proximorum,
1037 2475 1129 2544 qui
1155 2483 1281 2528 sunt
1331 2473 1434 2527 mei
1483 2471 1659 2542 capilli
1711 2471 1874 2540 capiti

299 2570 635 2626 adhaerentes
664 2587 678 2623 :
709 2580 828 2624 sunt
863 2569 1002 2640 pleni
1016 2571 1174 2640 guttis
1199 2569 1448 2632 noctium,
1465 2566 1516 2620 id
1533 2577 1638 2631 est,
1657 2565 1874 2635 patiun-

298 2667 388 2717 tur
403 2677 567 2731 grave
580 2661 749 2735 frigus
765 2663 1158 2731 persecutionis
1175 2663 1606 2724 tenebrosorum,
1621 2661 1672 2714 id
1687 2669 1772 2714 est
1785 2674 1876 2714 eo-

300 2768 417 2808 rum
444 2754 534 2824 qui
561 2762 617 2810 et
639 2769 766 2824 erga
797 2771 884 2810 me
913 2764 1038 2810 sunt
1058 2753 1320 2818 inﬁdeles,
1338 2763 1390 2809 et
1407 2755 1688 2823 proximos
1700 2767 1877 2822 perse-

298 2856 571 2916 quuntur;
598 2855 654 2902 et
685 2863 849 2903 causa
896 2849 1086 2902 horum
1125 2847 1568 2917 corrigendorum
1582 2852 1797 2916 oportet
1821 2851 1875 2896 te

297 2937 632 2991 dulcedinem
646 2935 1492 3007 contemplationis'(interpolare)
1510 2938 1872 3004 interponere.

368 3014 546 3080 Vsusf
561 3025 614 3080 ὅ.
630 3054 702 3068 -
726 3025 1031 3094 Exspoliavi
1056 3041 1156 3078 me.
1177 3024 1415 3079 Ecclesia
1441 3039 1546 3077 non
1562 3017 1876 3078 inobediens

299 3117 367 3171 de
404 3115 643 3183 injuncto
667 3114 868 3180 oﬂicio,
913 3117 1006 3170 sed
1048 3123 1296 3169 metuens
1319 3116 1371 3168 in
1396 3114 1719 3168 assumenda
1766 3111 1877 3166 fra-

304 3216 445 3260 trum
474 3223 629 3272 cura,
662 3223 729 3262 ne
763 3215 982 3262 corruat
1012 3206 1066 3260 in
1095 3213 1338 3276 peccata,
1366 3205 1484 3260 sine
1530 3203 1726 3273 quibus
1767 3218 1874 3258 non

303 3301 619 3370 transigitur
671 3301 784 3356 haec
831 3301 960 3366 vita,
1013 3301 1303 3371 respondet
1351 3318 1364 3354 :
1422 3299 1730 3369 Exspatiavi
1771 3314 1873 3353 me.

301 3389 578 3456 Quomodo
608 3391 723 3448 ﬁeri
752 3400 927 3462 potest
981 3401 1041 3448 ut
1059 3393 1124 3448 de
1153 3392 1386 3448 culmine
1415 3391 1882 3462 contemplationis

301 3483 606 3552 egrediens,
639 3499 826 3538 rursus
850 3483 1036 3537 mundi
1080 3482 1330 3537 sordibus
1359 3482 1586 3552 polluar,
1635 3481 1759 3552 quia
1791 3497 1880 3537 re-

306 3582 460 3642 cepta
476 3572 835 3628 sollicitudine
857 3573 1232 3642 temporalium
1248 3573 1626 3634 subsidiorum,
1653 3571 1882 3644 quamli-

309 3663 401 3719 bet
413 3664 641 3719 eximius
655 3662 1080 3728 doctor,dilIicile
1097 3663 1232 3718 vitat
1245 3663 1767 3735 peccatum.(Gnsc.)
1779 3662 1882 3729 Qui

309 3753 377 3810 ad
394 3753 806 3809 sollicitudinem
839 3755 1193 3825 regendarum
1215 3754 1515 3808 animarum
1543 3769 1601 3809 se
1627 3753 1880 3824 accingit,

306 3853 474 3901 restat
498 3854 558 3900 ut
577 3845 772 3914 quibus
797 3853 995 3899 aalerna
1019 3844 1295 3914 praedicat,
1313 3845 1378 3898 ad
1396 3844 1724 3915 providenda
1752 3860 1883 3913 quo-

303 3951 409 4009 que
439 3937 518 3992 eis
549 3937 923 4006 temporalium
946 3939 1331 3992 necessitatum
1356 3938 1591 3994 subsidia
1619 3939 1877 4010 invigilet.

322 4056 324 4058 τ
373 4030 536 4084 Vsus.
566 4028 949 4084 L—Dilectus
977 4047 1143 4084 meus.
1161 4029 1401 4086 Ecclesia
1428 4031 1650 4085 timente
1673 4047 1878 4096 casum,

304 4121 429 4192 quia
460 4120 720 4176 Dominus
747 4136 984 4175 amorem
1021 4137 1148 4192 erga
1177 4136 1236 4176 se
1266 4130 1533 4187 nostrum,
1588 4122 1642 4176 in
1699 4123 1882 4192 proxi—

305 4227 516 4268 morum
548 4211 786 4266 maximo
815 4227 996 4267 amore
1011 4212 1123 4266 vult
1151 4213 1428 4283 cognosci,
1450 4221 1574 4283 apte
1594 4213 1876 4267 subditur:

305 4303 536 4357 Dilectus
577 4320 739 4367 meus,
779 4303 934 4374 quasi
979 4321 991 4356 :
1040 4303 1373 4360 Pertimesco
1428 4305 1643 4374 quidem
1697 4305 1878 4360 szeculi

302 4396 802 4461 conversationem;
836 4395 932 4450 sed
959 4395 1224 4467 intelligo,
1268 4396 1412 4466 quod
1437 4397 1678 4452 cbaritas
1702 4397 1881 4467 operit

304 4486 700 4542 multitudinem
731 4497 1108 4556 peccatorum;
1142 4498 1197 4543 et
1223 4489 1437 4545 conﬁdo
1475 4489 1528 4542 in
1558 4489 1742 4544 dilecti
1774 4489 1878 4542 mei

303 4580 525 4644 auxilio,
559 4596 589 4634 a
632 4595 739 4649 quo
781 4579 893 4649 jam
925 4592 1050 4636 sunt
1100 4591 1422 4650 compuncta
1464 4581 1628 4636 corda
1665 4595 1874 4634 eorum.
1906 4605 1956 4663 ι)

306 4670 525 4725 Manum
548 4685 720 4724 suam.
765 4668 1084 4738 Operantem
1132 4671 1617 4739 compnnctionem,
1659 4671 1762 4734 vel,
1809 4671 1877 4725 ad

302 4761 620 4816 memoriam
653 4769 891 4815 nostram
914 4761 1126 4815 reduxit
1146 4762 1535 4831 operationem,
1567 4779 1726 4832 quam
1751 4779 1878 4834 0pc-

302 4862 456 4908 ratus
479 4864 564 4907 est
590 4852 643 4906 in
673 4852 848 4915 nobis,
871 4852 994 4921 quia
1027 4851 1222 4905 nullius
1249 4868 1432 4923 egens,
1469 4853 1534 4907 de
1561 4853 1680 4907 sinu
1706 4853 1877 4923 patris

302 4947 628 5016 egrediens,
681 4945 733 4999 in
779 4954 920 4999 terra
969 4960 1066 5014 pro
1118 4943 1274 4999 nobis
1326 4944 1636 4999 conversari
1691 4945 1874 5000 voluit.

305 5036 526 5096 Manum
546 5056 697 5094 suam
719 5038 904 5103 mittit,
933 5053 1054 5093 cum
1109 5039 1308 5092 virtute
1352 5052 1448 5092 sua
1498 5037 1736 5092 animum
1782 5053 1879 5107 per

304 5133 557 5190 subtilem
593 5132 919 5188 intellectum
957 5131 1154 5202 pulsat.
1197 5131 1267 5185 Et
1319 5139 1508 5186 uenter.
1549 5129 1736 5184 Potest
1783 5145 1881 5200 per

304 5234 548 5282 ventrem
577 5223 798 5295 intelligi
837 5223 1087 5279 mollities
1133 5221 1482 5295 et,fragilitas
1522 5221 1735 5276 illorum
1784 5223 1878 5292 qui

307 5318 706 5393 praedicationis
751 5315 982 5372 ollicium
1031 5317 1352 5386 suscipiunt,
1405 5315 1532 5386 quia
1585 5329 1644 5370 se
1701 5315 1879 5370 minus

310 5412 530 5466 idoneos
574 5416 997 5481 recognoscunt,
1045 5416 1103 5462 et
1146 5409 1356 5463 timent.
1425 5406 1632 5462 Venter.
1684 5405 1740 5462 Id
1796 5413 1882 5461 est

311 5504 498 5560 molles
535 5513 589 5560 et
627 5502 770 5558 fluxa
792 5519 918 5573 pars
947 5503 1090 5558 inter
1119 5518 1247 5566 nos;
1301 5502 1405 5564 vel,
1432 5502 1636 5558 ventris
1659 5502 1878 5558 nomine

310 5612 403 5654 eor
422 5597 753 5669 designatur,
789 5596 881 5666 qui
912 5596 1052 5652 sicut
1095 5595 1202 5651 cibi
1233 5595 1288 5648 in
1329 5602 1536 5659 ventre,
1567 5594 1643 5650 ita
1675 5595 1880 5666 cogita-

313 5689 485 5744 tiones
510 5688 564 5742 in
610 5687 773 5743 corde
807 5696 1197 5757 excoquuntur.
1236 5685 1342 5742 Cor
1389 5685 1779 5752 contremiscit,
1831 5687 1878 5742 si

313 5778 492 5835 facere
529 5789 742 5835 recusat
767 5794 865 5848 pro
901 5778 1182 5849 proximis,
1215 5776 1358 5849 quod
1405 5778 1548 5836 Deus
1605 5778 1731 5834 fecit
1778 5793 1878 5849 pro

315 5871 566 5928 inimicis.
596 5872 664 5927 Et
690 5879 876 5926 venter
901 5870 1242 5937 intremiscit,
1274 5870 1401 5941 quia
1427 5869 1710 5927 inﬁrmitas
1743 5884 1874 5941 gau-
1915 5935 1924 5946 ί

1983 641 2092 697 tur,
2120 647 2176 687 et
2206 633 2357 688 timet
2383 650 2450 689 ne
2486 634 2700 704 perdat,
2732 635 2874 703 quod
2903 643 3086 690 tenere
3114 638 3303 692 nescit.

2054 725 2216 780 Vsus.
2257 723 2309 779 5.
2340 757 2409 767 —
2431 723 2673 792 Surrexi,
2703 737 2757 780 ut
2789 727 3063 796 aperirem.
3095 725 3317 782 Surrexi
3362 744 3394 784 a
3431 730 3555 785 dor-

1984 817 2206 872 mitione
2233 817 2300 873 ad
2327 818 2564 875 laborem
2591 835 2606 883 ;
2637 819 2762 888 quia
2786 833 3008 874 necesse
3034 829 3120 876 est
3151 829 3210 875 ut
3242 821 3333 891 qui
3359 823 3557 879 verita-

1986 917 2092 963 tem
2137 909 2433 978 praedicare
2479 909 2732 979 disponit,
2789 911 2940 980 prius
2983 911 3048 965 ad
3099 913 3303 983 agenda
3347 929 3412 969 ea
3438 930 3558 986 quae

1981 1001 2242 1071 praedicat
2271 1011 2542 1071 assurgat,
2572 1018 2640 1057 ne
2667 1002 2785 1058 aliis
2824 1002 3122 1072 praedicans
3151 1005 3264 1074 ipse
3296 1006 3558 1076 reprobus

1981 1095 2275 1161 eﬁiciatur;
2321 1097 2406 1150 cui
2437 1094 2717 1164 subiuncta
2769 1095 2930 1151 verba
2983 1099 3330 1164 conveniunt,
3361 1099 3558 1154 Manus

1980 1204 2109 1243 mea:
2163 1187 2572 1254 distillaverunt,
2616 1197 2722 1244 etc.
2775 1188 2846 1242 Et
2889 1190 3040 1260 digiti
3099 1193 3197 1246 mei
3246 1191 3385 1263 pleni
3439 1201 3561 1248 sunt

1981 1282 2216 1352 myrrha.
2243 1283 2428 1353 Digiti,
2463 1283 2515 1337 id
2537 1293 2620 1338 est
2653 1284 2926 1351 discretio,
2964 1295 3023 1339 ut
3043 1287 3157 1343 solo
3205 1289 3444 1344 contuitu
3467 1305 3558 1344 su-

1980 1387 2162 1442 perna:
2213 1374 2626 1440 retributionis,
2675 1391 2783 1430 non
2833 1392 2931 1447 pro
2991 1378 3228 1434 humano
3279 1381 3561 1437 commodo

1983 1465 2337 1518 ostendantur
2360 1467 2594 1535 operari.
2628 1465 2780 1522 Sicut
2810 1468 2954 1522 enim
2995 1467 3048 1522 in
3081 1485 3238 1523 manu
3286 1479 3412 1526 sunt
3455 1471 3560 1526 dis-

1983 1557 2117 1610 creti
2152 1557 2302 1626 digiti
2351 1576 2362 1610 :
2410 1559 2488 1613 sic
2537 1560 2591 1614 in
2630 1560 2886 1629 operibus
2927 1571 3139 1632 oportet
3181 1563 3560 1621 discretionem

1983 1647 2249 1713 adhiberi,
2282 1649 2518 1720 alioquin
2546 1665 2654 1705 non
2675 1652 2877 1708 valent.

2053 1735 2216 1792 Vens.
2249 1738 2300 1791 6.
2337 1769 2400 1777 —
2425 1736 2704 1793 Pessulum
2732 1743 2870 1795 ostii.
2899 1740 3127 1798 Causam
3150 1745 3377 1814 peccati,
3405 1745 3460 1800 id
3479 1753 3564 1800 est

1995 1827 2450 1895 incredulitatem,
2483 1839 2540 1884 et
2565 1831 2861 1900 quamlibet
2898 1833 3098 1888 aliam:
3129 1837 3254 1905 quia
3298 1846 3356 1892 ut
3378 1851 3566 1907 pessu-

1980 1919 2112 1984 lum,
2147 1921 2379 1987 ostium;
2421 1921 2501 1977 sic
2553 1938 2717 1978 causa
2765 1924 2969 1980 detinet
2996 1938 3296 1996 peccatum,
3329 1947 3434 1999 qua
3471 1947 3560 1987 re-

1979 2019 2126 2066 mota
2152 2020 2480 2076 removetur,
2509 2022 2564 2065 et
2583 2013 2792 2068 sublato
2807 2025 3029 2084 peccato
3046 2027 3186 2086 patet
3217 2019 3301 2073 via
3326 2018 3558 2076 Christo.

1981 2100 2220 2166 Dixerat,
2249 2103 2373 2172 quia
2421 2103 2649 2159 dilectus
2681 2122 2842 2160 manu
2894 2107 3056 2162 missa
3092 2125 3188 2178 per
3220 2109 3462 2168 foramen
3503 2130 3564 2170 se

1979 2191 2220 2262 tetigerit
2239 2208 2303 2247 ac
2353 2203 2588 2249 tremore
2617 2197 2952 2252 concusserit
2982 2216 2995 2251 :
3024 2200 3178 2270 cujus
3208 2212 3351 2257 tactu
3395 2205 3560 2260 vehe-

1979 2292 2191 2338 menter
2211 2283 2561 2352 inllammata,
2590 2289 2738 2358 cupit
2759 2289 2872 2356 jam
2901 2306 3008 2344 non
3029 2307 3125 2361 per
3141 2295 3440 2364 angustiam
3481 2296 3561 2352 fo-

1979 2375 2206 2430 raminis
2252 2376 2368 2445 ejus
2403 2393 2564 2433 manu
2601 2381 2862 2451 contingi,
2921 2384 3013 2438 sed
3061 2385 3328 2453 patefacta
3376 2391 3557 2448 cordis

1971 2455 2138 2527 ianua
2163 2467 2476 2523 felicissimo
2503 2468 2618 2538 ejus
2655 2471 2902 2540 amplexu
2947 2473 3170 2542 perfrui,
3214 2478 3266 2531 id
3321 2488 3404 2534 est
3435 2496 3561 2536 sua-

1979 2556 2150 2612 vitate
2182 2558 2378 2613 divinae
2415 2559 2814 2628 illustrationis,
2842 2579 3002 2632 quam
3054 2568 3247 2638 raptim
3293 2582 3556 2639 senserat,

1980 2646 2194 2717 plenius
2225 2649 2432 2713 satiari,
2461 2651 2554 2706 sed
2591 2653 2716 2722 quia
2747 2654 2879 2708 nulli
2909 2655 3202 2728 electorum
3238 2660 3290 2715 in
3329 2663 3428 2719 hac
3448 2665 3558 2719 vita

1981 2738 2302 2792 conceditur
2341 2739 2584 2810 perfecta
2629 2743 2768 2797 visio
2798 2755 3148 2814 aeternorum,
3183 2767 3303 2820 quae
3351 2755 3405 2807 in
3454 2755 3558 2810 alia

1978 2832 2089 2886 vita
2119 2841 2460 2898 reservatur,
2487 2835 2739 2890 subditur
2771 2848 2916 2893 recte
2942 2858 2955 2892 :
2983 2841 3047 2893 At
3076 2841 3164 2895 ille
3185 2842 3558 2901 declinaverat.

1981 2923 2173 2976 Anima
2200 2941 2336 2988 mea,
2359 2935 2462 2981 etc.
2489 2927 2626 2982 Ecce
2649 2925 2762 2996 jam
2792 2931 2982 2987 tertius
3010 2934 3211 3002 gradus
3241 2954 3253 2990 :
3286 2937 3558 3008 primitiva

1984 3015 2085 3070 fuit
2118 3033 2184 3070 ex
2224 3016 2424 3073 Iudaeis
2467 3036 2764 3088 conversa;
2809 3040 2906 3092 per
2949 3041 3130 3094 quam,
3180 3038 3234 3084 et
3276 3041 3559 3102 postquam

1984 3107 2100 3161 hac
2125 3107 2358 3176 gentilis,
2391 3109 2457 3162 de
2477 3126 2582 3179 qua
2610 3111 2870 3168 hactenus
2899 3124 3082 3172 actum
3107 3128 3190 3174 est
3214 3137 3228 3186 ;
3263 3137 3382 3190 quae
3411 3123 3558 3180 Gen-

1985 3200 2097 3255 tilis
2125 3200 2456 3264 utdiximus.
2487 3203 2627 3258 hanc
2658 3206 2870 3261 tertiam
2899 3209 3150 3276 instituit,
3181 3213 3246 3268 de
3273 3231 3379 3284 qua
3405 3218 3564 3275 modo

1986 3294 2302 3366 exsequitur
2333 3314 2345 3348 :
2371 3312 2490 3365 quae
2517 3313 2686 3367 usque
2729 3300 2795 3353 ad
2844 3301 3191 3359 novissimam
3219 3305 3564 3366 intrationem

1986 3384 2336 3454 reliquiarum
2371 3385 2535 3442 Israel
2578 3387 2793 3444 durabit
2842 3405 3096 3448 successu
3131 3395 3478 3464 prtelatorum
3507 3407 3564 3456 et

1986 3474 2342 3528 subditorum.
2397 3475 2588 3532 Transi
2633 3479 2885 3548 quidem,
2945 3483 3040 3538 sed
3107 3490 3286 3540 tamen
3352 3486 3565 3545 locutus

1986 3581 2070 3625 est
2119 3572 2248 3626 mihi
2317 3575 2568 3629 mandata
2621 3565 2717 3631 sua
2769 3577 3122 3648 relinquens,
3177 3589 3236 3634 ut
3293 3581 3564 3650 patienter

1985 3676 2108 3718 eum
2132 3673 2506 3734 exspectarem
2544 3684 2558 3720 :
2593 3675 2650 3721 et
2687 3678 2974 3738 postquam
3005 3669 3215 3726 locutus
3248 3681 3350 3736 est,
3371 3672 3562 3728 Anima

1985 3771 2100 3808 mea
2125 3755 2405 3825 liquefacta
2427 3767 2522 3811 est.
2559 3757 2788 3822 Qua'sivi
2816 3769 2862 3813 et
2896 3777 3001 3815 non
3027 3763 3200 3817 inveni
3231 3763 3380 3818 illum
3403 3784 3422 3823 :
3469 3782 3562 3820 eo-

1985 3846 2120 3912 cavi,
2151 3854 2256 3901 etc.
2291 3845 2404 3901 Vox
2437 3846 2676 3915 ejusdem
2713 3849 2990 3917 Ecclesiae,
3028 3867 3150 3922 quze
3193 3855 3424 3924 aperuit,
3471 3872 3562 3913 se-

1985 3937 2217 3991 cundum
2253 3937 2370 3993 illos
2399 3954 2534 4009 quos
2581 3941 2794 4009 aperuit
2823 3959 2836 3994 :
2863 3958 2982 4012 quae
3033 3943 3181 4013 prius
3226 3955 3346 4001 erat
3371 3957 3562 4003 venter

1985 4029 2070 4084 vel
2104 4045 2207 4084 vox
2231 4030 2492 4100 ipsorum.

2054 4120 2388 4175 Vens.7.—
2440 4120 2691 4177 Tulerunt
2736 4124 2978 4194 pallium.
3025 4127 3280 4200 (Gal-Ic.)
3335 4130 3560 4187 Pallium

1986 4211 2178 4266 tollunt
2197 4212 2601 4282 przedicatores,
2623 4216 2857 4281 quando,
2883 4217 2926 4270 si
2953 4216 3081 4284 quid
3106 4234 3313 4288 pompa:
3339 4222 3565 4276 scecula-

1983 4301 2059 4356 ris
2089 4302 2360 4356 residuum
2386 4311 2524 4366 erat,
2574 4301 2643 4355 ab
2669 4302 2848 4356 anima
2880 4302 3149 4370 auferunt,
3189 4307 3266 4361 vel
3285 4348 3300 4373 ,
3329 4309 3375 4364 si
3417 4313 3560 4382 quod

1983 4399 2267 4461 peccatum
2290 4405 2389 4459 per
2425 4390 2780 4459 ignorantiam
2811 4391 3007 4457 inerat,
3031 4394 3304 4466 detegunt.

2055 4479 2216 4534 Vens.
2239 4479 2292 4534 8.
2316 4509 2386 4518 —
2407 4479 2610 4548 Adjuro
2651 4495 2760 4544 vos,
2805 4481 2934 4549 filia’
2960 4480 3279 4551 Jerusalem,
3335 4490 3381 4543 si
3427 4492 3562 4547 inue-

1983 4573 2186 4634 neritis,
2227 4580 2332 4624 etc.
2355 4568 2782 4624 Adolescentula:
2801 4570 2913 4640 jam
2939 4573 3004 4627 ad
3036 4573 3267 4644 aliquam
3295 4581 3559 4651 cognitio-

1984 4677 2108 4716 nem
2135 4669 2415 4730 promotze,
2465 4662 2530 4714 ad
2560 4659 2792 4716 famulos
2832 4662 2946 4728 Dei,
2979 4679 3114 4732 quos
3159 4670 3456 4740 angelicam
3505 4675 3560 4729 in

1981 4753 2144 4808 terris
2167 4753 2328 4806 vitam
2357 4765 2518 4821 agere
2563 4751 2808 4816 credunt,
2861 4753 3052 4809 devote
3095 4759 3317 4815 veniunt
3372 4771 3427 4816 et
3467 4781 3560 4822 eos

1981 4855 2228 4910 exorant,
2278 4853 2336 4898 ut
2383 4845 2436 4898 in
2479 4854 2718 4912 tempore
2755 4860 2867 4900 suae
2908 4847 3167 4904 orationis
3219 4850 3447 4910 Domino
3499 4871 3558 4911 se

1983 4939 2380 4995 commendent.
2417 4938 2526 4993 Vos
2555 4936 2676 4990 ﬁliae
2714 4935 3012 4994 Jerusalem
3049 4957 3402 5012 supernorum
3449 4950 3560 5019 spi-

1984 5034 2208 5097 rituum,
2233 5031 2324 5100 qui
2348 5029 2461 5098 jam
2493 5044 2616 5083 cum
2659 5028 2770 5084 Deo
2812 5040 3057 5102 regnant.
3101 5034 3214 5100 Vel,
3269 5052 3371 5106 per
3419 5039 3558 5100 ﬁlias

1985 5122 2284 5180 Jerusalem
2314 5136 2602 5192 possumus
2658 5122 2905 5192 accipere
2953 5123 3116 5178 etiam
3165 5125 3450 5189 inferiores
3503 5138 3557 5194 in

1988 5215 2248 5279 Ecclesia,
2272 5229 2406 5283 quos
2433 5213 2596 5268 etiam
2621 5213 2909 5270 admonent
2937 5215 3260 5285 superiores,
3299 5233 3357 5277 ut
3375 5241 3556 5285 secum

1985 5319 2261 5380 quaerant:
2295 5306 2419 5374 quia
2450 5305 2592 5374 quod
2615 5320 2645 5358 a
2661 5305 2908 5375 pluribus
2927 5297 3206 5374 quaeritur,
3235 5317 3558 5388 quandoque

1984 5403 2142 5457 citius
2176 5399 2461 5470 reperitur,
2501 5405 2577 5466 et,
2615 5407 2673 5452 ut
2716 5397 2916 5466 ubique
2970 5396 3208 5456 cbaritas
3253 5404 3560 5468 dilectionis

1986 5490 2324 5548 ostendatur.

2057 5584 2219 5638 Vens.
2251 5581 2304 5636 9.
2345 5609 2412 5618 —-
2439 5578 2624 5645 Qualis
2661 5588 2734 5631 est
2770 5576 3009 5634 dilectus.
3055 5578 3180 5638 Haec
3226 5600 3426 5655 sponsa
3465 5606 3557 5645 re-

1984 5676 2166 5734 colens
2197 5674 2386 5730 intima
2432 5670 2798 5735 conscientiae,
2845 5673 3173 5740 expavescit,
3202 5684 3257 5730 et
3283 5678 3554 5748 pigritiam

1983 5787 2135 5828 suam
2161 5782 2424 5824 accusans
2448 5781 2516 5821 ex
2544 5761 2845 5817 humilitate
2867 5761 2934 5816 ad
2962 5761 3198 5820 laborem
3216 5766 3559 5838 festinat,di-

1986 5883 2114 5924 ams
2143 5879 2158 5918 :
2192 5863 2444 5925 Obsecro,
2477 5857 2602 5927 quia
2623 5855 2704 5912 sic
2729 5853 2984 5924 adjurasti
3011 5872 3110 5914 nos
3129 5857 3344 5919 fervore
3364 5862 3560 5922 divine
