4028 6332
291 460 426 522 “57

1075 463 1339 522 GLOSSA
1373 460 1768 521 0RDINAR1A.
1798 491 1872 506 —
1892 460 2243 523 CANTICUM
2281 459 2747 522 CANTICORUM.

3378 416 3520 522 uss

284 582 375 638 tali
410 578 695 638 affectione
712 581 762 638 ei
784 584 1076 641 cohaerens.
1102 582 1259 638 Filiae
1279 580 1593 640 Jerusalem.
1621 584 1727 641 Pro
1756 580 1846 639 de.
1872 584 1925 646 Α
2019 582 2182 641 Vsus.
2213 584 2267 640 '5.
2302 615 2375 625 —
2396 582 2622 639 Pulchra
2651 599 2724 647 es,
2756 580 2925 639 amica
2946 597 3082 641 mea.
3114 579 3387 645 Hactenus
3412 598 3517 640 vox

285 688 412 729 core
450 673 707 731 caminis
760 674 1043 729 variantur
1084 690 1332 745 persona:
1375 675 1795 747 colloquentium
1828 693 1841 730 :

284 767 379 824 sed
403 765 593 823 eadem
622 764 820 822 Christi
850 764 1090 823 Ecclesia
1120 775 1337 823 notatur
1363 776 1419 823 et
1452 768 1668 824 nomine
1689 784 1848 839 spon-

283 873 375 924 saa,
406 866 460 912 et
488 857 702 912 nomine
730 858 981 915 filiarum.
1027 858 1163 914 Cum
1216 856 1282 914 ad
1315 858 1541 929 patriam
1572 859 1844 915 caelestem

282 948 537 1025 suspirat,
575 946 684 1005 filia
714 968 727 1003 :
762 964 884 1006 cum
938 948 1073 1005 nihil
1109 948 1212 1006 nisi
1248 950 1415 1007 Deum
1466 959 1621 1009 curat
1660 949 1848 1007 audire

280 1040 365 1098 vel
390 1040 558 1115 loqui,
582 1056 777 1117 sponsa
808 1040 1023 1097 dicitur.

351 1128 514 1187 Vsus.
545 1122 630 1187 l7.
669 1160 742 1174 —
784 1130 903 1199 Quo
937 1128 1062 1186 abiit
1092 1130 1331 1187 dilectus.
1359 1126 1553 1186 Audita
1589 1129 1846 1201 qualitate

281 1222 486 1290 dilecti,
516 1218 583 1278 de
610 1236 715 1294 qua
748 1222 1072 1295 quaesieram
1106 1218 1228 1278 filiae
1268 1220 1563 1279 Jerusalem
1586 1263 1601 1289 ,
1644 1222 1848 1279 addunt

279 1314 439 1370 aliam
484 1314 833 1385 quaestionem
864 1331 878 1369 :
906 1315 1030 1385 quia
1085 1313 1416 1371 enumeratis
1457 1321 1536 1369 tot
1577 1313 1842 1379 laudibus,

278 1408 399 1479 quis
447 1409 671 1467 audiens
719 1424 827 1466 non
873 1410 1262 1482 concupiscat?
1307 1419 1362 1467 et
1398 1410 1501 1467 hoc
1549 1411 1603 1469 in
1637 1411 1843 1467 unitate

278 1508 475 1554 sanctae
518 1494 770 1556 Ecclesiae
808 1492 1005 1570 inquiri
1047 1508 1280 1570 oportet,
1322 1499 1377 1557 in
1407 1498 1642 1571 qualium
1681 1499 1843 1559 corde

274 1590 642 1663 potissimum.
673 1600 729 1647 et
757 1590 812 1646 in
839 1606 946 1669 quo
973 1606 1171 1663 genere
1201 1591 1626 1649 conversationis
1662 1589 1846 1649 Demi-

278 1698 378 1738 nus
404 1672 575 1738 soleat
601 1680 846 1738 inveniri.
882 1676 998 1748 Quo
1028 1678 1177 1747 abiit,
1208 1695 1312 1737 non
1365 1680 1715 1753 relinquendo
1750 1694 1845 1737 eos

278 1775 332 1831 in
368 1772 562 1849 quibus
588 1783 725 1841 erat,
752 1780 845 1831 sed
871 1774 960 1830 ubi
988 1773 1123 1830 alios
1161 1773 1392 1831 associet
1412 1814 1428 1839 ,
1468 1780 1523 1831 et
1553 1780 1674 1843 post
1713 1771 1849 1829 alios

276 1867 441 1923 etiam
466 1866 602 1923 alios
629 1866 839 1933 invitet,
865 1875 921 1921 et
947 1865 1027 1921 sic
1046 1865 1196 1920 abire
1212 1905 1229 1931 ,
1254 1872 1305 1920 et
1341 1863 1608 1919 declinare
1629 1863 1842 1927 dicitur,

1948 675 2200 734 Ecclesia!
2241 677 2526 737 Dominum
2573 691 2727 732 suum
2774 675 3041 730 laudantis
3081 683 3136 730 et
3177 675 3512 746 quaerentis:

1945 769 2038 841 qui
2081 771 2334 842 quoniam
2379 786 2409 825 a
2455 769 2569 825 suis
2606 768 2935 825 amatoribus
2976 782 3080 823 non
3111 766 3267 838 loitge
3294 775 3394 832 est,
3425 781 3514 824 se-

1944 860 2129 930 quitur
2153 861 2281 931 quid
2316 861 2572 932 quaesitus
2600 858 2921 930 respondeat
2942 876 2957 923 :
2980 866 3035 917 et
3060 857 3297 917 declarat
3322 873 3380 914 se
3408 856 3517 917 illis

1944 952 2288 1025 loquentibus
2332 952 2587 1019 adfuisse,
2617 960 2671 1011 et
2712 953 2837 1023 quid
2880 952 3226 1025 loquerentur
3269 949 3514 1017 audisse;

1946 1044 2389 1114 devotionemque
2440 1059 2568 1117 erga
2621 1059 2679 1100 se
2734 1052 3043 1099 remunerat
3094 1043 3256 1114 digna
3301 1042 3516 1101 illorum

1944 1133 2270 1189 laudatione.
2322 1130 2608 1198 Terribilis,
2649 1143 2705 1187 ut
2751 1144 3042 1189 castrorum
3073 1132 3212 1189 acies
3253 1132 3515 1191 ordinata.

1945 1222 2078 1294 Quia
2110 1239 2205 1294 per
2233 1222 2493 1281 unitatem
2526 1222 2806 1278 charitatis
2850 1233 3127 1294 compacta
3152 1264 3165 1291 ,
3201 1214 3404 1279 nullum
3437 1220 3519 1279 lo-

1943 1332 2066 1371 cum
2111 1315 2286 1388 aperit
2323 1331 2418 1387 per
2451 1314 2648 1370 malum
2680 1313 2965 1370 discordiae
3000 1312 3276 1381 hostibus,
3320 1314 3374 1371 id
3413 1321 3514 1380 est,

1943 1407 2213 1463 haereticis
2249 1406 2330 1462 vel
2359 1404 2648 1462 immundis
2674 1406 2973 1477 Spiritibus.
3031 1400 3221 1465 Castra
3246 1405 3520 1463 Romano-

1943 1512 2061 1554 rum
2102 1496 2360 1552 terribilia
2402 1504 2578 1563 erant,
2625 1497 2751 1567 quia
2793 1504 2963 1553 totum
2999 1497 3258 1559 mundum
3302 1512 3517 1568 preme-

1942 1588 2074 1642 bant
2096 1605 2111 1637 τ
2135 1588 2228 1644 sed
2264 1604 2370 1643 non
2398 1596 2552 1642 erant
2579 1588 2784 1649 suavia,
2817 1588 2942 1660 quia
2980 1603 3161 1645 veram
3189 1604 3376 1665 pacem
3409 1604 3517 1646 non

1944 1675 2231 1732 habebant.
2285 1675 2343 1730 In
2388 1676 2628 1732 Ecclesia
2670 1691 2770 1732 nec
2815 1686 2990 1733 terror
3028 1677 3385 1744 suavitatem,
3419 1692 3520 1734 nec

1945 1765 2184 1821 suavitas
2232 1774 2492 1820 terrorem
2532 1763 2748 1820 aufert:
2783 1778 2905 1837 quae
2945 1764 3001 1820 in
3057 1775 3201 1823 terra
3244 1762 3520 1822 ccelestem

1948 1856 2115 1912 vitam
2134 1856 2265 1928 agit,
2295 1862 2352 1912 et
2376 1853 2636 1911 barbaros
2653 1854 2988 1911 diversarum
3011 1855 3287 1910 nationum
3311 1854 3520 1911 animos

276 1961 344 2015 ad
389 1960 601 2015 modum
641 1922 893 2027 camerae,
939 1974 1059 2033 qua,
1097 1922 1226 2014 cum.
1266 1971 1491 2013 accensa
1518 1956 1619 2023 sit,
1649 1956 1843 2012 manas
1876 1922 1920 1987 Β
1947 1945 2014 2000 ad
2061 1961 2217 2000 suum
2265 1944 2426 2001 ritum
2467 1944 2682 1999 trahere
2721 1943 2935 2015 satagit.
2986 1943 3117 2012 Qua:
3167 1942 3349 2005 tamen
3394 1943 3520 2014 quia

275 2050 408 2108 alias
449 2052 868 2123 circumquaque
903 2049 1162 2112 accendit,
1208 2044 1322 2119 ipsa
1368 2056 1544 2103 tamen
1583 2044 1717 2101 nihil
1749 2062 1844 2118 pa-

276 2144 415 2200 tiens
462 2142 790 2199 detrimenti.
847 2141 962 2208 Quo
1020 2141 1165 2195 obiit.
1232 2138 1449 2212 (Gesta)
1506 2134 1794 2196 Sciendum
1825 2179 1841 2205 ,

273 2234 416 2307 quod
452 2233 612 2301 Deus,
656 2234 747 2306 qui
803 2231 1002 2305 ubique
1047 2241 1149 2299 est,
1193 2231 1246 2287 in
1297 2230 1416 2288 loco
1457 2240 1563 2299 est,
1619 2231 1714 2287 sed
1765 2230 1846 2288 lo-

274 2326 406 2381 calis
462 2340 566 2380 non
610 2332 711 2381 est.
783 2322 977 2381 Locale
1022 2320 1221 2380 dicitur
1244 2364 1261 2391 ,
1318 2323 1461 2394 quod
1503 2323 1845 2380 circumscri-

270 2417 417 2473 bitur
455 2418 745 2474 secundum
784 2422 964 2489 partes
1001 2414 1105 2473 loci
1143 2431 1303 2488 supra
1341 2424 1395 2473 et
1430 2413 1596 2483 infra,
1633 2426 1757 2472 ante
1789 2424 1845 2471 et

274 2516 441 2576 retro,
482 2511 701 2566 dextera
737 2518 793 2566 et
832 2510 1071 2567 sinistra.
1110 2508 1243 2566 Cum
1282 2526 1412 2567 vero
1452 2508 1625 2584 angeli
1664 2519 1718 2566 et
1746 2512 1844 2566 hu-

272 2606 442 2658 manfe
477 2603 668 2658 animae
696 2602 814 2659 loco
852 2603 1220 2659 circumscribi
1240 2602 1359 2676 [non
1392 2613 1650 2675 possunt,
1679 2602 1839 2676 longe

274 2695 452 2751 minus
479 2695 567 2750 illa
597 2694 1149 2767 incomprehensibilis
1171 2695 1489 2751 substantia.
1523 2692 1692 2764 Major
1716 2710 1843 2753 vero

271 2788 523 2859 cognitio,
553 2804 672 2858 qua:
698 2789 749 2842 in
785 2788 1035 2858 praesenti
1075 2786 1141 2843 de
1180 2786 1291 2844 Deo
1325 2787 1512 2843 haberi
1554 2796 1748 2859 potest,
1788 2795 1844 2843 et

271 2878 561 2931 secundum
593 2877 709 2947 ejus
743 2876 855 2932 sola
885 2892 1048 2946 opera
1078 2895 1091 2930 :
1123 2877 1247 2946 quia
1278 2877 1421 2946 quod
1453 2877 1613 2933 altius
1646 2886 1750 2945 est,
1787 2878 1841 2933 in

269 2982 434 3023 carne
466 2978 748 3036 pinsumus
774 2966 1169 3021 mirificemiam
1198 2980 1423 3037 operum
1448 2968 1541 3022 Dei
1573 2968 1844 3024 subtiliter

270 3054 570 3112 attendere.
620 3054 738 3121 Quo
782 3055 911 3109 abiit
953 3055 1173 3109 dilectus
1216 3065 1371 3116 tuus.
1419 3072 1450 3109 ο
1496 3055 1844 3127 pulcherrima

273 3146 568 3202 mulierum.
619 3145 769 3201 Licet
802 3144 943 3201 Deus
976 3146 1247 3202 communi
1279 3146 1437 3201 modo
1460 3145 1712 3202 omnibus
1760 3162 1845 3202 re-

276 3236 374 3293 bus
398 3236 545 3302 insit,
572 3237 875 3307 praesentla,
908 3237 1170 3307 potentia,
1204 3235 1523 3302 substantia,
1556 3242 1733 3292 tamen
1766 3236 1846 3292 fa-

277 3329 469 3386 miliari
496 3330 654 3386 modo
679 3332 873 3387 dicitur
899 3332 1095 3397 inesse,
1118 3333 1175 3388 id
1194 3340 1298 3397 est,
1323 3344 1420 3403 per
1438 3332 1686 3404 gratiam,
1717 3332 1863 3399 illis,’

275 3422 468 3492 quibus
495 3437 656 3493 opera
690 3438 787 3479 sua
813 3424 1060 3479 videntur
1088 3422 1440 3489 mirabiliora,
1463 3424 1553 3495 qni
1578 3422 1704 3480 licet
1731 3423 1844 3497 ple-

276 3528 397 3569 nam
430 3514 521 3571 Dei
556 3514 802 3570 notitiam
828 3530 934 3571 non
963 3515 1214 3581 habeant,
1244 3518 1420 3571 tamen
1443 3514 1845 3573 miriﬁcentiam

275 3620 500 3677 operum
531 3605 629 3663 Dei
656 3605 865 3663 acutius
898 3608 1264 3666 considerant.

877 3742 1105 3801 CAPUT
1154 3744 1243 3801 Vl.

350 3870 513 3929 Vsus.
542 3872 596 3928 ιι
620 3900 692 3914 -
716 3871 1131 3930 Dilectus‘meus.
1158 3872 1432 3932 Descendit
1455 3876 1685 3949 irrigans
1706 3876 1849 3935 fonte

279 3966 552 4037 baptismi,
585 3967 652 4024 de
680 3967 788 4023 alto
818 3969 1040 4025 veniens
1064 3970 1116 4025 in
1143 3969 1332 4029 humili
1361 3971 1567 4042 positos
1589 3973 1846 4029 visitavit.

284 4061 353 4118 Ut
392 4077 489 4118 nos
534 4074 747 4119 sursum
782 4065 1216 4133 ascenderemus,
1242 4066 1500 4123 Dominus
1526 4068 1578 4124 in
1608 4077 1847 4125 montem

282 4152 591 4220 descendit,
628 4154 837 4227 Moyses
868 4156 922 4211 in
950 4166 1185 4212 montem
1217 4157 1479 4213 ascendit.
1523 4156 1656 4213 Cum
1691 4159 1853 4214 dixis-

282 4245 700 4301 set;Descendit
746 4248 802 4302 in
847 4246 1075 4314 kat-tum,
1129 4248 1275 4304 addit
1319 4246 1552 4319 qualiter
1597 4249 1670 4305 sit
1710 4249 1851 4306 idem

280 4336 470 4393 hortus
496 4338 838 4407 constitutus,
857 4353 964 4409 qua
986 4337 1138 4411 fruge
1158 4338 1437 4404 fecundus,
1461 4352 1582 4396 cum
1608 4340 1758 4406 dicit,
1782 4340 1852 4394 ad

282 4428 513 4484 areolam
542 4441 857 4486 arentum.
908 4429 1105 4487 Hortus
1142 4431 1381 4488 Ecclesia
1409 4450 1423 4486 :
1454 4432 1641 4489 hortus
1670 4431 1855 4504 quaeli-

282 4518 374 4576 bet
408 4519 578 4576 tidelis
609 4523 807 4578 anima.
851 4504 1150 4580 Areola‘est
1179 4540 1332 4581 mens
1372 4525 1574 4591 fidelis,
1609 4540 1728 4595 qua:
1769 4526 1852 4580 di-

1946 2036 2172 2092 necdum
2208 2034 2399 2090 faciem
2426 2033 2631 2099 dilecti,
2656 2048 2817 2105 quam
2859 2034 3094 2093 maxime
3136 2034 3350 2109 quaerit,
3398 2050 3518 2092 cer-

1945 2144 2077 2186 nere
2108 2136 2345 2185 meretur
2370 2142 2386 2182 :
2418 2128 2505 2183 hic
2535 2128 2925 2199 subsequenter
2948 2127 3129 2183 audit:

2015 2220 2178 2279 Vsus.
2207 2223 2262 2278 4.
2281 2251 2355 2264 -ο
2375 2221 2560 2278 Auerte
2583 2221 2762 2277 oculos
2788 2231 2905 2276 tuos
2932 2239 2966 2276 a
2989 2237 3089 2276 nte.
3135 2214 3299 2293 Quasi
3338 2239 3352 2275 :
3382 2216 3523 2279 Ocu-

1942 2314 2026 2371 los
2046 2314 2383 2372 columbinos
2410 2313 2506 2370 tibi
2533 2312 2887 2384 dedi,quibus
2915 2312 3137 2371 semitas
3157 2310 3383 2383 iustitiae
3413 2313 3523 2375 dis-

1942 2421 2195 2464 cerneres
2228 2424 2242 2462 :
2276 2406 2371 2462 sed
2409 2414 2588 2461 tamen
2617 2405 2673 2460 in
2703 2412 2945 2476 tempore
2998 2414 3103 2461 tuae
3130 2405 3520 2479 peregrinatio-

1945 2501 2031 2557 nis
2066 2516 2135 2555 ne
2167 2515 2380 2571 quaeras
2421 2514 2508 2554 me
2545 2497 2782 2570 perfecte
2827 2510 3170 2571 cognoscere.
3224 2496 3348 2553 Non
3385 2497 3522 2557 enim

1942 2590 2132 2647 videbit
2166 2608 2248 2647 me
2281 2591 2438 2646 homo
2462 2599 2512 2645 et
2540 2589 2666 2645 vivet
2707 2585 2904 2660 (Exod.
2940 2588 3159 2659 xum).
3206 2587 3285 2645 Ne
3310 2603 3523 2661 quaeras

1944 2682 2000 2741 in
2050 2686 2132 2741 via
2178 2684 2479 2756 praemium,
2533 2683 2676 2753 quod
2724 2682 2820 2738 tibi
2864 2680 2921 2739 in
2964 2683 3139 2752 patria
3189 2690 3519 2739 reservatur.

1946 2776 2082 2843 Quia
2110 2778 2209 2847 ipsi
2236 2793 2335 2832 me.
2374 2774 2490 2831 Non
2518 2791 2550 2831 a
2581 2772 2848 2832 desiderio
2874 2776 3231 2849 cognoscendi
3255 2776 3485 2835 desistas
3503 2815 3519 2842 ,

1944 2869 2039 2925 sed
2089 2868 2155 2925 de
2207 2868 2562 2943 cognoscendi
2603 2868 2859 2925 facultate
2901 2883 2970 2923 ne
3010 2883 3308 2941 prasumas
3336 2882 3353 2923 :
3383 2867 3525 2923 unde

1945 2958 2162 3025 dicitur,
2195 2958 2577 3032 Magnitudinis
2602 2961 2717 3031 ejus
2745 2977 2849 3021 non
2877 2969 2951 3015 est
2979 2958 3104 3029 finis
3124 2959 3296 3033 (Paul.
3319 2958 3522 3031 cxuv).

1946 3048 2164 3103 Avolare
2189 3049 2441 3117 fecerunt.
2483 3046 2662 3119 (ιω.)
2685 3048 2802 3114 Quo
2831 3048 3094 3103 intensius
3122 3064 3209 3104 me
3234 3063 3527 3120 agnoscere

1946 3138 2164 3209 quaeris,
2195 3152 2260 3192 eo
2284 3138 2546 3193 intensius
2571 3152 2658 3194 me
2684 3138 3277 3209 incomprehensibilem
3298 3155 3417 3196 esse
3443 3140 3526 3195 in-

1950 3226 2165 3300 telligis,
2190 3235 2246 3283 et
2269 3243 2376 3282 non
2402 3235 2487 3283 est
2514 3210 2605 3282 tua
2628 3227 2782 3299 culpa
2802 3267 2819 3295 ,
2856 3228 2903 3283 si
2939 3241 3023 3283 me
3056 3244 3163 3285 non
3196 3229 3479 3300 cognoscis
3508 3243 3524 3284 :

1947 3319 2040 3376 sed
2084 3326 2166 3375 est
2210 3316 2496 3373 infirmitas
2541 3314 2787 3373 humana:
2826 3317 3170 3377 conditionis.
3221 3316 3411 3389 Capilli
3450 3318 3528 3375 tui

1944 3412 2076 3467 sicut
2101 3428 2227 3485 grex
2251 3428 2549 3483 caprarum,
2575 3421 2679 3468 etc.
2729 3408 2796 3467 Hi
2836 3410 3084 3467 versiculi
3127 3426 3289 3491 supra
3335 3411 3522 3481 positi,

1946 3514 2001 3564 et
2040 3504 2290 3576 expositi,
2329 3504 2425 3561 sed
2461 3520 2567 3559 non
2612 3500 2789 3577 pigeat
2830 3517 2929 3559 nos
2955 3503 3202 3558 iterando
3253 3517 3522 3575 exponere

1946 3597 2088 3670 quod
2114 3605 2390 3653 auctorem
2415 3610 2520 3650 non
2548 3593 2719 3667 piguit
2748 3592 3032 3650 scribendo
3060 3593 3276 3658 iterare,
3304 3601 3362 3653 ut
3399 3594 3527 3651 novi

1946 3689 2147 3762 ahquid
2179 3689 2424 3744 addatur.
2463 3684 2541 3743 Ne
2581 3684 2818 3742 Ecclesia
2857 3683 3095 3756 graviter
3130 3683 3293 3741 ferret
3327 3682 3468 3754 quod
3497 3699 3527 3738 a

1946 3782 2252 3852 cognitione
2287 3779 2465 3836 dilecti
2513 3776 2877 3851 suspenditur,
2911 3776 3157 3849 sequitur
3196 3772 3488 3846 descriptio
3510 3813 3527 3842 ,

1948 3890 2053 3944 qua
2094 3871 2426 3929 assimilatur
2461 3871 2534 3926 illi
2574 3871 2861 3942 primitivae
2909 3869 3160 3927 Ecclesiae
3204 3864 3527 3951 Jerusalem,

1950 3967 2017 4022 de
2044 3981 2146 4037 qua
2170 3982 2275 4022 non
2305 3964 2599 4029 dubitatur,
2631 3965 2761 4036 quin
2787 3963 2959 4023 amica
2990 3961 3084 4019 Dei
3111 3960 3293 4023 fuerit.
3337 3958 3529 4017 Omnes

1949 4058 2177 4131 gemellis
2201 4058 2409 4129 fetibus,
2439 4067 2485 4112 et
2508 4055 2698 4112 sterilis
2720 4072 2824 4110 non
2846 4063 2921 4110 est
2942 4055 2996 4109 in
3015 4052 3109 4111 eis.
3151 4050 3531 4117 Consimilibus

1951 4148 2149 4206 fetibus
2181 4149 2309 4223 quia
2352 4146 2482 4205 tales
2529 4146 2667 4203 alios
2704 4146 2954 4213 reddunt,
3004 4143 3193 4217 quales
3234 4140 3335 4215 ipsi
3382 4149 3527 4201 sunt.

1957 4236 2049 4299 Vel
2091 4240 2327 4313 duplices
2356 4238 2517 4306 fetus,
2545 4254 2708 4310 Opera
2737 4236 2964 4309 geminae
2987 4232 3292 4299 cbaritatis,
3321 4230 3424 4297 vel,
3459 4230 3493 4284 fi

1953 4334 2100 4393 deles
2146 4335 2213 4389 de
2265 4340 2492 4405 utroque
2538 4328 2734 4403 populo
2780 4324 3027 4383 conversi
3072 4337 3089 4379 :
3134 4316 3219 4381 vel
3244 4363 3259 4389 ,
3301 4318 3436 4379 fides
3478 4330 3535 4377 et

1954 4440 2108 4497 opus.
2566 4476 2573 4479 _

2025 4516 2189 4573 Vsus.
2246 4514 2299 4570 6.
2330 4512 2565 4570 —Szcut
2615 4519 2794 4571 cortex
2831 4504 2960 4566 mali
3013 4506 3221 4583 punici,
3274 4506 3349 4563 sic
3387 4523 3532 4580 gente

285 4614 508 4686 sciplina
557 4625 717 4672 rectas
758 4616 881 4672 fidei
928 4617 1138 4682 edocta,
1182 4618 1335 4687 quasi
1383 4616 1553 4686 aequis
1594 4616 2085 4704 lateribusDtuw,
2112 4614 2216 4662 etc.
2268 4602 2501 4704 (Gens).
2524 4600 2655 4661 Cum
2702 4600 2856 4704 multi
2898 4600 3033 4704 mira
3080 4609 3263 4673 agunt,
3308 4607 3532 4704 ventura

285 4705 411 4762 hinc
448 4708 575 4763 inde
615 4718 697 4764 est
741 4710 1035 4779 composita
1068 4720 1163 4764 :ct
1204 4710 1355 4779 quasi
1401 4710 1581 4766 solerti
1632 4710 1849 4767 fossorio

1961 4698 2306 4771 prophetam,
2338 4693 2595 4750 mundum
2617 4690 2851 4765 perfecte
2876 4688 3205 4762 relinquunt,
3224 4688 3532 4745 cmlestibus

286 4802 616 4858 creberrime
660 4811 966 4867 reversam,
1020 4812 1074 4858 et
1126 4818 1157 4857 a
1199 4803 1482 4872 superﬂuls
1529 4804 1859 4875 graminibus

287 4902 601 4965 expurgant.
650 4893 956 4965 Respondet
996 4894 1099 4965 pils
1136 4903 1442 4949 sanctorum
1487 4895 1765 4951 desideriis
1796 4908 1861 4951 ac

290 4981 579 5040 fructuosis
626 4985 878 5055 operibus
930 4998 1051 5039 eum
1113 4984 1405 5049 delectari,
1468 5002 1530 5039 ac
1594 4985 1862 5056 perfectus

290 5087 533 5144 quosque
579 5074 909 5131 castimoniae
958 5073 1246 5129 virtutibus
1297 5074 1364 5129 ad
1406 5084 1606 5130 aeterna
1668 5077 1861 5146 gaudia

291 5164 562 5236 colligere.
618 5164 755 5221 Lilia
789 5166 1003 5238 colligit,
1044 5167 1169 5222 dum
1206 5166 1270 5220 ad
1302 5164 1660 5236 perfectorum
1701 5166 1864 5223 meri-

293 5265 471 5311 torum
507 5258 795 5313 candorem
839 5259 1233 5329 pervenientes,
1271 5259 1338 5314 de
1376 5266 1517 5315 statu
1568 5260 1656 5315 ubi
1707 5264 1865 5316 erant

292 5350 461 5419 prius,
500 5348 682 5405 educit
715 5359 772 5407 et
811 5351 877 5406 ad
914 5350 1156 5406 coelestia
1194 5362 1360 5421 regna
1403 5352 1668 5421 perducit.

366 5440 530 5497 Vsus.
587 5441 870 5514 2.—-Egn
912 5442 1097 5498 dilecto
1147 5458 1280 5498 meo.
1346 5442 1497 5499 Hottc
1547 5442 1866 5501 versiculum

295 5534 515 5604 apponit
538 5535 908 5605 exaggerando
934 5534 1208 5589 stimulum
1253 5535 1530 5591 immensae
1563 5537 1865 5603 charitatis,

296 5637 415 5694 quae
438 5624 660 5680 interim
684 5625 1000 5681 exardescit.
1041 5624 1205 5694 Quasi
1241 5639 1256 5680 :
1284 5622 1342 5680 In
1374 5639 1457 5679 me
1486 5624 1781 5689 descendit,
1812 5625 1865 5681 in

298 5731 386 5772 me
410 5725 563 5787 potes
584 5716 782 5772 habere
808 5712 1034 5773 formam
1062 5716 1209 5787 ejus,
1242 5732 1402 5789 quem
1436 5718 1695 5789 quaeritis.
1751 5714 1865 5791 Ego

302 5809 468 5877 nepoti
504 5826 616 5867 tneo
652 5820 699 5867 et
737 5826 890 5871 nepos
928 5826 1072 5871 meus
1109 5810 1257 5883 mihi,
1296 5811 1384 5876 qui
1416 5812 1580 5889 pascit
1633 5806 1766 5867 inter
1808 5810 1867 5867 Ii-

297 5903 395 5959 lia.

1964 4789 2243 4847 desideriis
2287 4787 2469 4843 ardent
2502 4805 2515 4842 :
2550 4786 2688 4842 sicut
2722 4793 2905 4841 cortex
2947 4782 3071 4838 mali
3110 4780 3289 4854 punici
3335 4786 3535 4836 sanctae

1965 4888 2347 4952 comparantur
2384 4876 2654 4933 Ecclesiae.
2705 4874 2812 4932 Sed
2853 4877 2967 4932 haec
3012 4875 3195 4931 omnia
3232 4872 3365 4927 nihil
3409 4877 3535 4927 sunt

1967 4977 2033 5032 ad
2058 4973 2513 5044 comparationem
2536 4970 2612 5026 rei
2632 4967 2701 5025 de
2723 4986 2828 5043 qua
2857 4968 3112 5026 scribitur
3141 4984 3154 5020 :
3180 4961 3332 5035 Quod
3353 4959 3534 5017 oculus

1966 5088 2067 5127 non
2110 5068 2236 5122 vidit
2283 5084 2374 5123 nec
2424 5066 2570 5121 auris
2617 5064 2835 5131 audivi',
2872 5072 2977 5121 etc.
3019 5058 3153 5133 (lsa.
3182 5055 3352 5129 LXIV.)
3384 5053 3537 5114 Unde

1967 5165 2347 5222 convenienter
2383 5160 2562 5217 subdit
2587 5178 2599 5213 :
2635 5158 2838 5232 Absque
2863 5153 3077 5215 occultis
3106 5153 3241 5217 tuis,
3268 5146 3423 5225 quasi
3453 5146 3537 5203 di-

1968 5264 2076 5321 cat,
2119 5270 2308 5325 magna
2351 5253 2567 5325 quidem
2607 5259 2750 5315 sunt,
2777 5263 2897 5321 quae
2923 5248 2979 5303 in
3010 5256 3062 5302 te
3093 5258 3200 5300 non
3229 5241 3421 5309 latent,
3445 5235 3540 5296 sed

1967 5346 2122 5403 valde
2144 5346 2428 5403 inellabilia
2450 5361 2569 5415 qua:
2592 5343 2782 5399 latent.

2040 5440 2204 5496 Vens.
2227 5438 2363 5495 7.—
2385 5436 2669 5508 Sexaginta
2696 5442 2815 5489 sunt
2836 5431 3027 5507 regina:
3051 5436 3099 5485 et
3127 5427 3387 5499 octoginta
3411 5439 3539 5481 con-

1968 5533 2198 5600 cubime,
2231 5541 2334 5587 etc.
2388 5528 2604 5601 Reginae
2643 5537 2697 5585 et
2732 5524 3045 5581 concubinae
3074 5514 3282 5593 pariter
3304 5516 3371 5573 ad
3393 5517 3543 5571 thro-

1973 5638 2103 5683 num
2131 5626 2271 5695 regi‘s
2296 5625 2574 5687 accedunt,
2604 5619 2806 5691 pariter
2832 5623 3115 5689 generant,
3135 5611 3229 5668 sed
3254 5624 3361 5669 non
3381 5615 3543 5663 utra:-

1970 5732 2077 5790 que
2104 5714 2347 5773 diadema
2388 5712 2538 5787 regni
2580 5710 2797 5767 habent.
2852 5707 3071 5781 Reginaa
3108 5711 3252 5771 sunt,
3295 5715 3416 5774 quae
3455 5698 3539 5754 in-

1971 5809 2107 5864 tuitu
2128 5806 2278 5882 regni
2302 5802 2537 5862 cmlestis
2566 5801 2824 5863 doctrina:
2854 5798 3184 5862 inserviunt;
3207 5790 3539 5855 concubinae,

1969 5912 2089 5974 qua:
2125 5914 2304 5957 amore
2342 5890 2710 5968 temporalium
2735 5893 3020 5971 .Christum
3055 5886 3390 5946 annuntiant.
3417 5883 3538 5941 ldco
