4028 6332
634 412 770 475 H59

1162 401 1549 461 WALAFRIDI
1590 400 1838 461 STRABI
1874 399 2076 459 FULD.
2117 396 2284 455 MON.
2322 396 2474 454 OPP.
2514 394 2695 452 PARS
2728 393 2770 450 ι.
2809 424 2879 437 -
2915 391 3366 450 THEOLOGICA.

3675 400 3775 459 ιιθο

631 524 735 579 illa
758 518 1054 594 sexaginta,
1080 518 1206 588 quia
1236 518 1348 574 sola
1375 517 1660 594 dilectione
1687 522 2074 587 praceptorum
2102 510 2195 566 Dei
2222 513 2275 573 A
2299 486 2448 565 ratus
2477 509 2745 576 militaris,
2773 508 3102 578 respondens
3138 522 3207 561 ex
3254 518 3386 560 voce
3424 503 3681 576 doctorum,
3706 515 3777 572 (ιιι.

632 592 1013 682 perfectionem
1034 623 1256 680 operum
1276 607 1496 672 habent,
1516 592 1659 677 quod
1680 619 1777 676 per
1800 601 2197 673 multiplicatio—

636 725 757 766 nem
791 706 1103 766 duodenarii
1138 720 1236 777 per
1270 703 1575 775 quinarium
1596 700 1785 772 'potcst
1826 698 2042 771 intelligi
2074 713 2089 753 :
2117 696 2198 752 vel

633 799 760 873 quia
801 798 1038 871 quinque
1077 807 1366 865 corporeos
1405 806 1595 849 sensus
1622 791 1689 846 ad
1712 790 1950 861 regulam
1987 796 2198 859 aposto-

634 890 753 946 lica
791 888 1049 944 doctrina
1084 892 1400 957 temperant.
1439 882 1827 954 Octogenarius
1858 889 2037 936 autem
2076 894 2197 935 cum

639 981 693 1037 in
725 981 868 1038 malo
924 981 1203 1052 accipitur,
1249 977 1617 1048 temporalium
1666 992 1821 1033 curas
1862 984 1917 1032 et
1962 975 2201 1046 implica-

637 1082 818 1131 menta
845 1073 1089 1145 designat
1116 1090 1129 1125 :
1159 1072 1282 1142 quia
1313 1079 1369 1127 et
1396 1058 1574 1126 saculi
1601 1084 1791 1124 cursus
1825 1075 2053 1137 quatuor
2095 1065 2200 1120 cir-

635 1163 935 1236 cumagitur
965 1163 1324 1234 temporibus,
1349 1169 1403 1218 et
1425 1161 1656 1216 mundus
1696 1160 1811 1229 ipse
1846 1165 2075 1228 quatuor
2108 1154 2202 1210 cli-

636 1256 867 1311 matibus
898 1254 1123 1320 oriente,
1153 1251 1450 1319 occidente,
1504 1250 1752 1321 aquilone
1786 1258 1840 1306 et
1865 1258 2048 1305 austro
2073 1247 2203 1303 diri-

636 1346 819 1411 mitur,
847 1345 930 1402 vel
955 1361 1018 1400 ex
1049 1353 1279 1416 quatuor
1298 1343 1578 1399 elementis
1608 1342 1955 1414 compositus.

706 1436 868 1491 Vens.
894 1433 948 1491 8.
977 1465 1051 1476 —
1074 1432 1191 1489 Una
1227 1444 1301 1490 est
1340 1432 1577 1488 columba
1615 1450 1751 1500 mea,
1798 1433 2025 1505 perfecta
2063 1449 2199 1486 mea.

635 1527 889 1597 Quamvis
948 1526 1130 1583 multa
1169 1535 1223 1582 et
1259 1526 1483 1582 diversa
1524 1540 1799 1596 persona,
1844 1532 2023 1580 tamen
2075 1522 2206 1579 ﬁdes

634 1636 738 1677 una
768 1630 851 1678 est
882 1621 937 1675 in
972 1621 1070 1687 eis,
1110 1637 1275 1676 unum
1319 1620 1606 1691 baptisma,
1653 1635 1792 1674 unus
1835 1619 1997 1683 Deus,
2038 1634 2202 1672 unum

632 1725 798 1782 opus;
839 1726 946 1769 non
980 1710 1085 1766 alia
1117 1719 1245 1766 ante
1270 1709 1460 1782 legem,
1494 1709 1597 1764 alia
1631 1709 1730 1765 sub
1766 1710 1916 1780 lege,
1960 1708 2065 1763 alia
2104 1709 2204 1762 sub

632 1808 804 1878 gratia
831 1823 845 1860 :
873 1806 966 1861 sed
990 1805 1045 1860 in
1071 1821 1176 1859 una
1208 1819 1362 1874 pace,
1386 1819 1494 1858 uuo
1517 1803 1705 1858 timore
1726 1802 2039 1857 constituta.
2087 1799 2169 1855 Ma
2187 1829 2201 1840 -

2298 615 2420 656 cum
2446 600 2693 656 videlicet
2726 616 2835 655 sua
2863 597 3156 670 spiritualis
3186 596 3406 652 militia.

2370 691 2532 749 Vsus.
2566 692 2653 748 Η.
2678 721 2749 732 -
2775 688 3003 755 Nescivi,
3036 691 3215 744 anima
3242 705 3377 744 mea.
3422 687 3545 745 Dum
3572 691 3639 748 sic
3664 709 3760 765 span

2299 800 2410 849 sus,
2452 781 2535 839 vel
2572 782 2685 854 ipsa
2726 780 2988 847 Ecclesia,
3019 779 3233 836 labores
3257 794 3380 834 suos
3405 781 3693 852 evangelicos
3711 784 3778 856 Sy-

2300 887 2517 943 nagoga
2556 871 2773 927 miranti
2820 870 3075 942 pradicat
3106 888 3119 923 :
3158 869 3249 924 illa
3294 868 3487 923 salubri
3526 872 3778 940 plenitudine

2299 972 2634 1036 compuncta,
2682 962 2963 1034 proﬁtetur
3015 976 3073 1016 se
3118 975 3282 1016 causa
3337 958 3557 1029 profana
3591 964 3779 1020 recitatis

2300 1055 2498 1109 diutius
2521 1054 2818 1109 aberrasse.
2865 1051 3203 1108 Conturbavit
3234 1067 3334 1104 me.
3388 1049 3594 1122 Propter
3615 1067 3779 1127 evange-

2300 1143 2458 1200 licum
2486 1142 2736 1199 Ecclesia
2760 1141 3223 1214 pradicationem,
3276 1154 3374 1209 per
3412 1150 3618 1209 quatuor
3652 1147 3777 1198 mundi

2300 1246 2481 1305 partes
2506 1234 2760 1290 velociter
2786 1232 3198 1297 discurrentem,
3235 1238 3292 1285 et
3320 1240 3539 1301 quatuor
3571 1232 3676 1286 rotis
3699 1233 3777 1289 ﬁdei

2304 1327 2618 1382 innitentem
2651 1345 2663 1380 :
2704 1325 2844 1380 unde
2884 1333 2937 1379 et
2977 1340 3007 1380 a
3050 1334 3287 1395 quatuor
3331 1325 3562 1393 personis
3594 1327 3777 1395 scriptum

2303 1416 2435 1482 fuit;
2476 1416 2570 1471 sed
2608 1414 2683 1470 illi
2726 1424 2958 1487 quatuor
2991 1417 3115 1488 equi
3146 1416 3337 1472 eodem
3365 1416 3542 1486 spiritu
3561 1419 3619 1472 ad
3645 1419 3779 1475 bellum

2304 1521 2469 1560 unum
2504 1520 2721 1560 currum
2756 1507 2995 1562 trahunt.

2288 1600 2295 1605 ’
2379 1592 2537 1653 Vens.
2575 1597 2663 1652 12.
2685 1627 2755 1637 -
2775 1595 3061 1652 Reuertere.
3096 1595 3382 1669 Synagoga
3409 1598 3659 1654 conﬁtente
3679 1615 3779 1654 suam

2303 1688 2632 1756 tarditatem,
2675 1688 2916 1744 Ecclesia
2959 1687 3294 1743 consolando
3334 1698 3387 1744 et
3431 1671 3779 1745 exhortandam-

2289 1784 2567 1854 spondet:
2605 1792 2797 1855 quater
2831 1783 2961 1841 dicit
2992 1793 3267 1848 revertere,
3303 1783 3423 1853 quia
3449 1781 3597 1838 Judaei
3629 1785 3781 1838 ubicun-

633 1868 715 1952 ter
735 1905 916 1951 nostra
943 1868 1307 1967 regeneratrix
1351 1894 1519 1965 gratia
1543 1902 1647 1959 est,
1673 1908 1792 1965 qua
1813 1893 1972 1962 elegit
1999 1891 2204 1963 simpli-

2187 1924 2204 1933 -
2233 1868 2277 1929 B
2304 1892 2411 1950 quo
2436 1880 2595 1935 modo
2612 1878 2663 1933 in
2685 1889 2915 1949 quatuor
2938 1878 3118 1933 mundi
3148 1879 3396 1948 partibus
3418 1877 3635 1948 dispersi,
3654 1878 3693 1931 in
3714 1877 3778 1932 line

632 2002 747 2054 ces,
781 1994 838 2043 et
860 1984 1057 2042 electos
1090 1985 1324 2041 custodit
1354 1992 1410 2040 et
1447 1984 1706 2039 sublevat.
1755 1980 1852 2038 Vcl
1900 1991 2072 2036 mater
2108 1997 2201 2037 su-

630 2093 798 2149 perna
824 2076 1138 2143 Jerusalem,
1169 2077 1292 2148 quia
1325 2093 1475 2131 omne
1512 2075 1708 2129 donum
1735 2074 1985 2144 Optimum
2022 2072 2205 2128 desur-

630 2182 746 2221 sum
773 2167 1033 2223 descendit
1073 2165 1213 2238 (Jac.
1248 2165 1309 2238 ι),
1348 2180 1468 2235 qua
1506 2178 1739 2234 superna
1764 2160 2062 2218 Jerusalem
2101 2162 2205 2218 hoc

632 2258 804 2314 solum
839 2259 904 2315 de
936 2259 1170 2314 humana
1199 2256 1608 2313 conversatione
1646 2254 1928 2325 approbat,
1966 2253 2106 2323 quod
2147 2253 2202 2307 in

631 2348 834 2403 unitate
851 2364 961 2404 sua
982 2347 1103 2402 ﬁdei
1129 2356 1183 2403 et
1209 2346 1508 2402 dilectionis
1536 2346 1643 2400 Deo
1671 2345 1876 2399 servire
1909 2344 2199 2398 desiderat.

638 2438 911 2496 Viderunt.
961 2438 1151 2511 Magna
1182 2438 1300 2495 laus
1329 2436 1608 2494 catholica
1651 2436 1895 2502 unitatis,
1943 2452 2108 2506 quam
2148 2444 2203 2490 et

631 2532 803 2601 gratia
831 2539 1023 2596 mater,
1054 2546 1173 2601 qua
1195 2531 1398 2600 genuit,
1432 2529 1486 2583 in
1517 2538 1830 2600 perpetuum
1859 2526 2039 2598 eligit;
2064 2534 2118 2580 et
2143 2525 2206 2580 ﬁ-

631 2620 740 2686 lia,
775 2637 910 2693 quas
936 2621 1052 2692 ipsa
1080 2636 1176 2691 per
1215 2619 1474 2690 Spiritum
1523 2619 1706 2690 genuit
1742 2627 1796 2674 et
1840 2618 2028 2684 nutrit,
2066 2620 2205 2672 ‘mox

628 2712 894 2778 viderunt,
922 2712 976 2767 id
995 2721 1080 2767 est
1101 2712 1401 2767 castitatem
1423 2711 1547 2765 vita
1564 2708 1681 2779 ejus
1702 2709 2024 2765 didicerunt.
2058 2709 2206 2764 Prw-

630 2801 950 2855 dicaverunt.
1000 2799 1128 2856 Sive
1154 2801 1252 2866 illi,
1280 2802 1371 2871 qui
1400 2816 1526 2856 vere
1552 2809 1679 2854 sunt
1702 2801 1990 2870 participes
2014 2800 2201 2871 regni;

627 2888 747 2945 sive
786 2889 948 2945 etiam
988 2888 1087 2955 illi,
1124 2890 1217 2960 qui
1260 2890 1475 2945 nomine
1526 2898 1681 2945 tenus
1730 2890 2026 2957 adharent,
2072 2900 2129 2945 et
2157 2891 2203 2946 si

631 2997 773 3059 spes‘
801 2995 988 3038 eorum
1039 2981 1112 3038 sit
1159 2981 1216 3037 in
1258 2980 1508 3050 terrenis,
1560 2980 1719 3039 laude
1764 2981 1980 3055 dignam
2022 2982 2200 3039 faten-

628 3079 738 3127 tur.

697 3161 861 3219 Vens.
885 3163 939 3219 9.
957 3194 1029 3205 —-
1049 3164 1180 3232 Qua
1200 3175 1277 3221 est
1303 3165 1423 3220 ista.
1467 3164 1709 3222 Ecclesia
1742 3166 1981 3238 gentium
2010 3167 2083 3221 ita
2110 3167 2201 3222 ﬁr-

629 3253 791 3310 miter
838 3254 1113 3322 instituta,
1162 3264 1216 3311 et
1261 3271 1644 3327 usquequaque
1683 3256 2078 3329 multiplicitate
2119 3258 2203 3313 sui

629 3344 822 3401 diﬁ‘usa
868 3354 924 3401 et
946 3346 1207 3418 producta
1231 3362 1331 3418 per
1357 3350 1556 3420 gradus
1602 3358 1658 3405 et
1684 3350 2056 3406 successiones
2080 3366 2205 3407 suas

627 3450 801 3508 usque
828 3438 896 3492 ad
921 3424 1214 3494 novissima
1244 3447 1504 3512 tempora,
1530 3441 1636 3497 illis
1665 3442 1974 3499 novissimis
2003 3452 2205 3513 tempo-

628 3537 781 3592 ribus
804 3533 918 3605 jam
958 3537 1170 3595 intuens
1218 3537 1523 3612 Synagoga,
1571 3548 1681 3596 tam
1721 3541 1859 3597 bene
1903 3550 2202 3612 operatam,

628 3635 1047 3698 operantemque
1078 3627 1247 3699 ipsam
1284 3639 1529 3685 sanctam
1562 3628 1880 3697 Ecclesiam,
1911 3639 2021 3686 tam
2045 3629 2203 3686 diﬁ‘u-

630 3733 779 3783 sam,
814 3727 894 3774 tot
924 3719 1348 3790 sapientissimos
1374 3722 1490 3777 sine
1516 3722 1807 3779 schismate
1846 3724 1995 3793 sequi
2042 3738 2204 3778 unam

630 3806 789 3863 ﬁdem
816 3826 830 3863 :
857 3818 1120 3880 praterea
1143 3811 1385 3867 vivorum
1405 3820 1460 3868 et
1488 3821 1823 3870 mortuorum
1850 3813 2127 3880 miracula,
2152 3822 2208 3870 et

627 3897 796 3955 multa
823 3899 928 3953 alia
948 3899 1269 3957 Christiana
1300 3901 1421 3957 ﬁdei
1456 3912 1802 3974 argumenta;
1836 3904 1947 3975 jam
1982 3906 2206 3976 conjun-

629 3997 738 4056 cta,
772 3990 1061 4060 paenitens,
1089 4000 1143 4047 et
1176 4004 1495 4064 compuncta
1515 4034 1530 4060 ,
1556 3995 1685 4050 dicit
1710 3996 2051 4063 admirative,
2074 3995 2205 4062 Quae

629 4090 702 4138 est
730 4083 864 4150 ista,
895 4092 997 4142 etc.
1053 4084 1219 4151 Quasi
1244 4103 1439 4140 aurora
1462 4103 1796 4158 consurgens.
1846 4089 1996 4145 Tunc
2016 4090 2203 4146 Eccle-

628 4172 709 4229 sia
732 4173 791 4228 ﬁt
821 4191 1040 4243 aurora,
1066 4192 1187 4233 cum
1211 4170 1557 4234 morlalitatis
1579 4188 1740 4251 atque
1770 4180 2087 4253 ignorantia
2128 4190 2205 4237 te-

629 4270 827 4326 nebras
869 4272 1106 4327 funditus
1150 4273 1369 4327 amittit.
1414 4271 1473 4328 ln
1500 4273 1707 4345 judicio
1739 4292 1868 4347 ergo
1899 4277 2074 4333 adhuc
2113 4294 2207 4331 au-

630 4379 773 4429 rora,
805 4363 899 4419 sed
930 4364 987 4418 in
1018 4379 1184 4435 regno
1212 4367 1322 4424 dice
1356 4368 1482 4433 erit,
1511 4367 1600 4424 ubi
1639 4368 1857 4441 plenum
1888 4372 2063 4426 visum
2093 4370 2205 4427 veri

630 4451 761 4506 solis
800 4452 1040 4508 habebit.
1088 4452 1320 4509 Pulchra
1360 4465 1416 4509 ut
1455 4454 1603 4511 luna.
1648 4455 1707 4513 In
1736 4470 1895 4514 nocte
1920 4459 2044 4514 vita
2067 4474 2206 4531 pra-

2306 1981 2430 2027 sunt
2474 1972 2840 2027 convertendi.
2888 1969 3005 2037 Vel,
3047 1980 3303 2025 revertere
3345 1985 3573 2041 corpore,
3610 1984 3780 2023 meum

2305 2065 2484 2120 animo
2511 2064 2579 2119 ab
2607 2080 2810 2128 errore,
2836 2072 2895 2119 ut
2922 2062 3156 2119 declines
3199 2077 3231 2117 a
3272 2060 3431 2118 malo.
3479 2061 3645 2116 lterum
3673 2078 3776 2115 reur-

2305 2164 2410 2210 tere
2446 2170 2692 2225 corpore,
2738 2164 2983 2209 revertere
3026 2155 3234 2220 animo,
3275 2162 3335 2207 ut
3365 2151 3522 2207 facias
3553 2152 3723 2215 bonum,
3746 2161 3780 2206 et

2303 2263 2373 2304 ne
2395 2248 2526 2303 velis
2549 2262 2669 2303 esse
2698 2246 2929 2302 turbata.
2975 2245 3091 2300 Non
3122 2246 3325 2301 suﬁicit
3354 2244 3534 2301 reverti
3561 2245 3776 2307 voluntate,

2303 2342 2405 2399 nisi
2447 2343 2681 2398 reversio
2710 2340 3025 2398 ostendatur
3052 2342 3328 2398 Ecclesia.
3382 2339 3446 2396 Ut
3474 2342 3714 2396 intueamur
3735 2350 3777 2393 te.

2305 2436 2377 2493 Ut
2403 2438 2634 2508 speciem
2662 2437 2931 2492 castitatis
2956 2452 3370 2506 cognoscamus,
3394 2444 3446 2490 et
3468 2432 3699 2506 capulaute
3715 2432 3777 2485 ad-

2306 2530 2534 2586 invicem
2559 2545 2656 2585 nos
2685 2528 2885 2585 Christi
2907 2544 3115 2596 amore,
3139 2545 3306 2583 unam
3328 2529 3530 2585 domum
3550 2526 3650 2583 ﬁdei
3667 2526 3779 2580 ambs

2304 2621 2359 2677 in
2388 2620 2505 2692 ipSo
2525 2621 2769 2705 angulari
2793 2621 2971 2693 lapide
2994 2630 3400 2678 construamus.

2893 2778 3121 2837 CAPUT
3166 2779 3285 2837 VII.

2374 2915 2539 2997 Vsus.
2568 2917 2857 2986 l.—Quid
2879 2919 3072 2975 uidebis
3099 2921 3153 2975 in
3174 2919 3449 2977 Sulmnite.
3482 2919 3600 2975 Dum
3614 2912 3776 2972 Ecclesia

2302 3016 2489 3065 monet
2517 3007 2875 3081 Synagogam,
2906 3009 3020 3081 ipse
3040 3009 3375 3083 Redemptor
3411 3024 3626 3066 annuens
3657 3007 3777 3062 boru-

2303 3098 2503 3154 mentis
2532 3098 2697 3164 illius,
2732 3113 2791 3155 se
2818 3097 3068 3155 el'fectum
3116 3102 3369 3156 daturum
3407 3099 3653 3171 promittit.
3685 3095 3777 3150 Elias

2304 3191 2448 3246 enim
2477 3200 2533 3247 et
2562 3192 2743 3248 Enocb
2777 3192 2832 3247 in
2868 3192 2973 3249 illis
2998 3194 3378 3251 convertendis
3407 3208 3509 3249 non
3539 3190 3773 3251 laborarent,

2306 3282 2411 3338 nisi
2448 3282 2642 3340 divinis
2675 3281 2971 3353 Scripturis
2990 3295 3047 3341 et
3067 3286 3378 3356 apostolicis
3406 3283 3684 3341 testimoniis
3698 3294 3774 3335 cer-

2308 3369 2588 3427 titudinem
2620 3374 2993 3429 conversionis
3014 3389 3206 3430 eorum
3242 3376 3510 3433 baberent.
3557 3371 3669 3439 Quid
3692 3370 3776 3424 ride

2305 3462 2403 3517 bis.
2435 3462 2599 3531 Quasi
2624 3463 2829 3521 diceret
2854 3484 2868 3520 :
2890 3466 3051 3523 Doles
3067 3466 3133 3522 de
3152 3467 3519 3524 incredulitate
3535 3464 3773 3536 Syuagoga;

2305 3555 2401 3612 sed
2434 3556 2575 3611 scias
2603 3556 2657 3611 in
2685 3556 2932 3628 proximo
2967 3560 3386 3616 convcrtendam
3406 3600 3422 3626 ,
3460 3566 3515 3615 ut
3551 3559 3598 3613 in
3628 3570 3677 3611 ea
3703 3553 3775 3622 jam

2305 3662 2410 3702 non
2434 3658 2693 3718 appareat
2718 3647 3026 3715 inﬁdelitas,
3059 3651 3151 3705 sed
3175 3665 3342 3722 opera
3372 3646 3678 3721 spiritualium
3697 3656 3775 3713 agr

2306 3752 2454 3803 num,
2505 3746 2560 3792 et
2603 3738 2884 3795 virtutum.
2927 3740 3098 3807 Quam
3138 3742 3345 3812 pulchri
3385 3751 3496 3798 sunt
3532 3752 3707 3812 gressu.
3737 3733 3773 3789 ll

2305 3830 2599 3899 praemissis
2626 3831 3075 3900 descriptionibus
3106 3842 3190 3889 est
3225 3836 3503 3891 descensus
3544 3848 3572 3888 ι
3608 3827 3774 3901 superio-

2306 3920 2456 3977 ribus
2487 3921 2556 3977 ad
2599 3921 2876 3988 inferiora,
2913 3932 2968 3980 et
3008 3925 3346 3995 superiorum
3390 3935 3572 3982 tantum
3604 3922 3653 3976 ﬁt
3680 3933 3775 3975 com.

2306 4015 2580 4071 mendatio
2608 4018 2993 4074 membrorum.
3046 4019 3102 4073 ln
3128 4020 3232 4076 bac
3251 4018 3652 4076 commendantur
3666 4012 3771 4068 etiam

2306 4105 2583 4173 inferiora,
2611 4117 2666 4164 et
2693 4110 2759 4165 ab
2781 4108 3124 4167 inferioribus
3143 4110 3448 4169 ascenditur
3466 4113 3524 4167 ad
3542 4105 3770 4180 superiora;

2306 4207 2367 4254 ut
2394 4202 2730 4269 ostendatur,
2764 4204 2907 4273 quod
2946 4203 3035 4259 illa
3083 4205 3321 4264 Ecclesia
3365 4208 3416 4262 in
3452 4204 3704 4264 novissimo,
3729 4212 3770 4250 ei

2306 4290 2411 4347 illis
2457 4301 2581 4348 ante
2624 4295 2870 4365 reprobis
2905 4306 3221 4363 convocata,
3259 4298 3468 4355 habebit
3492 4306 3639 4351 nmen
3664 4302 3771 4345 inem-

2306 4382 2403 4438 bra
2428 4385 2791 4455 superioribus
2814 4402 2920 4442 non
2943 4388 3197 4458 imparia;
3225 4391 3279 4446 in
3302 4405 3403 4462 qua
3424 4388 3480 4444 ﬁt
3501 4387 3771 4451 menth

2307 4489 2483 4539 suum,
2516 4474 2641 4545 quia
2664 4490 2768 4530 non
2794 4476 2846 4531 in
2871 4479 2982 4534 otio
3008 4478 3213 4548 futura,
3244 4481 3338 4537 sed
3367 4480 3432 4535 ad
3450 4486 3676 4536 certamen
3694 4482 3770 4539 Ρτο·

628 4541 818 4644 sentis,
855 4543 946 4599 ubi
976 4545 1255 4644 variantur
1291 4554 1463 4644 status
1496 4548 1887 4644 temporalium,
1922 4567 2203 4622 compara-
2232 4578 2283 4639 ι)
2307 4541 2551 4636 cessura;
2571 4571 2798 4641 primam
2822 4541 3273 4644 ρυιοιη-ίιυάίηέιη
3292 4591 3357 4631 ει
3382 4564 3637 4631 εειῖιεωίηθ
3650 4573 3770 4621 osten-

630 4642 722 4690 tur
749 4633 888 4690 (una
914 4649 933 4688 :
959 4637 1084 4707 quia
1120 4654 1263 4694 nunc
1296 4638 1442 4695 clara
1471 4642 1691 4706 mundo,
1726 4659 1870 4698 nunc
1917 4644 2199 4714 despecta;

629 4740 775 4781 nunc
798 4727 1057 4783 virtutum
1090 4734 1321 4789 candore
1348 4732 1526 4803 plena,
1561 4749 1704 4790 nunc
1728 4750 2016 4805 pravorum
2038 4736 2206 4794 debo-

628 4823 840 4871 nestata
865 4817 1029 4874 vitiis.
1077 4819 1132 4874 lu
1162 4821 1342 4876 futura
1366 4821 1715 4889 beatitudine,
1746 4824 1835 4879 ubi
1862 4823 2004 4881 idem
2029 4833 2204 4881 status

628 4905 754 4972 erit,
785 4907 918 4961 sicut
947 4907 1027 4963 sol
1050 4908 1324 4981 fulgebunt
1335 4911 1488 4981 justi.
1536 4911 1803 4968 Terribilis
1830 4924 1884 4968 ut
1911 4924 2202 4969 castrorum

628 4999 768 5054 acies
792 5001 1055 5057 ordinata.
1092 5001 1302 5059 Habent
1336 5004 1469 5061 tales
1503 5006 1753 5078 praelatos
1774 5008 1886 5079 sibi.
1903 5010 2201 5079 ordinatos,

628 5088 722 5159 qui
748 5089 1114 5160 probabilibus
1142 5095 1426 5151 sententiis
1457 5095 1616 5152 ﬁdem
1650 5110 1890 5155 nostram
1917 5110 2202 5168 evacuant,

631 5186 687 5232 et
715 5186 978 5236 terrorem
1006 5184 1161 5239 nobis
1181 5184 1464 5241 incutiunt.
1493 5185 1611 5256 Quo
1644 5189 1937 5260 perfectius
1961 5191 2203 5246 ordinem

634 5270 688 5326 in
734 5288 792 5329 se
837 5274 1094 5331 virtutum
1138 5278 1383 5345 collocat,
1428 5297 1493 5337 eo
1533 5282 1822 5339 terribilior
1856 5291 1939 5340 est
1965 5284 2206 5342 Ecclesia

631 5363 775 5419 aeris
822 5367 1209 5436 potestatibus,
1257 5370 1340 5426 vel
1382 5386 1606 5441 quaque
1648 5371 1821 5427 ﬁdelis
1862 5375 2062 5429 anima.

698 5453 860 5512 Vens.
878 5458 964 5513 10.
979 5457 1316 5517 —Descendi
1338 5464 1393 5517 in
1416 5464 1624 5519 hortum
1648 5482 1861 5534 nucum,
1883 5479 1989 5525 etc.
2020 5469 2203 5526 Judaa

628 5543 928 5603 admirante
948 5563 1145 5621 agones
1171 5550 1446 5618 Ecclesiae,
1467 5562 1522 5609 et
1542 5554 1878 5625 inquirente;
1905 5559 2020 5630 ipse
2041 5576 2204 5632 spon-

629 5648 721 5693 sus
757 5638 1002 5707 perhibet
1051 5640 1415 5698 testimonium
1460 5644 1733 5703 Ecclesiae.
1787 5646 1906 5716 Vel,
1953 5652 2203 5707 dicantur

629 5743 749 5785 esse
776 5732 937 5787 verba
980 5732 1263 5800 Ecclesia,
1296 5749 1415 5805 qua
1453 5739 1642 5794 annuit
1680 5740 1976 5815 Synagoga
2004 5759 2063 5800 se
2090 5744 2202 5801 lau-

634 5818 799 5884 danti,
836 5828 889 5875 ct
920 5823 1173 5879 continuo
1203 5824 1454 5894 insinuat,
1484 5843 1604 5899 qua
1631 5830 1702 5887 sit
1726 5830 1828 5888 sibi
1848 5847 2013 5890 causa
2040 5850 2206 5907 appa-

2309 4660 2456 4716 ditur
2491 4661 2757 4718 habitura.
2809 4665 2981 4731 Quam
3017 4665 3223 4736 pulchri
3259 4674 3395 4721 sunt.
3430 4664 3590 4720 Primo
3617 4663 3769 4726 ορεηιω

2309 4754 2665 4809 constantiam
2717 4762 2773 4811 et
2816 4755 3282 4814 mortiﬁcationem
3326 4757 3618 4827 voluptatum
3657 4748 3697 4802 in
3728 4755 3766 4796 ω

2308 4842 2492 4899 laudat
2517 4860 2533 4899 :
2562 4843 2735 4911 Quam
2759 4847 2964 4917 pulchri
3001 4859 3142 4903 sunt.
3189 4849 3313 4905 Hac
3343 4848 3513 4904 dicens
3542 4841 3599 4898 ad
3625 4834 3767 4893 laudem

2308 4932 2474 5003 ipsius
2502 4933 2754 4990 Ecclesia
2783 4936 3085 5007 conjuncta
3113 4953 3180 4994 ex
3209 4937 3542 4995 dulcedinese
3563 4920 3764 4986 convertit.

2307 5032 2367 5081 ut
2401 5025 2570 5082 Judai
2610 5027 2818 5083 facilius
2851 5039 3251 5096 convertantur,
3290 5038 3344 5086 et
3379 5023 3588 5083 Ecclesia
3618 5019 3669 5074 de
3700 5010 3766 5066 illis

2309 5117 2683 5172 convertendis
2709 5116 2829 5187 plus
2857 5117 3083 5174 laboret.
3129 5121 3394 5175 Junclura'
3425 5116 3656 5187 femorum.
3697 5100 3764 5157 εἶθ’

2310 5214 2396 5262 cte
2424 5215 2545 5276 post
2567 5221 2783 5277 gressus
2811 5207 3099 5275 calceatos,
3122 5207 3368 5281 junctu'ra
3394 5208 3624 5262 femorum
3644 5188 3764 5289 laud?

2312 5305 2402 5353 tur
2445 5316 2458 5351 :
2500 5298 2626 5367 quia
2661 5314 2758 5369 per
2803 5300 3163 5357 ministerium
3209 5298 3578 5372 pradicantium
3616 5284 3763 5372 ρεηῖάι

2312 5387 2580 5442 unanimis
2612 5386 2916 5457 coniunctio
2945 5371 3270 5447 credentium
3298 5388 3596 5463 populorum.
3639 5371 3761 5463 ΙΨ

2311 5477 2404 5533 lia.
2436 5477 2806 5546 Mundissima,
2828 5495 2948 5536 cum
2970 5482 3079 5554 jam
3104 5499 3211 5540 non
3238 5460 3529 5539 dissentiant
3546 5472 3590 5529 hi
3608 5468 3660 5525 ab
3677 5460 3760 5519 illis:

2311 5569 2407 5626 sed
2438 5569 2493 5625 in
2520 5570 2769 5627 omnibus
2798 5575 3124 5629 conveniant
3154 5594 3167 5630 :
3199 5584 3254 5631 et
3279 5584 3484 5644 operum
3507 5555 3760 5654 “testati?”

2307 5660 2624 5717 clarescant.
2671 5662 2802 5730 Quae
2840 5663 3101 5735 fabricata
3146 5675 3284 5723 sunt.
3339 5663 3457 5732 Qua}
3503 5653 3756 5742 conlmwuf”

2307 5762 2424 5808 arte
2463 5753 2830 5811 inscrutabilis
2870 5757 3076 5813 consilii
3112 5759 3350 5816 ordinata
3383 5761 3459 5810 est
3492 5768 3504 5804 ε
3537 5745 3631 5816 quis
3661 5743 3754 5791 cm”

2307 5845 2458 5901 novit
2496 5861 2665 5917 quare
2718 5845 2861 5905 Deus
2908 5864 3076 5920 usque
3121 5853 3187 5907 ad
3236 5850 3357 5906 illud
3400 5853 3575 5913 tempus
3609 5827 3753 5887 10W
