4028 6332
224 415 356 478 1161

1009 409 1277 470 GLOSSA
1313 406 1710 467 0RDlNAlllA.
1749 432 1818 444 —
1853 403 2205 465 CANTlCUM
2238 405 2704 466 CANTICORUM.

3317 409 3456 467 1162

221 531 592 593 cxcacaverit.
620 530 749 599 Quae
772 531 1026 602 fabricata
1047 539 1166 585 sunt
1188 545 1367 583 manu.
1401 526 1460 582 1d
1482 533 1584 593 est,
1607 525 1789 579 incffa-
1814 525 1866 584 A
1891 521 2086 578 multas
2123 539 2291 594 aquas
2320 525 2594 596 sapientia
2633 532 2688 580 et
2730 523 3020 592 doctrina,
3063 525 3130 580 ad
3169 530 3458 598 potandum

222 631 315 688 bili
337 628 590 700 largitate
613 626 824 682 ﬁrmata
846 625 1160 682 conditoris.

290 718 578 775 Umbilicus
631 726 771 771 tuus.
822 716 904 771 Illi
946 717 1109 771 etiam
1155 715 1295 770 inter
1338 713 1548 779 molles,
1586 711 1677 783 qui
1712 709 1792 782 gi-

222 817 411 882 gnunt,
435 807 536 866 etsi
565 807 762 865 mundo
785 806 927 864 licite
955 807 1180 874 harent,
1210 814 1388 862 tamen
1419 805 1556 862 bene
1579 818 1788 860 annun-

224 901 381 957 tiant.

294 995 461 1052 Vens.
490 996 546 1051 2.
572 993 971 1051 —Umbilicus.
1023 992 1082 1051 Id
1121 1002 1224 1063 est,
1265 992 1550 1050 inﬁrmitas
1594 999 1794 1048 nostra

177 1102 179 1104 ‘
224 1089 571 1149 mortalitatis
598 1087 660 1144 ﬁt
683 1096 882 1154 crater,
912 1085 1125 1157 quando
1157 1086 1522 1142 inﬁrmitatem
1553 1090 1792 1138 nostram

226 1178 284 1233 in
310 1178 466 1233 nobis
487 1175 716 1247 experti,
745 1183 806 1232 ut
832 1175 922 1230 alii
949 1191 1046 1246 per
1066 1190 1166 1232 nos
1193 1179 1613 1244 recognoscant,
1642 1172 1796 1228 labo-

227 1285 430 1336 ramus,
450 1269 534 1325 vcl
551 1269 836 1340 aliquando
856 1269 1221 1342 eleemosynas
1240 1270 1448 1324 damus.
1489 1266 1792 1333 Tornatilis,

225 1359 282 1414 id
306 1367 390 1414 est
415 1359 674 1414 rotundus
698 1366 751 1414 et
773 1358 1046 1430 perfectus
1075 1375 1088 1412 :
1121 1357 1211 1428 qui
1241 1359 1384 1412 enim
1409 1357 1478 1412 ob
1504 1357 1557 1412 id
1583 1357 1674 1412 dat
1700 1373 1798 1426 po-

226 1460 341 1507 tum
371 1452 590 1518 sitienti,
615 1452 699 1508 vel
723 1451 942 1507 calicem
969 1451 1133 1505 divini
1155 1450 1304 1505 verbi
1325 1451 1549 1522 porrigit
1571 1449 1795 1514 erranti,

227 1549 286 1596 ut
313 1556 344 1595 a
367 1541 476 1596 Deo
506 1549 906 1598 remuneratore
930 1540 1016 1595 vel
1053 1549 1322 1596 terrenam
1359 1539 1678 1610 sapientiam
1707 1553 1800 1593 ex—

225 1641 430 1704 spectet
463 1651 477 1687 :
509 1631 667 1701 hujus
694 1641 873 1688 crater
895 1646 1002 1687 non
1022 1639 1105 1687 est
1128 1640 1282 1686 torno
1302 1631 1496 1695 factus,
1519 1629 1644 1700 quia
1666 1643 1800 1698 opus

228 1726 609 1782 misericordia
627 1767 641 1792 ,
669 1725 810 1795 quod
834 1724 959 1780 fecit
978 1764 994 1791 ,
1021 1739 1130 1779 non
1159 1739 1322 1780 causa
1353 1739 1464 1778 sua
1495 1720 1802 1792 fragilitatis

226 1817 492 1888 erigenda
529 1816 597 1871 ad
635 1815 805 1871 Deum
835 1805 994 1881 fecit,
1038 1814 1134 1871 sed
1171 1823 1445 1871 terrenam
1495 1815 1799 1870 mercedem

1889 631 1980 672 eos
2003 617 2093 687 qui
2133 627 2292 673 erunt
2315 619 2368 674 in
2395 618 2600 690 cingulo
2625 619 2886 684 maroris,
2922 627 3277 690 persequente
3305 618 3460 676 Anti-

1889 708 2112 775 christo,
2143 725 2262 781 qua
2285 710 2506 780 piscina
2533 719 2661 765 sunt
2687 710 2738 764 in
2771 709 2860 764 illa
2887 709 3125 780 plcnaria
3151 711 3461 767 introitione

1889 801 2173 872 utriusque
2198 800 2607 872 multiplicitatis
2629 841 2644 868 ,
2669 815 2786 872 quae
2810 803 2915 856 erit
2941 801 3053 869 ﬁlia
3089 801 3458 856 ntultitudmis.

1892 893 2091 950 Nasus.
2134 893 2444 950 Cautissimi
2471 894 2794 950 discretores
2825 895 2950 950 boni
2981 905 3037 950 et
3065 893 3209 961 mali,
3242 895 3380 950 sicut
3412 905 3468 949 ct

1889 999 1988 1056 per
2013 1000 2171 1041 nares
2188 985 2320 1040 odor
2342 984 2426 1039 vel
2449 984 2588 1040 fetor
2612 985 2955 1050 discernitur,
2986 1001 3122 1056 quos
3143 986 3284 1042 nulla
3329 987 3466 1041 fallit

1891 1074 2213 1146 hypocrisis,
2247 1082 2302 1130 et
2331 1073 2816 1129 eminentissimum
2857 1083 3036 1130 tenent
3069 1075 3265 1130 locum.
3319 1073 3464 1130 Sicut

1893 1167 2053 1222 turris
2075 1165 2281 1220 Libani.
2336 1165 2394 1219 In
2423 1172 2604 1220 monte
2638 1165 2839 1221 idcirco
2869 1166 2936 1219 ad
2972 1165 3352 1236 speculandum
3377 1182 3472 1236 po-

1895 1259 2064 1324 nitur,
2101 1267 2160 1312 ut
2205 1259 2408 1323 hostes,
2439 1259 2531 1329 qui
2558 1258 2802 1323 veniunt,
2831 1257 2987 1328 longe
3024 1259 3309 1314 videantur
3340 1275 3354 1312 :
3386 1261 3465 1315 sic

1895 1349 2260 1421 pradicatoris
2296 1349 2405 1403 vita
2435 1363 2648 1418 semper
2669 1350 2721 1402 in
2751 1348 2859 1402 alto
2888 1349 3043 1404 debet
3073 1350 3228 1403 ﬁrma
3259 1365 3472 1417 perma-

1898 1455 2048 1506 nere,
2095 1447 2155 1495 ut
2204 1441 2454 1494 incursus
2493 1439 2850 1510 malignorum
2884 1440 3038 1511 longe
3065 1442 3378 1511 prospiciat,
3413 1451 3472 1497 ut

1899 1533 2111 1603 culpam
2141 1572 2157 1599 ,
2203 1533 2518 1604 priusquam
2568 1533 2786 1599 veniat,
2839 1534 3221 1604 deprehendat.
3276 1537 3472 1591 Contra

1899 1625 2237 1679 Damascum.
2291 1626 2586 1680 Damascus
2612 1626 2922 1695 metropolis
2946 1626 3134 1697 Syria,
3161 1645 3279 1698 qua
3309 1631 3473 1684 multa

1903 1715 2042 1770 mala
2083 1715 2260 1770 intulit
2301 1715 2518 1781 lsraeli,
2558 1726 2613 1772 et
2644 1719 2805 1773 etiam
2849 1721 3174 1790 captivavit:
3204 1738 3300 1792 per
3338 1724 3476 1777 hanc

1904 1807 2080 1861 omnis
2124 1806 2412 1863 multitudo
2449 1808 2773 1876 damonum,
2812 1809 2896 1864 vel
2934 1802 3164 1880 nequam
3198 1813 3475 1867 hominum

228 1873 474 1978 requirit.
519 1905 712 1962 Venter
735 1914 875 1961 tuus.
914 1903 1118 1961 Venter
1144 1913 1327 1960 noster
1352 1921 1564 1959 acervus
1592 1912 1674 1960 est
1699 1905 1797 1958 tri-
1825 1873 1874 1936 Β
1901 1900 2164 1968 signatur.

227 1999 340 2066 tiri,
371 2013 494 2054 cum
537 2011 804 2054 memores
830 2005 1029 2053 nostra
1057 1994 1384 2067 fragilitatis,
1413 1995 1617 2051 fructus
1635 1995 1803 2050 bono-

229 2103 350 2145 rum
391 2101 639 2160 operum,
686 2087 880 2157 quibus
924 2095 1184 2158 perpetuo
1225 2087 1553 2154 reﬁciamur,
1585 2085 1638 2140 in
1667 2100 1804 2155 pra-

228 2177 370 2235 senti
401 2176 513 2231 vita
545 2175 703 2232 nobis
731 2191 1115 2248 praparamus.
1154 2175 1343 2230 Venter
1368 2185 1508 2230 tuus.
1548 2174 1803 2242 Quamvis

229 2269 306 2327 sit
327 2266 552 2324 inferior
577 2267 775 2340 gradus
796 2307 812 2334 ,
839 2275 1020 2322 tamen
1051 2266 1260 2322 triticea
1290 2264 1513 2322 refectio
1539 2265 1643 2320 erit
1669 2265 1802 2331 Deo,

231 2362 356 2434 quia
384 2361 439 2416 in
465 2360 574 2416 imo
601 2360 777 2424 multi,
805 2359 861 2415 in
890 2359 1156 2430 superiori
1176 2359 1356 2432 pauci,
1383 2373 1490 2414 non
1520 2364 1703 2414 tamen
1725 2357 1806 2412 di-

224 2440 402 2510 'cimus
445 2452 500 2507 in
535 2453 668 2519 imo,
699 2453 756 2508 id
789 2459 894 2518 est,
927 2451 982 2506 in
1016 2459 1259 2522 peccato.
1312 2451 1559 2507 Acerras.
1611 2450 1668 2506 In
1700 2450 1807 2506 imo

233 2544 412 2610 latior,
443 2543 498 2598 in
529 2554 742 2600 summo
760 2543 1038 2614 angustior
1065 2543 1277 2600 crescit.
1327 2542 1419 2598 Sic
1445 2551 1501 2597 et
1528 2543 1580 2597 in
1609 2540 1809 2597 nostris

236 2635 559 2702 actionibus,
591 2649 711 2706 quae
739 2642 943 2708 quanto
984 2635 1191 2691 altioris
1237 2643 1361 2691 sunt
1399 2635 1616 2702 meriti,
1658 2642 1809 2690 tanto

233 2727 514 2798 pauciores
556 2727 640 2782 sui
677 2726 956 2797 operarios
994 2725 1296 2780 inveniunt.
1352 2724 1410 2781 In
1461 2720 1842 2781 inferioribus'

235 2816 418 2888 plures
441 2824 568 2871 sunt
585 2817 840 2887 operarii.
870 2816 1020 2872 Multi
1043 2817 1109 2872 de
1127 2815 1554 2887 possessionibus
1580 2815 1812 2872 eleemo-

237 2918 398 2977 synas
440 2905 713 2970 tribuunt,
751 2905 911 2974 pauci
954 2913 1080 2960 sunt
1115 2905 1206 2974 qui
1245 2905 1611 2976 possessiones
1649 2905 1812 2960 relin-

236 3003 427 3065 quunt.
479 2992 708 3049 Possunt
740 2994 795 3047 in
835 3009 1014 3048 acervo
1063 2993 1223 3047 tritici
1267 2993 1638 3062 eleemosyna,
1676 3009 1812 3061 quas

238 3083 564 3157 pauperibus
600 3097 903 3154 erogamus,
947 3081 1192 3154 intelligi,
1238 3091 1295 3138 et
1329 3085 1467 3137 bene
1497 3090 1618 3152 post
1647 3092 1813 3138 crate-

241 3190 350 3228 rem
397 3174 637 3228 membra
677 3188 884 3243 sponsa
908 3187 1101 3229 acervo
1125 3173 1291 3230 tritici
1317 3183 1726 3246 comparantur.
1751 3182 1812 3230 ut

242 3274 503 3335 et-potum
532 3273 587 3320 et
621 3233 815 3336 panem
843 3266 1167 3337 pauperibus
1205 3266 1335 3322 dare
1367 3233 1634 3338 signetur,
1673 3233 1815 3336 quod
1841 3233 1888 3297 Ο

243 3364 298 3412 et
333 3356 400 3410 de
427 3356 696 3426 corporali
727 3364 782 3412 et
813 3355 1075 3429 spirituali
1114 3357 1405 3412 refectione
1451 3373 1603 3428 aeque
1640 3365 1818 3428 potest

243 3448 437 3521 accipi.
493 3448 552 3504 In
595 3450 797 3520 apertis
835 3458 919 3505 est
963 3450 1204 3505 doctrina
1240 3443 1510 3521 poculum,
1539 3450 1594 3505 in
1624 3459 1820 3521 myste-

243 3545 343 3602 riis
370 3552 454 3601 est
469 3545 643 3616 panis.
701 3543 942 3600 Vallatus
966 3544 1113 3599 liliis.
1152 3543 1286 3599 Cum
1307 3544 1488 3600 omnia
1516 3544 1676 3610 bona,
1699 3559 1820 3614 qua

244 3635 478 3708 agimus,
517 3636 690 3707 gratia
731 3635 973 3691 videnda
1015 3643 1230 3691 atema
1267 3635 1530 3690 claritatis
1562 3634 1816 3707 gerimus.

231 3719 314 3783 'Et
345 3741 442 3798 per
478 3728 580 3783 hoc
613 3726 890 3783 insidianti
935 3726 1154 3782 inimico
1193 3727 1399 3784 aditum
1436 3727 1609 3785 nostri
1643 3726 1822 3784 cordis

245 3818 668 3890 circumquaque
694 3820 1044 3876 obstruimus.

319 3912 481 3968 Vsus.
514 3911 782 3967 '5.—Duo
805 3913 982 3968 ubera.
1033 3912 1170 3982 Quia
1192 3915 1444 3970 doctores
1469 3914 1681 3969 rudium
1713 3929 1822 3970 non

247 4017 348 4060 sua
371 4003 689 4072 pradicant,
717 4004 812 4059 sed
832 4019 898 4059 ex
926 4003 1154 4075 eloquiis
1183 4005 1464 4075 utriusque
1495 4004 1823 4061 Testamenti

248 4104 469 4150 sumunt
495 4109 615 4165 qua
639 4095 707 4150 ab
732 4110 839 4150 uno
866 4104 1085 4152 auctore
1106 4103 1231 4159 sunt
1257 4097 1400 4153 edita
1424 4115 1437 4150 :
1469 4106 1529 4151 ut
1549 4097 1662 4166 ipse
1686 4111 1826 4153 unus

246 4195 436 4257 pastor
481 4200 550 4241 ex
597 4186 804 4242 duobus
847 4189 1101 4259 gregibus
1143 4189 1322 4243 ovium
1364 4204 1529 4244 unum
1559 4189 1698 4246 ovile
1726 4189 1828 4244 im-

247 4276 432 4348 pleat;
473 4276 566 4347 qui
607 4293 809 4349 caprea:
851 4286 1254 4348 comparantur,
1295 4279 1422 4351 quia
1450 4281 1708 4336 mundum
1743 4288 1828 4338 est

249 4367 474 4436 animal,
503 4369 620 4423 visu
653 4375 708 4422 et
734 4383 894 4424 cursu
922 4368 1153 4440 insigne,
1198 4377 1252 4424 et
1299 4368 1508 4426 ﬁndens
1546 4371 1824 4441 ungulam,

252 4459 399 4531 quod
442 4458 511 4514 ad
552 4459 931 4516 discretionem
959 4459 1084 4514 boni
1119 4467 1175 4515 et
1197 4459 1323 4514 mali
1351 4462 1619 4531 pertinet;
1659 4469 1714 4515 et
1743 4477 1832 4515 ru-

1974 1989 2138 2044 Vens.
2205 1989 2259 2043 5.
2306 2019 2378 2032 —
2405 1989 2573 2060 Caput
2615 2000 2782 2046 tuum.
2839 1991 2992 2049 Mens
3032 2002 3144 2061 tua,
3184 1996 3311 2065 quia
3342 1997 3482 2067 regit

1903 2088 2075 2136 totum
2122 2095 2318 2152 corpus
2365 2082 2768 2151 cogitationum,
2805 2092 2889 2138 est
2925 2084 3053 2150 alta,
3095 2094 3154 2139 ut
3185 2101 3343 2141 mons
3384 2102 3481 2156 per

1905 2173 2368 2228 conversationem
2396 2175 2539 2238 vita,
2569 2183 2624 2230 et
2647 2175 2771 2230 talis
2799 2192 2976 2242 mons,
3003 2177 3095 2247 qui
3118 2178 3280 2235 habet
3301 2180 3482 2234 scicn-

1905 2265 2037 2319 tiam
2082 2263 2534 2330 circumcisionis,
2579 2281 2687 2321 non
2729 2267 2782 2322 in
2832 2266 3099 2325 ablatione
3133 2271 3339 2336 carnis,
3384 2271 3481 2327 sed

1907 2352 2334 2424 superfluitatum
2365 2356 2563 2412 cordis.
2616 2356 2858 2413 Cocblea
2884 2360 3052 2414 maris
3079 2360 3226 2416 ferro
3247 2361 3481 2416 circum-

1909 2444 2058 2510 cisse,
2101 2443 2370 2516 lacrymas
2411 2447 2665 2518 purpurei
2709 2448 2904 2504 coloris
2950 2451 3233 2520 emittunt,
3285 2453 3482 2524 quibus

1909 2533 2149 2590 collectis
2181 2533 2414 2589 tinctura
2448 2535 2704 2607 purpurei
2733 2537 2930 2593 coloris
2955 2539 3256 2596 conﬁcitur.
3308 2541 3483 2597 Cana-

1911 2623 2002 2690 les,
2039 2625 2130 2696 qui
2171 2640 2462 2696 purpuram
2503 2627 2646 2698 regis
2675 2628 2995 2698 suspiciunt,
3032 2639 3158 2685 sunt
3188 2633 3484 2700 praecordia

1911 2717 2166 2772 ﬁdelium.
2208 2718 2357 2773 Lana
2387 2735 2507 2790 qua
2533 2721 2836 2793 intingitur,
2858 2729 2918 2776 ut
2942 2723 3310 2778 indumentum
3341 2726 3485 2796 regis

1912 2807 2192 2876 cﬁiciatur,
2227 2817 2313 2865 est
2337 2809 2613 2866 humilitas
2646 2811 2698 2865 in
2739 2811 3014 2881 patiendo,
3047 2829 3164 2884 qua
3193 2815 3382 2884 juncta
3411 2825 3487 2870 est

1913 2901 2203 2967 canalibus,
2233 2903 2445 2972 quando
2470 2903 2741 2960 constanti
2763 2905 2926 2960 corde
2950 2904 3124 2960 virtus
3145 2907 3484 2975 humilitatis,

1914 3000 1970 3046 et
2011 2994 2260 3047 continua
2303 2994 2567 3049 Dominici
2614 2997 2822 3050 cruoris
2861 3001 3119 3053 memoria
3149 3000 3214 3054 ad
3251 2999 3488 3054 toleran-

1915 3078 2044 3132 tiam
2075 3080 2362 3136 animatur.
2416 3081 2642 3153 Semper
2665 3099 2955 3153 purpuram
2978 3087 3088 3141 veri
3121 3089 3286 3158 regis,
3324 3089 3491 3147 id.est

1913 3170 2242 3239 passionem,
2267 3172 2320 3225 in
2353 3173 2610 3227 memoria
2642 3173 2925 3239 habentes,
2961 3184 3018 3230 et
3062 3175 3130 3232 ad
3172 3177 3490 3234 imitandum

1917 3261 2113 3332 parati,
2147 3271 2206 3315 ut
2231 3278 2351 3316 cum
2376 3261 2592 3318 Christo
2618 3266 3029 3320 resuscitentur.

1988 3354 2152 3408 Vsus.
2207 3354 2259 3406 7.
2287 3385 2357 3394 —-
2381 3353 2589 3409 Statura
2627 3365 2737 3410 tua.
2787 3354 2922 3423 Quia
2957 3356 3198 3412 Ecclesia
3225 3357 3280 3412 in
3305 3367 3484 3414 certa-

1919 3445 2062 3500 mine
2088 3446 2372 3516 prasentis
2396 3446 2518 3501 vitae
2545 3446 2739 3518 gaudia
2775 3446 2972 3503 futura
3012 3449 3137 3504 vita
3175 3459 3491 3521 prazgustat,

1920 3539 2521 3595 subditur:Assimilata
2562 3551 2637 3596 est
2673 3541 2881 3611 palma.
2936 3541 3185 3598 Hacest
3231 3545 3496 3602 rectitudo

1919 3630 2075 3688 bona
2099 3632 2448 3701 operationis,
2474 3648 2594 3703 qua
2615 3632 2680 3688 ad
2709 3643 2920 3689 terrena
2945 3635 3174 3706 despicit
3197 3635 3492 3704 incurvari,

1923 3729 2091 3778 totam
2123 3737 2184 3778 se
2214 3723 2282 3777 ad
2311 3723 2557 3778 caelestia
2587 3723 2784 3795 erigit,
2817 3733 2871 3780 et
2903 3727 2960 3780 in
2988 3728 3283 3783 certamine
3317 3729 3495 3798 posita

1921 3813 2094 3868 tendit
2120 3813 2188 3867 ad
2216 3814 2479 3880 bravium,
2503 3830 2610 3885 quo
2629 3814 2782 3872 ﬁnito
2804 3831 2996 3888 agone,
3025 3818 3220 3873 victrix
3247 3820 3494 3876 donanda

1921 3910 2008 3958 est
2048 3901 2244 3972 palma.
2287 3903 2346 3958 In
2388 3902 2737 3960 inferioribus
2767 3920 2958 3976 aspera
2985 3914 3105 3974 est,
3144 3909 3240 3963 sed
3267 3909 3500 3980 desuper

1921 3994 2148 4066 pulchra
2172 4005 2276 4062 est,
2306 4007 2360 4053 et
2383 3996 2618 4054 fructum
2644 3999 2802 4072 gerit.
2852 3999 2954 4073 Sic,
2982 4002 3223 4058 Ecclesia
3261 4004 3316 4060 in
3350 4014 3496 4061 terra

1925 4102 2146 4159 asperos
2177 4089 2371 4145 tolerat
2396 4090 2626 4158 labores,
2658 4093 2752 4148 sed
2781 4101 2963 4163 sperat
2998 4095 3053 4149 in
3082 4095 3218 4149 calo
3249 4110 3310 4151 se
3339 4112 3499 4151 acce-

1923 4191 2137 4254 pturam
2158 4187 2458 4256 praemium.
2481 4186 2663 4241 Palma
2685 4196 2970 4242 conservat
2993 4187 3118 4242 folia
3152 4206 3166 4242 :
3197 4189 3278 4243 sic
3304 4187 3498 4244 Eccle-

1926 4278 2029 4343 sia,
2055 4280 2297 4335 variante
2323 4281 2502 4335 saeculi
2534 4288 2699 4344 statu,
2741 4280 2928 4334 eadem
2961 4287 3106 4336 tenet
3139 4281 3262 4334 ﬁdei
3316 4295 3502 4337 sacra-

1925 4381 2130 4428 menta.
2189 4370 2378 4427 Ubera.
2433 4372 2489 4427 ld
2524 4380 2642 4438 est,
2680 4373 2962 4444 magistri,
3003 4373 3094 4442 qui
3139 4388 3237 4442 pro
3287 4374 3498 4444 capaci-

1927 4472 2040 4518 tate
2089 4462 2418 4517 audientium
2471 4478 2624 4518 suam
2681 4472 2983 4534 temperant
3044 4463 3342 4520 doctrinam
3378 4506 3393 4530 ,
3449 4475 3506 4522 et

252 4550 446 4614 minat,
490 4549 634 4618 quod
669 4557 792 4620 post
827 4549 1207 4604 discretionem
1239 4557 1323 4604 est
1362 4549 1705 4614 faciendum;
1739 4564 1906 4624 εει-π
1931 4568 2362 4624 unumquemque
2404 4554 2469 4609 ad
2513 4555 2760 4610 sublimia
2800 4556 2863 4609 ab
2909 4556 3141 4611 ubertate
3180 4559 3364 4613 domus
3405 4559 3505 4614 Dei

251 4641 399 4696 melli
434 4647 655 4712 propter
687 4652 847 4692 unam
891 4637 1255 4692 concordiam.

325 4732 492 4790 Vsus.
517 4731 574 4786 4.
593 4761 666 4773 --
683 4728 888 4786 Collum
913 4739 1080 4783 tuum.
1129 4729 1185 4783 Id
1213 4737 1317 4795 est,
1342 4727 1417 4783 illi
1448 4743 1544 4800 per
1568 4745 1702 4800 quos
1724 4745 1828 4786 vox

252 4829 390 4894 exit,
422 4836 477 4884 et
513 4841 640 4882 esca
687 4825 745 4880 in
788 4839 982 4894 corpus
1025 4823 1308 4893 trajicitur,
1353 4823 1446 4893 qui
1483 4832 1608 4878 sunt
1647 4825 1829 4891 turris,

255 4921 382 4992 quia
407 4927 462 4975 et
487 4917 734 4988 exemplo
762 4917 886 4971 vita
917 4915 1165 4970 nmniunt
1193 4913 1345 4979 alias,
1379 4925 1433 4969 et
1457 4916 1732 4970 decorant.
1773 4917 1832 4972 ln

253 5011 408 5066 ebore
440 5010 583 5066 enim
615 5008 820 5064 candor
857 5015 1093 5062 notatur.
1151 5003 1304 5060 Oculi
1343 5007 1438 5060 tui.
1495 5005 1598 5074 Qui
1636 5023 1850 5064 arcana-

257 5100 574 5172 inspiciunt,
603 5109 662 5156 ut
691 5099 898 5170 possint
921 5098 974 5153 in
1009 5107 1194 5168 aperto
1219 5097 1487 5169 proloqui,
1516 5099 1607 5171 qui
1633 5101 1835 5157 ﬂuenta

262 5190 522 5247 doctrina
558 5188 895 5245 auditoribus
927 5205 1031 5244 non
1066 5199 1302 5255 cessant,
1343 5190 1483 5246 sicut
1517 5191 1573 5246 in
1620 5192 1838 5249 civitate

270 5278 505 5334 Herebon
533 5277 748 5350 piscinae
786 5291 998 5348 semper
1033 5278 1188 5348 aquis
1222 5279 1580 5346 abundantes,
1623 5282 1840 5352 copiose

259 5372 465 5445 populo
491 5372 547 5428 in
569 5371 792 5427 introitu
816 5371 983 5440 ipsius
1017 5371 1249 5426 civitatis
1282 5387 1477 5442 aquam
1504 5373 1834 5430 ministrant.

265 5465 337 5522 Et
378 5464 515 5520 bene
561 5463 813 5518 dicuntur
837 5478 989 5532 aqua
1015 5478 1132 5518 esse
1163 5464 1218 5517 in
1239 5472 1390 5531 porta
1426 5464 1681 5530 civitatis,
1711 5468 1837 5536 quia

265 5568 428 5611 nemo
461 5561 639 5623 potest
667 5551 964 5607 Ecclesiam
991 5553 1229 5624 ingredi,
1263 5553 1367 5607 nisi
1401 5553 1553 5623 prius
1591 5571 1843 5627 aspersus

269 5658 413 5714 aqua
445 5642 703 5698 doctrina
733 5649 786 5696 et
817 5643 1088 5711 baptismi.
1140 5640 1293 5698 Unde
1319 5644 1375 5698 in
1401 5644 1623 5701 introitu
1661 5648 1842 5717 templi

273 5733 582 5792 Salomonis
608 5739 728 5788 erat
758 5747 907 5786 mare
939 5746 1165 5798 aeneum,
1202 5733 1292 5789 ubi
1335 5735 1640 5792 sacerdotes
1671 5738 1842 5794 intra-

277 5825 381 5881 turi
407 5824 658 5879 lavabant
689 5837 878 5878 manus
907 5830 960 5876 et
985 5822 1162 5891 pedes.
1211 5820 1456 5879 Piscium.
1499 5825 1845 5887 Continentes

558 5917 830 5977 ΡΑτιιοι.
875 5915 1096 5980 CXlll.

1851 4601 1907 4664 D

1931 4641 2189 4696 inebriant
2229 4642 2400 4715 (Psal.
2442 4645 2639 4717 xxxv),
2677 4654 2731 4700 et
2765 4648 2926 4702 corda
2967 4647 3285 4703 exhilarant.

2006 4735 2170 4790 Vens.
2229 4736 2281 4791 8.
2303 4765 2374 4776 —
2394 4736 2520 4790 Dixi
2549 4753 2568 4792 :
2595 4738 2902 4792 Ascendam’.
2959 4739 3120 4806 Quasi
3170 4739 3371 4795 diceret
3395 4758 3409 4795 :
3439 4739 3508 4795 Et

1937 4826 2080 4897 quod
2110 4826 2244 4882 tales
2270 4827 2429 4882 habet
2454 4828 2721 4892 doctores,
2748 4837 2854 4880 tam
2885 4827 3112 4883 discreta
3129 4831 3502 4899 praedicantes,

1939 4935 2044 4975 non
2071 4929 2152 4976 est
2181 4921 2258 4975 tui
2292 4921 2492 4986 meriti,
2527 4922 2620 4974 sed
2659 4919 2856 4974 donum
2899 4934 3100 4988 meum,
3141 4921 3267 4991 quia
3294 4921 3508 4976 ascendi

1937 5010 1993 5064 in
2017 5010 2268 5082 palmam,
2298 5012 2350 5066 id
2373 5020 2486 5076 est,
2519 5009 2638 5065 dedi
2675 5009 2928 5066 Ecclesia
2964 5020 3305 5084 augmentum
3339 5012 3510 5067 virtu-

1941 5109 2075 5166 tum,
2122 5101 2292 5157 donec
2327 5101 2393 5155 ad
2429 5085 2727 5170 perfectum
2768 5102 2984 5168 veniat,
3025 5109 3080 5158 et
3123 5102 3506 5172 apprehenditur

1940 5194 2140 5264 {ructus
2169 5193 2317 5264 ejus;
2350 5192 2403 5246 id
2443 5200 2550 5255 est.
2585 5193 2662 5248 ita
2696 5193 3009 5248 confortabo
3042 5199 3098 5247 et
3137 5191 3505 5263 multiplicabo

1940 5285 2168 5338 virtutes
2206 5283 2260 5336 in
2291 5282 2390 5347 eis,
2417 5291 2476 5337 ut
2501 5281 2645 5338 nullo
2682 5282 2839 5337 modo
2874 5279 3082 5352 possint
3111 5280 3378 5344 decidere,
3409 5282 3506 5335 do-

1939 5391 2040 5432 nec
2069 5376 2135 5431 ad
2164 5376 2528 5430 maturitatem
2553 5375 2887 5446 perveniant,
2913 5381 2969 5428 et
2993 5388 3090 5444 per
3111 5375 3212 5429 hoc
3238 5374 3395 5427 ubera
3419 5382 3512 5427 tua

1943 5477 2104 5525 erunt
2126 5469 2257 5523 sicut
2283 5467 2459 5522 botrus
2488 5468 2634 5539 cypri
2653 5507 2668 5533 ,
2697 5466 2822 5537 quia
2849 5464 2956 5530 illi,
2984 5465 3074 5534 qui
3101 5479 3264 5536 parva
3290 5473 3511 5528 norunt,

1945 5559 1992 5615 si
2018 5557 2264 5615 benivole
2290 5558 2541 5614 nuntiant
2573 5555 2840 5611 interdum
2880 5556 3088 5625 potiore
3123 5553 3386 5624 sapientia
3427 5553 3517 5608 de-

1944 5652 2278 5706 briabuntur.
2326 5649 2470 5705 Dixi.
2520 5647 2705 5716 Quasi,
2750 5646 3100 5702 insistendum
3145 5654 3229 5700 est
3272 5643 3338 5698 ad
3385 5659 3514 5699 con-

1945 5742 2246 5798 versionem
2272 5738 2749 5808 Judaorum,quia
2788 5745 2898 5792 tam
2941 5735 3159 5806 pulchra
3209 5734 3519 5806 conjunctio

1948 5841 2031 5890 est
2071 5841 2347 5898 secutura,
2386 5839 2440 5885 et
2483 5830 2606 5898 quia
2651 5844 2750 5900 pro
2779 5828 2859 5883 eis
2898 5827 3128 5883 maxime
3157 5840 3346 5897 passus
3370 5840 3513 5892 sum,

2999 5914 3078 5976 37
