4028 6332
254 495 397 556 “65

1026 487 1291 549 GLOSSA
1327 477 1720 546 ORDlNARlA.
1765 509 1840 522 -
1869 477 2226 540 αΑΝτιουΜ
2259 479 2727 540 CANTICORUM.

3339 485 3483 543 H66

253 628 422 689 gnum
455 605 672 681 aliquod
700 607 888 681 digito,
926 606 1010 664 vel
1035 607 1262 664 brachio
1291 603 1565 674 alligatum
1595 598 1826 654 circum-
1850 594 1905 657 A
1926 593 2678 689 bmreticommmophismata
2704 635 2721 660 ,
2913 603 3093 653 tamen
3143 597 3484 670 simplicitate

251 705 416 769 ferre,
444 717 550 773 quo
578 701 962 757 admoneamur
993 699 1133 754 illius
1159 698 1258 762 rei,
1310 695 1462 765 cujus
1494 691 1822 763 frequentio-

252 811 370 854 rem
387 795 585 851 habere
604 793 850 848 volumus
869 791 1201 847 memoriam.
1219 789 1491 851 Ponimus,
1509 793 1569 840 ut
1589 784 1819 854 signum,

252 901 420 958 super
445 885 764 950 brachium,
814 897 934 938 cum
982 899 1046 938 ea
1070 895 1189 952 quae
1237 879 1362 935 fecit
1413 879 1488 932 ita
1537 875 1723 930 audire
1766 881 1824 927 et

253 980 410 1049 sequi
459 976 765 1042 studemus,
793 975 946 1045 quasi
992 990 1134 1030 verae
1168 973 1275 1028 sint
1311 969 1553 1038 exempla
1587 965 1820 1021 virtutis.

253 1068 395 1139 Quia
437 1069 590 1139 fortis
628 1075 702 1122 est
744 1073 802 1121 ut
841 1083 980 1121 mors
1007 1066 1234 1120 dilectio.
1269 1061 1397 1118 Post
1425 1059 1823 1128 corruptionem

250 1161 468 1228 matris,
501 1168 623 1230 apte
651 1159 925 1230 subjungit
952 1159 1022 1213 de
1050 1157 1351 1218 dilectione,
1376 1160 1436 1207 ut
1461 1167 1565 1207 non
1608 1165 1675 1204 ex
1714 1163 1820 1204 me.

249 1253 374 1310 ritis
402 1251 720 1308 ostendatur
749 1251 873 1304 data
900 1249 1170 1305 Ecclesiae.
1208 1247 1274 1302 Ut
1307 1263 1466 1300 mors.
1502 1244 1654 1299 Sicut
1681 1257 1826 1298 mors

251 1349 470 1414 separat
497 1342 732 1396 animam
769 1355 800 1395 a
828 1355 1074 1410 corpore,
1107 1341 1186 1393 sic
1228 1351 1381 1392 amor
1420 1335 1512 1390 Dei
1549 1351 1576 1389 a
1622 1343 1825 1404 tempo-

249 1433 446 1490 ralium
478 1446 680 1486 amore.
712 1431 860 1484 Dura
887 1432 1018 1484 sicut
1049 1428 1303 1496 infernus,
1344 1435 1448 1481 etc.
1491 1425 1628 1493 Quia
1668 1423 1825 1478 nullis

250 1525 494 1582 hostium
537 1523 883 1579 tentamentis
915 1537 948 1576 a
985 1529 1185 1576 nostra:
1210 1520 1398 1576 salutis
1423 1534 1551 1574 cura
1583 1515 1827 1572 revocari

251 1617 430 1688 potuit
462 1634 475 1669 :
506 1616 648 1670 sicut
682 1614 926 1669 infernus
964 1613 1123 1667 nullis
1153 1614 1469 1666 miserorum
1500 1607 1826 1663 cruciatibus

250 1708 551 1778 mitigatur,
581 1718 680 1760 nec
711 1720 738 1758 a
772 1705 1061 1759 severitate
1101 1718 1212 1758 suae
1253 1700 1532 1756 sententiae
1565 1705 1822 1752 mutatur.

252 1799 467 1867 Quanto
492 1797 760 1852 austerior
787 1795 1141 1865 comparatio,
1177 1809 1242 1849 eo
1268 1793 1446 1847 acrior
1479 1789 1708 1845 zelantis
1727 1802 1827 1842 nos

249 1891 466 1948 Domini
500 1890 935 1946 commendatur
997 1887 1246 1943 allectus.
1288 1883 1576 1956 Lampades
1604 1883 1738 1952 ejus.
1769 1881 1824 1936 ld

1923 686 2068 752 ﬁdei,
2102 687 2305 742 intrare
2335 687 2639 744 volentibus
2657 687 2710 744 in
2738 688 2870 744 atria
2899 690 3088 759 patriae
3109 690 3365 757 unlestis,
3391 707 3488 763 po-

1925 787 2043 835 tens
2080 780 2312 850 pandere
2349 787 2554 836 rectam
2591 781 2733 836 viam
2765 782 3124 851 praedicando,
3152 794 3206 838 et
3235 785 3500 854 parvulos.

1922 870 2211 928 imbuenda
2244 889 2257 924 :
2292 885 2654 942 proponamus
2677 873 2727 928 ei
2752 874 3217 932 immarcessibilia
3246 878 3488 947 priorum

1922 962 2164 1018 virorum
2211 963 2473 1034 exempla,
2519 965 2716 1035 quibus
2751 981 2907 1022 suum
2942 967 3136 1024 melius
3162 967 3382 1039 impleat
3405 968 3493 1026 of-

1923 1053 2125 1114 ﬁcium.

1995 1145 2273 1201 Vannio.
2295 1178 2366 1188 —
2383 1145 2496 1218 Ego
2517 1164 2717 1204 murus.
2741 1147 2858 1206 Jam
2879 1150 3114 1221 loquitur
3131 1154 3490 1210 communiter

1923 1231 1990 1288 de
2013 1241 2122 1288 tota
2139 1233 2371 1290 Ecclesia
2391 1248 2458 1290 ex
2481 1234 2840 1302 apostolorum
2869 1234 3217 1293 fundamento
3249 1239 3485 1309 incepta,

1922 1324 2048 1394 quia
2076 1332 2276 1380 extunc
2311 1323 2528 1380 fuerunt
2568 1326 2732 1380 ubera
2782 1325 2834 1380 in
2883 1325 3156 1392 Ecclesia,
3207 1344 3376 1397 usque
3419 1329 3502 1384 ad.

1925 1418 2218 1474 novissima
2259 1428 2518 1488 tempora.
2567 1417 2682 1487 Ego
2726 1435 2926 1474 murus.
2974 1420 3210 1476 Audiens
3251 1421 3492 1478 Ecclesia

1924 1510 2040 1565 haec
2063 1510 2308 1576 consilia,
2335 1511 2418 1565 vel
2439 1512 2700 1581 promissa
2726 1513 2806 1567 sui
2829 1512 3224 1586 Redemptoris,
3250 1517 3360 1588 jam
3385 1531 3492 1571 non

1925 1600 2062 1654 alter
2089 1601 2313 1656 alterum
2343 1612 2640 1672 exspectat,
2669 1605 2760 1656 sed
2799 1603 3024 1672 quisque
3053 1620 3149 1674 pro
3178 1621 3235 1660 se
3267 1621 3492 1675 respon-

1917 1691 2015 1747 det
2042 1707 2174 1746 voce
2203 1691 2414 1748 devota.
2447 1692 2528 1746 Ea:
2553 1711 2674 1764 quo.
2709 1693 2832 1748 Haec
2873 1695 3054 1748 omnia
3080 1711 3184 1749 non
3215 1711 3243 1748 a
3275 1712 3362 1751 me
3391 1697 3492 1751 ha-

1921 1782 2053 1840 bere
2083 1782 2254 1850 potui,
2287 1783 2380 1836 sed
2418 1799 2482 1836 ex
2518 1798 2625 1851 quo
2658 1784 2787 1837 mihi
2825 1786 3020 1839 donum
3059 1801 3168 1840 suae
3199 1787 3370 1855 pacis,
3400 1802 3494 1857 per

1927 1873 2148 1927 verbum
2189 1888 2299 1927 suae
2342 1873 2798 1928 reconciliationis
2825 1874 3050 1945 largitus
3079 1884 3181 1928 est.
3217 1875 3380 1940 Quasi
3408 1891 3493 1944 pa-

251 1993 335 2040 est
365 1983 526 2038 corda
553 1981 810 2047 ﬁdelium,
838 1982 892 2036 in
934 1981 1128 2050 quibus
1153 1979 1369 2036 dilectio
1395 1955 1720 2040 continetur,
1765 1982 1824 2029 ut
1851 1955 1900 2024 B
1929 1978 2035 2016 cem
2076 1965 2352 2033 reperiem-
2403 1963 2548 2018 Bene
2584 1964 2700 2018 dico
2738 1961 2921 2034 pacem
2961 1965 3257 2034 reperiens.
3289 1966 3414 2034 quia
3443 1966 3496 2020 in

251 2074 308 2130 in
337 2089 482 2140 vase,
515 2081 642 2129 sunt
669 2073 803 2144 ignis
831 2090 849 2126 :
885 2073 1009 2142 quia
1040 2071 1362 2152 intrinsecus
1391 2070 1598 2124 fervent
1638 2067 1731 2121 Dei
1770 2075 1823 2122 et

248 2166 480 2238 proximi
505 2165 809 2222 dilectione.
837 2163 974 2219 Sunt
993 2165 1157 2220 etiam
1179 2165 1414 2234 ﬂamma,
1438 2163 1563 2232 quia
1586 2161 1822 2216 exterius

251 2253 433 2312 lucent
461 2253 982 2328 operibusjusﬁtire.
1017 2255 1110 2310 Ha:
1152 2255 1428 2326 lampades
1465 2268 1571 2308 non
1619 2251 1823 2306 exstin-

251 2356 489 2418 guuntur
515 2347 570 2401 in
600 2347 832 2402 adventu
854 2347 1056 2418 sponsi.

321 2441 482 2498 Vsus.
512 2441 563 2494 7.
593 2472 664 2482 —
690 2440 854 2512 Aqua!
901 2441 1100 2507 multm,
1129 2449 1234 2496 etc.
1269 2439 1406 2507 Quia
1447 2439 1660 2503 domus,
1706 2453 1825 2508 qua:

251 2549 412 2605 supra
442 2543 650 2605 petram
683 2534 963 2588 charitatis
993 2530 1208 2587 fundata
1239 2541 1342 2596 est,
1372 2531 1698 2585 irruentibus
1724 2529 1824 2582 llu-

250 2623 486 2678 minibus
515 2638 619 2677 non
648 2629 826 2693 potest
854 2620 1065 2677 cadere.
1114 2619 1386 2674 Flumina.
1423 2619 1820 2685 Tentationum,

252 2729 368 2786 quae
395 2713 479 2769 vel
510 2713 792 2770 visibiliter
814 2713 897 2768 vel
923 2712 1262 2768 invisibiliter
1287 2720 1494 2765 tentant
1516 2713 1674 2766 corda
1698 2712 1826 2765 fide-

247 2804 401 2872 lium.
435 2805 496 2862 Si
517 2805 735 2862 dederit.
763 2803 897 2873 Quia
923 2805 1010 2860 ubi
1035 2805 1271 2860 abundat
1297 2821 1450 2860 amor
1475 2813 1821 2868 aeternorum,

250 2911 376 2952 mox
427 2896 638 2953 vilescit
682 2896 952 2966 possessio
997 2896 1309 2960 labentium,
1358 2905 1502 2950 recte
1535 2895 1820 2960 subditur,

253 2989 314 3046 Si
359 2988 558 3044 dederit
602 2989 774 3042 homo.
808 2988 1078 3058 Apostoli,
1111 2996 1164 3041 et
1208 2987 1296 3040 alii
1347 2988 1544 3050 sancti,
1577 2988 1827 3042 omnibus

253 3081 511 3146 dimissis,
543 3079 676 3135 nihil
724 3079 824 3134 visi
863 3089 990 3134 sunt
1038 3078 1138 3132 sibi
1187 3077 1505 3148 perdidisse,
1537 3076 1828 3132 dummodo

251 3183 381 3226 vera
407 3170 548 3226 bona
575 3177 794 3240 possent
816 3167 1038 3234 habere,
1063 3170 1204 3222 unde
1227 3167 1424 3222 Paulus
1455 3186 1467 3220 :
1501 3166 1689 3221 Omnia
1735 3168 1829 3220 de-

255 3261 498 3316 trimenta
519 3259 748 3314 arbitrer
774 3265 830 3312 ut
852 3267 1104 3322 stercora,
1126 3265 1182 3311 ut
1201 3255 1466 3312 Christum
1493 3257 1827 3328 lucrifaciam

245 3349 477 3423 (Philip.
505 3351 615 3422 Ill).

327 3439 493 3497 Vsus.
519 3441 571 3497 8.
600 3467 670 3482 ~—
697 3438 862 3496 Soror
899 3451 1079 3494 nostra
1099 3481 1113 3507 ,
1144 3447 1249 3496 etc.
1277 3439 1325 3495 0
1369 3455 1466 3496 vos
1510 3439 1743 3495 ministri
1774 3448 1830 3494 et

255 3533 651 3594 commilitones
687 3533 816 3599 mei,
847 3550 983 3589 nova
1013 3542 1095 3589 est
1137 3535 1251 3590 haec
1283 3531 1523 3590 Ecclesia
1556 3544 1610 3590 et
1642 3543 1828 3590 tenera

257 3628 324 3682 ad
379 3641 570 3681 novam
627 3623 970 3680 dilectionem
1021 3625 1381 3680 retinendam.
1436 3623 1600 3679 Soror
1649 3636 1827 3680 nostra

257 3737 435 3791 parva.
465 3719 738 3782 Ecclesia,
785 3729 1073 3790 antequam
1113 3729 1324 3776 crescat
1364 3736 1460 3790 per
1499 3721 1828 3775 incrementa

255 3812 538 3877 virtutum,
587 3811 817 3868 inﬁrmis
857 3813 1190 3868 auditoribus
1216 3827 1322 3867 non
1362 3821 1541 3883 potest
1587 3813 1830 3882 praebere

252 3904 424 3959 ubera
461 3903 889 3974 prmdicationis;
925 3904 1107 3958 adulta
1149 3904 1363 3968 dicitur,
1411 3905 1627 3973 quando
1666 3906 1830 3959 verbo

257 3995 351 4051 Dei
378 3997 644 4068 copulata,
671 4005 858 4052 sancto
883 3997 1086 4067 repleta
1119 3995 1345 4066 Spiritu,
1376 4013 1472 4068 per
1491 3998 1830 4067 praedicatio-

255 4089 342 4141 nis
386 4087 744 4142 ministerium
793 4088 847 4140 in
891 4084 1124 4141 ﬁliorum
1174 4089 1526 4157 conceptione
1572 4089 1828 4156 ﬁndatur,

258 4191 392 4247 quos
416 4177 757 4231 exhortando
795 4178 1049 4246 parturit,
1081 4179 1440 4233 convertendo
1479 4180 1640 4248 parit.
1689 4179 1830 4246 Quid

259 4267 509 4338 faciemus
537 4269 728 4333 sorori,
757 4259 863 4322 etc.
889 4269 968 4322 Ac
997 4269 1042 4323 si
1079 4277 1261 4337 aperte
1286 4270 1431 4324 dicat
1463 4289 1475 4323 :
1507 4269 1678 4324 Parva
1706 4271 1828 4342 qui-

255 4359 378 4416 dem
423 4373 650 4414 numero
691 4368 776 4414 est
822 4359 1064 4416 Ecclesia
1107 4361 1385 4432 gentium,
1415 4371 1468 4416 et
1503 4363 1733 4418 necdum
1763 4363 1831 4417 ad

258 4450 591 4506 subeundum
644 4452 793 4506 verbi
846 4453 1204 4508 ministerium
1253 4452 1463 4509 sufﬁcit.
1517 4455 1655 4522 Quid
1703 4470 1832 4524 ergo

248 4543 355 4597 tibi
381 4541 613 4608 videtur,
658 4557 690 4597 ο
720 4543 1025 4615 Synagoga,
1054 4559 1180 4616 erga
1210 4561 1397 4616 curam
1441 4544 1586 4613 ejus,
1627 4548 1831 4602 sororis

256 4633 510 4690 videlicet
555 4613 773 4699 nostrae,
805 4613 923 4689 esse
945 4613 1256 4690 faciendum
1298 4644 1537 4704 tempore
1563 4637 1675 4701 illo,
1722 4653 1830 4706 quo

259 4727 408 4782 illam
448 4741 546 4798 per
573 4725 842 4797 apostolos
879 4741 1062 4792 meos,
1093 4727 1566 4799 apostolorumque
1608 4745 1826 4786 succes-

259 4831 409 4874 sores
441 4817 641 4889 alloqui
672 4817 925 4887 coepero?
947 4817 1137 4872 Utrum
1167 4819 1317 4887 quasi
1348 4821 1587 4889 parvulze
1629 4824 1826 4890 adhuc,

258 4929 425 4986 parva
467 4913 543 4969 illi
586 4921 916 4969 secretorum
945 4911 1244 4967 caelestium
1285 4927 1481 4968 arcana
1527 4917 1830 4972 committa-

261 5023 400 5073 rnus,
431 5009 496 5061 an
513 5004 623 5076 jam
653 5004 908 5074 majorem
944 5017 1063 5058 eam
1085 5017 1181 5073 per
1205 5017 1490 5072 augmenta
1517 5007 1824 5075 reddamus,

259 5105 526 5166 quatenus
551 5095 688 5151 bene
713 5093 1019 5165 proficiens,
1051 5091 1434 5162 perfectiorum
1460 5097 1632 5166 possit
1659 5114 1828 5168 capax

261 5203 380 5243 esse
407 5185 706 5242 virtutum?
743 5185 840 5241 Cui
869 5185 1091 5250 tacenti,
1126 5193 1181 5238 et
1205 5186 1332 5255 quid
1363 5186 1476 5257 ipse
1503 5189 1631 5244 velit
1654 5193 1828 5260 potius

264 5280 615 5345 auscultanti,
661 5278 914 5334 continuo
953 5275 1083 5346 quid
1128 5276 1246 5332 ﬁeri
1287 5279 1475 5335 deceat
1512 5282 1707 5353 aperit,
1753 5283 1830 5342 ita

263 5371 549 5441 subjiciens
573 5388 588 5424 :

332 5461 498 5518 Vsus.
529 5463 581 5518 9.
608 5495 677 5504 —
708 5462 766 5520 Si
807 5479 990 5519 murus
1020 5473 1130 5532 est,
1158 5475 1261 5523 etc.
1297 5467 1354 5523 Si
1385 5468 1635 5525 inventus
1669 5467 1831 5525 fuerit

265 5558 480 5628 aliquis,
511 5558 602 5628 qui
640 5557 708 5613 ab
738 5557 1137 5616 incursionibus
1163 5562 1462 5617 errantium
1492 5563 1666 5636 possit
1695 5563 1831 5620 alios

264 5647 572 5713 defendere,
617 5649 782 5704 armis
827 5652 1081 5720 nequitia:
1132 5652 1344 5711 fortiter
1383 5656 1721 5722 resistendo,
1747 5657 1832 5713 vel

215 5741 218 5743 λ
263 5748 472 5796 naturae
516 5741 729 5812 ingenio
771 5743 1037 5809 munitus,
1089 5746 1172 5801 vel
1211 5747 1578 5817 philosophica
1609 5749 1832 5806 scientia

265 5825 503 5885 imbutus
557 5850 569 5884 :
618 5832 812 5887 divinis
852 5831 1149 5905 Scripturis
1191 5851 1313 5892 eum
1359 5835 1726 5897 informcmus.
1777 5839 1834 5897 Si

265 5923 473 5976 ostium.
511 5921 564 5977 Si
594 5922 713 5994 quis
746 5931 827 5980 est
861 5939 966 5980 non
997 5925 1131 5981 adeo
1158 5925 1392 5984 imbutus
1423 5931 1488 5986 ad
1531 5931 1833 6004 repellenda

1924 2071 1986 2110 ea
2017 2069 2163 2124 pace,
2193 2069 2354 2124 quam
2381 2055 2514 2119 dixi,
2551 2056 2650 2110 fuit
2673 2058 2890 2126 paciﬁca
2913 2057 3130 2113 Christo
3161 2058 3317 2112 vinea
3343 2057 3494 2112 insti-

1923 2152 2037 2199 tuta
2071 2163 2083 2197 :
2116 2159 2238 2214 qum
2265 2145 2392 2198 olim
2423 2161 2453 2198 a
2475 2145 2598 2217 lege
2627 2155 2683 2200 et
2709 2148 2982 2216 prophetis
3009 2158 3092 2201 est
3121 2148 3494 2217 praenuntiata.

1925 2235 2054 2303 Quae
2091 2249 2192 2306 pax
2221 2251 2322 2289 non
2353 2251 2513 2290 unam
2545 2245 2748 2290 tantum
2787 2246 3000 2308 gentem
3031 2231 3336 2292 Iudaeorum
3367 2253 3495 2293 con-

1923 2330 2080 2393 tinet,
2112 2329 2206 2383 sed
2239 2329 2402 2382 habet
2427 2327 2623 2383 multos
2651 2327 2876 2398 populos
2910 2332 2975 2384 de
3011 2339 3122 2385 toto
3156 2331 3355 2385 mundo
3391 2329 3496 2385 col-

1925 2419 2115 2482 lectos,
2141 2433 2244 2472 non
2266 2418 2535 2488 aliquibus
2555 2420 2832 2476 hominum
2851 2421 3076 2486 meritis,
3102 2408 3194 2476 sed
3213 2421 3324 2476 sola
3347 2435 3497 2491 pace,

1927 2526 2088 2580 quam
2137 2511 2276 2564 inter
2319 2511 2486 2564 Deum
2516 2519 2570 2565 et
2598 2512 2870 2566 hominem
2915 2511 3092 2567 facere
3131 2513 3318 2569 venit:
3349 2513 3497 2582 cujus

1926 2604 2116 2666 vinem,
2145 2603 2270 2672 quia
2291 2602 2516 2656 Domino
2541 2617 2668 2657 cura
2695 2612 2802 2668 est,
2831 2611 2888 2657 et
2911 2603 3035 2672 quia
3063 2603 3192 2658 utile
3222 2612 3303 2660 est
3327 2604 3496 2660 homi-

1923 2695 2104 2757 nibus,
2136 2703 2193 2747 ut
2221 2692 2338 2761 ejus
2359 2693 2652 2764 participes
2681 2692 2833 2760 ﬁant,
2865 2704 3014 2750 recte
3043 2695 3287 2750 subditur
3312 2713 3325 2748 :

1998 2783 2163 2837 Vens.
2207 2784 2291 2838 ll.
2323 2814 2395 2823 -—-
2426 2782 2663 2837 Tradidit
2708 2800 2824 2838 eam
2875 2784 3196 2838 custodibus.
3247 2784 3498 2854 Sequitur

1926 2890 2028 2932 vox
2065 2875 2233 2946 ipsius
2270 2874 2503 2944 paciﬁci,
2557 2889 2678 2944 quae
2724 2875 2993 2939 ostendit,
3029 2885 3284 2946 quantam
3319 2893 3502 2934 curaui

1927 2967 2126 3022 habeat
2153 2967 2220 3022 de
2249 2967 2350 3021 hac
2385 2968 2572 3032 vinea,
2600 2975 2655 3021 et
2681 2968 2807 3036 quid
2844 2983 2942 3022 sua
2981 2968 3406 3040 relinquentibus
3447 2972 3501 3032 in

1925 3064 2188 3114 aeternum
2217 3067 2522 3122 conservet,
2549 3066 2604 3111 et
2625 3057 2752 3127 quid
2783 3058 3071 3129 singularis
3090 3062 3298 3131 praemii
3325 3063 3506 3120 docto-

1927 3148 2079 3208 ribus
2111 3147 2228 3216 eius
2245 3149 2515 3216 disponat.

2005 3240 2166 3298 Vsus.
2195 3241 2284 3296 12.
2309 3271 2382 3282 -—
2405 3241 2552 3298 Mille
2575 3243 2654 3300 tui
2673 3244 2900 3314 paciﬁci.
2929 3244 3174 3304 Pretium
3209 3250 3503 3319 perfectum

1931 3335 2191 3406 quidquid
2219 3337 2403 3392 habet.
2440 3333 2544 3390 Per
2571 3335 2734 3401 mille,
2763 3339 3056 3407 perfectio;
3087 3356 3182 3411 per
3208 3353 3502 3413 argentum,

1925 3443 2088 3485 omne
2120 3429 2451 3484 mundanum
2477 3429 2774 3499 accipitur:
2806 3432 2948 3500 quod
2973 3432 3190 3501 quidem
3215 3435 3506 3506 aliquando

1925 3537 2154 3593 parvum
2179 3522 2338 3578 estin
2367 3529 2443 3588 te,
2475 3521 2568 3577 sed
2595 3537 2848 3593 magnum
2870 3523 3171 3582 deVotione.
3204 3527 3371 3591 Mille,
3396 3540 3502 3585 etc.

1931 3612 2130 3668 Eadem
2171 3612 2432 3684 perfectio
2477 3627 2598 3683 qua:
2637 3628 2736 3684 per
2777 3614 2922 3669 mille
2959 3615 3313 3688 signiﬁcatur,
3341 3622 3504 3676 etiam

1926 3721 2028 3778 per
2069 3717 2276 3761 centum
2308 3715 2586 3770 'notatur,
2629 3707 2757 3779 quia
2807 3715 3036 3779 uterque
3084 3725 3341 3766 numerus
3381 3727 3504 3782 per-

1927 3799 2125 3866 fectus,
2171 3808 2228 3855 et
2266 3800 2408 3855 idem
2431 3799 2576 3856 valet
2618 3800 2858 3867 ducenti,
2899 3817 3062 3872 quam
3090 3802 3137 3857 si
3168 3804 3374 3860 diceret
3400 3806 3505 3862 duo

1927 3892 2114 3947 millia.
2151 3890 2318 3957 Mille,
2349 3899 2453 3947 etc.
2480 3891 2626 3947 Idem
2651 3901 2736 3948 est
2761 3895 2991 3962 argentei
3017 3902 3076 3952 .et
3097 3895 3304 3966 paciﬁci
3334 3911 3352 3948 :
3377 3897 3505 3966 quia

1929 3982 2157 4054 pecunia
2181 3999 2281 4054 pro
2305 3983 2416 4038 Deo
2441 3995 2686 4055 erogata,
2719 3998 2909 4054 pacem
2931 3985 3074 4042 inter
3101 3986 3268 4042 Deum
3306 3997 3362 4044 et
3402 3989 3504 4044 bo-

1927 4075 2131 4130 inem
2157 4075 2430 4131 conciliat.

2003 4165 2167 4221 Vsus.
2196 4165 2283 4220 l5.
2307 4197 2376 4207 -—
2405 4165 2536 4232 Quae
2573 4167 2777 4223 habitas
2813 4169 2867 4222 in
2907 4168 3090 4223 hortis.
3133 4167 3392 4236 Ecclesia,
3423 4171 3507 4224 vel

1931 4258 2181 4328 quaelibet
2212 4257 2384 4313 ﬁdelis
2410 4259 2610 4322 anima,
2656 4259 2709 4312 in
2752 4259 2922 4313 hortis
2946 4259 3183 4324 habitat;
3230 4275 3350 4329 quae
3391 4261 3503 4330 jam

1923 4351 2206 4405 viriditate
2224 4351 2337 4419 spei
2358 4358 2412 4404 et
2437 4350 2698 4404 bonorum
2728 4365 2950 4419 operum
2978 4359 3061 4405 est
3094 4351 3316 4422 repleta.
3350 4352 3505 4408 Sicca

1931 4444 2128 4512 quippe
2149 4449 2233 4494 est
2267 4456 2390 4510 spes
2419 4439 2576 4507 hujus
2617 4441 2823 4502 mundi,
2857 4441 2982 4510 quia
3020 4443 3222 4507 omnia,
3269 4461 3389 4514 quae
3417 4445 3505 4500 hic

1932 4544 2206 4597 amantur,
2249 4547 2369 4586 cum
2399 4530 2745 4586 festinatione
2775 4540 3029 4590 arescunt
3059 4547 3072 4586 :
3105 4532 3236 4598 Quae
3283 4551 3402 4604 ergo
3450 4537 3506 4590 in

1932 4628 2096 4681 hortis
2127 4627 2360 4692 habitat,
2392 4634 2604 4696 oportet
2627 4636 2687 4680 ut
2714 4642 2969 4696 sponsum
3011 4645 3182 4684 uocem
3214 4647 3366 4686 suam
3407 4649 3508 4686 au-

1855 4685 1914 4750 D
1935 4720 2046 4774 dire
2071 4720 2252 4790 faciat,
2281 4721 2332 4775 id
2353 4721 2508 4774 estin
2533 4727 2740 4774 tantum
2763 4721 2900 4774 bona
2927 4722 3322 4790 praedicationis
3351 4728 3508 4782 emit~

1939 4822 2014 4868 tut
2050 4814 2103 4867 in
2138 4822 2397 4883 quantum
2449 4813 2537 4867 ille
2591 4813 2928 4880 delectatur,
2981 4831 3138 4884 quem
3195 4817 3503 4887 desiderat;

1935 4911 2059 4980 quia
2092 4910 2248 4963 amici
2273 4908 2592 4972 auscultant,
2619 4908 2868 4964 videlicet
2907 4925 3094 4966 omnes
3121 4911 3296 4974 electi,
3323 4913 3414 4981 qui
3448 4922 3505 4968 ut

1935 5003 2001 5056 ad
2037 5001 2312 5056 caelestem
2338 4999 2567 5069 patriam
2597 4998 2951 5070 reviviscunt,
2978 5003 3138 5056 verba
3169 5003 3288 5056 vita:
3317 5004 3507 5059 audire

1938 5094 2262 5150 desiderant.
2306 5091 2437 5158 Qua:
2475 5090 2698 5145 habitas.
2733 5090 2802 5146 Et
2829 5093 3260 5162 quandoquidem
3299 5095 3522 5150 unicui-'

1937 5203 2043 5256 que
2073 5185 2210 5255 apud
2241 5199 2325 5239 me
2356 5192 2658 5239 reservatur
2697 5199 2795 5253 pro
2835 5184 3043 5239 meritis
3084 5185 3364 5252 praemium
3386 5226 3401 5252 ,
3450 5197 3505 5241 et

1936 5279 2128 5349 duplex
2174 5277 2454 5333 retributio
2495 5277 2804 5332 doctoribus
2833 5293 2849 5330 :
2883 5292 3012 5347 ergo
3041 5277 3165 5331 dum
3192 5279 3342 5334 adest
3367 5287 3502 5334 tem-

1937 5387 2037 5445 pus
2074 5369 2332 5435 merendi,
2365 5371 2490 5426 dum
2526 5369 2771 5426 diﬁ‘ertur
2797 5369 2913 5424 dies
2947 5369 3218 5439 nuptialis,
3243 5380 3503 5441 quantum

1937 5464 2078 5518 valet
2104 5463 2499 5533 unusquisque,
2530 5463 2585 5518 in
2607 5463 2818 5519 cultura
2848 5460 3007 5531 hujus
3029 5461 3202 5517 vineae
3226 5462 3499 5534 persistat.

1939 5559 2125 5613 Amici.
2172 5556 2228 5612 Id
2275 5566 2360 5613 est
2411 5556 2616 5628 angeli,
2657 5570 2792 5626 quos
2839 5553 3109 5624 adjutores
3137 5555 3230 5611 tibi
3267 5555 3418 5621 dedi;
3450 5564 3505 5611 et

1935 5651 2156 5721 spiritus
2199 5651 2487 5723 iustorum,
2537 5649 2629 5719 qui
2668 5646 2781 5717 jam
2812 5661 2934 5700 cum
2975 5645 3085 5700 Deo
3141 5653 3295 5712 sunt,
3324 5654 3379 5701 et
3405 5661 3506 5717 pro

1933 5742 2194 5800 fratribus
2220 5753 2398 5800 orant.
2437 5740 2548 5795 Fac
2581 5755 2662 5794 me
2692 5735 2893 5794 audire.
2939 5738 3104 5810 Exigo
3134 5754 3163 5792 a
3192 5747 3242 5794 te
3269 5746 3326 5793 ut
3352 5737 3508 5796 habi-

1937 5847 2042 5903 tes,
2087 5835 2232 5892 nullo
2257 5836 2486 5892 tumultu
2531 5835 2870 5900 discessura;
2907 5843 3089 5906 postea
3143 5833 3304 5889 etiam
3348 5828 3504 5901 exigo

1939 5941 1997 5986 ut
2022 5943 2207 5986 vocem
2239 5937 2386 5984 tuam
2419 5941 2504 5983 me
2525 5927 2710 5983 audire
2739 5926 2922 5984 facias.
