4028 6332
281 335 420 392 1169

278 554 436 594 cruce
464 536 676 611 (Matth.
705 540 895 612 xxvii),
929 548 1032 596 etc.

354 627 514 686 Vens.
554 630 644 686 20.
683 662 755 673 -
794 630 963 688 Morte
1005 634 1326 705 turpissima.
1372 635 1570 702 Cruce,
1613 635 1847 703 scilicet,

282 736 403 794 qua:
431 736 600 793 usque
633 725 700 779 ad
727 724 1031 794 passionem
1063 723 1263 782 Christi
1292 739 1451 798 poena
1481 742 1698 783 reorum
1728 725 1847 791 fuit,

279 826 426 868 nunc
453 820 713 883 tropaeum
740 823 823 870 est
846 815 1106 872 victorian

351 904 512 960 Vens.
543 905 632 961 25.
652 935 723 946 -
744 904 1004 972 Quoniam
1026 907 1187 966 Deus.
1209 909 1269 967 Id
1295 919 1396 978 est,
1423 927 1528 967 non
1553 919 1637 968 est
1663 918 1852 966 auctor

276 995 542 1052 malorum
571 997 740 1065 Deus;
776 1000 844 1054 ad
872 999 1334 1058 immortalitatem
1357 1004 1500 1058 enim
1523 1001 1725 1059 creavit
1753 1003 1854 1057 ho-

277 1089 498 1157 minem,
531 1091 622 1160 qui
650 1091 926 1149 diabolitue
954 1095 1298 1152 consentiens
1329 1094 1676 1167 suggestioni,
1707 1107 1853 1149 mor-

279 1181 350 1238 tis
382 1184 662 1240 sententia:
695 1183 964 1254 subjectus
1001 1195 1104 1242 est.

880 1316 1108 1376 CAPUT
1145 1319 1231 1373 lll.

352 1424 509 1482 Vens.
561 1429 612 1483 l.
652 1458 726 1470 —
761 1428 1034 1484 Justorum
1085 1439 1257 1484 autem
1300 1431 1511 1484 animle.
1552 1427 1756 1502 (11η.)
1794 1429 1853 1485 ln

276 1515 445 1585 priori
475 1517 651 1587 capite
678 1517 984 1588 iniquorum
1014 1519 1278 1575 sententia
1309 1535 1564 1590 expressa
1593 1529 1696 1585 est,
1721 1528 1854 1587 etc.,

278 1624 438 1680 usque
466 1611 535 1663 ad
564 1611 705 1667 unde
733 1629 746 1666 :
782 1609 1025 1666 Pretiosa
1054 1613 1109 1666 in
1145 1624 1420 1684 conspectu
1463 1613 1676 1668 Domini
1714 1630 1854 1668 mors

277 1710 579 1755 sanctorum
613 1702 727 1773 ejus
755 1700 928 1773 (Psal.
955 1703 1101 1776 cxv).

1197 334 1458 394 GLOSSA
1497 333 1892 393 OBDINARIA.
1932 365 1999 376 —
2033 333 2162 390 LIB.
2202 327 2632 422 SAPIENTIE.-

281 463 398 503 sum
422 457 616 514 autem,
642 456 748 504 etc.
778 447 836 503 Si
863 445 976 503 Rea:
997 446 1167 504 Israel
1195 459 1292 515 est,
1324 450 1603 506 descendat
1630 465 1766 506 nunc
1786 448 1850 504 de
1876 451 1929 514 Α

3485 219 3524 252 ι

3387 335 3527 391 1170

2025 447 2187 503 Vens.
2209 447 2294 503 19.
2317 477 2389 490 --
2406 445 2703 518 Disrumpet
2723 444 2844 501 illos
2863 445 3072 517 inﬂatos
3099 445 3210 501 sine
3221 463 3362 515 uoce,
3397 448 3527 520 quin

1951 549 2110 598 erunt
2153 539 2545 598 inexcusabiles
2585 555 2600 596 :
2633 541 2756 613 quia
2789 556 2906 596 eum
2939 541 3289 612 cognovissent
3329 541 3520 608 Deum,

1952 646 2056 686 non
2093 630 2226 685 sicut
2250 630 2419 686 Deum
2453 629 2905 702 gloriﬁcaverunt,
2943 640 3034 685 aut
3063 633 3261 701 gratias
3287 642 3526 706 egerunt,

1950 723 2042 778 sed
2061 733 2380 781 evanuerunt
2404 724 2459 779 in
2479 723 2653 795 pravis
2685 722 3085 795 cogitationibus
3113 725 3224 780 suis
3249 723 3423 797 (Rom.
3454 724 3519 800 ι).

2575 834 2802 894 CAPUT
2838 832 2904 890 V.

2025 969 2188 1025 Vens.
2214 970 2412 1025 1-7.-
2428 969 2572 1026 Tunc
2588 1012 2603 1037 ,
2625 980 2729 1028 etc.
2755 971 2962 1028 Lassati
2987 988 3188 1038 sumus,
3212 980 3317 1028 etc.
3343 971 3531 1046 (Rue)

1951 1060 2160 1117 Lassati
2190 1071 2314 1118 sunt
2335 1064 2667 1135 philosophi,
2695 1073 2824 1130 etc.,
2863 1082 3030 1137 usque
3065 1065 3135 1120 ad
3173 1065 3313 1122 unde
3342 1067 3532 1124 dicunt
3567 1107 3570 1112 -

1951 1158 2212 1224 dolentes,
2232 1159 2371 1226 Quid
2400 1161 2546 1216 nobis
2573 1161 2769 1231 profuit
2797 1160 3080 1232 superbia?

2023 1251 2188 1306 Vens.
2222 1252 2370 1307 9-12.
2395 1283 2465 1293 -
2493 1251 2762 1322 Tanquam
2805 1252 3011 1306 umbra.
3058 1251 3240 1323 (ΕΑΒ.)
3271 1252 3376 1308 Per
3408 1267 3528 1306 um-

1952 1340 2119 1404 bram,
2151 1340 2472 1396 oblivionem
2500 1341 2717 1404 mentis,
2766 1350 2891 1405 etc.,
2926 1357 3086 1411 usque
3139 1341 3208 1395 ad
3247 1355 3365 1411 quae
3387 1355 3532 1411 pre-

1952 1433 2149 1488 cedunt
2191 1449 2442 1488 occasum
2478 1435 2599 1488 vitae
2640 1431 3024 1503 corruptibilis.
3069 1430 3192 1502 (ln.)
3229 1430 3332 1486 Per
3360 1447 3530 1497 avem,

1953 1525 2352 1591 excellentiam,
2402 1534 2538 1592 etc.,
2583 1543 2746 1596 usque
2794 1525 2862 1579 ad
2910 1532 3188 1596 gementes
3216 1522 3362 1579 nulla
3400 1535 3538 1580 voce

1953 1616 2337 1671 consolationis
2378 1616 2782 1671 relevahuntur.

2028 1709 2192 1764 Vens.
2227 1709 2314 1763 M.
2359 1739 2427 1748 —
2468 1708 2618 1762 Talia
2656 1708 2902 1762 dixerunt
2946 1708 3000 1761 in
3053 1707 3259 1777 inferno
3311 1707 3367 1762 hi
3421 1703 3533 1778 qui.

351 1792 515 1851 Vens.
550 1797 602 1851 7.
641 1827 712 1838 -—
745 1795 1022 1854 Scintillae.
1052 1797 1298 1854 Scintilla
1329 1799 1434 1855 duo
1460 1799 1618 1866 facit,
1649 1801 1854 1858 scilicet
1881 1815 1927 1874 Β
1954 1798 2142 1854 Adhuc
2169 1807 2404 1869 quatuor
2439 1797 2646 1869 species
2671 1798 2804 1852 alias
2832 1797 3148 1862 introducit,
3178 1797 3375 1867 quibus
3401 1793 3537 1852 stul-

276 1895 451 1942 mutat
480 1889 588 1944 cito
615 1891 1013 1956 arundinetum,
1049 1899 1104 1946 et
1129 1892 1385 1947 vindicat.

351 1975 515 2033 Vens.
554 1980 606 2036 8.
650 2011 721 2020 —
761 1980 832 2034 Et
879 1981 1112 2052 regnabit
1156 1982 1432 2037 Dominus.
1475 1983 1608 2039 Cum
1654 1999 1762 2054 quo
1799 1993 1854 2040 et

277 2070 518 2124 membra
542 2071 862 2143 regnabant.
893 2071 1047 2129 Unde
1077 2074 1130 2129 in
1153 2074 1371 2130 Daniele
1395 2093 1408 2130 :
1438 2073 1666 2146 Regnum
1693 2086 1742 2130 et
1763 2093 1856 2148 ροη-

279 2167 459 2228 testas,
484 2171 530 2217 et
560 2165 866 2234 magnitudo
893 2167 1058 2236 regni,
1091 2182 1206 2237 qute
1230 2176 1304 2222 est
1329 2185 1485 2238 super
1508 2167 1723 2236 caelum,
1754 2169 1854 2223 da-

278 2251 421 2308 bitur
445 2255 638 2328 populo
667 2270 966 2312 sanctorum
994 2258 1247 2314 Altissimi
1282 2260 1447 2330 (Dan.
1472 2261 1591 2334 vn).

350 2344 512 2404 Vens.
546 2349 632 2403 11.
655 2380 726 2390 -
748 2349 1094 2421 Sapientiam.
1125 2351 1307 2424 (ΗΑΒ.)
1354 2351 1585 2408 Possunt
1615 2352 1855 2408 haeretici

281 2437 337 2493 in
366 2439 469 2494 hac
497 2441 761 2497 sententia
793 2443 989 2508 notari,
1021 2451 1150 2508 etc.,
1187 2461 1349 2517 usque
1377 2445 1446 2500 ad
1473 2445 1567 2502 sed
1588 2445 1858 2518 operatio-

279 2529 411 2590 nem.
445 2537 796 2606 reproborum
825 2539 1199 2597 maledictione
1237 2549 1442 2597 aeterna
1485 2541 1703 2613 dignum
1737 2556 1890 2621 esse“

281 2627 538 2682 ostendit.

351 2716 518 2773 Vens.
552 2721 639 2776 l3.
661 2751 733 2762 —
757 2722 1019 2787 Quoniam
1043 2721 1187 2792 felix.
1219 2721 1341 2796 (ln.)
1376 2723 1560 2779 Potest
1603 2724 1657 2778 in
1691 2723 1859 2777 sterili

283 2819 337 2868 et
363 2812 415 2868 in
441 2814 671 2884 spadone
697 2815 967 2887 virginum
995 2818 1129 2872 ordo
1158 2816 1406 2887 intelligi,
1438 2825 1566 2881 etc.,
1601 2833 1764 2888 usque
1789 2814 1859 2870 ad

283 2904 336 2960 in
362 2904 636 2961 voluntate
659 2907 846 2972 animi,
885 2923 990 2963 non
1027 2907 1300 2963 debilitate
1331 2909 1596 2978 corporis.

357 2994 517 3051 Vens.
567 2998 653 3052 l8.
687 3027 750 3036 -ο
789 2997 857 3052 In
903 2999 987 3053 die
1028 3000 1327 3069 agnitionis.
1377 2999 1434 3054 ld
1470 3009 1589 3064 est,
1636 2999 1858 3070 jndicii,

285 3087 502 3158 quando
530 3087 687 3142 electi
715 3103 743 3142 a
769 3086 949 3156 judice
978 3105 1074 3144 suo
1103 3091 1293 3161 agniti,
1338 3089 1403 3144 ad
1435 3106 1657 3162 regnum
1688 3090 1861 3160 possi-

1955 1900 2064 1946 tam
2117 1906 2265 1961 spem
2327 1891 2631 1960 iniquorum
2698 1889 3072 1954 demonstrat,
3135 1903 3240 1958 qua
3293 1902 3537 1958 prasen-

1954 1982 2030 2037 tia
2045 1997 2233 2036 mensu
2243 1997 2297 2035 ra
2322 1989 2526 2035 tantum
2542 1987 2754 2052 putant,
2784 1978 2869 2034 vel
2892 1980 3122 2034 evadere
3145 1993 3203 2034 se
3220 1978 3538 2048 impunitos.

2027 2071 2189 2127 Vens.
2223 2071 2308 2126 15.
2350 2101 2418 2112 -
2468 2070 2685 2142 Lanugo
2731 2079 2834 2134 est,
2893 2087 3012 2141 qua:
3042 2087 3075 2123 a
3120 2079 3266 2124 uento
3310 2068 3536 2123 tollitur.

1957 2163 2086 2232 Quae
2125 2179 2190 2219 ex
2235 2161 2368 2217 llore
2389 2161 2679 2216 herbarum
2710 2159 2954 2214 marcido
2981 2159 3186 2222 oriens,
3225 2159 3405 2214 carnis
3431 2158 3540 2212 fra-

1957 2255 2217 2328 gilitatem
2268 2253 2540 2323 exprimit,
2577 2269 2696 2323 qme
2750 2267 2780 2306 a
2829 2260 2992 2307 vento
3043 2251 3401 2322 aegritudinis,
3453 2249 3541 2306 vel

1956 2345 2202 2402 molestia
2233 2344 2476 2414 corporis
2504 2344 2612 2398 cito
2643 2343 2889 2406 tolletur,
2945 2341 3068 2412 quia
3111 2341 3278 2396 omnis
3309 2357 3432 2395 caro
3463 2340 3543 2410 fe-

1959 2452 2102 2493 num.
2143 2434 2213 2492 Et
2242 2444 2493 2508 tanquam
2533 2451 2718 2507 spuma
2751 2432 2986 2504 gracilis.
3031 2429 3235 2502 Spuma
3285 2447 3350 2486 ex
3380 2431 3542 2501 aquis

1958 2532 2101 2588 edita
2155 2545 2315 2601 super
2358 2545 2552 2601 aquam
2602 2536 2805 2584 enatat.
2851 2527 2947 2582 llic
2970 2535 3052 2582 est
3108 2526 3379 2598 appetitus
3427 2525 3534 2579 hu-

1959 2623 2103 2679 mani
2152 2621 2372 2688 favoris,
2404 2630 2459 2677 et
2507 2618 2783 2689 iactantiae
2824 2617 3097 2690 vulgaris,
3133 2633 3253 2686 quae
3302 2613 3539 2687 procella

1961 2714 2273 2772 tentationis
2309 2713 2396 2770 vel
2435 2712 2771 2768 discussione
2815 2711 3004 2782 iudicii
3046 2709 3397 2776 dissolvitur,
3449 2707 3543 2764 vel

1961 2807 2311 2879 dispergitur,
2340 2805 2395 2861 id
2421 2813 2688 2874 estquam
2728 2819 2867 2857 vana
2904 2801 3006 2858 fuit
3040 2803 3324 2872 probatur.

2033 2900 2196 2954 Vens.
2251 2898 2337 2953 16.
2384 2928 2457 2940 -
2497 2895 2641 2950 Iusti
2684 2904 2859 2950 autem
2905 2895 2960 2949 in
3009 2903 3316 2966 perpetuum
3354 2894 3542 2948 virent.

1964 2990 2146 3062 (BNL)
2168 2990 2300 3045 Post
2327 2997 2668 3060 peccatorum
2707 3002 2916 3058 ptenas,
2963 2994 3095 3051 etc.,
3130 3002 3294 3057 usque
3331 2985 3401 3039 ad
3446 2985 3543 3040 Dei

1969 3079 2237 3144 fruentur,
2266 3079 2320 3132 in
2349 3093 2456 3147 quo
2491 3086 2657 3132 totam
2689 3092 2842 3131 suam
2872 3091 3020 3146 spem
3054 3086 3374 3146 posuerunt.

287 3179 521 3235 dendum
548 3179 952 3246 invitabuntur;
986 3180 1113 3236 mali
1144 3189 1322 3236 autem
1355 3181 1500 3236 nulla
1533 3196 1626 3250 spe
1658 3188 1863 3235 restau-

2039 3169 2200 3225 Vens.
2233 3169 2320 3224 18.
2348 3196 2423 3208 -
2445 3167 2672 3236 Accipiet
2715 3174 3061 3219 armaturam.
3089 3163 3273 3235 (ΚΑΒ.)
3315 3164 3546 3221 Creator

290 3271 519 3328 rationis
544 3271 985 3339 consolabuntur,
1016 3272 1110 3329 sed
1141 3272 1194 3328 in
1225 3280 1488 3328 aeternum
1525 3271 1802 3328 cruciandi
1834 3285 1866 3326 a

287 3372 579 3435 conspectu
603 3365 796 3421 summi
824 3365 966 3438 regis
989 3365 1349 3436 expellentur.

895 3495 1124 3554 CAPUT
1161 3496 1250 3554 lV.

361 3584 528 3644 Vens.
555 3587 606 3644 1.
628 3618 700 3630 -
721 3586 766 3644 0
801 3604 960 3660 quam
988 3587 1206 3661 pulchra
1231 3598 1328 3656 est,
1359 3597 1467 3646 etc.
1503 3587 1685 3662 (11η.)
1716 3589 1869 3644 Vitu-

290 3681 499 3750 peratis
536 3690 594 3737 et
627 3681 898 3738 haereticis
932 3690 988 3739 et
1025 3682 1384 3738 schismaticis
1425 3682 1603 3738 laudat
1643 3683 1870 3740 catholi-

293 3785 407 3836 cos,
435 3778 564 3836 etc.,
603 3788 762 3842 usque
788 3771 857 3825 ad
885 3780 941 3827 et
969 3771 1089 3828 ideo
1117 3772 1193 3827 ait
1217 3791 1230 3826 :
1263 3771 1394 3827 Cum
1421 3771 1678 3841 claritate,
1710 3781 1816 3830 etc.

365 3863 528 3920 Vens.
560 3863 614 3919 2.
647 3895 720 3905 -
753 3862 1039 3920 Prwmium
1078 3866 1306 3921 vincens.
1355 3866 1641 3922 Praemium
1685 3866 1869 3922 datum

293 3970 392 4026 pro
421 3956 717 4012 certamine
745 3958 1082 4024 transitorio,
1115 3959 1259 4030 quod
1292 3957 1468 4030 majus
1501 3969 1582 4016 est
1621 3958 1726 4016 illis
1751 3974 1871 4015 cer-

298 4049 589 4105 taminibus
615 4058 670 4104 et
697 4048 1180 4120 persecutionibns.

367 4139 527 4195 Vens.
558 4141 612 4196 3.
653 4170 720 4180 —
757 4138 1046 4212 Multigena
1078 4149 1251 4197 autem
1288 4140 1587 4213 impiorum.
1622 4140 1870 4196 Alterna-

300 4231 399 4287 tim
438 4232 504 4288 de
542 4232 825 4289 catholicis
861 4242 916 4288 et
951 4231 1221 4289 hazreticis
1268 4233 1528 4305 loquitur,
1576 4244 1634 4289 ut
1675 4234 1868 4290 horum

293 4325 618 4382 .audahilem
661 4327 1009 4398 sapientiam,
1066 4326 1277 4382 illorum
1321 4326 1730 4397 vituperabilem
1777 4326 1871 4383 de-

296 4425 561 4474 monstret
586 4418 902 4474 versutiam.
944 4415 1325 4474 Plantationes.
1361 4416 1623 4486 Quoniam
1660 4419 1871 4490 μόσχος

293 4506 502 4578 Graece,
535 4511 734 4566 vitulus
765 4511 955 4569 Latine
984 4512 1182 4569 dicitur
1220 4530 1235 4568 :
1261 4515 1614 4587 μοσκεύματα,
1651 4511 1868 4580 quidam

295 4615 403 4655 non
431 4599 810 4656 intellexerunt
835 4618 956 4658 esse
982 4603 1362 4672 plantationes,
1389 4609 1443 4655 et
1462 4600 1767 4655 eitulamina
1791 4598 1872 4652 in-

297 4693 578 4763 terpretati
606 4702 732 4750 sunt
762 4713 774 4748 :
811 4694 904 4765 qui
933 4709 1088 4750 error
1112 4703 1220 4748 tam
1258 4692 1456 4747 multos
1497 4691 1711 4748 codices
1735 4707 1874 4762 pra:-

297 4785 602 4856 occupavit,
635 4793 694 4840 ut
718 4785 805 4840 vix
837 4784 1141 4840 inveniatur
1166 4783 1324 4838 aliter
1353 4783 1634 4853 scriptum.

370 4875 535 4932 Vens.
576 4875 630 4931 7.
664 4907 734 4917 —
767 4875 977 4943 Justus,
1009 4882 1116 4931 etc.
1145 4872 1329 4946 (llam)
1367 4872 1501 4929 Cum
1545 4873 1771 4928 dixisset
1804 4869 1872 4928 de

303 4967 559 5023 malorum
588 4968 831 5036 interitu,
861 4975 991 5036 etc.,
1016 4983 1178 5039 usque
1205 4966 1276 5021 ad
1305 4964 1381 5021 illi
1411 4964 1477 5021 de
1504 4965 1613 5020 vita
1639 4963 1706 5020 ad
1735 4979 1874 5021 mor-

303 5071 407 5118 tem
439 5070 717 5118 aeternam.

371 5149 536 5210 Vens.
579 5151 663 5208 10.
686 5183 757 5194 --
779 5151 1003 5207 Placeas
1040 5150 1171 5206 Deo.
1218 5149 1401 5222 (ΕΑΒ.)
1437 5147 1555 5205 Non
1592 5148 1712 5204 ideo
1741 5147 1880 5206 tollit

302 5241 444 5300 Deus
465 5287 478 5310 ,
518 5253 646 5311 etc.,
688 5261 849 5317 usque
884 5261 952 5298 aa
993 5243 1133 5300 unde
1157 5242 1381 5308 Petrus,
1409 5240 1570 5296 Novit
1601 5238 1740 5295 Deus
1764 5241 1877 5312 pios

301 5332 366 5389 de
385 5320 667 5390 tentatione
687 5336 901 5406 eripere,
930 5333 1134 5406 iniquos
1162 5350 1278 5389 vero
1307 5333 1363 5389 in
1388 5331 1525 5388 diem
1548 5329 1742 5403 judicii
1761 5347 1880 5386 cru-

303 5427 519 5483 ciandos
547 5445 805 5484 reserearc
826 5426 877 5500 (1
901 5423 1044 5482 Petr.
1071 5425 1134 5499 ι).

376 5517 542 5574 Vens.
572 5519 657 5573 12.
679 5549 748 5559 -
769 5517 1095 5573 Fascinatio.
1127 5514 1254 5588 (lo.)
1280 5513 1508 5571 Notatur
1529 5514 1634 5570 hac
1662 5522 1880 5571 senten-

309 5611 403 5678 tia,
430 5621 558 5676 etc.,
591 5628 752 5682 usque
783 5611 852 5665 ad
887 5612 1028 5667 Deus
1056 5609 1200 5665 enim
1228 5623 1322 5665 eos
1347 5623 1379 5664 a
1409 5608 1672 5665 malorum
1711 5609 1883 5665 socie-

309 5713 418 5762 tate
445 5706 735 5776 separavit,
761 5713 819 5758 ut
841 5703 1174 5757 absconderet
1204 5717 1290 5756 eos
1319 5700 1373 5755 in
1397 5699 1700 5756 abscondito
1725 5699 1883 5772 {aciei

307 5817 418 5858 sua:
447 5819 477 5856 (ι
512 5796 902 5854 conturbatione
934 5794 1202 5852 hominum
1238 5789 1413 5866 (Psal.
1444 5791 1596 5868 xxx).

1971 3260 2235 3324 omnium,
2262 3265 2393 3324 etc.,
2425 3273 2584 3327 usque
2611 3255 2680 3310 ad
2717 3269 2842 3310 cum
2869 3254 3124 3309 resistere
3157 3268 3264 3309 non
3306 3252 3548 3310 valeant.

2039 3348 2201 3404 Vens.
2230 3346 2321 3402 22.
2348 3376 2417 3388 -
2442 3345 2510 3400 Et
2539 3343 2608 3398 ad
2637 3355 2832 3399 certum
2861 3341 3052 3398 locum.
3082 3341 3410 3411 Quacunque
3447 3357 3546 3397 ne.

1966 3455 2118 3498 cesse
2161 3447 2244 3496 est
2288 3457 2302 3494 :
2345 3451 2452 3494 non
2495 3437 2641 3493 enim
2677 3443 2858 3506 potest
2898 3449 3019 3491 esse
3063 3432 3371 3500 confusum,
3399 3435 3553 3506 quod

1970 3540 2056 3588 est
2088 3530 2269 3586 divina
2299 3527 2561 3599 sapientia
2604 3526 2931 3582 ordinatum.

2040 3619 2206 3675 Vens.
2257 3618 2347 3673 25.
2386 3648 2457 3658 -
2480 3617 2549 3671 Et
2583 3616 2827 3687 ﬂumina,
2875 3615 2930 3671 id
2959 3625 3061 3682 est,
3108 3619 3552 3688 persecutionum

1971 3695 2383 3776 commotiones,
2405 3708 2722 3780 plerumque
2743 3707 2888 3762 enim
2911 3707 3076 3764 corda
3103 3723 3398 3779 pravorum
3425 3726 3548 3784 quas

1969 3800 2282 3874 praedicatio
2303 3815 2410 3856 non
2434 3796 2662 3862 emollit,
2680 3795 2944 3867 flagellum
2971 3795 3306 3856 collectionis
3318 3798 3546 3873 frangit.

2555 3907 2778 3966 CAPUT
2818 3907 2906 3966 Vl.

2046 4028 2235 4084 Melior
2277 4037 2348 4082 est
2397 4025 2672 4098 sapientia,
2722 4033 2826 4081 etc.
2861 4024 3041 4098 (ΗΑΒ.)
3084 4025 3261 4083 Monet
3307 4037 3555 4086 rectores

1969 4121 2246 4188 Ecclesia,
2275 4129 2404 4186 etc.,
2445 4133 2606 4191 usque
2647 4117 2718 4170 ad
2757 4132 2861 4172 non
2909 4117 3083 4172 solum
3113 4133 3298 4188 opera,
3331 4119 3426 4174 sed
3454 4134 3549 4174 co-

1971 4215 2238 4288 gnitiones
2259 4221 2313 4268 et
2349 4211 2650 4267 voluntates
2668 4208 2949 4277 iudicabit.

2043 4308 2207 4364 Vens.
2238 4306 2291 4359 7.
2328 4335 2397 4346 -—
2420 4303 2626 4372 Exiguo
2655 4301 2792 4353 enim
2829 4299 3130 4352 conceditur
3164 4300 3550 4356 misericordia.

1975 4398 2068 4454 llis
2103 4395 2331 4459 scilicet,
2355 4393 2448 4462 qui
2476 4406 2572 4461 per
2615 4387 2998 4459 ignorantiam,
3031 4387 3114 4441 vel
3159 4387 3502 4459 fragilitatem
3530 4431 3554 4458 ,

1976 4491 2058 4546 vel
2087 4487 2462 4545 necessitatem
2509 4495 2892 4556 peccaverunt,
2918 4491 2974 4538 et
3015 4481 3202 4538 humili
3232 4483 3554 4552 pa-nitentia

1976 4583 2304 4638 deleverunt.
2342 4577 2586 4634 Potentes
2625 4587 2797 4632 autem
2826 4584 3082 4648 potenter,
3105 4583 3234 4642 etc.,
3259 4575 3374 4646 qui,
3403 4578 3554 4633 scili-

1975 4681 2084 4738 cet,
2115 4673 2363 4729 mandata
2397 4670 2492 4726 Dei
2515 4668 2927 4734 contemnendo,
2952 4668 3135 4740 gravia
3156 4680 3373 4742 peccata
3404 4686 3558 4727 com-

1978 4768 2256 4830 miserunt,
2286 4779 2384 4821 nec
2425 4764 2814 4835 pmnituerunt.
2846 4760 2998 4818 Sicut
3028 4762 3173 4819 enim
3217 4765 3560 4834 potentiores

1978 4858 2196 4915 fuerunt
2228 4859 2281 4913 in
2319 4857 2619 4929 impietate,
2650 4854 2874 4911 fortiora
2909 4856 3254 4914 sustinebunt
3282 4864 3560 4915 tormenta

1978 4954 2251 5026 gehennae.
2309 4949 2556 5024 (Anne)
2615 4949 2916 5018 Quamnam
2969 4949 3036 5006 ob
3092 4963 3354 5015 causam,
3396 4956 3561 5019 etc.,

1976 5061 2139 5117 usque
2168 5043 2237 5099 ad
2257 5043 2342 5098 cui
2368 5051 2541 5098 autem
2577 5040 2816 5108 multum,
2853 5040 3071 5110 multum
3092 5055 3293 5111 quoque
3319 5040 3576 5112 exigetur,

1977 5142 2041 5197 ab
2077 5159 2158 5198 eo.

2051 5229 2218 5288 Vens.
2246 5229 2300 5286 8.
2329 5260 2400 5271 —
2423 5228 2546 5284 Non
2572 5229 2708 5284 enim
2729 5228 3000 5284 subtrahet
3026 5242 3323 5297 personam.
3358 5225 3509 5284 Unde
3533 5244 3553 5285 :

1982 5319 2108 5378 Non
2136 5332 2212 5378 est
2245 5337 2586 5394 personarum
2631 5329 2872 5392 acceptor
2911 5317 3087 5383 Deus,
3139 5333 3558 5392 unumquemque

1973 5413 2133 5486 juxta
2158 5415 2267 5470 vias
2293 5430 2417 5468 suas
2433 5411 2643 5484 judicat
2673 5410 2811 5484 (Act.
2835 5407 2912 5480 x).

1982 5533 1997 5544 υ
2053 5507 2218 5564 Vens.
2251 5503 2532 5562 10.-Λα
2557 5520 2642 5559 uos
2685 5517 2804 5571 ergo
2851 5515 3015 5570 reges,
3061 5506 3170 5555 etc.
3220 5499 3399 5555 Finito
3439 5515 3560 5558 ser-

1983 5615 2142 5656 mone
2190 5600 2257 5654 ad
2301 5605 2583 5670 potentes,
2633 5602 2688 5651 et
2747 5607 2934 5647 eorum
2994 5591 3191 5648 duritia
3239 5591 3392 5648 duris
3441 5607 3562 5648 ser-

1985 5695 2234 5750 monibus
2259 5692 2564 5762 increpata;
2594 5688 2660 5742 ad
2684 5692 2922 5741 rectores
2948 5684 3204 5742 Ecclesiae
3225 5685 3563 5742 exhortatio-

1984 5802 2107 5847 nem
2123 5785 2408 5852 convertit,
2437 5791 2491 5839 et
2515 5778 3006 5851 sapientiamlmiris
3022 5778 3307 5851 praeconiis
3324 5777 3570 5868 extollit‘

4015 2318 4020 2596 ι
