4028 6332
518 193 558 228 δ

543 299 675 354 11³11

613 413 774 467 Vens.
805 411 891 464 12.
917 439 988 450 --
1011 409 1225 481 Diligite
1245 453 1261 477 ,
1309 421 1442 477 etc.,
1489 422 1539 466 et
1587 413 1836 468 liabebitis
1880 412 2106 482 discipll-
2125 409 2182 474 Α

542 521 684 560 nant.
746 503 848 570 Qui
897 502 1072 573 diligit
1120 504 1437 575 sapientiam
1462 546 1477 570 ,
1531 514 1712 560 servat
1753 506 1808 560 in
1865 506 2107 563 moribus

541 597 897 667 disciplinam.
931 594 1048 649 Non
1077 596 1223 650 enim
1272 606 1418 651 amat
1465 597 1817 668 sapientiam,
1855 599 1945 669 qui
1997 615 2105 656 non

533 697 722 754 ,servat
768 687 1125 758 disciplinam.
1160 687 1344 744 Unde:
1377 688 1435 744 Si
1461 689 1676 762 diligitis
1716 707 1818 757 me,
1853 691 2106 747 mandata

539 798 651 835 mea
684 791 881 835 servate
912 781 1091 852 (Joan.
1122 781 1255 853 xrv).

609 871 770 925 Vens.
800 871 886 925 M.
905 903 976 912 —
997 871 1334 943 Prwoccupat
1362 875 1451 946 qui
1477 893 1530 930 se
1560 879 1946 947 concupiscunt.
1969 875 2106 933 Cra-

540 962 609 1016 tls
659 976 718 1016 se
764 961 1015 1016 offerens.
1046 962 1165 1032 Ipse
1199 963 1342 1018 enim
1389 977 1473 1020 est
1518 967 1617 1030 via,
1654 969 1860 1032 veritas,
1902 978 1952 1022 et
1998 971 2105 1022 vita

537 1051 719 1122 (Joan.
743 1069 834 1106 xlv
871 1053 889 1124 )
923 1070 935 1105 ε
975 1069 1071 1124 per
1098 1055 1270 1123 ipsum
1300 1056 1426 1121 itur,
1452 1057 1506 1111 in
1533 1058 1706 1127 ipsum
1750 1058 2006 1127 tenditur,
2036 1059 2105 1115 ad

534 1145 709 1215 ipsum
738 1133 1068 1214 pervenitur.

605 1235 768 1291 Vens.
798 1238 880 1291 l5.
902 1267 973 1278 -——
1010 1239 1329 1292 Assidentem
1355 1238 1521 1305 illam,
1549 1251 1653 1295 etc.
1690 1239 1916 1312 Semper
1941 1259 2101 1314 para-

523 1311 664 1394 tam,
683 1328 887 1382 scilicet
908 1328 1176 1392 auxiliari,
1200 1331 1341 1384 unde
1371 1347 1383 1382 :
1416 1329 1550 1385 Ecce
1571 1349 1662 1403 ego
1688 1342 1767 1387 sto
1799 1333 1867 1387 ad
1889 1336 2100 1403 ostium,

527 1429 580 1472 et
625 1419 796 1488 pulso,
834 1420 880 1472 si
916 1420 1032 1489 quis
1085 1421 1344 1491 aperuerit
1400 1421 1564 1487 mihi,
1605 1423 1829 1478 introibo
1867 1425 1937 1479 ad
1985 1441 2104 1481 eum

531 1517 579 1562 et
602 1510 810 1564 ctenabo
841 1527 958 1563 cum
1005 1510 1127 1576 illo,
1171 1520 1220 1566 et
1267 1514 1374 1582 ipse
1420 1529 1620 1567 mecum
1671 1515 1855 1586 (Apoc.
1887 1517 1992 1588 ιιι).
2047 1517 2102 1572 In

528 1603 776 1671 praesenti
802 1603 1118 1657 studendum
1151 1611 1232 1658 est
1257 1605 1552 1675 sapientiae,
1583 1615 1637 1662 et
1663 1610 1952 1665 secundum
1977 1625 2104 1666 nor-

531 1708 672 1746 mam
705 1694 997 1763 disciplinae
1021 1695 1136 1763 ejus
1159 1697 1466 1751 vivendum.

597 1787 764 1842 Vens.
783 1786 1007 1842 22.—-—Si
1019 1806 1138 1860 ergo
1160 1791 1505 1845 delectamini.
1527 1792 1704 1864 (Rm)
1721 1793 1892 1866 Reges
1913 1797 2100 1853 admo-

523 1890 635 1943 net,
663 1891 791 1946 etc.,
814 1898 974 1952 usque
986 1883 1053 1934 ad
1071 1884 1216 1953 regni
1240 1885 1475 1940 caelestis
1493 1903 1744 1942 coronam
1767 1869 2099 1959 assequetur.

598 1969 762 2026 Vens.
805 1972 894 2026 25.
920 2004 989 2014 —-
1012 1972 1192 2044 Neque
1227 1993 1346 2030 cum
1372 1978 1566 2032 invidia
1606 1979 1910 2036 tabescente.
1962 1983 2101 2038 Invi-

526 2061 615 2116 dia
643 2077 749 2116 non
798 2065 1156 2120 communicat
1205 2069 1497 2138 sapientiae,
1547 2072 1668 2140 quia
1706 2087 1800 2142 per
1843 2075 2099 2132 invidiam

527 2154 720 2210 diaboli
753 2155 1156 2213 introivitmors
1179 2159 1231 2213 in
1264 2163 1544 2228 mundum,
1577 2172 1629 2218 et
1658 2179 1754 2235 per
1779 2166 2098 2236 sapientiam

525 2243 785 2300 liberatur
814 2248 880 2301 ab
917 2262 980 2301 ea
1010 2264 1176 2319 genus
1205 2250 1517 2307 humanum.

595 2334 756 2391 Vens.
781 2337 872 2391 ΞΤ.
897 2367 969 2379 -
997 2338 1137 2410 Ergo
1185 2342 1419 2411 accipite.
1459 2343 1638 2416 (ΚΑΒ.)
1667 2345 1958 2403 Ostensura
2013 2365 2096 2404 sa-

523 2427 749 2495 pientia,
795 2441 924 2494 etc.,
953 2447 1114 2502 usque
1155 2433 1223 2486 ad
1273 2433 1624 2503 perfectiores
1671 2447 1726 2492 et
1776 2439 2004 2494 sanativi
2043 2450 2098 2495 et

524 2517 712 2574 vitales
739 2535 858 2575 esse
883 2522 1152 2578 dicuntur.
1678 2541 1680 2544 '

1117 2637 1344 2694 CAPUT
1402 2638 1511 2695 VII.

595 2761 759 2818 Vens.
783 2766 836 2820 5.
858 2797 930 2808 --
958 2767 1126 2823 Nemo
1147 2773 1283 2826 enim
1312 2788 1378 2827 ea:
1397 2774 1619 2844 regibus.
1641 2774 1821 2848 (ΗΑΒ.)
1850 2774 2096 2836 Ostendit

524 2855 670 2923 quod
705 2857 880 2912 omnis
903 2885 906 2888 -
929 2860 1114 2923 homo,
1143 2870 1274 2928 etc.,
1314 2881 1476 2934 usque
1507 2866 1575 2919 ad
1629 2868 1768 2922 sicut
1820 2870 2091 2938 perfectus

524 2943 692 3010 Deus,
733 2946 807 3000 ita
838 2956 891 3003 et
918 2949 1188 3017 perfectus
1217 2953 1377 3007 homo
1405 2963 1488 3010 est
1511 2953 1668 3012 Jesus
1695 2956 1961 3016 Christus.

594 3033 756 3092 Vens.
789 3036 841 3091 9.
869 3067 940 3077 --
963 3039 1074 3092 Nec
1099 3043 1428 3108 comparavi,
1471 3053 1576 3100 etc.
1625 3045 1775 3102 Unde
1815 3065 1827 3100 :
1865 3047 2085 3104 Inventa

1039 295 1426 352 WALAFRlDl
1466 297 1711 353 STRABI
1745 297 1950 354 BULD.
1985 295 2092 351 ΜΟ]

2200 292 2343 351 ΟΡΡ.
2382 296 2560 353 PARS
2593 297 2638 351 Ι.
2675 326 2746 338 —
2783 295 3234 353 THEOLOGICA.

3667 295 3842 352 ηπ

2809 410 3038 468 CAPUT
3079 407 3208 468 Vill.

2267 537 2437 606 Vens.
2469 551 2520 604 1.
2538 551 2834 623 —Attingit
2859 569 2890 605 a
2914 552 3036 620 ﬁne.
3061 552 3118 607 Id
3145 561 3227 608 est
3253 569 3283 607 a
3307 555 3580 628 principio
3607 555 3834 614 monti

2203 656 2372 712 usque
2395 641 2461 697 ad
2485 641 2770 696 adventum
2797 641 3015 706 Christi,
3044 643 3270 698 mirifica
3297 659 3462 714 opera
3491 654 3547 700 et
3578 646 3834 704 sincera

2207 731 2509 786 testimonia
2531 748 2626 803 per
2645 733 2808 788 Vetus
2831 733 3234 790 Testamentum
3260 734 3472 790 fortiter
3491 737 3738 802 asserit,
3761 745 3832 793 et

2203 823 2270 877 ab
2297 823 2667 879 incarnatione
2699 823 2857 882 Verbi
2891 841 3060 896 usque
3093 827 3162 881 ad
3191 826 3354 881 finem
3384 829 3574 882 mundi
3608 829 3826 884 suavi-

2203 915 2669 996 tatemﬂvangelii
2698 917 2934 986 exponit.
2974 915 3016 969 A
3054 918 3157 988 ﬁne
3185 935 3314 988 ergo
3339 937 3502 990 usque
3528 920 3606 975 ad
3639 920 3824 990 [inea

2204 1003 2406 1072 fortiter
2425 1007 2687 1076 pertingit,
2705 1008 2830 1076 quia
2853 1007 3049 1078 ubique
3068 1008 3303 1080 perfecte
3325 1012 3470 1082 agit:
3496 1010 3633 1066 finis
3656 1012 3826 1068 enim

2201 1096 2583 1166 perfectionem
2623 1099 2906 1168 signiﬁcat.

2272 1193 2435 1249 Vens.
2463 1195 2515 1248 5.
2537 1227 2604 1236 -
2631 1195 2905 1265 Gloriﬁcat
2929 1189 3348 1261 contubernium,
3375 1197 3428 1251 id
3455 1205 3562 1257 est.
3595 1211 3823 1267 repra—

2203 1295 2378 1341 sentat
2402 1291 2795 1358 generositatem
2835 1289 2999 1356 illius,
3033 1290 3239 1346 scilicet
3266 1289 3463 1356 Patris,
3491 1291 3588 1360 qui
3636 1299 3728 1343 est
3761 1289 3820 1344 ei

2202 1388 2501 1436 coaeternus
2527 1389 2582 1438 et
2609 1383 3032 1452 coomnipotens,
3056 1383 3140 1437 vel
3171 1383 3366 1452 partim
3397 1383 3464 1436 de
3504 1382 3819 1450 temporali

2203 1473 2502 1540 nativitate,
2537 1475 2734 1544 partim
2759 1475 2824 1530 de
2855 1484 3050 1530 aeterna
3085 1482 3262 1542 potest
3288 1473 3412 1544 legi.
3447 1471 3638 1526 Habet
3675 1489 3820 1526 cel-

2203 1565 2495 1620 tubernium
2529 1565 2642 1620 Dei.
2685 1566 2742 1620 Id
2775 1575 2878 1630 est,
2907 1566 3318 1629 humanitatem,
3350 1564 3403 1618 in
3432 1579 3543 1634 qua
3582 1563 3824 1618 habitat

2202 1656 2359 1721 Deus,
2386 1658 2476 1726 qui
2503 1665 2584 1712 est
2610 1657 2866 1728 sapientia
2890 1656 3084 1712 Patris.
3115 1656 3210 1710 Vel
3237 1654 3497 1725 gloriﬁcat
3527 1653 3824 1722 generosi—

2127 1765 2177 1828 Β
2205 1757 2360 1802 tatem
2389 1747 2554 1812 illius,
2583 1747 2634 1802 id
2662 1756 2746 1804 est
2769 1747 2864 1802 Dei
2905 1746 3100 1811 Patris,
3126 1747 3178 1801 id
3205 1755 3309 1811 est,
3337 1744 3582 1814 ejusdem
3607 1758 3820 1799 essen-

2207 1838 2294 1893 tiae
2319 1847 2404 1893 est
2424 1854 2546 1893 cum
2572 1838 2731 1898 Patre
2753 1839 2824 1894 ab
2848 1846 3050 1896 aeterno
3073 1843 3273 1910 genita,
3301 1847 3426 1893 nata
3457 1837 3518 1892 in
3547 1846 3820 1907 tempori

2203 1931 2269 1988 de
2297 1939 2492 1988 matre.

2273 2022 2434 2077 Vens.
2463 2023 2518 2077 4.
2546 2051 2618 2064 -—-
2639 2021 2860 2079 Doctrix
2885 2023 3024 2078 enim
3049 2031 3124 2076 est
3151 2018 3466 2090 disciplinae.
3506 2017 3588 2074 De
3619 2017 3818 2089 pleni-

2202 2115 2386 2169 tudine
2427 2114 2547 2184 ejus
2577 2128 2766 2170 omnes
2800 2114 3108 2184 accepimus
3141 2131 3156 2166 :
3199 2128 3298 2183 per
3321 2127 3483 2181 quem
3521 2110 3718 2178 gratia
3753 2118 3818 2166 et

2199 2206 2398 2260 veritas
2435 2205 2576 2261 facta
2610 2214 2726 2269 est,
2763 2205 2815 2259 id
2855 2216 2940 2259 est
2971 2204 3227 2259 revelata.
3260 2202 3430 2257 Deum
3473 2217 3638 2256 nemo
3675 2201 3817 2256 vidit

2197 2312 2448 2367 unquam,
2472 2295 2562 2350 sed
2585 2283 2781 2360 Filius,
2811 2295 2902 2366 qui
2929 2305 3002 2349 est
3030 2296 3085 2348 in
3117 2295 3238 2349 sinu
3272 2292 3470 2358 Patris,
3495 2293 3613 2362 ipse
3645 2305 3815 2345 enar—

2199 2391 2328 2446 ravit
2351 2389 2533 2458 (Joan.
2561 2391 2622 2460 ι).

2269 2483 2432 2538 Vens.
2470 2483 2524 2536 7.
2560 2512 2632 2524 —
2652 2480 2720 2536 Et
2751 2481 2952 2537 labores
2976 2482 3158 2552 hujus.
3190 2481 3332 2537 Nihil
3370 2483 3520 2538 enim
3549 2483 3812 2539 desidio-

2197 2591 2313 2630 sum
2355 2575 2409 2628 in
2447 2574 2697 2642 operibus
2732 2574 2867 2644 ejus.
2909 2573 3252 2643 Quaecunque
3290 2583 3416 2628 sunt
3442 2589 3613 2637 vera,
3645 2589 3810 2644 quat-

2195 2682 2406 2736 cunque
2433 2667 2647 2736 pudica,
2670 2663 3181 2735 qumcunquejusta,
3208 2666 3336 2734 agit,
3362 2673 3416 2719 et
3439 2666 3658 2739 agenda
3683 2666 3806 2720 suis

2194 2761 2498 2822 committit.
2527 2757 2868 2816 Sobrietate»:
2890 2761 3024 2816 enim
3049 2769 3098 2814 et
3121 2759 3451 2829 sapientiam.
3467 2757 3674 2829 (ΕΑΒ.)
3695 2758 3804 2825 Qui

2193 2864 2501 2924 temperans
2536 2862 2652 2918 est,
2681 2862 2814 2919 etc.,
2847 2869 3010 2923 usque
3045 2853 3113 2905 ad
3149 2860 3204 2906 et
3242 2851 3387 2908 dedit
3425 2851 3576 2906 illam
3619 2848 3802 2906 Iacob

2189 2960 2358 3015 puero
2385 2961 2501 3001 suo.

2263 3035 2424 3090 Vens.
2460 3036 2626 3090 ll.—
2652 3033 3018 3090 Admirabilis.
3045 3032 3242 3088 Partus
3266 3030 3506 3102 Virginis
3525 3031 3802 3087 omnibus

519 3141 628 3184 una
653 3128 886 3197 pretiosa
917 3132 1231 3201 margarita,
1269 3135 1451 3190 vendit
1478 3138 1674 3202 omnia,
1702 3147 1758 3193 et
1789 3139 1920 3194 emit
1942 3155 2082 3195 eam.
2113 3123 2158 3188 C
2188 3127 2796 3198 fuitadmirandus,qnia
2811 3128 2865 3182 in
2882 3127 3400 3182 resurrectionemet
3415 3125 3636 3180 ruinam
3653 3125 3798 3179 mul-

523 3219 626 3286 Qui
677 3221 821 3276 enim
861 3221 1138 3277 ctelestem
1187 3224 1502 3294 sapientiam
1559 3229 1820 3284 veraciter
1859 3229 2089 3297 invenit,

519 3310 575 3366 id
627 3322 711 3367 est
761 3314 980 3367 verbum
1031 3313 1127 3369 Dei
1158 3355 1174 3381 ,
1228 3317 1453 3388 despicit
1499 3321 1680 3376 omnia
1729 3322 2092 3379 emolumenta

519 3404 801 3472 praesentis
829 3413 974 3471 vita,
1019 3407 1433 3479 philosophiam,
1481 3411 1864 3482 eloquentiam,
1897 3424 1954 3470 et
2003 3417 2086 3471 di-

519 3493 658 3548 vinae
685 3496 938 3552 theoricae
965 3513 1163 3553 vacare
1189 3502 1486 3556 contendit.

591 3584 754 3641 Vens.
784 3587 869 3642 11.
893 3617 965 3630 -—
999 3587 1292 3658 Venerunt,
1321 3603 1425 3648 etc.
1453 3593 1634 3668 (Βλιι.)
1673 3595 1787 3653 Hoc
1835 3603 2086 3669 expertus

521 3673 797 3744 Salomon,
830 3690 957 3747 etc.,
987 3698 1149 3752 usque
1174 3684 1245 3738 ad
1269 3686 1409 3741 unde
1451 3696 1505 3743 et
1549 3687 1654 3754 sol,
1681 3691 1806 3761 quia
1851 3692 1996 3748 solus
2029 3693 2120 3749 in-

521 3767 606 3824 die
635 3769 776 3825 inter
801 3779 947 3825 astra
973 3771 1170 3839 luceat,
1203 3773 1281 3830 sic
1307 3778 1635 3834 nominatur.

589 3860 744 3915 Vens.
764 3863 850 3916 15.
877 3895 947 3904 -
969 3864 1108 3934 Ipsa:
1131 3867 1399 3935 sapientiae
1433 3871 1562 3932 dum.
1587 3871 1768 3942 (ΗΑΒ.)
1813 3873 1956 3930 Deus
1982 3874 2084 3930 Pa-

518 3958 604 4006 ter
631 3951 893 4006 inearnati
923 3954 1060 4018 Filii,
1090 3955 1177 4010 cui
1219 3957 1366 4012 dedit
1411 3975 1624 4018 omnem
1656 3971 1976 4033 potestatem
2027 3965 2082 4020 in

517 4041 656 4099 caelo
681 4051 735 4097 et
757 4043 810 4098 in
842 4051 1002 4098 terra.

448 4207 454 4214 _
555 4135 560 4145 ”
589 4135 751 4191 Vens.
787 4135 874 4190 17.
898 4167 967 4176 —-
990 4135 1110 4208 Ipse
1130 4138 1284 4192 enim.
1312 4137 1491 4210 (ΗΑΒ.)
1532 4140 1608 4195 De
1638 4141 1925 4200 Salomone
1953 4146 2083 4202 dicit

516 4225 817 4296 Scriptura,
848 4228 989 4282 Deus
1015 4227 1194 4293 dedit,
1235 4237 1365 4294 etc.,
1395 4245 1554 4301 usque
1588 4232 1656 4285 ad
1689 4233 1801 4303 ipse
1846 4235 1988 4288 enim
2017 4236 2081 4290 il-

514 4317 744 4372 luminat
773 4334 985 4374 omnem
1024 4320 1296 4376 hominem
1331 4324 1630 4378 venientem
1659 4325 1712 4379 in
1746 4327 1887 4383 hunc
1922 4343 2079 4382 mun-

513 4408 638 4462 dum
673 4448 688 4474 ,
719 4425 869 4480 quem
923 4413 1011 4482 qui
1051 4414 1306 4482 sequitur,
1344 4429 1446 4468 non
1481 4416 1710 4470 ambulat
1761 4418 1815 4473 in
1859 4420 2078 4474 tenebris

512 4499 691 4570 (Joan.
723 4501 763 4572 ι)

581 4588 746 4645 Vens.
767 4590 947 4646 22-24.
963 4625 1032 4633 —
1049 4592 1141 4648 Est
1162 4596 1296 4649 enim
1317 4598 1372 4650 in
1392 4595 1484 4650 illa
1503 4599 1715 4668 spiritus
1733 4601 2084 4673 intelligentia

509 4678 740 4746 sanctus,
755 4688 858 4735 etc.
879 4679 1058 4754 (ΒΑΕ.)
1082 4683 1150 4738 Ut
1167 4684 1331 4740 Isaias
1349 4687 1602 4752 ostendit,
1619 4691 1796 4744 omnia
1812 4692 1946 4747 dona
1965 4691 2084 4764 Spi-

509 4770 645 4825 ritus
670 4771 838 4825 sancti
869 4773 921 4825 in
945 4772 1276 4829 humanitate
1303 4776 1596 4832 Salvatoris
1619 4781 1876 4848 existunt,
1901 4783 1953 4836 in
1976 4800 2082 4854 quo

507 4867 632 4915 sunt
652 4876 839 4916 omnes
868 4861 1100 4916 thesauri
1127 4865 1398 4934 sapientiae
1423 4875 1474 4921 et
1504 4867 1739 4924 scientiae
1760 4872 2077 4942 absconditi,

505 4958 561 5006 et
598 4951 872 5019 plenitudo
910 4951 1243 5020 Divinitatis,
1288 4957 1370 5010 cui
1419 4973 1525 5012 non
1560 4957 1718 5013 datur
1753 4962 1973 5030 spiritus
2010 4965 2077 5019 ad

506 5037 835 5098 mensuram.
867 5043 991 5117 (11).)
1026 5043 1258 5115 Spiritus
1286 5049 1374 5116 qui
1406 5049 1588 5120 implet
1615 5054 1826 5118 omnia,
1864 5055 2076 5113 mobilis

505 5133 666 5188 simul
691 5144 746 5189 et
778 5136 988 5192 stabilis
1023 5136 1238 5191 dicitur.
1264 5137 1435 5193 Homo
1464 5142 1608 5196 enim
1645 5144 1841 5213 ubique
1863 5146 2074 5202 discur-

505 5225 596 5289 rit,
630 5224 827 5296 ubique
857 5227 1067 5282 obviam
1096 5229 1258 5296 venit,
1289 5238 1344 5286 et
1373 5243 1613 5301 repente,
1643 5236 1732 5291 ubi
1764 5253 1868 5293 non
1904 5242 2078 5297 credi-

506 5323 614 5381 tur,
645 5316 930 5372 invenitur.
965 5318 1312 5390 Omnipotens
1339 5337 1468 5393 ergo
1505 5323 1764 5394 Spiritus,
1793 5341 1851 5384 ut
1882 5333 2078 5403 ubique

503 5421 742 5478 praesens
779 5409 1036 5481 signetur,
1080 5411 1287 5468 stabilis
1326 5415 1483 5469 simul
1521 5425 1574 5469 et
1613 5420 1824 5476 mobilis
1859 5423 2075 5482 dicitur.

505 5496 630 5562 lin.)
653 5499 803 5556 Unde
826 5518 840 5553 :
865 5499 1124 5571 Splendor
1150 5503 1331 5575 gloriae
1360 5515 1407 5559 et
1443 5506 1615 5576 ﬁgura
1639 5511 1940 5569 substantia:
1965 5519 2079 5588 ejus

507 5588 662 5660 (Heb.
682 5592 746 5663 ι),
769 5605 960 5661 regens
1001 5594 1181 5648 omnia
1209 5597 1394 5662 verbo,
1421 5605 1551 5663 etc.,
1579 5615 1737 5668 usque
1763 5604 1831 5654 ad
1858 5605 1908 5658 in
1940 5614 2078 5662 tem-

503 5694 633 5754 pore
659 5683 893 5741 Verbum
913 5698 1040 5741 caro
1073 5684 1276 5743 factum
1303 5698 1407 5758 est,
1435 5699 1490 5746 et
1527 5691 1788 5748 habitavit
1818 5695 1870 5750 in
1903 5701 2075 5756 nobis.

2193 3232 2369 3286 torum
2398 3223 2624 3284 exstitit,
2659 3223 2750 3292 qui
2779 3230 2887 3278 stat
2913 3222 2971 3278 in
3001 3221 3214 3291 signum
3242 3218 3586 3290 populorum,
3619 3233 3798 3288 super

2191 3330 2351 3385 quem
2379 3313 2730 3368 continebunt
2759 3327 2916 3382 reges
2944 3327 3008 3367 os
3031 3325 3222 3377 suum,
3250 3310 3420 3379 ipsum
3449 3315 3652 3379 gentes
3691 3308 3794 3363 de-

2187 3407 2570 3480 precabuntur.

2258 3501 2420 3556 Vens.
2457 3499 2545 3555 16.
2579 3530 2648 3542 —-
2681 3497 2896 3552 Intrans
2923 3499 2977 3552 in
3005 3497 3237 3551 domum.
3269 3494 3450 3566 (ΗΑΒ.)
3478 3493 3615 3549 Post
3645 3507 3792 3564 prte-

2186 3591 2506 3648 dicationem
2523 3632 2536 3656 ,
2565 3597 2687 3660 post
2710 3589 2890 3658 operis
2917 3588 3185 3653 laberem,
3211 3584 3408 3657 quibus
3436 3583 3790 3640 auditoribus

2185 3684 2356 3741 sancti
2383 3681 2628 3738 solatium
2659 3680 2917 3752 przebent,
2942 3681 3006 3734 ad
3034 3695 3093 3735 se
3120 3679 3407 3734 redeuntes
3429 3675 3631 3731 divinae
3654 3690 3790 3731 con—

2184 3773 2516 3843 templationi
2547 3781 2768 3835 vacant,
2798 3771 2888 3827 ubi
2926 3785 3172 3840 superna:
3207 3769 3502 3825 dulcedinis
3540 3768 3787 3838 quietem

2183 3865 2481 3920 inveniunt.
2521 3864 2616 3936 (In.
2680 3879 2744 3917 ea:
2785 3858 2966 3932 Greg.)
3011 3857 3330 3930 Corporales
3365 3858 3605 3922 deliciae,
3647 3865 3782 3922 etc.,

2183 3971 2344 4026 usque
2369 3954 2438 4007 ad
2464 3953 2603 4007 unde
2631 3952 2798 4006 David
2823 3969 2836 4003 :
2870 3947 3086 4004 Gustata
3108 3958 3158 4003 et
3177 3948 3343 4003 uidete
3369 3948 3628 4018 quoniam
3654 3964 3786 4002 saa-

2181 4049 2256 4101 vis
2297 4045 2466 4116 (Psal.
2509 4049 2739 4114 xum),
2795 4051 2900 4098 etc.
2953 4039 3152 4112 (Οιιιο.)
3189 4041 3291 4108 Qui
3331 4041 3504 4108 aperit
3543 4055 3609 4094 os
3655 4055 3782 4094 mu-

2182 4143 2316 4200 tum,
2341 4142 2470 4197 etc.,
2494 4149 2654 4202 usque
2686 4131 2754 4185 ad
2771 4131 2980 4202 justitia
3006 4141 3185 4186 autem
3211 4130 3353 4200 quod
3379 4129 3710 4185 distributor
3729 4139 3783 4184 et

2177 4227 2342 4299 judex
2379 4226 2696 4280 meritorum
2727 4225 2814 4279 sit.

2251 4335 2416 4392 Vens.
2448 4338 2532 4392 l9.
2564 4368 2631 4377 —
2660 4335 2802 4390 Puer
2827 4343 3033 4400 autem,
3064 4343 3168 4390 etc.
3200 4331 3381 4406 (ΗΑΒ.)
3418 4331 3684 4388 Salomon
3727 4335 3780 4388 in

2109 4469 2163 4530 Β
2187 4429 2416 4501 pueritia
2448 4427 2812 4499 postulaverat
2837 4442 2867 4480 a
2900 4425 3010 4481 Deo
3048 4427 3392 4496 sapientiam,
3429 4433 3482 4480 et
3521 4435 3586 4479 ut
3627 4437 3780 4480 recte

2185 4523 2450 4595 judicaret
2469 4522 2742 4594 populum,
2762 4530 2815 4577 et
2835 4521 3165 4575 discerneret
3187 4520 3328 4574 inter
3349 4520 3550 4574 bonum
3579 4529 3636 4574 et
3661 4535 3780 4574 ma-

2191 4615 2300 4668 lum
2327 4632 2339 4667 :
2376 4613 2549 4668 factus
2580 4623 2664 4669 est
2700 4628 2825 4683 ergo
2850 4611 3300 4683 sapientissimus,
3326 4622 3378 4665 et
3408 4612 3630 4666 videtur
3661 4627 3777 4665 sor-

2189 4706 2321 4759 titus
2344 4706 2576 4759 animam
2606 4706 2818 4770 bonam,
2845 4703 2936 4774 qui
2969 4702 3153 4757 habuit
3179 4717 3272 4757 cor
3297 4702 3513 4772 sapiens
3534 4709 3595 4756 et
3620 4701 3778 4756 intel-

2187 4793 2376 4864 ligens.
2419 4795 2524 4850 Sed
2552 4797 2819 4866 quomodo
2846 4795 3096 4852 convenit
3121 4794 3169 4849 ei
3198 4795 3338 4864 quod
3364 4793 3564 4848 dicitur
3608 4812 3622 4847 :

2257 4883 2422 4940 Vens.
2457 4886 2545 4940 20.
2573 4917 2642 4927 -
2681 4885 2803 4941 Veni
2829 4887 2898 4941 ad
2924 4903 3109 4958 corpus
3139 4887 3609 4957 incoinquinatum,
3634 4896 3768 4954 etc.,

2181 4990 2306 5030 cum
2353 4975 2631 5030 mulierem
2667 4977 3024 5047 alienigenam
3056 4976 3339 5042 amaverit,
3367 4987 3421 5030 et
3457 4976 3601 5031 idola
3639 4979 3768 5032 tedi-

2183 5065 2460 5122 ficaverit?
2487 5065 2708 5123 Videtur
2734 5083 2862 5138 ergo
2889 5069 3058 5140 magis
3085 5069 3372 5124 convenire
3409 5068 3611 5139 populo
3637 5086 3762 5154 san-

2181 5163 2392 5212 ctorum
2417 5160 2508 5227 qui
2539 5159 2594 5212 in
2623 5157 2887 5228 baptismo
2911 5166 3255 5229 regeneratus
3276 5168 3390 5226 est,
3421 5169 3477 5214 et
3507 5160 3616 5216 ﬁde
3647 5161 3764 5216 Sal-

2182 5248 2384 5303 vatoris
2409 5248 2663 5313 imbutus,
2687 5248 2968 5318 pueritiam
2992 5248 3183 5303 indolis
3209 5265 3317 5304 suae
3343 5248 3518 5316 bonae,
3547 5261 3608 5305 et
3635 5253 3762 5306 sim-

2181 5339 2336 5410 plicis
2369 5341 2686 5395 innoeentite
2715 5341 3032 5412 perceperit,
3065 5350 3120 5396 et
3141 5343 3347 5398 cunctis
3370 5342 3566 5399 studiis
3591 5353 3765 5400 certa-

2181 5431 2319 5486 verit
2342 5432 2621 5501 pervcnire
2642 5432 2709 5486 ad
2733 5431 2948 5488 culmen
2975 5433 3232 5487 virtutum
3262 5452 3276 5487 :
3308 5433 3448 5488 unde
3474 5436 3754 5504 sequitur:

2181 5517 2248 5576 Et
2286 5539 2402 5576 cum
2436 5541 2598 5578 essem
2633 5526 2800 5595 magis
2835 5525 3017 5588 bonus,
3056 5533 3160 5580 etc.
3201 5523 3360 5580 Pater
3401 5541 3510 5580 non
3547 5526 3760 5597 judicat

2179 5631 2534 5686 quemquam,
2565 5617 2657 5672 sed
2687 5633 2845 5671 omne
2884 5619 3144 5688 judicium
3185 5619 3332 5675 dedit
3377 5618 3534 5676 Filio.
3586 5619 3758 5692 Hujus

2182 5711 2421 5765 membra
2456 5709 2584 5765 facti
2617 5717 2741 5766 sunt
2773 5711 3045 5768 imitantes
3067 5727 3210 5768 eum.
