4028 6332
1 581 36 604 Ii:

17 607 36 619 ’Δ

0 675 38 710 ἰ

3 761 38 798 ἑὲ.

9 2265 46 2294 κδ

254 377 406 434 11ῗὸ

883 471 1228 552 CAPUTlX.

329 627 495 683 Vsus.
537 628 589 683 7.
628 659 699 672 --
733 629 811 684 Tu
845 642 1018 686 autem
1048 633 1269 704 elegisti,
1295 643 1400 691 etc.
1428 634 1609 706 (Rm)
1644 637 1836 707 David,

251 719 389 788 quia
416 720 520 784 vir,
557 727 684 787 etc.,
725 739 886 794 usque
919 724 990 777 ad
1023 724 1195 780 virtus
1229 734 1288 780 et
1323 727 1584 797 sapientia
1623 729 1748 796 Dei,
1781 739 1838 786 et

252 811 438 883 imago
465 814 560 868 Dei
587 814 892 871 invisibilis.

327 904 492 960 Vens.
520 907 680 962 15.-
702 909 832 974 Quis
853 911 988 963 enim
1007 911 1294 968 hominum.
1314 913 1626 971 Admiratur
1659 916 1838 972 excel-

251 995 474 1051 lentiam
496 999 612 1055 Dei.
637 1001 798 1068 Quasi
827 1017 842 1055 :
867 1001 912 1055 0
934 1001 1156 1057 altitudo
1177 1005 1476 1060 divitiarum
1495 1008 1763 1077 sapientia:
1783 1017 1836 1064 et

247 1088 484 1142 scientia
503 1089 636 1144 Dei!
656 1090 826 1164 (Rom.
841 1093 944 1163 χι.)
955 1092 1034 1154 Et,
1059 1093 1189 1160 Quis
1211 1097 1349 1150 nouit
1369 1113 1576 1153 sensum
1599 1098 1828 1167 Domini,

247 1190 343 1233 aut
365 1182 478 1252 quis
501 1183 830 1239 consiliarius
855 1186 968 1256 ejus
995 1187 1097 1257 fuit
1119 1189 1144 1242 ?
1165 1188 1298 1259 (lsa.
1331 1189 1447 1262 XL.)

323 1269 483 1326 Vens.
519 1272 604 1326 17.
636 1303 705 1314 -—
733 1273 956 1330 Sensum
985 1287 1179 1351 autem.
1209 1277 1378 1334 Nemo
1406 1281 1508 1335 scit
1539 1297 1660 1352 qua:
1694 1283 1830 1340 ﬁunt

243 1358 304 1414 in
328 1361 492 1418 corde
523 1363 758 1420 hominis
785 1367 886 1421 nisi
918 1367 1138 1437 spiritus
1172 1370 1427 1437 hominis,
1455 1381 1510 1427 ct
1538 1390 1699 1430 nemo
1724 1391 1825 1432 no-

242 1452 324 1506 vit
361 1469 484 1524 quas
516 1466 642 1510 sunt
680 1457 774 1511 Dei
809 1459 912 1513 nisi
943 1458 1178 1530 Spiritus
1207 1462 1320 1517 Dei.
1367 1463 1604 1534 Spiritus
1641 1476 1828 1523 autem

241 1545 424 1598 omnia
462 1555 754 1613 scrutatur,
790 1550 952 1604 etiam
989 1550 1252 1620 profunda
1289 1554 1388 1610 Dei
1421 1555 1515 1625 qui
1551 1556 1824 1614 illuminat

241 1638 408 1693 corda
439 1648 772 1698 sanctorum.

862 1756 1092 1814 CAPUT
1129 1759 1196 1814 Χ.

1196 382 1460 440 GLOSSA
1500 383 1890 442 ORDINARIA.
1932 419 2000 427 —
2031 388 2156 444 LIB.
2200 389 2602 446 SAPIENTIIE.
3375 395 3511 452 1174

1865 506 1921 568 Α
1945 503 2164 578 Mystice
2201 507 2473 577 Sapientia
2517 508 2607 562 Dei
2653 517 2917 578 martyres
2958 510 3022 565 de
3051 512 3512 580 persecutionibus

1937 595 2152 666 eripuit,
2201 606 2256 652 et
2299 598 2556 653 cxaltavit
2599 599 2653 654 in
2707 615 2883 674 regno
2914 601 3138 657 coalesti.
3193 602 3344 660 Unde
3387 620 3511 662 cum

1937 681 2151 742 Christo
2180 689 2390 744 venturi
2417 698 2542 744 sunt
2563 671 3032 761 judicesyhostium
3061 708 3300 748 suorum.

2007 777 2171 834 Vnus.
2206 781 2290 835 l5.
2317 812 2388 822 —
2418 780 2546 836 Hice
2569 783 2817 853 populum
2850 783 3072 854 justum.
3107 784 3288 859 (ΚΑΒ.)
3321 784 3512 860 Mysti-

1935 887 2017 930 ce.
2045 872 2266 930 Liberat
2293 875 2432 931 Deus
2462 875 2660 931 electos
2687 893 2811 933 suos
2837 893 2866 931 a
2895 879 3346 948 persecutoribus,
3372 888 3503 946 etc.,

1933 982 2094 1036 usque
2130 967 2200 1020 ad
2237 967 2304 1022 ad
2329 969 2550 1040 praemia
2579 971 2728 1040 regni
2753 1011 2769 1037 ,
2809 971 2902 1027 ubi
2931 979 3188 1044 perpetuo
3215 974 3506 1030 decantant

1932 1058 2122 1130 laudes
2143 1062 2423 1119 liberatori
2450 1080 2566 1119 suo.

2007 1153 2169 1208 Vnus.
2198 1154 2284 1209 21.
2312 1185 2382 1194 —
2405 1155 2662 1222 Quoniam
2690 1157 2964 1227 sapientia,
2998 1165 3104 1214 etc.
3143 1157 3272 1215 Sine
3297 1160 3510 1230 sapien-

1931 1245 2006 1300 tia
2035 1245 2129 1300 Dei
2154 1263 2252 1302 nec
2273 1248 2508 1302 humana
2530 1264 2682 1304 mens
2708 1248 2911 1319 aliquid
2935 1250 3093 1321 digne
3119 1252 3381 1323 cogitare,
3407 1265 3508 1307 nec

1928 1353 1991 1394 os
2019 1338 2260 1407 proferre
2285 1348 2462 1414 potest
2495 1360 2505 1394 :
2541 1341 2610 1396 ab
2637 1340 2752 1418 ipso
2780 1357 2906 1412 ergo
2934 1349 2988 1396 et
3012 1341 3279 1414 sapientia
3305 1350 3360 1398 et
3389 1341 3502 1398 elo-

1927 1431 2146 1499 quentia
2170 1433 2398 1503 petenda
2428 1440 2528 1488 est.

2533 1523 2761 1624 CAPUT
2801 1563 2895 1622 x1.

1957 1693 2158 1749 'Vsas.
2205 1695 2256 1748 1.
2304 1725 2372 1735 -
2404 1695 2606 1750 Dixerit
2653 1713 2831 1766 opera,
2883 1704 2986 1753 etc.
3038 1697 3220 1771 (ΚΑΒ.)
3267 1696 3501 1769 Populus

1921 1781 2262 1840 Christianus
2290 1801 2388 1855 per
2435 1787 2705 1841 desertum
2748 1785 2907 1855 hujus
2949 1789 3132 1843 mundi
3163 1791 3502 1860 prophetiam

312 1865 474 1922 Vsus.
521 1867 572 1921 1.
604 1899 668 1907 -
701 1867 832 1923 Hice
861 1868 1026 1934 illum,
1060 1871 1149 1940 qui
1179 1871 1400 1941 primus.
1428 1869 1608 1944 (ΗΑΒ.)
1647 1873 1814 1930 Βοηί-

1926 1879 2183 1948 sequitur,
2225 1888 2284 1933 ut
2334 1879 2611 1949 perveniat
2659 1879 2725 1932 ad
2766 1881 2996 1950 patriam
3037 1881 3184 1951 regni
3230 1879 3499 1949 caelestis;

238 1966 350 2012 tate
387 1958 480 2013 Dei
506 1960 712 2031 primus
742 1962 903 2018 homo
929 1971 1164 2028 creatus,
1204 1961 1259 2026 in
1281 1964 1534 2034 paradiso
1571 1965 1812 2036 locatus,
1917 1969 2058 2023 unde
2085 1967 2278 2023 Petrus
2311 1983 2325 2023 :
2359 1959 2632 2023 Habemus
2667 1969 3021 2039 propheticum
3063 1985 3350 2024 sermonem
3370 2011 3384 2034 ,
3416 1970 3502 2024 cui

238 2051 448 2106 cunctis
482 2052 844 2108 animantibus
873 2053 1125 2124 prtelatus
1163 2073 1176 2108 :
1204 2069 1302 2124 per
1325 2059 1815 2129 transgressionem
1917 2061 2042 2115 bene
2075 2059 2250 2130 facitis
2288 2060 2606 2114 attendentes
2629 2061 2781 2128 quasi
2810 2059 3038 2115 lucerna:
3063 2059 3254 2114 lucenti
3283 2059 3339 2114 in
3365 2060 3500 2113 cali-

235 2143 514 2209 mandati,
556 2144 608 2198 in
652 2146 884 2222 miseriis
925 2146 1081 2217 hujus
1120 2149 1300 2204 saeculi
1344 2151 1586 2222 dejectus
1616 2161 1730 2218 est;
1760 2161 1818 2209 et

233 2249 333 2304 per
361 2235 455 2290 Dei
480 2237 822 2306 sapientiam,
855 2239 1010 2294 idest
1039 2229 1334 2309 Christum,
1362 2253 1668 2315 reparatus,
1699 2260 1815 2300 ma-

235 2340 396 2397 gnum
419 2327 638 2396 pietatis
659 2329 852 2384 divina:
875 2331 1134 2386 indicium
1157 2340 1258 2387 est.

306 2423 468 2478 Vens.
511 2425 564 2479 5.
605 2457 674 2465 --
695 2425 934 2496 Injustus
968 2429 1021 2481 in
1047 2429 1148 2482 ira.
1182 2427 1254 2484 Ut
1281 2427 1436 2496 Cain,
1464 2431 1555 2500 qui
1586 2430 1811 2486 fratrem

233 2529 338 2570 non
362 2515 506 2586 juste
536 2518 786 2586 peremit,
834 2517 987 2586 cujus
1025 2519 1221 2588 piaculi
1248 2521 1484 2576 vindicta
1525 2521 1578 2576 in
1609 2522 1810 2579 diluvio

1913 2155 2095 2224 ginoso
2119 2152 2230 2207 Ioe’o
2253 2151 2339 2224 (ΙΙ
2367 2152 2511 2207 Petr.
2543 2152 2607 2224 ι),
2636 2161 2740 2208 etc.

1990 2244 2151 2300 Vsus.
2183 2243 2236 2297 l.
2263 2274 2332 2284 —
2359 2241 2436 2297 De
2464 2253 2610 2315 petra
2636 2243 2895 2298 altissima
2919 2283 2935 2310 ,
2976 2250 3079 2299 etc.
3126 2241 3285 2297 Petra
3315 2251 3498 2296 autem

1912 2343 2034 2391 erat
2061 2333 2328 2399 Christus,
2365 2334 2457 2403 qui
2493 2333 2644 2405 virga
2687 2333 2867 2388 crucis
2893 2347 3206 2403 percussus,
3235 2345 3354 2401 quae
3380 2338 3500 2385 erat

1912 2423 1970 2480 in
2008 2424 2274 2489 manibus,
2311 2423 2364 2478 id
2393 2433 2473 2478 est
2507 2424 2560 2478 in
2605 2422 2893 2492 scripturis
2917 2421 3326 2492 prophetarum,
3361 2418 3499 2475 fudit

1915 2531 2113 2586 aquam
2145 2515 2344 2570 vivam.

208 5896 246 5906 η
288 5821 451 5882 Vens.
484 5825 579 5904 15..
616 5859 685 5888 στι
714 5825 843 5904 Hier;
881 5829 1144 5906 venditum
1170 5831 1408 5914 justum,
1451 5843 1556 5898 etc.
1601 5837 1788 5914 (ΚΑΒ.)

1983 2607 2146 2663 Vens.
2169 2608 2223 2663 5.
2249 2639 2317 2648 —
2349 2605 2448 2662 Per
2483 2624 2600 2679 qua:
2623 2607 2760 2662 enim
2783 2623 2960 2678 poenas
2986 2648 3001 2675 ,
3042 2615 3145 2662 etc.
3175 2605 3358 2677 (ΗΑΒ.)
3386 2603 3496 2659 Me-

1908 2701 2136 2758 moratis
2175 2699 2483 2765 beneﬁciis,
2520 2707 2624 2758 etc.
2645 2739 2659 2764 ,
2697 2715 2860 2768 usque
2886 2697 2956 2752 ad
2996 2698 3109 2753 sive
3130 2711 3260 2768 ergo
3285 2695 3495 2766 patian-

1911 2802 2020 2862 tur,
2051 2793 2168 2848 sive
2197 2807 2324 2859 non,
2353 2791 2520 2862 gloria
2549 2798 2633 2845 est
2653 2791 2752 2845 eis.

1981 2886 2142 2942 Vens.
2177 2884 2264 2938 10.
2293 2915 2361 2924 -
2389 2879 2520 2938 Cum
2569 2884 2707 2936 enim
2749 2881 2954 2936 tentati.
2989 2879 3174 2954 (εἴη.)
3220 2878 3492 2934 lsraelitas

1906 2988 2196 3051 peccantes
2231 2977 2407 3050 dignis
2436 2976 2606 3050 plagis
2643 2975 2905 3044 corripuit
2936 2975 3096 3039 Deus,
3129 2982 3183 3028 et
3224 2972 3494 3044 poeniten-

1909 3066 1992 3126 tes
2020 3071 2329 3130 consolatus
2355 3079 2459 3134 est,
2492 3067 2770 3139 Egyptios
2796 3077 2850 3122 et
2870 3069 3206 3122 Chananazos
3234 3075 3492 3136 tanquam

231 2605 406 2662 soluta
435 2616 536 2672 est,
563 2617 619 2662 et
641 2611 917 2680 generatio
941 2608 1072 2665 Cain
1100 2611 1273 2666 deleta
1302 2631 1316 2666 :
1343 2613 1436 2668 sed
1466 2613 1562 2669 Dei
1589 2615 1809 2685 sapien-

234 2697 304 2752 tia
340 2696 476 2764 Noe,
508 2700 573 2756 de
609 2701 775 2772 stirpe
813 2699 966 2768 Seth,
997 2703 1064 2757 ad
1089 2704 1481 2780 reparationem
1511 2705 1657 2763 orbis
1685 2723 1810 2772 cum

229 2787 354 2845 ﬁliis
382 2791 495 2846 suis
519 2791 572 2846 in
595 2807 721 2847 arca
752 2795 1006 2848 servavit.

299 2879 462 2936 Vens.
490 2881 751 2938 5.—.—Ilo:c
771 2896 816 2937 et
840 2886 894 2937 in
921 2903 1173 2954 consensu
1193 2887 1469 2958 superbiat,
1498 2896 1602 2944 etc.
1623 2887 1804 2963 (ΚΑΒ.)

226 2969 482 3026 Diabolus
528 2988 624 3041 per
652 2975 982 3042 superbiam,
1025 2984 1156 3044 etc.,
1205 2994 1369 3048 usque
1413 2978 1482 3034 ad
1527 2979 1808 3048 humilitas

225 3061 430 3118 Christi
457 3063 730 3118 adunavit.

298 3151 461 3210 Vsus.
491 3149 544 3206 6.
575 3181 646 3191 —-
690 3149 820 3210 Haec
852 3154 1059 3224 justum
1082 3197 1098 3222 ,
1129 3163 1233 3212 etc.
1281 3155 1421 3213 Hinc
1449 3155 1644 3216 Petrus
1687 3160 1801 3218 ait:
1847 3227 1875 3232 _
1907 3159 2284 3218 misericordia
2320 3160 2568 3232 indignos
2615 3158 3018 3213 exterminavit.
3049 3155 3348 3220 Tormenta,
3379 3164 3487 3210 etc.

224 3237 507 3294 Civitatem
539 3238 885 3298 Sodomorum
914 3247 966 3299 et
993 3241 1451 3304 Gomorrlucorum
1483 3266 1536 3304 tn
1575 3249 1798 3306 cinerem
1830 3227 1884 3304 Ο
1905 3253 1953 3310 Δ
1974 3251 2278 3319 Pharaone,
2306 3252 2615 3321 ubicunque
2636 3249 2843 3305 scilicet
2870 3255 3070 3304 essent.
3096 3246 3215 3311 Vel,
3244 3261 3350 3301 non
3379 3253 3489 3300 tam

225 3328 458 3399 ndigens
497 3333 755 3388 eversione
809 3335 1109 3404 damnavit;
1149 3337 1440 3412 exemplum
1481 3359 1659 3398 eorum
1709 3346 1806 3416 qui
1903 3346 1964 3402 hi
1991 3342 2126 3420 quos
2152 3345 2410 3402 Israelitze
2436 3343 2639 3400 recenti
2663 3341 2818 3398 clade
2856 3357 2952 3412 per
2981 3339 3220 3411 singulas
3241 3338 3488 3394 civitates

221 3421 374 3490 impie
397 3424 566 3476 acturi
595 3435 714 3479 sunt
741 3443 960 3497 ponens,
989 3439 1037 3484 et
1065 3429 1270 3501 justum
1302 3431 1400 3487 Lot
1430 3452 1730 3505 oppressum
1764 3454 1799 3492 α
1901 3435 2268 3510 peremerunt,
2323 3436 2498 3508 puniti
2541 3443 2705 3502 sunt;
2745 3434 2840 3490 sed
2879 3444 2935 3488 et
2970 3447 3161 3487 omnes
3195 3431 3487 3486 Chanantei

222 3513 566 3582 nefandorum
594 3517 839 3587 injuriis,
881 3529 946 3574 ac
977 3523 1248 3578 luxuriosa
1277 3528 1662 3582 conversatione
1689 3529 1796 3583 eri-
1903 3531 2184 3587 audientes
2221 3528 2502 3586 victoriam
2541 3526 2724 3599 populi
2764 3526 2894 3591 Dei;
2936 3525 3076 3579 unde
3116 3523 3265 3578 Raab
3310 3521 3479 3578 dicit:

218 3603 328 3672 puit
361 3603 445 3674 (11
474 3603 628 3674 Petr.
651 3607 736 3682 ιι),
764 3617 868 3666 etc.
902 3609 1050 3667 Uxor
1076 3609 1179 3672 Lot
1211 3624 1358 3670 retro
1386 3617 1703 3686 respiciens,
1741 3619 1796 3674 in
1899 3607 2070 3680 I'rruit
2101 3623 2155 3677 in
2183 3639 2276 3678 nos
2309 3631 2476 3677 terror
2501 3630 2665 3678 vester
2693 3619 2830 3693 (los.
2860 3618 2944 3691 ιι),
2977 3627 3082 3674 etc.
3132 3615 3351 3688 Mystice
3390 3629 3489 3672 au-

219 3693 452 3760 statuam
491 3699 620 3757 salis
645 3715 906 3762 conversa
937 3713 1048 3772 est,
1075 3723 1143 3762 ne
1171 3708 1261 3777 qui
1299 3724 1396 3778 per
1432 3711 1660 3782 gratiam
1699 3711 1796 3768 Dei
1902 3723 2033 3782 tem,
2056 3713 2243 3779 Judaei,
2279 3714 2370 3784 qui
2399 3711 2826 3768 incarnationem
2860 3709 2982 3765 Filii
3008 3708 3122 3773 Dei,
3146 3715 3201 3762 et
3221 3707 3452 3777 pratdica
3493 3733 3504 3746 -

219 3788 285 3844 ad
320 3790 481 3845 vitam
508 3793 686 3848 vocati
713 3811 921 3864 sumus,
953 3805 1196 3854 veterem
1229 3800 1502 3858 hominem
1533 3803 1794 3874 respicia-
1899 3787 2104 3881 tionem
2144 3805 2530 3878 despiciebant,
2565 3805 2764 3874 ubique
2795 3813 3060 3860 terrarum
3092 3802 3236 3873 vagi,
3277 3809 3333 3855 et
3353 3815 3452 3872 pro
3508 3829 3512 3835 -

217 3895 356 3947 mus,
387 3883 563 3939 media
600 3889 684 3943 via
732 3897 1090 3946 remanentes.
1121 3890 1181 3946 ln
1216 3899 1449 3948 statuam
1481 3893 1608 3948 salis
1637 3909 1792 3950 versa
1897 3897 2012 3970 fugi
2039 3897 2204 3955 variis
2232 3897 2474 3953 cladibus
2509 3895 2836 3967 afﬂiguntur.
2871 3894 3118 3950 Gentiles
3144 3907 3273 3949 vero
3311 3893 3381 3948 ad
3415 3890 3466 3946 fl-

218 3971 350 4042 a_lios
369 3976 527 4053 salit,
557 3981 700 4036 unde
730 3999 744 4035 :
777 3979 1086 4038 Mementote
1117 3985 1299 4050 uxoris
1325 3983 1421 4040 Lot
1451 3983 1601 4058 (Luc.
1634 3986 1792 4058 xvn),
1899 3991 2024 4046 dem
2045 3988 2310 4056 conversi,
2333 3996 2388 4043 et
2411 3989 2766 4060 suscipientes
2788 3996 3071 4058 paternam
3091 3984 3478 4041 correctionem

217 4080 287 4120 ne
310 4065 512 4124 scilicet
547 4078 797 4144 tanquam
822 4070 954 4128 fatui
981 4073 1334 4148 negligamus,
1375 4079 1469 4134 sed
1497 4078 1794 4150 prudenter

219 4173 523 4234 caveamus.
1897 4175 2092 4246 capite,
2127 4174 2234 4229 sint
2257 4173 2309 4229 in
2331 4171 2524 4240 cauda,
2561 4179 2616 4228 et
2637 4188 2668 4228 e
2697 4185 2976 4228 converso.

289 4261 450 4320 Vsus.
487 4263 540 4320 8.
569 4295 638 4306 —
659 4264 983 4340 Sapientiam
1009 4270 1165 4339 enim,
1185 4279 1290 4330 etc.
1308 4271 1441 4329 Hazc
1463 4283 1662 4342 autem,
1683 4283 1788 4332 etc.

1967 4266 2130 4324 Vsus.
2166 4269 2251 4324 l5.
2291 4295 2361 4308 --
2386 4266 2592 4338 Duplex
2610 4307 2628 4333 ,
2651 4274 2758 4320 etc.
2784 4263 3185 4320 Praeteritorum
3214 4259 3480 4314 malorum

217 4351 384 4412 Iacob
434 4355 645 4428 fugiens
699 4359 846 4420 Esau
881 4359 1106 4424 fratrem
1155 4379 1310 4420 suum
1362 4366 1509 4420 venit
1556 4367 1624 4422 ad
1681 4367 1790 4422 La-
1869 4361 2199 4418 recordatio
2229 4377 2336 4416 non
2363 4359 2661 4424 minuitur,
2701 4365 2755 4412 et
2801 4356 3146 4426 praesentium
3187 4361 3479 4426 tempestas

218 4446 320 4502 han
348 4449 669 4506 avunculum
695 4466 874 4522 suum,
903 4462 959 4518 et
984 4453 1038 4509 in
1068 4455 1262 4530 itinere
1287 4472 1386 4528 per
1415 4459 1686 4514 somnium
1706 4459 1790 4514 vi-
1896 4439 2141 4526 augetur.
2183 4453 2333 4508 Unde
2359 4468 2457 4507 nec
2498 4452 2699 4506 habent
2729 4463 2877 4520 spem
2921 4446 3166 4549 remedii.
3199 4445 3479 4549 ίιιξὶεψαξ-

218 4539 295 4595 dit
316 4540 517 4596 scalam
556 4553 832 4612 erectam,
875 4555 932 4602 et
957 4548 1174 4620 angelos
1215 4549 1312 4606 Dei
1353 4553 1706 4608 ascendentes
1736 4561 1791 4608 et
1814 4579 1870 4638 D
1895 4545 2179 4600 nilenliam
2243 4542 2560 4599 SimUlaﬂl-es
2586 4582 2602 4608 ν
2665 4556 2773 4598 non
2821 4540 3038 4638 ξῐυάθηι
3080 4539 3475 4638 θωθξξίξειιίοηὶς

218 4629 618 4699 descendentes,
650 4643 706 4690 et
731 4635 907 4705 ipsum
937 4637 1226 4696 Dominum
1250 4641 1496 4704 innixum
1525 4640 1684 4696 scalae
1709 4642 1790 4698 di-
1814 4629 1880 4652 τ’
1898 4636 2070 4692 unde:
2090 4634 2221 4689 Cum
2236 4635 2490 4690 occideret
2512 4651 2616 4701 eos,
2639 4632 2937 4707 quau-ebant
2957 4647 3098 4697 eum,
3116 4639 3164 4685 et
3185 4631 3480 4684 dilexerunt

217 4735 425 4788 (lentem
469 4726 609 4784 sibi:
634 4726 747 4798 Ego
775 4746 890 4784 sum
929 4729 1069 4785 Deus
1109 4732 1375 4787 Abraham
1401 4735 1568 4802 patris
1605 4734 1716 4800 tui,
1743 4744 1791 4792 et
1898 4744 2016 4782 eum
2042 4725 2213 4800 (Ρεαι.
2239 4733 2467 4797 LXXVII).
2493 4735 2600 4782 elc-

217 4814 355 4878 Deus
383 4815 572 4883 Isaac;
608 4829 800 4878 terram
829 4820 886 4876 in
913 4839 1016 4892 qua
1066 4823 1263 4878 duratis
1290 4824 1424 4880 dabo
1463 4826 1596 4893 tibi,
1633 4837 1681 4882 et
1717 4844 1796 4883 se-

1971 4819 2132 4874 Vsns.
2176 4817 2259 4874 15.
2288 4849 2356 4858 -
2389 4817 2512 4873 Non
2543 4813 2785 4872 similiter
2799 4815 2959 4887 justis
2986 4855 3001 4882 ,
3040 4823 3148 4872 etc.
3193 4813 3328 4881 Quia
3370 4825 3482 4868 non

218 4907 342 4962 mini
368 4919 456 4962 tuo
495 4909 647 4980 (Gen.
677 4913 894 4982 xxvut).
938 4914 1171 4970 Veniens
1198 4925 1381 4972 autem
1404 4917 1457 4974 in
1488 4917 1790 4989 Mesopota-
1897 4911 2145 4986 similiter
2172 4919 2418 4982 peccam-
2467 4909 2676 4982 Seplies
2705 4909 2846 5008 eniti!
2876 4909 3026 5008 cadif
3059 4909 3238 5008 ,ἱυξῐιιε
3263 4947 3278 4974 ν
3304 4913 3358 4961 et
3397 4918 3484 5008 ιέξς

218 4998 379 5060 iniam
407 4999 556 5058 Liam
579 5011 633 5056 et
657 5002 860 5060 Rachel
891 5005 1062 5072 duxit,
1100 5021 1200 5078 pro
1225 5007 1420 5078 quibus
1449 5025 1578 5066 oves
1607 5009 1794 5068 Laban
1896 5003 2107 5082 surgit:
2139 5003 2336 5074 impius
2370 5009 2550 5058 autem
2575 5042 2592 5069 ν
2634 5016 2759 5058 cum
2805 5000 2859 5056 in
2901 5000 3225 5072 Ρΐοῖιιηάυω
3269 4998 3482 5052 “mem

221 5090 307 5152 diu
352 5092 521 5162 pavit.
548 5094 652 5162 Qui
691 5110 818 5158 eum
844 5098 1090 5168 mercede
1129 5114 1225 5154 sua
1264 5098 1638 5162 fraudulenter
1674 5103 1788 5174 pri-
1895 5095 2184 5170 malorum,
2211 5093 2529 5158 contemnit.

218 5196 346 5237 vare
382 5184 566 5240 voluit.
617 5184 722 5242 Sed
771 5203 867 5258 per
909 5189 1231 5266 sapientiam
1278 5192 1374 5250 Dei
1422 5195 1667 5264 privatus
1707 5205 1792 5254 est

1968 5188 2132 5244 Vitas.
2173 5187 2260 5242 16.
2306 5216 2380 5236 .—-
2421 5184 2578 5253 Quod
2611 5185 2826 5256 quidam
2860 5193 3114 5247 errantes,
3150 5185 3256 5236 etc.
3289 5178 3474 5252 (ΒΑιι.)

221 5270 422 5342 Labau,
449 5283 503 5330 et
525 5274 691 5333 Jacob
720 5279 940 5346 ditatus,
989 5296 1110 5340 cum
1153 5283 1337 5342 multis
1375 5285 1570 5357 opibus
1607 5288 1786 5344 rediit.
1894 5279 2125 5354 Dignum
2167 5279 2268 5334 fuit
2305 5320 2320 5346 .
2362 5289 2508 5347 emo.
2561 5297 2723 5352 usque
2769 5280 2837 5334 ad
2897 5285 3010 5378 tota
3049 5275 3191 5330 enim
3244 5274 3474 5378 iptentio

221 5361 437 5436 Mystice
465 5382 592 5422 vero
618 5369 732 5424 hac
755 5371 821 5426 ad
853 5380 1120 5444 martyres
1141 5375 1446 5446 pertinent,
1473 5393 1609 5454 quos
1637 5378 1791 5435 Chri—
1892 5383 1978 5442 est
2011 5387 2200 5428 eorum
2224 5387 2394 5446 genus
2419 5373 2714 5428 humanum
2740 5369 3023 5442 persequi,
3053 5375 3110 5424 et
3131 5367 3377 5424 cruciare
3417 5365 3475 5420 id

222 5455 290 5512 sti
328 5455 696 5516 misericordia
730 5477 762 5518 a
799 5465 1240 5533 persecutoribus
1275 5467 1546 5538 liberavit,
1573 5471 1786 5530 confor—
1896 5465 2151 5523 omnibus
2173 5467 2364 5522 modis.

223 5553 338 5616 tam
357 5563 449 5604 eos
476 5551 648 5620 gratia
674 5551 906 5624 Spiritus
936 5559 1112 5612 sancti
1145 5567 1200 5614 et
1233 5574 1328 5629 spe
1363 5560 1556 5618 futurzr
1582 5580 1786 5621 mercc-
1967 5559 2132 5614 Vnus.
2158 5558 2246 5613 2|.
2276 5589 2346 5599 —
2374 5557 2480 5614 Sed
2527 5556 2702 5610 omnia
2731 5555 2787 5608 in
2827 5570 3093 5618 mensura,
3132 5561 3238 5608 etc.
3285 5550 3473 5642 (Βιιιι.)

222 5638 326 5707 dis;
356 5649 412 5695 et
437 5643 650 5698 tandem
678 5646 833 5702 victis
861 5648 1128 5718 hostibus,
1169 5652 1234 5706 ad
1275 5668 1501 5724 regnum
1527 5655 1786 5713 oculorum
1895 5649 2033 5722 Quia
2074 5654 2255 5709 omnia
2312 5652 2606 5708 secundum
2643 5649 2949 5715 veritatem.
3003 5656 3134 5716 θῐοο,
3184 5661 3344 5718 ιιεφιε
3378 5638 3470 5699 ἀά

221 5732 479 5806 perduxit,
516 5736 586 5792 ad
610 5735 823 5794 laudem
850 5747 906 5794 et
929 5739 1154 5810 gloriam
1185 5744 1418 5802 nominis
1443 5745 1548 5802 sui.
1895 5745 2111 5822 quando
2154 5743 2598 5798 iiluminabuntur
2642 5739 2956 5796 abscondita
3006 5738 3375 5806 tenebrarum,
3417 5747 3474 5796 et

1897 5837 2281 5904 revelabuntur
2305 5833 2530 5900 consilia
2559 5833 2823 5892 cordium.

1899 4096 1932 4150 a_
1960 4080 2056 4136 Dei
2084 4080 2454 4135 misericordia
2485 4095 2594 4134 non
2625 4079 2886 4134 recedunt
2915 4095 2928 4130 :
2968 4085 3028 4132 ut
3063 4077 3156 4150 qui
3177 4075 3393 4132 fuerant
3425 4076 3482 4130 in

1814 5967 1858 6012 ει
