4028 6332
633 433 772 491 M75

1153 419 1538 480 WALAFRIDI
1576 411 1822 473 STRABI
1859 406 2058 468 FULD.
2100 403 2227 460 Μοδ

2259 443 2262 456 .
2301 401 2452 459 ΟΡΡ.
2489 396 2670 457 PARS
2705 397 2748 455 ι.
2791 427 2856 438 -
2890 393 3340 453 THEOLOGICA.

3674 401 3769 460 lli"

705 546 870 602 Vsus.
907 543 998 597 2'5.
1030 569 1101 581 --
1121 537 1441 594 Momentum
1470 544 1697 597 staterw,
1719 537 1823 585 etc.
1856 525 2043 582 Simile
2069 521 2196 578 dicit
2222 520 2275 579 A
2298 515 2639 569 mutabuntur
2657 527 2678 568 :
2699 520 2755 566 tu
2774 519 2947 566 autem
2960 511 3066 579 ipse
3079 526 3152 575 es,
3173 519 3220 562 et
3236 504 3595 579 annitui(Psal.
3612 512 3767 584 et),etc,

632 638 798 695 Isaias
829 653 842 690 :
886 633 1022 688 Ecce
1051 641 1224 703 gentes
1253 631 1386 684 sicut
1433 625 1576 682 stilla
1621 621 1814 687 situlus,
1846 630 1893 674 et
1920 618 2070 690 quasi
2096 631 2205 669 mo-

635 740 863 787 mentum
903 737 1110 781 staterce
1166 731 1412 793 reputatae
1449 727 1569 773 sunt
1599 715 1734 787 (Isa.
1762 711 1885 786 xL);
1918 710 2030 764 vult
2059 707 2204 762 enim

634 819 882 890 intelligi,
918 818 1059 890 quod
1088 829 1264 879 mens,
1299 811 1532 875 etratio,
1555 817 1610 862 et
1640 821 1830 862 sensus
1851 800 2084 866 Domini,
2108 815 2206 869 per

637 929 798 988 quem
826 911 1006 968 omnia
1041 906 1180 962 facta
1213 913 1356 968 sunt,
1379 911 1434 958 et
1455 902 1569 956 sine
1590 913 1696 970 quo
1722 896 1919 951 factum
1940 903 2021 948 est
2052 890 2201 953 nihil,

638 985 729 1060 ille
753 1005 822 1060 sit
849 1004 913 1056 de
933 1016 1039 1071 quo
1060 999 1256 1054 dicitur
1284 1013 1298 1051 :
1329 993 1492 1049 Verbo
1509 990 1719 1046 Domini
1737 987 1850 1042 caeli
1865 985 2062 1056 ﬁrmati
2085 989 2206 1036 sunt

640 1095 813 1168 (Psal.
838 1094 1033 1163 xxx"),
1075 1098 1179 1145 etc.
1205 1090 1394 1145 Omnes
1413 1094 1584 1156 gentes
1605 1099 1720 1154 qua:
1739 1098 1842 1135 non
1864 1085 2209 1149 cognoverunt

638 1198 1108 1250 creatoremsuum,
1127 1183 1194 1236 ad
1215 1179 1669 1249 comparationem
1685 1175 1778 1228 Dei
1803 1171 1953 1244 quasi
1979 1168 2119 1224 stilla
2137 1169 2210 1221 si-

640 1278 764 1332 tulit:
793 1289 932 1343 sunt,
961 1287 1006 1331 et
1034 1275 1186 1346 quasi
1225 1280 1542 1326 momentum
1585 1275 1794 1321 statera:
1827 1263 1971 1334 quod
2015 1260 2209 1315 leviter

641 1369 960 1433 declinatur,
978 1377 1024 1421 et
1040 1367 1172 1420 sicut
1187 1371 1330 1435 gutta
1345 1361 1479 1415 roris
1500 1355 1796 1413 antelucani
1812 1351 2069 1425 (Sap.x1),
2091 1364 2211 1420 quae

638 1461 816 1530 primo
841 1455 1220 1528 aspectu-solis
1246 1453 1501 1507 siccatur.
1529 1447 1626 1503 Vel
1653 1445 1792 1501 sicut
1841 1442 2014 1497 situla:
2040 1440 2210 1506 stilla,

642 1551 686 1606 si
711 1549 821 1603 lluit
843 1565 872 1603 a
893 1554 1138 1618 portante
1165 1542 1478 1613 deSpicitur,
1509 1537 1594 1592 vel
1621 1534 1905 1606 negligitur
1933 1551 1945 1586 :
1975 1533 2046 1586 ita
2078 1547 2210 1600 gen-

645 1642 776 1695 tium
799 1637 1082 1694 multitudo
1103 1635 1310 1691 caelesti
1332 1628 1626 1703 splendori,
1652 1625 1900 1696 supernis
1917 1621 2212 1693 mysteriis,

642 1741 696 1787 et
731 1732 1040 1803 angelorum
1070 1726 1398 1785 multitudini
1419 1729 1748 1794 comparata,
1780 1732 1878 1790 pro
1915 1716 2084 1772 nihilo
2108 1714 2212 1769 du-

640 1824 802 1879 citur.

2307 607 2375 662 Et
2403 607 2528 662 alibi
2561 624 2574 661 :
2602 605 2714 676 Ego
2743 621 2858 659 sum
2885 603 3048 668 Deus,
3077 612 3125 656 et
3153 618 3258 655 non
3287 610 3450 654 mutor
3471 600 3604 672 (Mal.
3631 605 3772 678 ιιι).1ι;ι

2309 699 2434 755 alibi
2460 717 2474 753 :
2507 698 2658 770 Apud
2686 713 2836 769 quem
2864 712 2968 750 non
2997 703 3072 749 est
3097 693 3452 754 transmutatio
3477 692 3604 765 (Jac.
3625 697 3770 766 t),etc.

2308 789 2549 848 Docuisti
2580 799 2764 845 autem
2803 786 3057 858 populum
3079 793 3228 840 tuum
3264 804 3278 838 ;
3313 799 3404 854 per
3433 784 3628 842 miriﬁca
3661 803 3774 859 open

2309 884 2404 940 Dei
2448 883 2784 938 instruuntur
2843 878 3056 944 fideles,
3099 891 3168 932 ne
3202 874 3563 944 complicentur
3603 877 3771 948 iniquis;

2311 976 2403 1031 sed
2431 975 2682 1030 studeant
2717 987 2776 1028 se
2801 967 3250 1026 incontaminatos
3295 980 3498 1028 servare
3534 967 3772 1035 conﬁtendo,

2310 1077 2364 1127 et
2388 1068 2652 1140 sperando
2680 1067 2736 1121 in
2764 1064 3013 1130 Domino,
3041 1068 3097 1116 et
3120 1075 3228 1116 non
3258 1058 3514 1130 negligant
3534 1061 3774 1130 paenitentia

2463 1175 2496 1212 u
2532 1199 2545 1212 .

2315 1167 2545 1308 tersis:
2562 1249 2648 1304 l5.
2670 1279 2743 1290 —
2761 1245 2894 1302 Cum
2921 1260 3065 1316 ergo,
3093 1250 3198 1298 etc.
3235 1239 3388 1297 Unde
3411 1253 3427 1294 :
3458 1238 3605 1294 Multa
3633 1241 3775 1309 ﬂagella

2314 1342 2618 1414 peccatoris,
2647 1345 2941 1410 sperantem
2968 1343 3142 1390 autem
3167 1332 3224 1386 in
3265 1331 3475 1386 Domino
3511 1331 3776 1386 misericordis

2317 1434 2657 1492 circumdabit
2687 1429 2860 1504 (Psal.
2891 1427 3063 1500 uxr).
3108 1425 3302 1496 Magna
3337 1424 3569 1479 distantia
3604 1424 3778 1479 estinter

2315 1529 2576 1601 judicium
2589 1525 2879 1581 electorqu
2895 1533 2945 1577 et
2961 1521 3333 1592 reproborum.
3348 1517 3465 1573 Illos
3485 1516 3691 1572 Dominus
3703 1531 3780 1570 oor-

2319 1623 2467 1694 ripit,
2479 1629 2534 1676 ut
2547 1618 2822 1684 emendet;
2839 1617 2893 1672 hi
2907 1615 3172 1686 superbiae
3183 1621 3238 1668 et
3255 1603 3482 1682 perﬁdia:
3497 1623 3652 1680 pinnas
3665 1606 3778 1673 luunt,

2320 1727 2380 1775 ut
2405 1727 2592 1776 contra
2639 1717 3027 1774 dominatorem
3061 1712 3304 1768 omnium
3347 1723 3405 1764 se
3430 1720 3678 1778 repugnare
3712 1719 3778 1759 non

2282 1818 2290 1888 ζ
2323 1831 2481 1888 posse
2507 1817 2858 1886 cognoscant.
2889 1807 3040 1863 Felix
3057 1805 3229 1875 judex
3259 1803 3348 1872 qui
3372 1801 3598 1872 pietatem
3620 1807 3662 1851 et
3681 1797 3779 1851 boni-

716 1916 878 1970 V’sns.
912 1913 1001 1968 25.
1033 1943 1103 1952 -
1132 1910 1318 1981 Diligis
1356 1907 1516 1973 enim,
1543 1911 1650 1960 etc.
1684 1903 1864 1959 Bonus
1909 1897 2109 1970 opifex,
2163 1904 2217 1954 et

2259 1884 2298 1946 Β
2324 1884 2490 1964 tatem
2521 1884 2604 1962 sui
2651 1902 2850 1976 judicis
2898 1912 3110 1969 semper
3147 1894 3386 1965 inspicit.
3435 1890 3662 1946 Iudicium
3695 1889 3780 1942 enim

643 2025 778 2079 opus
826 2024 981 2063 suum
1026 2004 1197 2076 diligit
1243 2012 1297 2058 et
1339 2002 1512 2073 regit:
1541 2006 1594 2054 et
1630 1999 1672 2053 si
1716 1997 1879 2052 homo
1926 1991 2216 2062 aliquando

645 2109 858 2172 peccat,
913 2098 1143 2154 sustinet
1168 2098 1222 2151 in
1275 2093 1443 2149 multa
1487 2089 1766 2162 patientia,
1801 2096 1856 2142 et
1900 2101 1998 2156 per
2043 2083 2217 2154 pinni-

645 2195 869 2249 tentiam
901 2192 954 2246 in
985 2191 1176 2246 melius
1198 2188 1483 2244 convertit.
1508 2184 1695 2240 Unde:
1730 2181 1908 2238 Solem
1945 2196 2099 2233 suum
2130 2177 2217 2247 fa-

645 2287 711 2339 cit
744 2284 872 2338 oriri
901 2299 1053 2353 super
1087 2282 1246 2335 bonos
1286 2289 1332 2333 et
1361 2276 1550 2343 malos,
1587 2284 1636 2330 et
1680 2273 1811 2346 pluit
1847 2287 2003 2340 super
2044 2269 2220 2339 justas

643 2389 692 2432 et
718 2377 937 2448 injustas
993 2373 1210 2446 (Matth.
1257 2371 1354 2445 v);
1391 2369 1792 2442 impmnitentes
1839 2372 2018 2420 autem
2069 2360 2220 2431 justo

641 2469 844 2538 judicio
882 2471 1243 2524 damnantur:
1279 2465 1467 2520 Justus
1513 2462 1650 2518 enim
1695 2459 1974 2524 Dominus,
2027 2464 2076 2511 et
2103 2453 2223 2525 jus-

649 2564 792 2618 titias
817 2562 1001 2618 dilexit
1024 2559 1197 2633 (Psal.
1231 2557 1307 2629 ι).

1263 2691 1490 2750 CAPUT
1527 2689 1640 2747 ΧΠ.

725 2830 770 2884 0
807 2829 978 2896 Quam
1005 2827 1167 2881 bonus
1193 2836 1239 2880 et
1265 2824 1462 2889 suavis,
1480 2828 1586 2880 etc.
1608 2819 1715 2875 Per
1739 2831 1833 2874 eos
1857 2829 1994 2888 quos
2022 2812 2221 2883 r'eples,

654 2920 740 2977 vel
769 2935 868 2990 per
895 2919 1030 2974 alios
1053 2932 1189 2988 quos
1216 2915 1484 2980 volueris;
1509 2911 1652 2968 unde
1683 2929 1697 2966 :
1729 2908 1833 2964 Ille
1866 2915 2046 2978 arguet
2070 2921 2224 2959 mun-

651 3014 778 3067 dum
800 3012 863 3066 de
883 3019 1114 3083 peccato,
1129 3017 1178 3064 et
1199 3008 1261 3062 de
1275 3007 1569 3079 justitia,et
1589 3005 1653 3059 de
1664 3000 1869 3073 judicio
1890 2996 2222 3072 (Joan.xv1).

725 3102 884 3157 Vnus.
936 3101 991 3154 5.
1049 3131 1120 3141 -
1157 3097 1289 3153 Illos
1344 3099 1480 3153 enim
1531 3096 1770 3167 antiquos
1825 3091 2223 3148 inhabitatores.

652 3192 831 3264 (ΗΑΒ.)
865 3189 1226 3245 Historialiter
1251 3187 1400 3252 dicit,
1429 3194 1554 3250 etc.,
1585 3200 1746 3256 usque
1769 3182 1838 3237 ad
1875 3182 2104 3237 virtutes
2126 3179 2224 3235 ad-

645 3285 866 3354 juvante
891 3282 1094 3354 Spiritu
1132 3289 1342 3345 sancto,
1379 3278 1540 3334 utiles
1567 3277 1778 3332 fructus
1799 3272 2046 3329 aﬂ‘erent.

721 3375 885 3430 Vnus.
911 3373 1002 3426 12.
1026 3404 1096 3413 -
1122 3370 1252 3438 Quis
1296 3369 1433 3425 enim
1469 3368 1629 3434 dicet,
1673 3375 1780 3422 etc.
1823 3363 2007 3437 (ΒΑΕ.)
2058 3361 2228 3418 Mani-

653 3468 794 3524 festa
821 3468 1029 3524 ratione
1056 3466 1309 3531 ostendit,
1332 3465 1476 3542 quod
1498 3478 1606 3519 non
1632 3469 1717 3519 est
1750 3459 2230 3518 contradicendum

583 3629 588 3636 η
653 3557 920 3624 Creatori,
974 3557 1020 3614 si
1062 3565 1365 3613 creaturam
1414 3569 1568 3610 suam
1623 3552 1913 3608 secundum
1953 3548 2230 3620 propriam

656 3651 889 3721 disponit
913 3649 1240 3705 voluntatem
1269 3666 1281 3701 :
1317 3647 1441 3717 quia
1462 3645 1518 3700 in
1541 3644 1818 3700 voluntate
1837 3642 1954 3714 ejus
1975 3639 2232 3694 universa

659 3751 786 3798 sunt
814 3742 1010 3812 posita,
1033 3748 1087 3796 et
1113 3756 1220 3795 non
1257 3748 1342 3795 est
1366 3737 1457 3808 qui
1505 3735 1676 3807 possit
1724 3733 1981 3789 resistere
2005 3729 2076 3784 ei.
2105 3727 2234 3782 Jus-

657 3843 739 3886 tus
763 3841 837 3887 est
876 3833 930 3885 in
957 3830 1193 3886 omnibus
1217 3831 1311 3885 viis
1345 3829 1457 3884 suis
1487 3825 1661 3898 (Psal.
1691 3821 1870 3894 cxuv)
1898 3840 1913 3888 ;
1964 3820 2108 3876 unde
2147 3833 2233 3875 se-

658 3926 862 3995 quitur,
885 3922 1017 3978 Cum
1046 3939 1165 3994 ergo
1202 3924 1273 3978 sis
1292 3923 1473 3992 justus
1509 3918 1686 3991 (Rom.
1712 3916 1815 3988 Ix),
1850 3921 1956 3970 etc.

730 4011 894 4069 Vens.
919 4012 1005 4066 l6.
1037 4042 1106 4052 —
1138 4003 1316 4065 Virlus
1335 4009 1493 4073 enim,
1521 4018 1627 4062 etc.
1660 4006 1796 4073 Quia
1817 4001 2085 4074 judicium
2111 3999 2228 4066 Dei,

663 4105 778 4162 sive
807 4105 860 4160 in
892 4103 1231 4160 correctione
1282 4100 1600 4165 electorum,
1637 4099 1751 4154 sive
1805 4097 1858 4152 in
1889 4096 2236 4152 damnatione

661 4200 947 4266 malorum,
979 4210 1204 4252 summa:
1242 4193 1513 4266 aequitatis
1554 4189 1812 4262 perfectio
1847 4196 1969 4245 est:
2014 4197 2070 4244 et
2113 4185 2236 4242 ideo

661 4304 760 4361 per
802 4284 1098 4345 bonitatem
1125 4301 1276 4343 suam
1309 4285 1401 4341 diu
1436 4281 1730 4340 dill‘erendo
1775 4279 2053 4352 suspendit
2088 4276 2235 4347 judi-

663 4385 826 4446 cium,
865 4391 926 4438 ut
973 4380 1156 4452 plures
1189 4377 1405 4445 habeat,
1435 4377 1632 4448 quibus
1659 4373 1846 4430 reddat
1887 4371 2232 4428 beneficium.

665 4473 890 4542 Quando
919 4473 1064 4528 enim
1095 4479 1342 4527 creatura
1395 4484 1452 4524 se
1499 4468 1658 4539 erigit
1707 4475 1894 4522 contra
1921 4463 2236 4520 Creatorem

660 4565 804 4634 justa
834 4565 1054 4635 punitur
1080 4563 1334 4628 vindicta,
1379 4569 1439 4614 ut
1480 4576 1539 4615 se
1574 4557 1884 4614 inferiorem
1922 4563 2233 4627 cognoscat.

671 4656 906 4712 Possunt
947 4656 1060 4711 haec
1101 4655 1169 4710 ad
1214 4653 1518 4724 passionem
1567 4649 1767 4706 Christi
1815 4647 2032 4715 referri,
2075 4662 2234 4718 quem

669 4748 830 4804 Pater
861 4761 960 4816 pro
988 4746 1143 4801 nobis
1173 4745 1226 4799 in
1248 4753 1478 4799 mortem
1502 4742 1740 4808 tradidit,
1767 4747 1824 4796 et
1843 4755 1986 4806 eum,
2015 4740 2105 4810 qui
2129 4753 2236 4794 non

669 4846 892 4893 noverat
942 4846 1241 4906 peccatum,
1273 4848 1372 4904 pro
1421 4831 1576 4887 nobis
1626 4837 1908 4901 peccatum
1953 4827 2116 4885 fecit:
2147 4827 2240 4898 qui

671 4929 776 4985 nisi
806 4927 1100 4983 indebitam
1137 4935 1364 4979 mortem
1390 4922 1707 4992 susciperet,
1744 4933 1849 4974 non
1875 4932 1972 4973 nos
1998 4933 2028 4971 a
2058 4917 2242 4973 debita

669 5030 843 5076 morte
881 5020 1151 5075 liberaret.
1183 5017 1342 5070 Pater
1370 5030 1499 5085 ergo
1535 5013 1714 5084 justus
1740 5012 1945 5083 justum
1991 5009 2240 5080 puniens,

663 5111 812 5182 justo
841 5109 1019 5166 omnia
1043 5106 1294 5178 disponit.
1326 5107 1678 5176 Omnipotens
1703 5103 1847 5160 Deus
1881 5118 2003 5159 cum
2029 5117 2241 5157 summa

662 5200 1066 5272 tranquillitate
1083 5198 1292 5270 judicat
1319 5198 1530 5254 omnia:
1562 5197 1782 5253 humani
1811 5204 1991 5251 tamen
2018 5193 2243 5252 affectus

675 5304 730 5348 et
755 5294 1017 5360 membra,
1045 5293 1096 5347 ei
1125 5291 1329 5362 tropica
1365 5291 1632 5347 locutione
1675 5290 2032 5356 ascribuntur,
2074 5297 2134 5344 ut
2160 5303 2247 5344 se-

678 5387 912 5442 cundum
933 5385 1286 5455 capacitatem
1314 5391 1554 5440 nostram
1601 5383 2008 5440 conformentur
2030 5383 2246 5454 eloquia

674 5481 875 5536 divina.
905 5479 1180 5550 Leguutur
1208 5478 1351 5534 enim
1381 5477 1435 5532 in
1464 5477 1754 5548 Scripturis
1785 5495 1798 5531 :
1823 5477 1964 5533 oculi
2009 5478 2244 5546 Domini,

676 5587 858 5637 aures,
891 5586 1102 5638 manus,
1150 5587 1233 5637 os,
1261 5571 1447 5640 pedes,
1478 5572 1576 5635 ira,
1630 5570 1798 5635 furor,
1826 5578 1879 5623 et
1915 5569 2242 5638 hujusmodi,

675 5679 799 5720 cum
826 5663 1051 5734 simplex
1091 5674 1281 5718 natura
1332 5679 1608 5733 nunquam
1650 5662 1878 5731 recipiat
1905 5663 2245 5731 varietatem,

680 5771 784 5812 nec
814 5771 942 5813 vera
968 5756 1150 5812 unitas
1194 5756 1530 5812 divisionem.
1565 5754 1872 5826 Multiplicia
1919 5771 2048 5811 vero
2079 5765 2133 5812 et
2161 5757 2247 5812 di-

681 5861 840 5904 versa
867 5863 1005 5904 unus
1027 5856 1083 5904 et
1108 5848 1247 5904 idem
1277 5853 1529 5920 operatur
1553 5865 1565 5902 :
1592 5845 1783 5902 Unde:
1816 5844 2042 5901 Mutabis
2063 5863 2169 5904 eos.
2195 5854 2247 5904 et
2266 5899 2298 5918 ,.

2318 2002 2430 2056 sine
2487 1993 2850 2052 misericordia
2896 1990 2976 2045 illi
3022 1989 3112 2062 qui
3169 2003 3275 2042 non
3319 1985 3436 2056 fecit
3476 1980 3781 2037 misericordias

2319 2091 2459 2166 (Jac.
2486 2089 2569 2161 ιι).

2391 2182 2551 2238 Vsus.
2581 2181 2674 2236 25.
2691 2209 2761 2220 -—
2787 2177 3080 2242 Insensate,
3109 2180 3247 2239 etc.,
3267 2177 3328 2227 ut
3348 2167 3435 2241 qui
3458 2166 3668 2251 nolebant
3679 2161 3768 2217 Cret

2321 2285 2496 2331 torem
2525 2285 2820 2344 agnoscere
2849 2275 2904 2323 et
2922 2269 3218 2332 honorare,
3248 2263 3404 2334 digne
3423 2257 3583 2315 traditi
3604 2256 3646 2310 in
3669 2268 3783 2323 repro-

2321 2367 2448 2422 bum
2479 2377 2719 2427 sensum,
2769 2359 3031 2424 facerent,
3081 2372 3172 2422 ea,
3225 2371 3344 2426 qua:
3392 2367 3492 2408 non
3535 2347 3781 2406 conveniunt,

2323 2452 2666 2511 contumeliis
2710 2449 3004 2506 allicientes
3044 2435 3289 2518 corpora
3319 2458 3414 2499 sua
3460 2440 3509 2518 in
3537 2433 3781 2505 semetipsis:

2325 2547 2465 2614 Quia
2490 2550 2932 2600 commutaverunt
2957 2517 3229 2595 ueritatem
3272 2535 3365 2592 Dei
3395 2535 3446 2588 in
3471 2517 3783 2588 mendaciumn

2321 2635 2606 2691 seruierunt
2635 2641 2892 2688 creatura:
2923 2629 3096 2701 potius
3116 2642 3280 2699 quam
3307 2621 3527 2679 Creatori
3547 2615 3741 2690 (Roma).

2394 2727 2549 2783 Vers.
2580 2724 2668 2780 26.
2697 2753 2769 2764 —-
2801 2721 2905 2789 Qui
2926 2700 3123 2775 fantem
3147 2715 3410 2782 ludibriis,
3436 2721 3530 2768 etc.
3571 2709 3618 2763 ld
3637 2700 3784 2771 θεμιιυί

2267 2818 2278 2828 ’
2326 2835 2359 2876 a
2388 2818 2502 2873 Deo
2525 2815 2775 2888 ﬂagellati
2816 2828 2922 2869 non
2959 2817 3084 2867 sunt
3114 2807 3371 2874 correcti,
3401 2803 3670 2888 condignam
3689 2796 3782 2851 damv

2325 2881 2840 2980 nationem‘experti
2889 2915 3060 2962 sunt:
3109 2903 3182 2959 ad
3228 2903 3330 2958 hoc
3372 2881 3574 2966 corripit
3608 2890 3726 2954 Dens,
3750 2890 3785 2939 ut

2326 3003 2594 3061 emendet.
2627 3001 2730 3069 Qui
2760 3007 2942 3056 autem
2967 2998 3215 3070 ingratus
3247 3004 3302 3050 et
3329 2989 3589 3062 impatiens
3625 2993 3785 3038 murum-

2326 3104 2433 3161 rat,
2457 3094 2523 3150 de
2552 3090 2834 3163 temporali
2863 3095 3132 3146 tormento
3157 3085 3374 3142 ducitur
3399 3082 3463 3138 ad
3482 3088 3706 3163 :eternum.

2399 3158 2564 3243 Vens.
2592 3158 2682 3238 27.
2711 3211 2784 3225 -
2809 3181 2881 3237 In
2923 3180 3004 3236 his
3045 3178 3210 3247 enim,
3251 3184 3354 3233 etc.
3395 3169 3559 3246 (Βη.)
3595 3158 3787 3220 Gentilim

2252 3254 2300 3320 (ἶ
2331 3277 2458 3335 dum
2507 3275 2663 3333 idolis
2707 3273 2978 3331 serviebat
3002 3313 3018 3338 ,
3075 3279 3212 3340 etc.,
3270 3281 3427 3340 usque
3469 3261 3532 3317 ad
3568 3247 3787 3315 inoorrectis

2328 3377 2586 3426 aeternam
2611 3380 2830 3438 poenam
2849 3363 3062 3434 inﬂigit.

2919 3496 3145 3558 CAPUT
3180 3496 3319 3554 XIII.

2403 3649 2567 3705 Vsus.
2604 3646 2656 3702 ι.
2676 3675 2748 3687 --
2769 3641 3020 3699 Scientia.
3049 3639 3240 3695 Timor
3268 3633 3468 3694 scilicet
3484 3637 3533 3687 et
3557 3613 3785 3683 merenti!-

2335 3741 2533 3799 Unde:
2580 3738 2718 3795 Ecce
2775 3737 2936 3791 timor
2977 3731 3217 3800 Domini,
3253 3729 3367 3802 ipse
3410 3732 3489 3782 est
3526 3712 3790 3802 sapientia.“

2336 3833 2591 3889 recedere
2617 3846 2647 3884 a
2673 3827 2812 3884 malo
2839 3824 3218 3895 intelligentia.
3261 3799 3476 3877 Decedit
3500 3813 3621 3871 enim
3641 3825 3664 3864 a
3686 3799 3787 3896 malo!

2281 3919 2296 3936 ”
2335 3925 2430 3996 qui
2459 3920 2662 3978 recedit
2699 3937 2730 3975 a
2763 3918 2976 3974 cultura
3023 3913 3290 3971 idolorum
3308 3913 3328 3966 ἐ
3379 3909 3532 3965 Deum
3572 3902 3788 3996 timenti"

2339 3984 2591 4070 mandata
2616 4011 2733 4083 ejus
2761 4007 2994 4064 custodit
3019 4024 3032 4060 :
3066 4005 3194 4076 quia
3221 4001 3435 4058 Initium
3461 3989 3678 4083 sapientia
3694 3984 3790 4037 till"

2338 4102 2568 4159 Domini.
2611 4080 2914 4154 Intellectus
2958 4096 3122 4150 bonus
3161 4093 3399 4150 omnibus
3437 4080 3693 4160 facientibus
3719 4082 3789 4125 ηπ

2341 4192 2513 4266 (Psal.
2538 4189 2648 4264 cx).
2701 4189 2778 4244 De
2819 4188 2899 4242 his
2946 4185 3220 4256 operibus,
3276 4180 3472 4238 scilicet
3518 4167 3788 4266 hominum?“

2339 4254 2559 4337 inerunt
2580 4254 2905 4349 cognoscere
2923 4254 3122 4331 bonum
3146 4272 3424 4334 artiﬁcem,
3445 4266 3527 4340 qui
3547 4256 3712 4349 proprie
3725 4254 3788 4308 es"

2339 4373 2464 4444 quia
2516 4346 2880 4432 immutabilis,
2938 4374 2994 4422 et
3045 4381 3259 4436 semper
3305 4363 3462 4427 idem,
3503 4346 3790 4444 εεωΡθτιίηῗθ

2339 4476 2586 4528 manens,
2618 4461 2756 4533 regit
2781 4459 2982 4515 omnia.
3013 4456 3314 4514 Vanissima
3340 4466 3463 4523 ergo
3484 4445 3658 4504 vanitas
3683 4437 3789 4533 [πρωὶ-

2342 4571 2494 4622 num,
2518 4524 2608 4623 qui
2631 4524 2730 4622 prvo
2755 4551 3013 4607 Creatore
3050 4557 3326 4604 creaturas
3347 4544 3649 4600 venerantur.
3677 4524 3789 4591 Νιςιι

2346 4647 2606 4720 operibus.
2631 4643 2736 4698 Alii
2763 4645 2941 4716 ignem
2979 4639 3249 4706 colebant,
3299 4651 3452 4710 quem
3488 4623 3791 4720 Vulcanch

2348 4744 2566 4806 canant;
2595 4739 2684 4793 alii
2715 4700 2970 4792 :etllerem
2993 4734 3078 4790 vel
3111 4747 3311 4798 aerem,
3339 4741 3486 4800 quem
3513 4700 3789 4806 hiemi”?

2349 4848 2544 4889 nonem
2571 4830 2848 4893 dicebant;
2883 4827 2973 4883 alii
3001 4826 3224 4881 nimiam
3260 4835 3474 4894 aquam,
3500 4813 3547 4870 id
3575 4802 3789 4894 est

2349 4941 2502 4989 num;
2536 4922 2626 4976 alii
2667 4935 2856 4993 gyrum
2897 4918 3192 4984 stellarum,
3220 4893 3544 4987 quidiversis
3570 4893 3790 4993 ﬁgunssur

2351 4987 2594 5078 malium,
2623 4987 2922 5083 positiones
2951 5017 3006 5064 et
3032 5020 3252 5063 cursum
3294 4994 3642 5058 distribuebant

2667 5105 2854 5170 solem,
2895 5117 3053 5173 quem
3103 5099 3359 5155 Phtebum
3378 5090 3638 5148 vocabant;

2347 5165 2502 5268 nam,
2529 5201 2581 5256 id
2605 5208 2708 5265 est,
2729 5165 2974 5253 Dianam.
3005 5191 3184 5266 (liam)
3205 5186 3486 5259 Dupliciter
3502 5165 3786 5268 peccanlvewt

2349 5265 2512 5366 usque
2540 5291 2607 5346 ad
2633 5291 2688 5346 in
2717 5289 2913 5360 quibus
2935 5265 3199 5356 cupiditas
3224 5276 3461 5366 hominis
3472 5265 3710 5366 ἀεξηωξξξτς

2419 5329 3410 5441 ii'f'slidiiiiféicl'ﬁa.
3433 5357 3602 5418 Paulus
3629 5345 3707 5443 ait:
3728 5329 3788 5443 fl:

2352 5477 2552 5534 velatur
2578 5472 2714 5529 enim
2737 5471 2818 5525 ira
2847 5469 2941 5524 Dei
2961 5469 3025 5522 de
3053 5431 3178 5520 caelo
3200 5476 3350 5533 super
3375 5462 3554 5511 omnem
3574 5431 3789 5534 δηνίδέίξ

2355 5585 2554 5632 eorum,
2600 5565 2688 5628 qui
2725 5563 2990 5619 veritatem
3027 5558 3122 5612 Dei
3147 5558 3202 5610 in
3220 5520 3463 5623 injustitia
3485 5520 3788 5632 ἀεΐξηθπίξ

2353 5663 2490 5734 quod
2512 5613 2687 5716 abtum
2708 5667 2779 5714 est
2795 5613 3253 5722 Dei,manifestum
3264 5613 3333 5700 est
3348 5644 3398 5697 in
3419 5613 3786 5734 ἱίξίξωονηέτρέξξ

2357 5705 2556 5808 ἶηοιὶιίε
2601 5751 2698 5806 Dei
2745 5765 2814 5806 ex
2857 5705 3043 5803 mundi
3070 5705 3284 5798 'fabrica
3331 5728 3602 5808 νεωρίων·
3633 5705 3789 5808 υίέηξθ

2360 5805 2842 5902 Dens-invisibilis
2902 5853 2970 5898 ex
3032 5805 3381 5895 invisibilibus
3432 5805 3786 5891 οοεηοςατθων
