4028 6332
301 413 442 476 ΗἯ

1220 422 1488 481 GLOSSA
1528 419 1928 479 ORDlNARIA.
1967 452 2038 463 —
2075 419 2202 478 LIB.
2243 419 2651 478 SAPIENTDE.

3405 425 3538 484 1178

299 547 434 603 opus
456 530 524 586 ab
550 544 615 585 eo
639 527 838 586 factum
879 539 984 598 est,
1012 531 1155 603 quod
1179 531 1427 604 opiﬁcem
1472 533 1863 598 manifestaret,
1892 532 1944 593 Α
1967 547 2120 587 crum
2170 531 2444 603 baptismi.
2494 533 2566 590 Ut
2593 534 2734 590 sicut
2774 535 2888 606 ipse
2933 539 3229 594 resurrexit
3250 553 3281 593 a
3313 542 3539 596 mortuis

297 632 360 677 ut
389 622 530 678 Deus
548 623 790 678 omnium
821 624 1227 695 intelligeretur,
1265 625 1358 694 qui
1387 627 1490 681 hoc
1538 625 1683 690 fecit,
1726 626 1867 696 quod

297 728 408 770 non
454 724 682 785 possunt
711 715 822 770 alii.
877 713 984 770 Sed
1033 731 1149 770 cum
1184 718 1555 787 cognovissent,
1600 735 1704 772 non
1731 720 1866 772 sicut

295 805 463 860 Deum
478 799 928 876 gloriﬁcauerunt,
953 805 1041 860 sed
1067 817 1384 861 evanuerunt
1398 809 1452 862 in
1471 809 1866 880 cogitationibus

293 897 404 949 suis
425 893 608 967 (ιιη.)

365 987 528 1042 Vsus.
561 986 646 1042 10.
678 1017 749 1029 —
777 987 1042 1058 Infelices,
1071 998 1178 1046 etc.
1227 991 1328 1059 Qui
1359 991 1566 1048 scilicet
1605 993 1743 1048 Deos
1767 992 1866 1049 ho-

291 1088 508 1145 norant,
529 1089 588 1135 ut
617 1096 809 1136 aurum
845 1083 1017 1138 oculis
1041 1084 1313 1151 hauriant,
1361 1095 1417 1142 et
1457 1087 1688 1143 nitorem
1737 1086 1866 1143 levi-

291 1172 401 1242 gati
440 1173 726 1230 marmoris
773 1175 857 1230 vel
893 1177 1091 1243 eboris,
1145 1185 1236 1231 aut
1280 1177 1518 1248 insignes
1546 1181 1773 1250 gemmis
1807 1188 1864 1236 et

289 1262 558 1319 coloribus
591 1273 809 1320 vestes:
857 1274 912 1322 et
936 1275 1136 1337 quanto
1163 1269 1440 1323 ornatiora
1469 1279 1596 1324 sunt
1643 1271 1856 1341 templa,

288 1360 344 1407 et
361 1353 665 1423 pulchriora
690 1357 999 1423 simulacra,
1019 1369 1168 1414 tanto
1187 1359 1306 1430 plus
1325 1359 1620 1430 maiestatis
1640 1363 1858 1428 habent,

287 1443 370 1498 vel
398 1445 600 1502 habere
639 1448 912 1504 dicuntur.
949 1449 1157 1521 Religio
1182 1467 1310 1522 ergo
1347 1461 1450 1519 est,
1480 1453 1567 1508 vel
1596 1453 1858 1520 creditur,

284 1539 426 1607 quod
449 1541 713 1610 cupiditas
739 1543 972 1599 humana
1003 1547 1255 1600 miratur.

356 1625 519 1684 Vsus.
546 1631 633 1685 11.
658 1663 730 1673 -
757 1632 862 1687 Aut
904 1637 950 1688 si
1001 1637 1117 1706 quis
1147 1638 1362 1706 artifex.
1418 1637 1599 1709 (ΕΑΒ.)
1630 1637 1860 1693 insultat

282 1719 544 1790 sapientia
567 1723 670 1789 his,
694 1732 824 1789 etc.,
847 1743 1010 1797 usque
1035 1729 1105 1780 ad
1135 1728 1373 1794 Quorum
1397 1729 1533 1785 Deus
1565 1742 1736 1786 uenter
1758 1739 1857 1798 est,

279 1821 329 1868 et
349 1811 514 1884 gloria
532 1817 588 1870 in
615 1817 918 1890 confusione
935 1836 1114 1876 eorum
1141 1821 1361 1894 (Philip.
1389 1825 1494 1896 ιιι).

849 1956 1076 2016 CAPUT
1112 1959 1249 2016 XIV.

349 2080 512 2138 Vnus.
543 2085 594 2139 1.
617 2115 689 2126 -
717 2085 916 2142 Iterum
953 2089 1091 2144 alius
1133 2091 1396 2162 navigare,
1429 2100 1536 2150 etc.
1567 2092 1692 2150 Hac
1714 2110 1851 2166 quo-

277 2185 382 2242 que
401 2182 589 2230 contra
625 2175 980 2234 idololatriam
1011 2181 1283 2236 dicuntur.
1314 2181 1546 2238 Maxima
1574 2185 1719 2239 enim
1756 2198 1851 2239 ve-

273 2265 462 2320 cordia
489 2275 592 2333 est,
619 2276 679 2322 ut
709 2269 870 2325 homo
897 2271 965 2325 ad
999 2272 1288 2343 imaginem
1331 2272 1427 2329 Dei
1467 2273 1664 2341 editus,
1689 2276 1854 2331 ratio-

274 2356 508 2412 nabilem
538 2360 605 2414 ab
655 2360 774 2430 ipso
821 2361 1026 2417 habens
1079 2365 1340 2432 animum,
1392 2381 1498 2435 quo
1527 2367 1854 2437 excogitavit

275 2450 543 2518 quomodo
595 2452 854 2508 transiret
904 2452 1142 2522 ﬂuctus,
1196 2472 1390 2512 navem
1443 2455 1715 2514 fabricans
1767 2473 1854 2514 se-

274 2539 508 2596 cundum
533 2543 667 2597 artis
691 2559 801 2599 suae
841 2545 1114 2615 peritiam,
1163 2561 1271 2602 non
1315 2549 1543 2604 honoret
1579 2547 1728 2603 illum
1758 2548 1850 2619 qui

273 2629 413 2687 hanc
442 2631 542 2688 sibi
585 2634 729 2689 dedit
765 2636 1068 2703 scientiam,
1113 2645 1170 2693 et
1197 2638 1412 2694 invocet
1455 2638 1678 2706 idolum,
1705 2640 1850 2710 quod

271 2721 432 2778 simili
461 2733 578 2778 arte
603 2734 658 2780 et
684 2726 878 2797 majori
918 2728 1159 2782 vanitate
1209 2727 1481 2784 formavit.
1526 2729 1660 2785 Cum
1703 2731 1848 2790 enim

275 2812 448 2884 major
490 2816 562 2870 sit
604 2817 697 2886 qui
728 2817 860 2874 fecit
891 2834 1052 2889 quam
1091 2821 1232 2890 quod
1281 2820 1361 2888 ﬁt,
1402 2821 1666 2878 facturam
1695 2839 1848 2879 suam

271 2904 500 2961 adorare
521 2906 759 2964 insanire
780 2919 881 2966 est.
913 2911 957 2964 Α
987 2912 1098 2966 Deo
1123 2913 1410 2984 navigandi
1435 2930 1626 2971 cursus
1663 2924 1850 2985 peten-

273 2997 392 3062 dus,
423 3012 455 3052 a
483 3012 591 3067 quo
617 3001 818 3070 navigii
847 3003 1190 3072 praeparatio.
1232 3003 1482 3060 Haeretici
1517 3014 1720 3072 autem,
1756 3005 1848 3075 qui

269 3101 410 3142 vana
451 3087 660 3160 ﬁngunt
686 3091 973 3147 simulacra
1016 3107 1286 3160 errorum,
1339 3095 1459 3150 ideo
1503 3096 1559 3150 in
1597 3095 1850 3154 fluctibus

271 3177 454 3234 saeculi
490 3189 738 3250 pereunt,
776 3182 904 3253 quia
952 3199 1145 3240 navem
1185 3184 1442 3242 Ecclesia:
1485 3186 1846 3257 reliquerunt,

269 3277 326 3327 et
353 3270 762 3342 gubernatorem
784 3271 973 3328 Deum.

340 3359 506 3416 Vens.
531 3361 585 3416 '5.
615 3392 688 3405 —-
717 3361 978 3429 Quoniam
1003 3364 1213 3420 dedisti.
1253 3366 1525 3424 lsraelitas
1562 3383 1658 3440 per
1696 3385 1848 3428 mare

270 3450 513 3508 Rubrum
543 3453 686 3510 sicco
709 3455 936 3525 vestigio
969 3457 1206 3512 traduxit
1231 3459 1325 3514 Dei
1354 3460 1615 3531 potentia,
1649 3469 1705 3517 et
1728 3460 1848 3518 Jor-

271 3543 425 3598 danis
450 3559 618 3614 aquas
655 3545 856 3612 divisit,
896 3555 955 3601 ut
1003 3557 1262 3606 terrorem
1293 3551 1559 3608 incuteret
1598 3554 1847 3626 gentibus

269 3635 714 3703 exterminandis,
747 3637 994 3695 ﬁdelibus
1034 3654 1248 3710 quoque
1274 3641 1416 3698 inter
1440 3644 1623 3699 saeculi
1651 3642 1846 3700 ﬂuctus

268 3736 328 3784 et
347 3730 769 3798 persecutiones,
793 3739 1060 3802 praeparat
1083 3733 1330 3788 semitam
1359 3733 1484 3790 ﬁdei
1508 3742 1563 3789 et
1589 3746 1844 3791 constan-

269 3816 381 3884 tiae,
433 3826 492 3873 ut
547 3828 827 3876 transeant
883 3821 1053 3887 illaesi,
1109 3838 1210 3880 nec
1253 3833 1336 3880 est
1389 3825 1609 3882 humani
1667 3827 1845 3883 solatii

267 3924 425 3980 opus,
460 3911 550 3968 ubi
603 3911 746 3968 Deus
795 3913 1032 3969 ostendit
1079 3914 1354 3972 mirabiles
1381 3914 1600 3973 effectus
1629 3917 1845 3974 virtutis

269 4017 405 4058 sum.
517 4070 526 4080 ,

341 4095 505 4152 Vsus.
552 4096 605 4152 5.
635 4127 707 4139 —
734 4096 839 4152 Sed
867 4106 925 4152 ut
946 4114 1050 4153 non
1080 4107 1269 4163 essent,
1309 4107 1415 4156 etc.
1447 4098 1672 4156 Creator
1697 4099 1846 4157 dedit

264 4187 552 4244 scientiam
595 4197 859 4245 creatura:
908 4205 1038 4256 suae,
1069 4205 1178 4259 qua
1201 4190 1306 4245 sibi
1340 4191 1392 4245 in
1433 4192 1682 4262 praesenti
1713 4208 1843 4249 con-

266 4279 489 4347 suleret,
515 4288 572 4334 ut
591 4281 708 4352 ejus
727 4281 988 4336 voluntati
1011 4282 1329 4338 deserviret.
1355 4280 1506 4338 Unde
1526 4281 1638 4338 Noe
1658 4299 1842 4340 arcam

268 4370 448 4428 facere
463 4372 644 4443 jussit,
670 4373 723 4429 in
746 4389 848 4444 qua
871 4373 984 4445 ipse
1007 4383 1062 4430 et
1082 4374 1366 4446 progenies
1383 4375 1500 4446 ejus
1519 4375 1842 4445 salvaretur,

263 4474 322 4521 et
346 4475 542 4522 caetera
573 4467 861 4523 animantia
900 4469 969 4523 ad
997 4471 1450 4525 restaurationem
1475 4471 1624 4526 orbis
1661 4487 1840 4527 reser-

263 4566 546 4624 varentur,
570 4572 692 4613 cum
736 4574 905 4628 genus
946 4561 1240 4615 humanum
1286 4576 1386 4630 pro
1423 4562 1706 4630 iniquitate
1740 4577 1839 4616 sua
1868 4597 1920 4658 υ

264 4653 466 4710 diluvio
494 4651 800 4718 deleretur;
824 4651 966 4706 unde
992 4652 1186 4708 Petrus
1209 4669 1224 4708 τ
1248 4651 1317 4706 In
1351 4669 1454 4722 qua
1479 4653 1654 4723 pauci,
1679 4653 1735 4707 id
1766 4662 1842 4709 est

265 4756 381 4800 octo
408 4743 596 4797 anima:
625 4741 782 4798 salute
802 4742 957 4812 facta:
977 4751 1097 4796 sunt
1126 4759 1217 4811 per
1245 4759 1436 4813 aquam
1459 4758 1478 4797 :
1504 4743 1642 4813 quod
1671 4753 1719 4798 et
1748 4761 1842 4799 nos

266 4852 404 4890 nunc
415 4835 599 4891 similis
617 4835 798 4905 forma
818 4834 987 4890 salvos
1009 4834 1128 4904 fecit
1151 4835 1405 4904 baptisma
1420 4832 1587 4904 (Petr.
1606 4837 1709 4907 ιιι),
1731 4849 1838 4893 etc.

265 4929 405 4999 Area
449 4930 516 4984 de
568 4927 723 4999 lignis
777 4927 1017 4998 levigatis
1061 4934 1394 4993 constructa,
1443 4927 1738 4982 Ecclesiam
1769 4928 1842 4984 si-

266 4998 506 5090 gni'iioai,
562 4998 684 5088 quae
729 5018 788 5072 ﬁt
831 5018 896 5072 de
935 5015 1252 5072 collectione
1298 5015 1557 5083 ﬁdelium,
1612 5015 1842 5072 artiﬁcio

267 5109 701 5180 prmdicatoruin.
734 5109 920 5174 Pauci,
948 5109 1001 5163 id
1027 5116 1134 5173 est,
1167 5114 1294 5162 octo
1331 5107 1522 5162 animae
1565 5106 1726 5162 salvae
1757 5106 1841 5162 fa-

266 5210 369 5255 ctze
397 5209 520 5256 sunt
543 5215 638 5271 per
660 5215 853 5270 aquam
884 5199 1084 5253 mundo
1112 5207 1368 5268 pereunte
1395 5216 1408 5252 :
1449 5197 1574 5268 quia
1606 5199 1673 5254 ad
1695 5214 1842 5254 com-

267 5291 603 5360 parationem
652 5291 1002 5363 reproborum
1049 5305 1249 5362 parvus
1303 5305 1558 5346 numerus
1606 5299 1690 5346 est
1733 5291 1842 5346 ele-

268 5392 497 5438 ctorum.
541 5385 705 5440 Pauci
733 5385 877 5441 enim
922 5393 1050 5440 sunt
1083 5385 1176 5454 qui
1205 5385 1346 5440 viam
1375 5386 1499 5441 vitae
1538 5385 1837 5440 inveniunt.

269 5472 421 5542 Aqua
470 5473 653 5528 diluvii
698 5485 851 5530 extra
877 5476 1081 5545 positos
1113 5474 1332 5540 occidit,
1363 5477 1489 5546 quia
1524 5477 1838 5532 hiereticum

267 5563 393 5620 licet
444 5566 729 5621 habentem
777 5568 1025 5637 baptismi
1061 5575 1477 5633 sacramentum,
1531 5568 1657 5638 ipsa:
1685 5583 1837 5636 aquai

265 5650 586 5724 demergunt
606 5655 673 5710 ad
693 5654 913 5716 inferos,
940 5671 1058 5724 quae
1094 5670 1273 5710 arcam
1302 5655 1610 5711 levaverunt
1634 5658 1699 5712 ad
1721 5672 1834 5712 cm-

266 5743 369 5801 los.
393 5745 711 5802 Octonarius
736 5763 950 5815 quoque
974 5748 1238 5818 signiﬁcat
1260 5748 1579 5815 Ecclesiam,
1615 5750 1756 5819 quod
1781 5750 1835 5805 in

269 5846 614 5898 sacramento
638 5838 932 5898 Dominica:
975 5839 1385 5900 resurrectionis
1418 5840 1647 5918 percipit
1689 5839 1834 5902 lava.

1969 641 2068 696 per
2093 625 2316 696 gloriam
2343 626 2539 693 Patris,
2589 626 2661 681 ita
2688 637 2743 684 et
2783 643 2882 683 nos
2917 628 2968 682 in
3010 629 3247 686 novitate
3271 631 3393 687 vita;
3425 648 3541 686 am-

1965 715 2210 771 bulemus
2241 732 2381 788 aqua
2409 718 2829 789 regenerationis
2854 719 3043 774 abluti.
3073 719 3210 776 Hinc
3238 720 3534 778 Jeremias:

1967 804 2174 861 Stultus
2200 807 2370 876 factus
2399 818 2475 862 est
2502 809 2668 864 omnis
2697 809 2850 862 homo
2877 827 2910 863 a
2945 810 3160 865 scientia
3193 828 3311 879 sua,
3358 813 3540 882 confu-

1964 913 2056 952 sus
2080 907 2154 952 est
2180 899 2351 968 factor
2368 899 2424 952 in
2444 899 2671 969 sculptili
2693 913 2712 951 :
2734 901 2857 970 quia
2881 900 3107 954 mendax
3127 903 3382 971 con/lator
3400 903 3536 972 ejus,

1964 1007 2058 1044 nec
2080 1000 2155 1045 est
2183 993 2395 1061 spiritus
2420 992 2474 1045 in
2495 993 2586 1047 eis.
2625 991 2770 1046 Vana
2801 994 2937 1047 enim
2959 1004 3077 1048 sunt
3107 1011 3283 1064 opera,
3311 1005 3358 1050 et
3377 997 3536 1066 digna

1964 1086 2098 1151 risu,
2127 1096 2176 1139 et
2197 1087 2252 1140 in
2289 1096 2514 1154 tempore
2543 1087 2849 1141 uisitationis
2868 1086 3106 1156 peribunt
3137 1087 3353 1156 (Jerem.
3383 1089 3461 1160 x).

2033 1174 2195 1232 Vsus.
2229 1176 2282 1230 8.
2310 1205 2381 1216 —-
2410 1173 2476 1228 Et
2515 1177 2603 1246 qui
2630 1176 2748 1245 fecit
2771 1174 2922 1228 illud.
2971 1174 3328 1231 Simulacrum
3350 1185 3405 1230 et
3425 1175 3539 1243 cule

1963 1274 2084 1321 tura
2114 1266 2374 1322 falsorum
2395 1267 2637 1322 deorum.
2661 1266 2914 1322 Diabolus
2941 1266 3086 1321 enim
3114 1267 3238 1322 inde
3261 1269 3534 1337 punietur,

1961 1357 2101 1426 quod
2129 1357 2230 1412 sibi
2272 1357 2512 1412 divinum
2537 1357 2795 1412 honorem
2841 1363 3064 1427 usurpat
3094 1373 3109 1423 ;
3153 1365 3208 1413 et
3234 1357 3413 1420 homo,
3441 1355 3533 1425 qui

1959 1463 2059 1519 pro
2084 1448 2341 1505 Creatore
2371 1458 2674 1505 creaturam
2706 1450 2954 1504 honorat.
2981 1449 3208 1521 Lignum
3238 1465 3366 1505 vero
3391 1465 3534 1518 saepe

1959 1539 2232 1595 hominem
2258 1540 2542 1610 signiﬁcat.
2578 1540 2900 1596 Benedictus
2928 1556 3056 1612 ergo
3075 1541 3256 1606 homo,
3279 1541 3371 1610 qui
3394 1540 3534 1595 veri-

1961 1638 2126 1686 tatem
2158 1632 2287 1686 dicit
2321 1641 2376 1688 et
2404 1632 2550 1689 facit.
2592 1633 2888 1690 [hereticus
2925 1642 3126 1700 autem,
3158 1634 3248 1705 qui
3274 1633 3531 1706 ﬁgmenta

1959 1738 2056 1778 sua
2083 1723 2228 1788 colit,
2258 1725 2575 1780 maledictus
2620 1734 2723 1791 est,
2774 1736 2828 1781 et
2879 1727 3166 1798 perditioni
3212 1727 3443 1791 deditus,
3476 1734 3534 1784 et

1958 1827 2112 1884 opus,
2136 1813 2191 1868 id
2221 1823 2324 1880 est,
2359 1814 2599 1870 doctrina
2627 1815 2761 1884 ejus.

1878 1893 1929 1954 B
1975 1949 1982 1956 .
2028 1905 2192 1962 Vsus.
2230 1907 2316 1960 ll.
2350 1911 2421 1946 -4
2459 1904 2682 1978 Propter
2724 1908 2840 1962 hoc.
2891 1907 3005 1964 Non
3032 1918 3117 1965 est
3145 1910 3530 1981 ignoscendum

1955 1995 2129 2060 idolis,
2162 1996 2244 2051 vel
2294 2011 2479 2052 eorum
2533 1997 2999 2064 inhabitatoribus,
3052 1999 3105 2054 id
3135 2007 3236 2066 est,
3270 1999 3528 2055 daemoni-

1952 2089 2074 2154 bus,
2109 2089 2233 2157 quia
2273 2089 2520 2144 homines
2565 2091 2631 2145 ad
2662 2091 2946 2162 imaginem
2978 2091 3072 2146 Dei
3101 2087 3272 2148 factos
3318 2093 3385 2147 ab
3411 2093 3528 2162 ipso

1953 2181 2257 2246 retrahunt,
2289 2189 2345 2236 et
2386 2182 2440 2236 in
2468 2182 2669 2237 erroris
2706 2183 3003 2252 muscipula
3032 2183 3366 2238 subvertunt.
3409 2183 3527 2239 Περ-

1951 2269 2106 2324 retici
2129 2285 2362 2340 quoque,
2389 2272 2479 2340 qui
2508 2270 2756 2327 homines
2793 2272 3070 2339 seducunt,
3093 2273 3394 2330 districtum
3420 2289 3525 2329 non

1951 2361 2179 2418 evadent
2193 2361 2474 2432 judicium.

2022 2455 2186 2510 Vsus.
2220 2454 2304 2510 12.
2331 2485 2402 2508 ῳ-
2425 2454 2666 2510 Initium.
2713 2453 3015 2510 Pessimum
3060 2454 3202 2509 enim
3248 2468 3418 2524 genus
3443 2460 3528 2509 est

1951 2548 2340 2613 fornicationis,
2373 2564 2480 2619 quo
2501 2549 2680 2604 anima
2706 2548 2907 2604 recedit
2937 2564 2967 2604 a
2988 2548 3118 2614 Deo,
3146 2555 3202 2603 et
3221 2546 3526 2604 fornicatur

1951 2656 2075 2697 cum
2097 2639 2277 2706 idolis,
2307 2640 2391 2696 vel
2432 2640 2598 2697 divini
2624 2641 2890 2712 dogmatis
2914 2639 3198 2696 veritatem
3237 2639 3518 2710 relinquit,

1949 2743 2006 2791 et
2032 2735 2275 2806 sequitur
2317 2734 2607 2790 falsitatem
2647 2734 2913 2791 haeretica:
2957 2732 3258 2805 pravitatis,
3296 2733 3381 2788 vel
3406 2733 3524 2803 cpi-

1949 2826 2145 2883 nionis.
2192 2827 2328 2882 Hinc
2359 2826 2553 2882 Paulus
2579 2826 2861 2882 avaritiam
2903 2825 3168 2880 idolorum
3209 2824 3522 2880 servitutem

1949 2919 2199 2991 appellat.
2242 2919 2392 2974 Unde
2420 2926 2648 2983 constat,
2679 2933 2890 2975 omnem
2913 2916 3109 2973 malam
3139 2916 3523 2988 concupiscen-
3579 2917 3581 2920 ‘

1951 3011 2080 3064 tiam
2105 3009 2514 3064 fornicationem
2545 3009 2747 3073 vocari,
2786 3023 2890 3078 qua
2933 3008 3113 3063 anima
3155 3007 3340 3064 relicta
3367 3021 3524 3077 supe-

1950 3100 2082 3155 riori
2129 3099 2247 3170 lege
2303 3099 2616 3154 inferiorum
2673 3099 2964 3169 voluptate,
3016 3098 3156 3170 turpi
3207 3108 3522 3155 naturarum

1952 3191 2106 3261 quasi
2154 3190 2422 3256 mercede,
2477 3197 2749 3261 prostrata
2804 3189 2888 3244 vel
2941 3188 3229 3260 prostituta
3280 3203 3524 3243 corrum-

1948 3283 2114 3356 pitur.
3093 3275 3098 3279 ’

2019 3371 2186 3429 Vsus.
2221 3371 2302 3426 l3.
2325 3401 2395 3412 —
2426 3369 2547 3426 Non
2590 3369 2747 3436 enim,
2795 3376 2904 3425 etc.
2952 3367 3231 3439 Disperdat
3263 3366 3520 3424 Dominus

1946 3467 2190 3521 universa
2219 3462 2362 3518 labia
2389 3460 2594 3529 dolosa,
2623 3469 2670 3515 et
2709 3476 2884 3514 omnes
2921 3459 3012 3530 qui
3051 3457 3337 3530 loquuntur
3375 3474 3520 3513 men-

1946 3557 2156 3611 dacium
2179 3552 2351 3625 (Psal.
2381 3552 2480 3622 xi).
2525 3550 2660 3606 Hinc
2694 3547 2960 3605 Jeremias
2988 3566 3001 3602 :
3029 3547 3138 3610 Dii,
3165 3547 3256 3619 qui
3283 3546 3433 3602 cclos
3469 3555 3519 3603 et

1947 3656 2141 3701 terram
2169 3661 2272 3698 non
2299 3644 2548 3712 fecerunt,
2573 3649 2786 3711 pereant
2825 3639 2888 3694 de
2928 3647 3067 3693 terra
3095 3637 3226 3722 ρετ.
3255 3637 3356 3707 xi),
3385 3645 3516 3705 ctc.;

1946 3737 2134 3808 (Lac'r.
2170 3745 2208 3790 t.
2234 3734 2297 3806 l).
2328 3734 2553 3803 Propter
2577 3730 2851 3788 hominum
2877 3729 3179 3795 stultitiam,
3203 3736 3331 3794 etc.,
3358 3743 3520 3799 usque

1945 3832 2014 3886 ad
2064 3830 2274 3886 divinos
2325 3829 2560 3883 honores
2602 3824 2915 3897 parentibus
2967 3820 3293 3888 detulerunt,
3343 3819 3520 3876 defer-

1945 3923 2098 3991 rique
2115 3921 2411 3990 jusserunt.

2013 4008 2179 4065 Vsus.
2205 4011 2294 4064 2i.
2316 4038 2388 4049 —
2408 4003 2904 4062 Incommunicabile
2929 4019 3135 4058 nomen.
3161 4000 3520 4058 Incommuni-

1949 4102 2121 4158 cabile
2153 4101 2246 4158 Dei
2283 4101 2488 4156 scilicet
2523 4097 2904 4167 omnipotentis
2939 4111 3137 4152 nomen
3168 4111 3185 4162 ;
3234 4094 3330 4166 qui
3370 4093 3516 4149 solus

1944 4201 2028 4250 est
2047 4189 2622 4262 incomprehensibilis,
2663 4186 2960 4244 insensibili
2987 4197 3044 4244 et
3073 4183 3246 4256 fragili
3277 4184 3517 4240 materia:

1941 4283 2028 4338 vel
2056 4281 2275 4354 imagini
2305 4280 2688 4350 ascripserunt.

2013 4372 2179 4428 Vsus.
2205 4371 2296 4426 25.
2321 4399 2393 4409 -
2419 4367 2520 4420 Aut
2559 4367 2694 4420 enim
2728 4363 2865 4434 ﬁlios
2890 4379 3030 4418 suos.
3075 4361 3227 4418 Sicut
3255 4363 3309 4417 in
3345 4363 3515 4419 sacris

1945 4462 2186 4527 Saturni,
2218 4459 2303 4514 cui
2323 4467 2546 4530 propter
2567 4456 2748 4511 odium
2785 4454 2952 4523 Jovis,
2981 4455 3098 4510 sine
3127 4464 3370 4525 respectu
3397 4457 3514 4526 pie-

1946 4553 2072 4608 tatis
2096 4549 2348 4622 parvulos
2371 4564 2500 4605 suos
2528 4546 2903 4612 immolabant,
2941 4555 2997 4601 et
3042 4545 3274 4601 Bellonae
3298 4547 3396 4616 ipsi
3424 4563 3514 4600 sa-

1943 4645 2189 4704 cerdotes
2214 4643 2430 4715 proprio
2458 4631 2715 4712 sanguine
2742 4638 3138 4695 sacriﬁcabant.
3172 4638 3323 4696 Unde
3347 4639 3515 4708 Quin-

1943 4739 2161 4796 tilianus
2198 4755 2212 4791 :
2241 4735 2408 4802 istud,
2437 4733 2634 4805 inquit,
2671 4731 2716 4786 si
2761 4731 2902 4801 cogit
2929 4731 3070 4786 Deus
3109 4731 3278 4787 iratus
3306 4740 3389 4786 est
3417 4750 3430 4785 :
3460 4739 3514 4786 ct

1942 4834 1988 4890 si
2041 4833 2211 4888 iratus
2255 4838 2358 4896 est,
2409 4843 2517 4883 non
2565 4834 2809 4898 acceptat
2854 4825 3118 4882 sacriﬁcia
3164 4836 3364 4881 vestra.
3406 4824 3512 4878 Aut

1943 4928 2162 4982 obscura
2184 4923 2465 4992 sacriﬁcia.
2491 4922 2646 4977 Sicut
2673 4923 2726 4977 in
2762 4922 2933 4978 sacris
2956 4921 3114 4978 Isidis
3147 4918 3433 4990 Egyptize,
3458 4926 3514 4971 et

1943 5018 2156 5074 Cereris
2203 5015 2463 5070 Eleusium
2509 5013 2798 5070 faciebant.
2850 5013 2988 5069 Nam
3037 5013 3178 5068 sicut
3222 5009 3293 5064 ibi
3339 5008 3511 5064 Osiris

1945 5109 2162 5180 planctu
2185 5105 2375 5160 matris
2401 5103 2704 5174 inquiritur,
2730 5104 2803 5159 ita
2840 5103 2930 5159 hic
2949 5103 3016 5158 ad
3040 5102 3301 5156 incestum
3332 5098 3510 5169 patrui

1942 5200 2184 5256 Plutonis
2203 5196 2624 5263 matrimonium,
2647 5207 2798 5267 rapta
2819 5193 3159 5266 Proserpina.
3191 5191 3360 5260 Quam
3383 5189 3509 5260 quia

1943 5293 2150 5349 facibus
2170 5306 2237 5347 ex
2265 5290 2426 5346 IEtna
2453 5292 2714 5357 accensis,
2745 5288 3005 5360 quaesisse
3049 5289 3214 5344 Ceres
3242 5288 3293 5342 in
3324 5285 3508 5341 Sicilia

1942 5385 2160 5448 dicitur,
2210 5383 2326 5438 ideo
2361 5398 2513 5437 sacra
2544 5381 2660 5450 ejus
2703 5381 3003 5435 ardentium
3045 5379 3300 5434 tredarum
3333 5375 3509 5446 jactac

1949 5477 2092 5532 tione
2115 5473 2544 5529 celebrabantur.
2577 5472 2835 5527 Similiter
2855 5471 2908 5526 in
2939 5471 3106 5526 sacris
3134 5468 3311 5525 Liberi
3338 5465 3509 5537 patris

1945 5566 2240 5630 insaniunt,
2269 5573 2322 5619 et
2350 5544 2556 5634 magna:
2593 5561 2798 5624 matris,
2827 5560 2915 5615 ubi
2958 5562 3024 5614 ad
3047 5559 3345 5628 exemplum
3374 5557 3506 5612 deo-

1944 5673 2062 5713 rum
2092 5657 2203 5727 (qui
2231 5657 2284 5710 iu
2315 5653 2604 5710 festivitate
2632 5650 2834 5716 satiati,
2857 5660 3067 5705 noctem
3104 5650 3316 5704 luxibus
3337 5655 3503 5701 totam

1942 5751 2229 5823 duxerunt)
2255 5751 2461 5806 ludunt.
2509 5748 2643 5814 Quia
2695 5762 2791 5816 per
2839 5746 3111 5803 libidinem
3141 5754 3195 5801 et
3221 5742 3505 5802 immundi-

1940 5841 2074 5900 tiam
2097 5841 2202 5900 diis
2226 5840 2339 5898 suis
2356 5838 2572 5914 placere
2599 5837 2878 5914 putabant.
