4028 6332
558 352 698 411 1179

1083 341 1477 401 WALAFRIDI
1515 338 1763 397 STRABI
1802 335 2002 392 FULD.
2044 330 2206 388 MON.
2249 330 2399 387 OPP.
2443 330 2623 386 PARS
2662 330 2703 384 Ι.
2744 360 2811 369 -—
2852 324 3304 383 THEOLOGICA.

3619 336 3717 391 1180

630 467 795 524 Vens.
816 465 907 521 25.
928 495 1001 505 -—
1026 462 1217 519 Omnia
1243 461 1534 515 commista.
1576 452 1767 511 Omnia
1813 454 1956 509 enim
2000 465 2129 505 con—
2154 448 2209 509 Α
2304 447 2463 502 Vens.
2499 446 2583 501 10.
2612 477 2680 486 —
2702 443 2845 499 Cinis
2866 453 2941 499 est
2965 460 3053 497 cor
3070 460 3269 506 eorum,
3299 450 3353 498 et
3378 442 3504 499 fteda
3528 449 3720 518 cogitatio

560 558 679 616 fusa
705 562 861 613 erant
884 572 898 610 :
926 553 1001 609 ibi
1024 550 1167 608 nulla
1190 551 1347 616 ratio,
1370 548 1515 604 nulla
1541 546 1729 619 reiigio
1746 559 1894 601 vera.
1922 543 2135 610 Quanto
2237 553 2445 606 eorum,
2473 548 2526 594 et
2548 538 2658 593 vita
2680 550 2835 593 cteno
2861 532 3161 601 sordidior;
3193 533 3316 604 qula
3354 534 3574 606 ignorant
3596 538 3720 598 facto-

563 649 687 722 quis
714 645 1031 705 sceleratior
1068 649 1208 710 erat,
1250 650 1403 696 tanto
1444 638 1616 709 magis
1652 636 1756 693 deo
1784 648 1882 691 suo
1924 633 2139 706 placere

561 742 806 817 putabat.

636 833 804 889 Vens.
826 829 919 886 ‘27.
941 858 1015 872 -—
1054 825 1406 898 Infandorunt
1451 823 1608 879 enim.
1657 818 1813 877 Nulla
1840 818 2015 891 major
2050 816 2143 871 de-

568 924 794 990 mentia,
820 935 983 993 quam
1008 918 1178 975 Deum
1200 917 1382 972 vivum
1418 915 1689 980 deserere,
1713 921 1769 969 et
1799 909 2027 967 mortuis
2052 908 2145 963 des

572 1014 798 1071 servire.
843 1012 976 1068 Cum
1005 1009 1149 1066 enim
1176 1022 1329 1064 mens
1368 1021 1429 1062 se
1460 1020 1492 1061 a
1513 1011 1758 1062 creatore
1800 1016 1900 1058 suo
1927 997 2141 1063 avertit,

2240 648 2353 688 rem
2400 648 2555 689 suum
2582 675 2597 700 ,
2652 640 2707 688 et
2748 637 3077 688 evanescunt
3120 629 3175 684 in
3222 628 3595 700 cogitationibus
3631 638 3727 707 suis.

2241 722 2471 779 Sensum
2493 732 2673 779 autem
2700 731 3004 778 sanctorum
3034 729 3248 790 patrum
3272 729 3531 791 spernunt,
3556 730 3599 777 et
3618 740 3725 783 erro-

2242 830 2330 872 res
2348 831 2515 872 novos
2554 815 2707 886 quasi
2732 813 2886 870 ludos
2914 829 3082 870 vanos
3106 820 3326 884 propter
3350 811 3565 870 favorem
3588 817 3727 873 buma-

2243 924 2372 964 num
2401 916 2457 963 et
2478 917 2750 963 terrenum
2784 906 3001 962 lucrum
3040 906 3285 977 ﬁngunt;
3327 914 3560 971 errantes,
3581 908 3730 965 scilicet

2245 1000 2374 1055 etin
2414 1014 2655 1056 errorem
2682 999 2978 1065 mittentes,
3010 1006 3070 1052 ut
3110 994 3494 1053 inexcusabiles
3510 998 3730 1056 sintzmtn

569 1104 823 1162 omnibus
848 1100 1153 1173 implicatur
1195 1097 1508 1155 sceleribus.
1560 1095 1777 1152 Initium
1805 1093 1949 1149 enim
1978 1090 2146 1145 omnis
2240 1092 2503 1165 iudicabit
2529 1092 2671 1148 Deus
2694 1090 2904 1147 occulta
2928 1090 3197 1157 cordium,
3226 1099 3283 1146 et
3305 1089 3480 1149 reddet
3515 1091 3731 1165 unicuique

569 1195 788 1268 peccati,
827 1191 1068 1264 superbia
1095 1200 1168 1245 est
1194 1188 1386 1261 (Eceli.
1410 1187 1487 1264 x).
1529 1184 1703 1242 Finis.
1742 1183 2148 1240 Consummatio

575 1294 630 1343 et
659 1285 951 1356 plenitudo.
997 1282 1099 1350 Qui
1130 1282 1276 1338 enim
1303 1296 1402 1352 pro
1431 1280 1542 1336 Deo
1572 1278 1754 1335 colunt
1780 1277 2003 1342 idolum,
2034 1290 2152 1330 om-

575 1378 664 1432 nia
694 1382 1013 1446 reputantur
1037 1374 1092 1428 in
1124 1373 1204 1429 eis
1228 1374 1281 1428 in
1312 1379 1615 1443 peccatum.

648 1466 812 1523 Vens.
841 1466 929 1522 28.
955 1467 1153 1520 —-Aut
1196 1464 1336 1519 enim
1372 1462 1498 1517 dum
1537 1461 1802 1517 testantur.
1843 1457 1980 1526 Quia
2024 1457 2152 1514 dum

2248 1184 2539 1241 secundum
2564 1198 2730 1255 opera
2757 1199 2874 1239 sua.

2318 1278 2478 1333 Vens.
2512 1277 2597 1333 15.
2629 1309 2696 1319 —
2718 1274 2821 1332 Hic
2844 1276 2982 1332 enim
3007 1276 3122 1342 scit,
3154 1284 3261 1331 etc.
3288 1274 3486 1329 Nullam
3505 1279 3733 1335 excusatio-

2252 1386 2373 1426 nem
2403 1370 2603 1426 habent
2644 1369 2925 1435 haeretici;
2974 1369 3102 1441 quia
3146 1370 3381 1426 scienter
3418 1379 3627 1443 peccant,
3651 1373 3737 1427 dum

2255 1464 2415 1520 fidem
2468 1478 2656 1519 sanam
2699 1472 2755 1519 et
2775 1472 2980 1518 rectam
3018 1462 3321 1518 doctrinam
3366 1461 3535 1517 nolunt
3564 1461 3736 1519 imitari:

570 1556 777 1627 infami
804 1570 1001 1612 nomen
1028 1554 1127 1611 υθί
1163 1553 1428 1625 Mummi,
1467 1554 1558 1624 qui
1602 1552 1718 1607 ait:
1761 1550 1884 1606 Νοη
1921 1560 2154 1604 ηεειηηεε
2192 1554 2201 1583 ‘
2255 1557 2427 1628 magis
2452 1566 2728 1612 terrenum
2755 1570 2971 1611 sensum
3014 1563 3068 1612 et
3099 1554 3349 1627 fragilem
3377 1569 3525 1625 quam
3552 1555 3741 1625 spiritua-

577 1664 763 1703 nontan
785 1646 885 1705 Dei
911 1647 988 1701 tui
1012 1646 1069 1701 in
1097 1661 1308 1707 sanum,
1333 1653 1383 1700 et
1405 1661 1498 1717 per
1516 1659 1705 1699 nomen
1739 1642 1955 1697 deorum
1982 1647 2153 1694 exter-

578 1755 765 1794 norum
794 1754 858 1794 ne
878 1738 1068 1809 iuratis
1096 1737 1294 1810 (Exod.
1319 1736 1413 1808 xx)
1439 1753 1454 1803 ;
1482 1736 1575 1792 sed
1597 1750 1717 1791 cum
1746 1734 1913 1788 Deum
1936 1730 2159 1785 illudere

2256 1648 2359 1705 lem
2390 1658 2693 1720 sequentes.
3686 1720 3693 1731 .

2330 1738 2495 1795 Vens.
2530 1740 2614 1796 17.
2661 1734 2963 1796 -ἬΙεΙὶον
3004 1749 3099 1796 est.
3161 1738 3297 1809 Quia
3344 1740 3521 1797 melior
3549 1743 3746 1801 esthomo

580 1848 639 1888 se
662 1832 955 1897 aestimant,
983 1832 1036 1886 in
1079 1839 1337 1887 aeternam
1366 1839 1596 1886 mortem
1627 1828 1945 1898 semetipsos
1970 1824 2161 1896 ρτωεί·
2186 1807 2234 1867 Β
2261 1834 2419 1891 idolis
2445 1837 2737 1891 secundum
2772 1836 3035 1892 rationem
3077 1807 3412 1900 creationis;
3453 1835 3562 1908 quia
3587 1836 3686 1892 vivit
3710 1846 3747 1893 et

578 1925 769 1995 pitant.
812 1923 1063 1978 ﬂaretici
1092 1931 1271 1979 autem
1319 1937 1567 1978 errorum
1618 1935 1838 1977 suorum
1868 1918 2159 1975 simulacra

581 2013 840 2079 colentes,
878 2014 1197 2084 perditionis
1238 2029 1350 2069 suae
1395 2029 1558 2070 causa
1614 2014 1768 2077 ﬁunt,
1826 2024 2055 2095 quorum
2104 2016 2163 2063 et

584 2105 827 2162 doctrina
851 2104 1006 2171 falsa,
1048 2105 1158 2160 vita
1182 2103 1404 2174 iniusta,
1432 2105 1618 2159 laetitia
1650 2104 1860 2168 insana,
1892 2117 2040 2157 mors
2068 2114 2161 2155 ne-

582 2196 744 2252 fanda
769 2214 783 2251 :
814 2197 940 2268 quia
970 2210 1093 2252 cum
1121 2195 1521 2265 injustejurant
1546 2197 1601 2252 in
1631 2196 1791 2261 idolo,
1818 2210 1918 2251 nec
1942 2200 2165 2266 sperant

584 2291 638 2345 in
685 2291 798 2346 Dee
824 2304 944 2356 suo,
981 2289 1104 2345 ideo
1128 2290 1446 2346 meritorum
1492 2304 1708 2346 suorum
1738 2288 1999 2359 recipient
2048 2287 2165 2340 vin-

584 2381 808 2437 dictam.
850 2381 1005 2439 Unde
1056 2383 1342 2453 sequitur:
1392 2381 1517 2438 Non
1564 2382 1702 2437 enim
1743 2380 2043 2452 juraatium
2088 2386 2166 2433 est

578 2473 761 2529 uirtus.

1184 2543 1415 2602 CAPUT
1444 2540 1562 2599 XV.

657 2659 823 2715 Vens.
852 2657 908 2713 1.
936 2686 1008 2701 -—
1036 2656 1117 2713 Tu
1151 2668 1346 2725 autem,
1376 2666 1482 2713 etc.
1515 2656 1695 2729 (ΒΑΕ.)
1733 2654 1887 2713 Iusto
1912 2656 2059 2712 enim
2083 2655 2170 2726 ju-

591 2750 731 2806 dicio
758 2751 996 2806 damni
1026 2750 1485 2821 seropcenitentes
1507 2758 1823 2819 agnoscunt,
1852 2750 1996 2819 quod
2013 2756 2170 2803 antea

590 2840 811 2895 credere
840 2839 1165 2907 noluerunt;
1215 2842 1354 2896 unde
1378 2858 1392 2894 :
1423 2839 1774 2911 Cognoscetur
1803 2840 2059 2895 Dominus
2079 2840 2174 2910 ju-

592 2932 734 2987 dicia
757 2931 976 3001 faciens,
1007 2932 1062 2986 in
1106 2932 1347 3002 operibus
1390 2948 1643 2985 manuum
1687 2948 1903 2986 suarum
1943 2947 2173 3001 compre-

594 3022 785 3076 hensus
829 3030 907 3076 est
931 3031 1171 3092 peccator
1198 3019 1373 3092 (Psal.
1402 3021 1481 3095 rx)
1516 3038 1532 3087 ;
1582 3021 1725 3078 unde
1750 3020 1984 3077 Joannes
2014 3038 2027 3075 :
2071 3018 2176 3087 Qui

593 3114 746 3169 habet
772 3130 914 3186 spem
934 3117 991 3168 in
1014 3130 1094 3179 eo,
1116 3115 1409 3184 sanctiﬁcat
1435 3118 1568 3168 sicut
1612 3122 1659 3168 et
1688 3112 1780 3169 itte
1811 3124 2023 3168 sanctus
2054 3121 2131 3168 est
2154 3129 2177 3168 :

594 3216 645 3263 et
669 3208 836 3262 omnis
856 3207 948 3280 qui
978 3207 1037 3261 in
1063 3222 1123 3262 eo
1146 3217 1344 3275 manet,
1367 3224 1470 3261 non
1498 3217 1673 3278 peccat
1704 3205 1755 3279 (1
1778 3206 1939 3261 Ῑοαη.
1966 3205 2069 3276 ιιι).

666 3297 835 3356 Vens.
875 3300 930 3355 5.
957 3329 1029 3339 --
1057 3297 1228 3353 Nosse
1257 3299 1395 3353 enim
1423 3307 1490 3363 te,
1526 3309 1630 3354 etc.
1662 3297 1943 3368 Perceptio
1969 3305 2052 3353 est
2090 3296 2173 3352 in-

597 3386 991 3463 corruptionls,
1031 3399 1087 3446 et
1130 3390 1185 3445 in
1216 3390 1401 3446 futuro
1447 3389 1945 3461 contemplationis;
1988 3388 2168 3443 unde:

597 3484 730 3540 Hau:
773 3492 851 3540 est
889 3485 1026 3540 enim
1069 3485 1173 3539 vita
1204 3492 1423 3551 aeterna,
1475 3494 1532 3538 ut
1569 3492 1879 3555 cognoscant
1910 3492 1957 3536 te
1995 3496 2174 3536 verum

595 3576 765 3632 Deum
794 3574 973 3647 (Joan.
996 3575 1153 3649 xvn),
1182 3583 1288 3632 etc.

673 3664 836 3722 Vens.
860 3660 914 3719 4.
940 3662 1160 3725 -ειΝοιι
1184 3667 1323 3721 enim
1352 3667 1410 3721 in
1449 3681 1697 3721 errorem.
1750 3666 1831 3721 Ex
1864 3679 2095 3737 persona
2122 3664 2178 3719 ll-

602 3756 798 3814 delium
824 3758 1086 3828 loquitur,
1109 3758 1200 3829 qui
1231 3757 1325 3813 Dei
1347 3757 1521 3829 gratia
1548 3757 1763 3824 muniti,
1788 3772 1892 3813 non
1914 3758 2179 3812 miscuere

601 3864 661 3906 se
710 3848 990 3921 gentilium
1036 3848 1308 3919 iniquitati
1351 3848 1437 3904 vel
1468 3847 1784 3903 idololatriae
1819 3867 1832 3902 :
1886 3848 2010 3919 quia
2064 3848 2181 3903 sine

603 3944 783 4001 fructu
826 3944 1052 4015 justitia:
1091 3952 1175 4003 est
1230 3942 1384 4000 labor
1417 3936 1540 4011 iste,
1570 3951 1628 4000 et
1668 3951 1896 4000 mortem
1943 3949 2182 3999 meretur

603 4044 886 4092 aeternam.

674 4126 840 4184 Vens.
872 4120 1306 4184 ﬁni—lioton
1348 4134 1628 4191 amatores,
1672 4135 1776 4182 etc.
1820 4124 2029 4181 Similes
2076 4124 2181 4179 illis

605 4216 763 4291 ﬂant,
802 4219 893 4293 qui
937 4218 1141 4290 faciunt
1179 4234 1260 4283 ea,
1302 4226 1351 4273 et
1391 4228 1566 4272 omnes
1603 4217 1694 4289 qui
1723 4217 1991 4287 conﬁdunt
2022 4217 2077 4271 in
2111 4217 2184 4271 eis

608 4309 782 4384 (Psat.
804 4310 1047 4384 cxxxrv).
1077 4310 1390 4367 inventores
1427 4322 1641 4381 quoque
1680 4306 1934 4365 falsorum
1958 4308 2185 4379 dogma-

613 4413 746 4472 tum,
773 4414 828 4460 et
871 4404 1107 4460 cultores
1124 4402 1281 4473 'digni
1312 4413 1437 4461 sunt
1480 4411 1675 4459 morte.
1714 4402 1996 4475 Disperdet
2041 4401 2187 4458 enim

612 4498 757 4554 Deus
802 4496 980 4552 virum
1029 4494 1121 4571 qui
1166 4495 1285 4551 haec
1335 4492 1542 4559 fecerit,
1574 4492 1627 4550 id
1653 4504 1739 4549 est
1768 4493 2083 4565 magistrum
2132 4502 2187 4550 et

2263 1926 2531 1995 intelligit,
2565 1927 2653 1981 illa
2680 1937 2858 1982 autem
2900 1942 3201 1998 nunquam.
3250 1926 3354 1984 Sed
3392 1928 3507 1998 quia
3544 1927 3750 1998 magiste-

2262 2018 2445 2088 quitur
2474 2018 2769 2074 vanitatem
2802 2020 3005 2074 erroris
3029 2061 3042 2084 ,
3076 2035 3245 2091 quam
3272 2018 3504 2075 veritatis
3527 2017 3749 2087 scientius,

2262 2125 2379 2163 cum
2418 2109 2472 2162 in
2496 2109 2688 2164 honore
2708 2111 2797 2173 sit,
2841 2127 2941 2163 non
2970 2109 3261 2181 intelligit:
3308 2119 3356 2164 et
3393 2118 3677 2179 comparatur
3691 2108 3752 2179 jar

2265 2200 2449 2255 mentis
2469 2201 2826 2271 insipientibus
2851 2198 3023 2273 (Psal.
3055 2200 3273 2272 vam).

2337 2290 2499 2346 Vens.
2535 2292 2620 2346 18.
2652 2323 2721 2333 —
2745 2290 3043 2348 Insensata.
3072 2291 3245 2362 Quasi
3284 2309 3298 2345 ε
3331 2307 3429 2349 nec
3463 2289 3756 2351 discretiom

2267 2381 2555 2437 habebant.
2614 2382 2673 2438 1n
2721 2384 2947 2438 veritate
2982 2384 3127 2439 enim
3176 2383 3409 2439 viventia
3451 2382 3641 2439 meliora
3672 2386 3759 2439 sunt

2268 2475 2519 2543 mortuis,
2553 2476 2826 2533 sensibilia
2870 2476 3299 2547 insensibilibus,
3332 2475 3587 2532 rationalia
3607 2476 3760 2531 irratio-

2268 2567 2498 2624 nalibus.
2533 2568 2640 2624 Sed
2672 2570 2890 2642 dignum
2924 2568 3047 2633 fuit,
3083 2578 3141 2623 ut
3169 2570 3260 2640 qui
3293 2569 3588 2641 ignorabant
3604 2565 3762 2623 Creato-

2270 2674 2382 2715 rem
2409 2702 2424 2726 ,
2477 2659 2530 2715 in
2570 2660 2834 2716 creaturis
2876 2660 3285 2717 distinctionem
3333 2677 3435 2717 non
3466 2660 3652 2717 scirent.
3690 2656 3758 2723 Qui

2270 2753 2412 2808 enim
2448 2752 2657 2808 laudem
2680 2762 2733 2808 et
2760 2752 3197 2811 benedictionem
3230 2753 3324 2810 Dei
3364 2753 3415 2809 in
3443 2768 3497 2809 se
3525 2752 3761 2807 haberem»

2271 2842 2465 2914 gligit,
2518 2844 2573 2899 in
2630 2844 2955 2901 discretione
3012 2844 3333 2901 animalium
3384 2843 3592 2915 seipsutn
3632 2853 3761 2899 errant

2272 2935 2526 2993 Ostendit.

2846 3047 3075 3111 CAPUT
3110 3025 3257 3109 xvi.

2196 3196 2246 3260 α
2344 3206 2511 3262 Vens.
2549 3206 2603 3262 2.
2631 3239 2701 3249 —
2724 3204 2832 3263 Pro
2853 3208 3058 3280 quibus,
3088 3215 3201 3264 etc.
3434 3200 3634 3277 Populus
3650 3198 3765 3259 lsml

2275 3299 2329 3352 in
2361 3299 2574 3356 deserto
2597 3315 2789 3356 carnes
2815 3300 3140 3370 concupivit,
3168 3307 3305 3367 etc.,
3335 3314 3486 3370 usque
3511 3294 3685 3350 adideo
3709 3290 3763 3351 sit

2275 3392 2551 3447 cruciandi
2578 3392 2725 3463 juste
2755 3390 2939 3448 traditi
2965 3400 3109 3449 sunt.

2347 3483 2511 3539 Vens.
2553 3483 2605 3539 6.
2648 3516 2718 3526 —
2768 3483 2873 3540 Sed
2904 3501 3006 3539 non
3049 3484 3105 3540 in
3151 3494 3469 3556 perpetuum.
3511 3472 3765 3555 (Basilina

2276 3576 2420 3632 enim
2460 3590 2680 3647 serpens
2710 3591 2910 3641 aeneus,
2960 3584 3094 3643 elc.,
3153 3591 3321 3647 usque
3363 3572 3430 3629 ad
3457 3570 3567 3643 quia
3591 3574 3768 3625 moratus

2276 3688 2375 3743 per
2400 3670 2817 3735 humanitatem,
2846 3669 2997 3740 quasi
3028 3684 3216 3725 atneus
3249 3677 3333 3725 est
3358 3681 3449 3737 per
3483 3661 3767 3720 Divinitatetu.

2352 3762 2516 3817 Vens.
2550 3760 2602 3816 9.
2634 3790 2707 3801 —
2736 3758 2865 3815 Illos
2893 3759 3049 3827 enim,
3098 3767 3205 3815 etc.
3240 3756 3531 3814 Probantur
3549 3748 3675 3808 electi
3705 3758 3769 3817 per

2281 3852 2662 3921 afﬂictionem,
2712 3861 2766 3909 et
2803 3860 3093 3907 monentur
3138 3859 3197 3906 ut
3246 3857 3460 3922 peccata
3504 3850 3703 3907 caveant,
3734 3845 3771 3895 et

2281 3948 2423 4004 bona
2448 3942 2668 4000 faciant.
2699 3938 2933 4013 Reprubi
2965 3940 3369 4013 disperguntur,
3403 3937 3517 4008 quia
3544 3949 3632 3989 non
3655 3925 3771 3984 conia

2284 4043 2503 4109 guntur.
2557 4034 2679 4091 Ideo
2708 4031 3018 4088 idololatras
3041 4047 3208 4107 parva
3246 4027 3490 4095 animalia
3514 4021 3769 4081 intean

2284 4128 2555 4184 lsraelitas
2596 4142 2726 4182 vero
2762 4124 2857 4180 Dei
2900 4124 3135 4181 cultores
3179 4132 3453 4194 serpentes
3494 4114 3774 4175 exterminare

2286 4237 2394 4278 non
2447 4229 2713 4295 possunt;
2760 4218 2887 4295 quia
2921 4218 3071 4274 novit
3116 4214 3380 4273 Dominus
3412 4215 3524 4285 pios
3554 4208 3612 4267 de
3651 4211 3772 4265 tenta;

2289 4312 2435 4368 tione
2459 4313 2669 4387 eripere
2692 4330 2704 4366 :
2765 4309 2978 4383 iniquos
3004 4326 3136 4366 vero
3164 4310 3218 4365 in
3245 4310 3332 4369 die
3348 4305 3529 4379 judicii
3569 4305 3776 4358 reservare

2290 4404 2628 4462 cruciandos.

2361 4496 2527 4552 Vens.
2561 4495 2649 4552 12.
2681 4526 2753 4538 —
2779 4492 2882 4551 Sed
2913 4505 3032 4550 tuus
3054 4536 3073 4563 ,
3130 4492 3350 4549 Domine
3370 4533 3411 4567 ,.
3434 4503 3603 4546 sermo.
3641 4480 3686 4539 id
3706 4484 3779 4537 est.

614 4548 1441 4660 discipulumvejusfﬂeprobavit
1461 4548 1707 4659 superius
1723 4548 1922 4661 ligne‘a,
1956 4548 2183 4658 lapidea,
2211 4548 2270 4617 Β
2296 4548 3018 4659 Ρίιέιιξρθιιιυθιῐι-ιιιυηῇι,
3045 4548 3201 4657 cujus
3234 4548 3464 4657 potestas
3506 4579 3691 4647 ubique,
3715 4566 3777 4639 qui

611 4680 699 4737 vel
732 4697 869 4737 aerea
923 4679 1088 4747 idola,
1138 4695 1279 4737 nunc
1315 4679 1479 4735 etiam
1527 4678 1709 4735 fictilia
1746 4676 1987 4734 damnat.
2037 4676 2189 4735 iuste

615 4773 760 4830 enim
789 4773 1110 4829 retributum
1142 4782 1226 4829 est
1250 4773 1329 4828 eis
1352 4789 1368 4843 ;
1418 4780 1479 4827 ut
1504 4772 1595 4842 qui
1625 4771 1691 4827 de
1717 4780 1862 4827 terra
1890 4769 2016 4827 iacti
2042 4780 2187 4837 sunt,

615 4864 743 4935 quia
772 4860 1050 4921 meliorem
1092 4862 1175 4919 sui
1200 4872 1432 4934 partem,
1456 4863 1511 4918 id
1538 4872 1623 4919 est
1649 4862 1906 4929 animam,
1947 4862 2013 4919 ad
2052 4863 2190 4918 ima-

615 4956 794 5030 ginem
816 4954 913 5013 Dei
936 4964 1177 5013 creatam
1208 4956 1274 5011 ad
1296 4955 1587 5011 notandum
1612 4956 1784 5013 Deum
1807 4956 2007 5019 vivum,
2040 4956 2192 5027 sequi

621 5051 913 5116 nolebant;
942 5046 1187 5111 viliorem
1226 5048 1309 5107 sui
1342 5056 1575 5119 partem,
1604 5048 1658 5103 id
1682 5056 1783 5115 est,
1812 5064 2009 5120 corpus
2033 5056 2201 5104 terre-

621 5157 749 5196 num
777 5140 1060 5208 imitando,
1092 5140 1297 5196 luteum
1319 5139 1607 5199 adorarent
1628 5140 1820 5208 Deum,
1846 5148 1903 5196 et
1930 5141 2047 5196 sine
2073 5140 2199 5195 boni

622 5236 803 5309 operis
840 5235 1017 5293 fructu
1066 5248 1223 5295 terrae
1269 5236 1589 5304 insensibili,
1622 5238 1686 5292 de
1721 5254 1827 5309 qua
1852 5237 2050 5311 sumpti
2077 5246 2205 5293 sunt

626 5328 909 5396 insensati,
939 5329 1156 5385 inutiles
1194 5328 1568 5385 redderentur.
1620 5326 1842 5402 Mystice
1888 5338 2065 5384 autem
2093 5329 2204 5384 bte-

627 5420 783 5476 retici
805 5429 861 5476 et
892 5420 1244 5487 scbismatici,
1272 5419 1363 5493 qui
1388 5420 1671 5476 veritatem
1713 5419 1807 5476 Dei
1854 5419 1907 5476 in
1942 5418 2203 5493 iujustitia

629 5510 892 5579 detinent,
941 5521 995 5567 et
1039 5512 1378 5569 mendacium
1433 5528 1532 5585 pro
1564 5512 1796 5568 veritate
1839 5512 1894 5568 in
1924 5512 2206 5567 doctrinae

629 5616 743 5660 stne
790 5602 1095 5659 simulacris
1146 5605 1369 5671 colunt,
1418 5603 1547 5660 licet
1594 5602 1900 5675 eloquentia
1949 5611 2043 5659 aut
2086 5604 2208 5659 [icta

631 5694 835 5845 Eirtute
878 5694 1122 5769 pallient,
1160 5695 1373 5771 fragilia
1418 5704 1602 5754 tamen
1636 5705 1693 5754 et
1728 5695 1873 5753 lutea
1899 5703 2046 5768 sunt,
2089 5712 2210 5777 qua

676 5790 867 5845 neunt.

676 5790 867 5859 ngunt.

2297 4681 2476 4737 omnia
2504 4695 2840 4755 quarcunque
2878 4678 3045 4734 voluit
3069 4677 3232 4747 fecit;
3285 4677 3398 4749 ipse
3434 4679 3573 4730 curat
3598 4672 3777 4735 corpora:

2298 4775 2411 4847 ipse
2439 4790 2468 4829 a
2498 4773 2867 4845 spiritualibus
2892 4771 3081 4828 bestiis
3107 4772 3315 4827 animas
3336 4768 3514 4826 salvat.

2368 4864 2532 4921 Vens.
2568 4865 2653 4920 16.
2683 4897 2752 4907 -
2787 4864 2958 4920 Homo
2989 4874 3165 4919 autem
3190 4861 3393 4919 occidit.
3430 4850 3642 4932 (Ceus)

2299 4976 2399 5033 per
2439 4957 2720 5025 malitiam,
2764 4966 2890 5026 etc.,
2919 4973 3080 5029 usque
3113 4955 3183 5010 ad
3218 4954 3354 5011 liber
3378 4958 3457 5013 est
3489 4946 3551 5004 ab
3572 4937 3780 5000 omniai-

2302 5069 2468 5109 mine.

2372 5144 2536 5201 Vens.
2572 5143 2656 5199 16.
2682 5174 2755 5185 —
2783 5140 3046 5214 Negantes
3072 5142 3209 5196 enim
3240 5154 3405 5204 nosse,
3428 5142 3525 5190 etc-
3559 5120 3703 5201 (‘m")

2302 5238 2474 5294 versis
2516 5237 2687 5308 plagis
2722 5200 2903 5289 alllicii
2953 5241 3081 5291 sunt
3129 5200 3401 5304 Αἰσῖριὶὶ,⁷
3427 5233 3545 5287 etc.,
3572 5200 3714 5287 sth
3735 5200 3780 5258 ιδ

2305 5332 2429 5403 quia
2455 5330 2522 5385 ad
2544 5330 2817 5385 Creatoris
2841 5326 3172 5383 voluntatem
3202 5323 3377 5381 omnia
3405 5310 3719 5403 consentiunt“.

2332 5389 2339 5495 ἶ
2380 5418 2544 5474 Vens.
2592 5417 2674 5474 18.
2699 5447 2770 5457 —
2802 5414 3041 5482 Quodam
3071 5416 3207 5469 enim
3232 5425 3468 5483 tempore.
3679 5389 3785 5495 Sic“:

2312 5488 2367 5567 in
2392 5508 2585 5567 Genesi
2616 5508 2846 5579 legitur:
2899 5506 3041 5563 Pluit
3080 5506 3336 5560 Dominus
3376 5511 3528 5571 super
3566 5488 3784 5582 Sodontatl

2311 5614 2369 5661 et
2389 5601 2744 5660 Gomorrbam
2775 5601 2953 5673 ignem
2977 5608 3033 5656 et
3059 5600 3299 5669 sulphur,
3339 5602 3393 5651 ut
3418 5582 3698 5661 disperde"el

2315 5656 2637 5771 picae—etin
2676 5656 2879 5758 Exodo,
2910 5656 3223 5765 grandinem
3261 5656 3452 5760 pariter
3559 5656 3786 5771 ignem:

2316 5760 2456 5865 iibro
2505 5783 2865 5845 Numerorum
2887 5760 3097 5847 {Misit
3136 5782 3330 5859 ignitus
3376 5776 3621 5849 βεφοιιιςθ
3650 5760 3789 5831 Φθίη

3834 354 3835 385 ι

3840 664 3841 727 1

3840 766 3843 823 4

3844 870 3845 901 ι
