4028 6332
259 252 387 310 1181

1160 252 1428 315 GLOSSA
1463 250 1861 311 ORDINARIA.
1899 280 1974 299 ς·-
2004 252 2131 309 LIB.
2176 252 2584 313 SAPIENTIE.

3364 259 3510 323 H82

236 377 679 449 1murmurantes,
710 376 769 425 ut
793 377 1119 443 cognoscant
1136 369 1286 441 impii
1313 368 1457 439 quod
1476 368 1653 425 omnis
1679 381 1823 425 crea-
1844 365 1902 435 Λ
1924 384 1983 425 se
2004 368 2213 425 extollit
2246 370 2553 440 cogitando,
2596 384 2719 425 cum
2748 385 2908 440 posse
2935 386 2996 429 se
3014 380 3217 444 gerat,
3249 376 3392 446 quod
3428 375 3509 433 et.

260 469 376 521 tura
417 469 605 530 parata
625 467 712 519 est
738 460 927 519 ulcisci
951 460 1202 531 iniuriam
1246 459 1540 519 Creatoris.

326 550 491 609 Vens.
526 549 615 606 20.
638 581 709 592 ——
741 549 849 607 Pro
886 552 1091 624 quibus,
1141 559 1245 608 etc.
1299 550 1481 623 (11η.)
1512 550 1570 607 In
1612 549 1826 607 deserto

243 632 442 730 "datum
468 652 553 700 est
593 659 790 700 manna
820 644 944 701 ﬁliis
980 645 1165 712 Israel,
1193 652 1325 711 etc.,
1361 661 1522 716 usque
1547 644 1617 700 ad
1655 643 1826 701 Multa

240 732 465 806 ﬂagella
486 736 795 807 peccatoris,
820 746 1109 807 sperantem
1132 746 1304 793 autem
1324 737 1381 793 in
1411 735 1635 793 Domino
1666 736 1823 805 mise-

257 824 483 881 ricordia
513 825 854 885 circumdabit
885 825 1054 899 (Psal.
1087 826 1259 900 nn).

326 917 490 973 Vens.
517 918 607 974 24.
631 948 704 961 -
726 918 981 977 Creatura
1014 922 1174 985 enim,
1218 928 1325 976 etc.
1372 918 1552 992 (ΚΑΒ.)
1589 917 1827 975 Confun-

254 1011 449 1067 dantur
473 1013 562 1069 hic
580 1022 893 1083 peccatores
917 1032 931 1069 :
968 1015 1059 1087 qui
1084 1030 1206 1070 cum
1232 1024 1440 1073 caeterae
1459 1022 1725 1069 creaturae
1746 1011 1828 1066 fa-

255 1103 391 1159 ctori
417 1117 516 1159 suo
535 1104 861 1171 deserviant,
886 1105 989 1177 ipsi
1019 1113 1338 1176 repugnant.
1374 1104 1525 1161 Unde
1551 1112 1824 1159 creatura-

238 1210 372 1257 ,rum
400 1197 639 1255 omnium
661 1197 948 1255 concordia
971 1196 1307 1268 ﬁngebantur
1335 1215 1349 1251 :
1377 1204 1434 1252 et
1451 1199 1497 1253 si
1527 1211 1630 1251 non
1652 1195 1827 1267 paeni-

256 1285 476 1353 tuerint,
526 1296 785 1359 perpetuo
832 1288 1253 1355 cruciabuutur;
1295 1287 1450 1343 bonis
1482 1294 1662 1342 autem
1697 1300 1823 1347 vena

253 1377 393 1435 bona
421 1390 813 1455 praeparantur.

324 1469 491 1547 Vens.
520 1472 611 1528 25.
641 1504 711 1515 --
737 1470 964 1544 Propter
983 1472 1102 1538 hoc,
1150 1482 1254 1529 etc.
1292 1469 1470 1542 (ΗΑΒ.)
1514 1469 1657 1524 Pluit
1686 1468 1829 1527 Deus

248 1577 449 1619 manna
476 1562 540 1617 de
561 1562 723 1627 caelo,
751 1570 884 1628 etc.,
916 1579 1076 1634 usque
1109 1563 1179 1617 ad
1201 1570 1461 1632 tanquam
1500 1560 1827 1631 praevarica-

253 1661 337 1713 tor
358 1652 493 1725 legis
521 1654 575 1709 in
601 1662 862 1711 aeternum
890 1654 1107 1725 peribit.

1927 460 2092 517 ﬁcere
2129 476 2237 519 non
2286 469 2465 532 potest
2504 461 2592 517 vel
2616 463 2829 533 possit:
2878 473 2934 519 et
2976 465 3103 521 dum
3126 467 3301 525 virtus
3326 469 3511 527 minor

1926 562 2028 620 est,
2062 553 2312 611 valetudo
2352 554 2538 611 rerum
2572 569 2709 625 quas
2742 555 3085 615 extrinsecus
3109 557 3334 627 patitur,
3380 574 3505 617 ma-

1918 643 2094 715 jorem
2122 651 2276 714 putat
2304 658 2424 701 esse
2466 644 2786 715 potentiam,
2826 645 2933 702 hoc
2976 645 3036 703 in
3059 647 3501 715 peracutum)“

1926 737 2163 793 ﬁdelium
2210 737 2520 809 frequenter
2560 739 2778 807 evenit,
2819 740 2910 810 qui
2962 756 3022 797 se
3065 750 3310 812 potentes
3354 743 3505 799 aesti-

1927 836 2096 894 mant,
2129 844 2251 884 cum
2293 838 2509 886 sanctos
2554 824 2818 897 cruciant,
2849 834 3088 902 potentia
3119 850 3309 890 eorum
3353 834 3505 905 victi,

1924 919 2127 975 mentis
2166 921 2411 991 angustia
2434 922 2743 979 contristati
2764 932 3096 994 cognoscunt
3120 939 3184 981 se
3211 940 3317 980 non
3344 939 3509 996 posse

1924 1013 2068 1081 quod
2096 1012 2383 1083 cupiebant
2414 1022 2470 1069 et
2496 1014 2758 1085 majorem
2796 1030 2919 1071 esse
2961 1016 3337 1073 fortitudinem
3387 1017 3504 1084 Del,

1924 1104 2018 1174 qui
2040 1104 2121 1160 sic
2138 1105 2308 1161 vincit
2330 1104 2385 1163 in
2413 1105 2676 1162 militibus
2701 1106 2833 1163 suis.

1996 1196 2163 1251 Vens.
2193 1195 2281 1253 I5.
2310 1226 2382 1238 —
2404 1195 2497 1251 Illi
2522 1207 2721 1264 autem,
2763 1206 2869 1254 etc.
2922 1197 3107 1272 (ΚΑΒ.)
3138 1200 3379 1271 Egyptii
3404 1198 3511 1256 sci-

1918 1287 2051 1345 licet
2076 1289 2303 1346 horrore
2334 1291 2677 1346 tenebrarum
2704 1290 3045 1357 circumdati,
3080 1299 3211 1359 etc.,
3249 1308 3411 1364 usque
3438 1291 3509 1349 ad

1924 1389 2183 1450 tanquam
2205 1372 2573 1451 periculosum
2596 1379 2979 1437 formidabant.

1997 1469 2163 1527 Vens.
2210 1471 2298 1527 19.
2344 1501 2416 1512 —
2462 1470 2645 1527 Omnis
2698 1472 2838 1527 enim
2889 1472 3048 1528 orbis.
3098 1471 3307 1541 Quasi:
3358 1469 3512 1542 impii

1924 1572 2082 1619 erant
2125 1564 2180 1619 in
2224 1566 2493 1632 tenebris,
2539 1565 2637 1622 sed
2682 1567 2989 1639 ubicunque
3034 1566 3355 1624 habitabant
3412 1566 3512 1624 ﬁlii

1922 1644 2116 1720 ierael,
2150 1653 2236 1711 lux
2276 1662 2416 1710 erat.

320 1740 485 1798 Vens.
516 1743 605 1798 28.
630 1768 705 1785 --
733 1741 798 1799 Ut
826 1753 1010 1800 notum
1037 1744 1301 1810 omnibus,
1346 1753 1451 1800 etc.
1494 1741 1676 1815 (Rau)
1722 1742 1826 1798 Iste
1852 1730 1901 1793 Β
1998 1745 2166 1800 Vens.
2196 1742 2286 1799 20.
2324 1773 2396 1784 —
2443 1743 2629 1815 Imago
2671 1745 3021 1802 tenebrarum.
3065 1745 3357 1802 Graviores
3385 1752 3516 1803 sunt

252 1836 404 1895 cibus
431 1836 779 1894 historialiter
796 1838 1075 1908 pascebat,
1098 1847 1229 1904 etc.,
1273 1854 1435 1909 usque
1462 1838 1531 1892 ad
1560 1837 1626 1891 ad
1648 1845 1827 1892 ortum

250 1943 379 1986 vero
416 1929 567 1996 solis,
611 1928 665 1987 id
712 1940 818 1998 est,
868 1930 1070 1989 Christi
1114 1932 1394 1989 dicamus:
1448 1930 1675 1991 Verbum
1703 1944 1828 1987 caro

248 2014 451 2093 factum
477 2032 575 2090 est,
600 2032 649 2078 et
678 2023 929 2079 habitauit
965 2025 1022 2081 in
1051 2023 1218 2089 nobis.

828 2162 1056 2221 CAPUT
1086 2160 1248 2219 XVII.

320 2291 485 2351 Vm.
518 2296 573 2351 1.
597 2326 670 2337 -
696 2295 893 2369 Magna
932 2298 1093 2353 enim.
1132 2295 1315 2369 (Rm)
1342 2295 1585 2367 Mystice.
1629 2293 1831 2352 Omnes

251 2394 624 2457 persecutores
649 2389 903 2446 Ecclesia:
944 2389 1170 2455 Christi,
1215 2388 1479 2445 scelerum
1503 2404 1724 2449 suorum
1751 2397 1831 2445 te-

252 2478 449 2534 nebras
483 2479 780 2549 patiuntur,
821 2496 923 2537 nec
970 2497 1207 2552 unquam
1230 2481 1405 2537 securi
1441 2497 1561 2537 esse
1586 2489 1825 2553 possunt,

250 2583 385 2640 quos
412 2577 611 2624 vexant
657 2579 897 2626 rectores
940 2573 1286 2627 tenebrarum
1337 2573 1527 2627 harum
1554 2588 1723 2643 usque
1762 2570 1830 2625 ad

251 2660 545 2716 exteriores
573 2662 860 2729 tenebras,
908 2664 999 2719 ubi
1042 2665 1149 2719 erit
1190 2662 1345 2719 ﬁctus
1373 2672 1425 2719 et
1452 2664 1651 2719 stridor
1699 2663 1831 2718 den-

253 2749 414 2817 tium;
449 2752 627 2807 unde:
657 2751 840 2809 Omnis
863 2757 952 2825 qui
982 2755 1119 2811 male
1149 2757 1287 2827 agit,
1308 2755 1418 2812 odit
1446 2756 1616 2813 lucem
1642 2754 1825 2825 (Joan.

252 2840 356 2915 in),
395 2850 501 2896 etc.
551 2841 689 2898 Hinc
731 2843 967 2899 Paulus:
1025 2845 1200 2899 Eratis
1253 2845 1539 2917 aliquando
1582 2846 1824 2913 tenebrre,

253 2950 390 2990 nunc
420 2944 593 2989 autem
617 2935 711 2989 tua:
737 2937 793 2990 in
821 2936 1045 2990 Domino
1071 2936 1284 3008 (Ephes.
1312 2937 1391 3007 v),
1418 2946 1522 2991 etc.

320 3023 486 3081 Vsus.
511 3025 567 3079 4.
591 3054 664 3069 ---
692 3025 875 3097 Neque
909 3027 1065 3081 enirn.
1113 3026 1341 3096 Semper
1385 3028 1529 3081 enim
1574 3029 1830 3085 tenebras

251 3115 543 3175 comitatur
587 3086 818 3171 horror':
864 3122 923 3171 et
944 3124 1148 3185 quanto
1174 3086 1352 3171 mirum
1392 3116 1655 3172 discernit
1680 3118 1825 3187 quis,
1855 3086 1901 3150 Ο

248 3207 543 3278 «ιιιωοεὶηι
573 3221 637 3267 se
660 3212 805 3272 sunt,
836 3214 994 3263 tanto
1022 3207 1193 3279 magis
1214 3208 1427 3274 meum,
1473 3209 1711 3280 undique
1735 3210 1830 3264 ad-

246 3313 407 3355 stans
433 3298 700 3371 pavitans.
754 3298 1104 3370 Siedigyptii
1144 3300 1335 3374 triduo.
1366 3301 1633 3357 maximas
1678 3310 1831 3357 tene-

250 3388 379 3447 bras
410 3390 779 3461 patiebantur,
830 3406 966 3461 quas
992 3405 1090 3446 nec
1116 3391 1213 3455 sol,
1245 3407 1348 3447 nec
1389 3392 1559 3448 stella:
1579 3400 1831 3463 poterant

246 3484 569 3548 illuminare,
596 3491 657 3541 et
680 3483 989 3555 ubicunque
1006 3483 1280 3553 iacebant,
1304 3484 1471 3541 nimio
1502 3494 1709 3541 terrore
1734 3502 1830 3555 pa-

247 3574 484 3640 vebant;
531 3573 673 3645 quod
716 3581 895 3629 autem
922 3573 1073 3631 dicit.
1107 3572 1299 3628 Tristes
1323 3590 1571 3644 personas
1600 3589 1697 3630 eos
1716 3582 1829 3630 ter-

248 3666 441 3735 ruisse,
471 3666 647 3737 potuit
672 3663 815 3730 ﬁeri,
854 3673 921 3720 ut
947 3665 1217 3723 daemones
1244 3664 1418 3735 aliqua
1448 3665 1829 3736 phantasmata

247 3761 577 3833 ingererent,
618 3760 711 3831 qui
739 3774 835 3819 eos
869 3759 937 3817 ad
962 3768 1309 3831 augmentum
1334 3774 1618 3829 poenarum
1648 3770 1830 3817 exter-

248 3858 451 3921 rerent.
481 3838 865 3907 Persecutores
895 3864 1109 3919 quoque
1142 3848 1272 3905 ﬁdei
1317 3857 1373 3905 et
1412 3850 1679 3916 veritatis,
1719 3850 1829 3906 cir-

248 3938 506 4007 cumdant
528 3941 766 3999 tenebrae
802 3947 1176 4015 peccatorum,
1225 3940 1350 4011 quia
1381 3940 1633 4014 ignorant
1657 3941 1829 3999 solem

241 4030 484 4102 iustitiae,
530 4045 630 4087 nec
660 4030 1043 4103 pmdicatores
1081 4029 1354 4086 illustrant
1374 4045 1469 4089 eos
1492 4030 1701 4102 fulgore
1733 4034 1826 4088 do-

246 4121 457 4183 ctrina.
499 4119 609 4179 Hos
626 4120 791 4181 etiam
817 4121 1019 4177 sonitus
1038 4120 1372 4189 descendens,
1411 4121 1465 4177 id
1494 4130 1578 4177 est
1600 4124 1825 4179 commi-

246 4213 397 4270 natio
422 4213 661 4271 cmlestis
701 4212 1002 4286 perturbat,
1048 4221 1104 4268 et
1134 4229 1369 4287 persona:
1404 4214 1593 4279 tristes,
1634 4213 1688 4271 id
1742 4225 1827 4272 est

246 4306 540 4371 daemones,
571 4305 892 4378 quandoque
916 4305 1111 4365 torturi
1140 4305 1477 4373 terriﬁcant;
1515 4321 1615 4363 nec
1642 4314 1823 4362 tamen

1928 1837 2166 1892 tenebrae
2212 1835 2520 1906 spirituales
2552 1835 2963 1906 corporalibus:
3015 1837 3141 1906 quia
3180 1840 3385 1893 ducunt
3416 1837 3515 1892 ho-

1928 1928 2102 1983 mines
2132 1928 2201 1982 ad
2226 1928 2529 1984 exteriores
2564 1929 2840 1993 tenebras,
2874 1929 2965 1984 ubi
2991 1929 3097 1985 erit
3122 1928 3281 1986 ﬂetus
3306 1939 3363 1985 et
3389 1928 3516 1986 stri-

1922 2020 2027 2075 dor
2052 2020 2293 2075 dentium
2314 2060 2330 2086 ,
2377 2035 2513 2090 quas
2538 2019 2806 2092 Egyptian
2836 2022 3072 2077 tenebrae
3096 2021 3352 2093 ﬁgurant.
3387 2020 3509 2077 Sic-

1927 2122 1991 2166 ut
2035 2111 2178 2166 enim
2223 2125 2451 2182 corpora
2496 2111 2573 2167 ibi
2600 2111 2911 2168 nullobono
2937 2112 3089 2183 operi
3114 2111 3302 2166 utilia:
3354 2112 3427 2167 ita
3456 2118 3513 2167 et

1928 2205 2020 2260 hic
2054 2205 2247 2259 anima:
2289 2203 2448 2259 simul
2473 2211 2528 2258 et
2567 2219 2795 2275 corpora
2844 2212 3048 2259 artemo
3088 2218 3313 2259 carcere
3357 2203 3509 2259 dam-

1926 2304 2164 2361 nantur;
2211 2294 2307 2351 ubi
2331 2302 2434 2351 n‘ec
2455 2293 2616 2367 ratio,
2665 2309 2769 2351 nec
2809 2294 2980 2363 locus,
3031 2310 3134 2351 nec
3162 2302 3379 2365 tempus
3427 2300 3515 2350 est

1928 2387 2210 2459 operandi.

2495 2455 2722 2514 CAPUT
2770 2457 2953 2515 XVIII.

2001 2572 2169 2627 Vens.
2198 2571 2251 2626 1.
2286 2601 2358 2612 -
2384 2568 2591 2628 Sanctis
2630 2580 2805 2626 autem
2852 2572 2975 2627 tuis.
3034 2570 3214 2644 (ΒΔΕ.)
3256 2571 3518 2629 Israelita:

1930 2664 1984 2719 in
2015 2663 2269 2734 Egypto,
2297 2672 2426 2730 etc.,
2472 2680 2636 2734 usque
2662 2664 2732 2717 ad
2775 2663 2830 2718 in
2856 2664 3132 2735 prosperis
3154 2672 3209 2719 et
3234 2663 3291 2719 in
3320 2663 3513 2720 adver-

1930 2757 2007 2813 sis
2030 2757 2287 2829 protegit.

1999 2851 2164 2925 Vens.
2195 2848 2503 2919 i.-—Digni
2533 2847 2766 2919 quidem,
2789 2855 2894 2903 etc.
2924 2846 3106 2921 (ΗΑΒ.)
3135 2847 3328 2903 Merito
3349 2846 3517 2919 Egy-

1929 2941 2024 3010 ptii
2058 2942 2400 2994 tenebrarum
2443 2954 2657 3009 ptenam
2687 2941 3063 3009 patiebantur,
3093 2949 3226 3006 etc.,
3257 2956 3417 3011 usque
3448 2940 3517 2994 ad

1930 3030 2084 3101 cujus
2110 3031 2348 3101 mysterii
2374 3031 2513 3085 ratio
2550 3031 2605 3084 in
2632 3031 2869 3099 antiquis
2898 3031 3141 3099 patribus
3179 3032 3430 3102 ﬁgurata,
3461 3041 3554 3094 et,

1932 3127 1986 3181 in
2016 3128 2247 3187 adventu
2278 3126 2475 3182 Christi
2503 3126 2769 3195 completa
2796 3134 2902 3181 est.

2004 3217 2169 3275 Vens.
2206 3217 2259 3273 9.
2289 3248 2358 3259 -——
2407 3216 2666 3273 Abscome
2711 3217 2849 3273 enim
2892 3216 3281 3286 sacriﬁcabant.
3324 3216 3517 3288 (11η.)

1928 3310 2166 3382 Populus
2192 3310 2357 3366 Israel
2388 3310 2442 3365 in
2471 3309 2706 3381 Egypto
2733 3307 2891 3378 jussu
2924 3308 3135 3364 Domini
3186 3308 3401 3365 Pascha
3426 3324 3519 3365 ce-

1928 3401 2174 3464 lebravit,
2224 3410 2359 3466 etc.,
2401 3417 2561 3472 usque
2612 3400 2682 3457 ad
2738 3399 2833 3455 sed
2873 3399 2927 3454 in
2974 3399 3291 3455 abscondito
3335 3399 3518 3457 cordis

1931 3510 2144 3565 semper
2178 3495 2406 3551 Domino
2440 3492 2767 3558 sacriﬁcant,
2814 3492 2993 3547 unde:
3028 3490 3363 3560 Sacriﬁcium
3403 3491 3516 3547 Deo

1929 3588 2143 3657 spiritus
2190 3584 2568 3641 contribth
2629 3582 2801 3655 (Psal.
2844 3584 2917 3653 L).
2974 3582 3043 3638 Et
3094 3582 3271 3638 alii:
3318 3581 3388 3637 In
3433 3598 3516 3639 me

1928 3687 2070 3742 sunt,
2108 3675 2272 3740 Deus,
2299 3684 2419 3731 vota
2454 3684 2543 3729 tua
2574 3671 2747 3746 (Psal.
2795 3672 2903 3745 ιν),
2928 3683 3033 3728 etc.
3080 3673 3205 3746 (ln.)
3252 3672 3519 3729 Memorat

1929 3766 2098 3823 Deum
2124 3765 2455 3836 percussisse
2482 3763 2840 3835 primogenita
2872 3761 3114 3837 ΛΕςγριί,
3141 3763 3229 3821 ubi
3256 3774 3355 3819 nec
3378 3763 3520 3821 sicut

1928 3857 2080 3927 prius
2126 3854 2521 3911 simulaverunt
2569 3853 2805 3925 [Egyptii
2834 3892 2850 3920 ,
2889 3855 2985 3908 sed
3024 3853 3203 3924 palam
3251 3854 3516 3924 cogebant

1928 3946 2077 4001 exire
2141 3943 2395 4015 populum
2458 3944 2555 4001 Dei
2614 3945 2855 4003 dicentes
2902 3962 2916 3999 :
2982 3941 3177 4001 Omnes
3230 3944 3519 3999 moriemur

1928 4036 2125 4110 (Exod.
2154 4035 2255 4107 ιι).

1998 4129 2166 4184 Vens.
2210 4127 2299 4183 l5.
2344 4158 2412 4169 —
2439 4125 2775 4199 Omnipotens
2814 4144 2985 4187 sermo
3031 4135 3172 4185 tuus.
3226 4124 3399 4181 Filius
3448 4126 3515 4181 de

1925 4237 2033 4294 quo
2056 4221 2257 4277 dicitur
2281 4238 2294 4275 :
2320 4219 2387 4275 In
2408 4219 2661 4291 principio
2684 4230 2795 4274 erat
2826 4216 3048 4277 Verbum
3070 4214 3252 4287 (Joan.
3289 4215 3352 4286 ι),
3382 4223 3511 4284 etc.,

1930 4314 2020 4370 hic
2045 4312 2327 4369 brachium
2364 4320 2421 4365 et
2444 4311 2667 4365 dextera
2686 4309 2996 4367 nominatur
3020 4326 3034 4362 :
3064 4316 3286 4378 propter
3310 4306 3516 4367 οπεοιέ-

245 4394 709 4473 agunttructuose
730 4396 1150 4469 paenitentiam:
1198 4396 1297 4453 sed
1330 4395 1676 4468 desperantes
1700 4397 1821 4453 ὼε-
1850 4442 1905 4502 D
1930 4422 2052 4461 vam
2098 4404 2294 4461 divinae
2322 4403 2538 4457 virtutis
2562 4402 2881 4473 potentiam,
2914 4400 3005 4457 hic
3028 4408 3154 4456 tunc
3197 4415 3293 4471 per
3333 4399 3513 4473 angeli

245 4497 527 4575 saurith
552 4496 656 4557 sibi
683 4496 819 4553 iram
848 4496 903 4553 in
927 4496 1015 4551 die
1034 4494 1245 4566 iudicii.

323 4592 487 4649 Vens.
510 4589 566 4645 6.
590 4616 665 4631 —
697 4588 903 4643 Timore
944 4589 1148 4658 plenus.
1180 4587 1321 4654 Quia
1358 4586 1599 4655 undique
1640 4600 1828 4655 parum

243 4682 632 4745 formidabant.
664 4680 877 4749 Quanto
922 4681 1066 4739 enim
1098 4688 1226 4737 sunt
1264 4678 1545 4749 graviores
1587 4676 1825 4745 dolores,

247 4782 402 4833 tanto
432 4773 664 4849 majores
685 4771 942 4829 timentur
964 4770 1241 4826 horrores.

320 4869 389 4925 Et
412 4867 629 4942 magica
647 4867 800 4933 artis,
822 4873 927 4922 etc.
950 4863 1135 4937 (ΗΑΒ.)
1160 4863 1293 4921 Cum
1321 4862 1457 4936 Magi
1482 4864 1537 4919 in
1564 4862 1822 4935 Aigypto,

246 4971 380 5028 etc.,
429 4976 593 5033 usque
620 4957 691 5013 ad
723 4966 780 5013 et
803 4956 1085 5027 antimtmn
1121 4962 1425 5024 serpentem
1465 4969 1588 5010 eum
1617 4953 1823 5027 angelis

246 5052 366 5109 suis
393 5065 595 5107 stevum
616 5049 885 5120 patienter
911 5046 1209 5103 nimicum.

276 5206 283 5215 I
322 5142 489 5199 Vsas.
518 5140 571 5199 9.
600 5171 672 5181 —
692 5138 761 5199 Et
789 5155 982 5203 aereus,
1026 5145 1131 5197 etc.
1169 5135 1352 5210 (Rm)
1380 5134 1725 5193 Nimietatem
1750 5136 1824 5191 ti-

246 5234 425 5311 moris
438 5241 615 5303 notat,
646 5246 805 5302 quem
834 5230 1240 5287 imminentibus
1266 5228 1442 5300 poenis
1471 5228 1825 5300 redarguente

246 5325 580 5383 conscientia
616 5326 896 5396 patiuntur
918 5363 941 5393 ,
990 5337 1121 5381 cum
1156 5330 1340 5379 autem
1382 5336 1595 5393 semper
1635 5322 1824 5383 timida

248 5417 517 5489 nequitia,
558 5417 773 5488 pavoris
808 5416 899 5475 sui
949 5414 1042 5479 dat
1082 5413 1368 5481 indicium.
1397 5413 1662 5485 supplicio
1698 5428 1827 5471 oon-

251 5511 507 5571 demnata
531 5517 635 5566 est.

321 5598 487 5658 Vens.
532 5601 618 5656 11.
646 5628 718 5643 —
746 5598 985 5654 Proditio
1009 5639 1025 5666 ,
1061 5606 1166 5655 etc.
1204 5596 1388 5653 Timor
1423 5596 1628 5653 scilicet
1654 5597 1829 5668 prodit

252 5692 624 5765 inﬁrmitatem
663 5691 1042 5764 superbientis,
1084 5689 1179 5757 qui
1216 5702 1353 5749 vana
1380 5702 1477 5761 spe
1502 5690 1824 5749 auxiliorum

1933 4496 2293 4555 ubiuisterium
2315 4494 2517 4565 judicia
2546 4510 2645 4550 sua
2686 4493 2815 4550 fecit
2858 4494 2912 4549 in
2941 4492 3317 4564 primogenitis
3346 4493 3514 4567 Egy-

1930 4589 2185 4660 ptiorum,
2216 4588 2310 4658 qui
2335 4587 2678 4659 postmodum
2703 4586 3064 4643 sanctiﬁcavit
3099 4586 3204 4642 sibi
3236 4587 3508 4658 primoge-

1930 4683 2073 4747 nitos
2092 4682 2368 4739 Hebr-reos.
2390 4677 2547 4739 Nunc
2567 4694 2779 4750 quoque
2798 4695 2896 4750 per
2919 4694 3115 4749 aquam
3138 4680 3389 4749 baptismi
3411 4679 3511 4734 sal.

1928 4785 2022 4831 vat
2052 4772 2447 4833 multitudinem
2488 4770 2843 4837 credentium,
2882 4778 2941 4827 et
2968 4770 3235 4826 interﬁcit
3264 4769 3501 4825 minuitu-

1929 4868 2110 4927 dinem
2148 4863 2512 4936 spiritualium
2536 4863 2797 4919 hostium.

2001 4958 2164 5013 Vnus.
2196 4955 2282 5012 19.
2302 4982 2379 4997 --
2410 4952 2666 5010 Visiones.
2686 4953 2869 5025 (11η.)
2898 4954 3010 5010 Hoc
3030 4953 3224 5009 divinae
3247 4950 3507 5007 bonitatis

1930 5058 2035 5115 est,
2061 5065 2180 5119 quae
2203 5055 2490 5118 peccantes
2532 5045 2764 5117 castigat
2806 5054 2868 5102 ut
2906 5047 3231 5111 abstineant,
3282 5052 3341 5099 et
3387 5058 3504 5114 pm-

1928 5139 2208 5199 nitentiam
2240 5146 2418 5207 agant.
2456 5135 2515 5191 Si
2560 5145 2740 5193 auem
2769 5137 3025 5209 patientia
3060 5134 3158 5191 Dei
3190 5136 3505 5202 abutuntur,

1930 5232 2049 5291 sine
2081 5229 2427 5286 excusatione
2450 5228 2507 5285 in
2542 5236 2807 5285 alternum
2831 5229 3143 5298 punientur.

1948 5352 1953 5359 -
2000 5322 2166 5379 Vens.
2192 5321 2279 5377 20.
2318 5348 2391 5361 —-
2420 5318 2604 5390 Tetigit
2648 5331 2825 5375 autem
2864 5328 2988 5373 tunc
3031 5327 3083 5373 et
3099 5317 3294 5388 justas.
3320 5316 3506 5390 (BAL)

1928 5413 2204 5475 Memorat,
2240 5419 2370 5475 etc.,
2418 5426 2579 5482 usque
2622 5410 2693 5465 ad
2719 5424 2817 5481 per
2846 5424 2985 5479 quos
3013 5408 3291 5464 interitum
3330 5406 3505 5480 possi-
3540 5472 3553 5497 ι

1928 5521 2048 5563 mus
2077 5503 2324 5561 evadere.

1999 5596 2158 5651 Vens.
2183 5593 2271 5648 Ἡ.
2292 5624 2362 5634 —-
2382 5592 2448 5648 In
2475 5602 2607 5648 veste
2635 5592 2771 5647 enim
2802 5592 3032 5664 poderis.
3066 5591 3249 5664 (ΚΑΒ.)
3277 5592 3506 5662 Byssum

1928 5699 2089 5751 teme
2115 5689 2372 5750 deputant
2399 5686 2629 5756 Hebrei,
2657 5694 2790 5760 etc.,
2820 5703 2980 5763 usque
3001 5686 3072 5743 ad
3100 5684 3353 5761 inﬁgura
3366 5694 3505 5760 pom
