4028 6332
569 341 713 399 1185

1070 332 1465 391 WALAFRIDI
1503 326 1753 390 STRABI
1791 329 1994 388 FULD.
2040 327 2205 386 MON.
2245 327 2398 386 OPP.
2441 325 2618 386 PARS
2655 327 2698 384 I.
2735 357 2804 368 —
2843 323 3299 386 THEOLOGICA.

3696 328 3834 385 1181

567 453 787 519 tilicali,
834 450 1108 507 Christum
1152 449 1389 504 futurum
1432 445 1830 518 praenoscebat,
1873 442 1970 499 sed
2013 442 2138 513 quia
2164 448 2214 506 Α
2241 444 2422 498 carnis
2458 441 2784 497 alimentum.
2810 440 3042 511 Dignum
3063 449 3147 496 est
3165 439 3333 506 enim,
3362 446 3421 493 nt
3443 437 3702 495 ﬁdelibus
3721 441 3838 525 suis

563 546 775 601 viderat
819 558 980 600 carne
1031 542 1306 606 indutum,
1357 555 1465 594 non
1509 537 1681 592 Deum
1727 537 1822 592 sed
1869 535 2140 590 hominem

565 651 761 708 purum
787 634 1044 700 credidit;
1074 633 1213 687 unde
1237 650 1250 686 :
1276 629 1335 686 Si
1357 629 1730 701 cognovissent,
1747 642 2013 699 nunquam
2032 624 2143 680 Do-

566 727 766 782 minum
787 723 968 797 gloriae
989 723 1366 792 cruciﬁxissent
1393 719 1441 791 (l
1474 719 1596 774 Cor.
1631 722 1712 790 ιι).

1147 852 1373 910 CAPUT
1403 849 1544 906 XIX.

640 993 824 1064 Impiis
867 1001 1072 1057 autem,
1111 998 1220 1046 etc.
1266 988 1505 1045 Inimicis
1537 987 1716 1060 populi
1745 987 1840 1042 Dei
1867 986 2142 1042 :vindicta

567 1097 738 1153 usque
752 1083 819 1137 ad
833 1081 1347 1137 consummationem
1368 1078 1698 1149 supervenit,
1715 1077 1840 1146 quia
1859 1091 1958 1132 nec
1978 1078 2141 1132 vitam

567 1187 667 1230 nec
689 1189 866 1228 mores
886 1181 1257 1238 correxerunt,
1282 1171 1422 1226 lictis
1448 1170 1596 1225 enim
1623 1169 1953 1240 argumentis
1978 1169 2144 1223 simu-

566 1264 752 1321 labant
781 1263 1176 1336 ptenitentiam,
1205 1270 1261 1316 et
1319 1261 1438 1316 ideo
1469 1276 1577 1315 non
1626 1268 1938 1315 meruerunt
1969 1257 2144 1313 indul-

567 1358 819 1432 gentiam.
854 1356 1006 1412 Unde
1033 1356 1245 1410 Pharao
1269 1369 1390 1408 cum
1419 1353 1592 1424 plagis
1617 1352 1866 1419 alllictus,
1889 1351 2143 1424 populum

566 1449 660 1505 Dei
691 1463 748 1503 se
773 1447 1117 1502 dimissurum
1147 1445 1517 1517 promitteret,
1569 1444 1842 1514 paululum
1872 1445 2143 1516 respirans

568 1537 636 1593 ad
669 1537 1015 1592 domesticam
1045 1535 1414 1591 crudelitatem
1446 1549 1694 1590 reversus
1743 1543 1858 1600 est,
1889 1535 2058 1590 donec
2086 1533 2142 1588 in

566 1629 704 1683 mari
754 1627 941 1684 Rubro
987 1627 1238 1683 ﬂuctibus
1272 1629 1584 1683 submersus
1631 1635 1730 1682 est.
1761 1626 2143 1682 Persecutores

565 1721 711 1777 enim
759 1720 1052 1777 Christiani
1091 1721 1324 1776 nominis
1379 1723 1424 1776 si
1472 1720 1804 1792 perstiterint
1835 1721 1889 1774 in
1940 1720 2143 1775 malitia

564 1828 682 1878 sua,
712 1813 944 1868 sentient
976 1813 1029 1868 in
1058 1829 1216 1883 poena
1243 1821 1502 1884 quantum
1534 1813 1707 1867 valeat
1729 1811 1823 1866 Dei
1849 1811 2081 1882 iustitia.

637 1903 799 1958 Vens.
830 1905 882 1958 8.
905 1933 976 1944 —-
1003 1902 1246 1958 Videntes
1273 1914 1366 1958 tua
1389 1903 1672 1957 mirabilia.
1699 1901 1791 1957 Sic
1815 1916 1914 1958 nos
1935 1909 2148 1972 oportet

565 1992 846 2049 liberatori
871 2002 1055 2050 nostro
1105 1993 1437 2050 exsultantes
1462 1992 1666 2064 gratias
1694 2007 1854 2064 agere
1879 1992 2140 2048 dicentes:

563 2083 810 2149 Benedic,
848 2085 1024 2138 anima
1064 2099 1200 2149 mea,
1250 2082 1531 2137 Dominum
1577 2079 1750 2152 (Psal.
1805 2081 1944 2150 (λιιι).
1995 2081 2145 2138 Unde

561 2173 850 2243 Apostolus
868 2191 880 2228 :
897 2173 1018 2229 Sine
1032 2174 1409 2229 intermissione
1427 2182 1592 2238 orate,
1613 2173 1669 2228 in
1689 2172 1926 2227 omnibus
1945 2172 2143 2243 gratias

562 2270 701 2340 agile
740 2268 792 2340 (Ι
823 2268 1000 2324 Thess.
1031 2269 1107 2342 v).

2239 549 2336 604 per
2379 547 2540 603 opera
2568 547 2664 588 sua
2700 531 3104 597 nutrimentum,
3131 531 3314 586 divina
3340 540 3599 602 procuret
3641 533 3840 604 provi-

2241 624 2440 681 dentia.
2495 623 2728 679 Inimicis
2773 638 2902 678 vero
2957 623 3285 695 condignum
3340 632 3681 680 tormentum
3740 638 3841 697 per

2241 719 2508 774 subditam
2533 718 2635 774 sibi
2661 727 2961 774 creaturam
2996 718 3210 776 inferat.

2309 811 2458 867 Iuste
2501 812 2637 866 enim
2684 811 3032 882 patiebantur.
3085 811 3268 884 (ΚΑΒ.)
3300 811 3402 880 Qui
3439 813 3707 883 antiquos
3741 812 3842 870 Dei

2241 919 2446 971 servos,
2470 913 2573 961 etc.
2595 945 2611 972 ,
2638 921 2798 976 usque
2826 905 2894 958 ad
2937 906 3078 960 viam
3109 905 3354 961 veritatis
3401 922 3508 962 non
3563 907 3842 978 agnoscit,

2240 1002 2295 1049 et
2320 995 2514 1050 ostium
2545 996 2686 1065 quod
2713 993 2956 1050 Christus
2984 1001 3098 1060 est,
3131 1010 3239 1049 non
3275 994 3502 1049 invenit.

2311 1085 2475 1140 Vens.
2509 1086 2593 1140 17.
2611 1117 2681 1125 -
2696 1085 2762 1140 In
2785 1103 2840 1140 se
2862 1084 3133 1141 elementa.
3158 1086 3310 1142 Sicut
3326 1086 3379 1141 in
3401 1101 3614 1158 organo
3633 1086 3841 1144 diversi

2242 1176 2358 1231 soni
2388 1174 2454 1230 ad
2479 1176 2822 1231 concordiam
2852 1177 3097 1232 melodite
3139 1186 3567 1248 temperamento
3597 1192 3840 1232 consen-

2243 1265 2404 1331 tiunt,
2435 1266 2507 1322 ita
2535 1266 2891 1336 discrepantia
2920 1266 3184 1322 elementa
3235 1277 3448 1324 servato
3469 1267 3598 1335 jure
3621 1277 3844 1323 natura:

2243 1355 2310 1410 ad
2333 1354 2601 1411 Creatoris
2628 1356 2958 1412 voluntatem
3002 1355 3326 1413 ﬂectuntur:
3352 1373 3457 1412 non
3486 1359 3638 1412 enim
3697 1371 3846 1412 crea-

2244 1456 2420 1503 turam
2449 1448 2550 1504 sibi
2582 1447 2821 1503 condidit
2868 1449 3221 1514 contrariam,
3250 1449 3342 1503 sed
3375 1465 3471 1519 per
3497 1450 3694 1504 omnia
3755 1465 3846 1504 so-

2244 1539 2434 1594 luntati
2457 1555 2565 1594 suae
2585 1549 3020 1595 consentaneam.
3045 1539 3197 1594 Unde
3216 1541 3489 1603 mstimari,
3514 1548 3625 1594 etc.
3651 1538 3845 1610 (ιω.)

2243 1631 2498 1686 Homines
2519 1631 2659 1687 enim
2683 1639 2737 1686 et
2753 1630 3018 1700 iumenta,
3041 1642 3169 1696 etc.,
3192 1649 3354 1702 usque
3376 1633 3520 1686 adut
3545 1640 3844 1702 appareret

2235 1723 2388 1794 "quod
2412 1721 2676 1777 elementa
2717 1723 2898 1776 mundi
2948 1739 3056 1777 non
3107 1738 3217 1778 sua:
3266 1731 3476 1777 tantum
3504 1721 3846 1786 conditioni,

2170 1807 2220 1869 Β
2247 1813 2339 1870 sed
2362 1813 2634 1870 Creatoris
2655 1814 2989 1868 deservirent
3021 1813 3306 1869 voluntati.

2317 1903 2479 1959 Vens.
2509 1903 2600 1958 ‘20.
2624 1930 2694 1942 ——
2715 1901 2784 1957 In
2809 1902 3045 1956 omnibus
3075 1904 3211 1957 enim
3254 1903 3639 1975 magniﬁcasti.
3682 1903 3848 1959 Mise-

2245 1995 2418 2051 ricors
2446 2003 2500 2049 et
2525 1994 2812 2050 miserator
2857 1994 3116 2050 Dominus
3160 2009 3372 2064 semper
3393 1996 3558 2050 adest
3590 1995 3851 2051 ﬁdelibus

2245 2085 2377 2148 suis,
2405 2101 2539 2155 quos
2587 2099 2798 2156 semper
2827 2085 3062 2155 protegit
3093 2091 3149 2139 et
3177 2085 3312 2156 regit
3338 2103 3352 2138 :
3377 2101 3512 2155 quos
3541 2085 3848 2154 aliquando

2245 2179 2298 2233 in
2320 2178 2578 2250 martyrio
2604 2185 2816 2249 purgat.
2844 2176 3032 2233 Unde:
3065 2175 3206 2232 Vasa
3223 2177 3373 2248 ﬁguli
3391 2177 3580 2248 probat
3625 2179 3848 2246 famas,

2249 2279 2296 2324 et
2326 2270 2558 2324 homines
2569 2269 2743 2340 justas
2785 2270 3000 2323 tentatio
3029 2269 3382 2324 tribulationis
3413 2268 3589 2340 (Eccl.
3641 2268 3845 2338 xxv“).

637 2362 798 2418 Vens.
832 2362 920 2416 10.
960 2394 1028 2403 -
1054 2361 1311 2418 Produxit
1349 2372 1508 2418 terra.
1547 2360 1685 2416 Nota
1716 2359 1859 2431 quod
1913 2359 2146 2415 inimicis
2251 2361 2428 2416 Multae
2467 2361 2612 2416 enim
2641 2360 3014 2417 tribulationes
3051 2361 3440 2432 justorum.'et
3489 2361 3559 2416 de
3588 2361 3849 2417 omnibus

565 2450 659 2506 Dei
701 2461 845 2508 terra
882 2454 1138 2525 produxit
1193 2470 1428 2521 muscas,
1483 2462 1537 2510 et
1586 2452 1778 2510 ﬂuvius
1809 2468 1998 2520 ranas;
2032 2453 2146 2508 cul-

565 2543 776 2600 toribus
805 2553 984 2600 autem
1034 2545 1130 2601 Dei
1178 2554 1324 2601 terra
1375 2545 1521 2601 dedit
1569 2545 1840 2613 fructum,
1893 2553 1947 2601 et
1993 2559 2144 2602 mare

2249 2456 2334 2511 his
2357 2455 2606 2512 liberavit
2630 2469 2724 2511 eos
2747 2455 3024 2511 Dominus.

1565 2791 1865 2869 LIBER
1925 2787 2795 2869 ECCLESIASTICUS.

1081 3067 1308 3126 CAPUT
1335 3067 1622 3126 PRIMUM.

635 3198 796 3256 Vens.
846 3199 898 3254 1.
918 3229 989 3240 —-
1010 3198 1192 3256 Omnis
1220 3203 1498 3273 sapientia,
1524 3209 1628 3258 etc.
1659 3203 1814 3275 (Ras.
1853 3207 1907 3259 in
1945 3206 2140 3275 Eccli.,

563 3303 694 3350 tom.
734 3292 844 3364 IlI.)
869 3291 1060 3364 Incipit
1083 3294 1152 3350 ab
1179 3302 1379 3350 aeterna
1408 3294 1502 3351 Dei
1532 3295 1814 3366 sapientia,
1841 3314 1958 3368 quae
1986 3297 2144 3356 Chri-

563 3393 680 3439 stus
709 3391 826 3448 est,
874 3383 966 3453 qui
1017 3399 1142 3438 cum
1169 3383 1330 3439 Patre
1368 3393 1452 3440 est
1500 3400 1716 3455 semper
1761 3396 1886 3443 ante
1925 3389 2140 3457 saecula,

561 3475 854 3531 secundum
889 3474 1016 3530 illud
1038 3493 1052 3528 :
1074 3472 1140 3528 In
1160 3476 1412 3546 principio
1431 3485 1540 3530 erat
1574 3475 1818 3544 Verbum,
1841 3488 1887 3533 et
1917 3477 2143 3534 Verbum

561 3574 672 3620 erat
712 3565 850 3635 apud
879 3563 1047 3619 Deum
1103 3563 1286 3636 (Joan.
1316 3564 1378 3637 ι).
1419 3565 1464 3618 Α
1488 3565 1714 3622 Domino
1740 3567 1848 3622 Deo
1876 3579 1972 3622 est.
2005 3569 2143 3636 Quia

560 3655 807 3714 Christus
835 3657 956 3712 fons
999 3657 1144 3723 vitae,
1189 3657 1280 3712 lux
1321 3672 1448 3714 vera
1469 3700 1483 3726 ,
1513 3658 1579 3714 de
1612 3657 1772 3716 Patre
1800 3661 2061 3727 nascitur,
2094 3669 2142 3716 et

563 3751 735 3805 omnia
780 3767 872 3821 per
900 3748 1068 3820 ipsum
1098 3750 1240 3819 facta
1284 3761 1426 3818 sunt,
1453 3759 1502 3806 et
1544 3752 1656 3807 sine
1702 3753 1813 3823 ipso
1843 3753 2040 3824 factum
2067 3761 2143 3808 est

561 3841 691 3898 nihil
720 3840 926 3914 (Ibid.).
953 3841 1208 3912 Quisquis
1229 3843 1332 3898 hac
1352 3844 1612 3913 sapientia
1636 3853 1805 3911 caret,
1829 3845 1884 3900 in
1905 3845 2144 3902 tenebris

561 3931 817 3994 ambulat,
850 3940 906 3986 et
929 3932 1104 3988 nescit
1153 3948 1261 4002 quo
1309 3935 1489 3990 vadat.
1515 3933 1787 4005 Sapientia
1819 3933 2142 4007 enimhujus

561 4021 741 4075 mundi
779 4021 1002 4075 stultitia
1045 4031 1117 4076 est
1149 4023 1289 4094 apud
1316 4023 1517 4090 Deum;
1545 4034 1594 4080 et
1640 4024 1920 4096 prudentia
1947 4027 2142 4094 carnis,

561 4129 700 4167 mors
728 4111 877 4185 (Sap.
905 4112 1004 4183 ιι).

637 4202 792 4258 Vens.
835 4203 890 4258 2.
911 4233 980 4243 -
999 4203 1225 4258 Arenam
1255 4203 1417 4259 maris
1445 4214 1491 4259 et
1522 4203 1708 4274 pluvia:
1735 4215 1927 4277 guttas.
1981 4206 2138 4279 (Ras.

560 4296 650 4350 ubi
673 4295 876 4368 supra).
908 4294 1218 4366 Corporalia
1247 4295 1614 4366 spiritualibus
1640 4306 1948 4368 comparat,
1977 4307 2034 4354 ut
2074 4314 2141 4354 ex

561 4385 904 4452 difﬁcillimis,
938 4387 1081 4457 quod
1101 4387 1319 4442 omnino
1344 4387 1672 4457 impossibile
1696 4397 1800 4455 est,
1823 4391 2136 4446 aestimetur.

563 4474 621 4530 Si
653 4478 797 4531 enim
847 4478 962 4534 haec
987 4493 1104 4548 quae
1154 4477 1209 4532 in
1251 4487 1401 4533 certo
1446 4493 1673 4534 numero
1693 4490 1747 4535 et
1773 4495 2055 4549 mensura,
2084 4490 2139 4538 et

560 4564 796 4635 pondere
843 4565 1056 4621 condita
1101 4574 1264 4631 sunt,
1324 4582 1483 4622 nemo
1533 4576 1711 4638 potest
1761 4569 2134 4637 dinumerare;

562 4664 764 4725 quanto
805 4657 983 4712 minus
1005 4659 1320 4728 sapientiam
1351 4659 1448 4714 Dei
1494 4661 1609 4716 sine
1632 4661 1786 4716 initio
1813 4671 1866 4717 et
1895 4663 2010 4718 sine
2033 4664 2140 4720 line

563 4749 997 4818 inenarrabilem,
1053 4752 1477 4808 inaestimabilem
1527 4755 1726 4823 poterit
1775 4755 2139 4828 investigare?

633 4839 795 4895 Vens.
819 4839 952 4894 ι.-
972 4838 1133 4897 Prior
1156 4845 1387 4898 omnium
1410 4854 1587 4899 creata
1609 4855 1705 4900 est.
1733 4844 1924 4900 Creata
1949 4863 2140 4902 secun-

560 4930 688 4984 dum
714 4931 1102 4989 humanitatem
1130 4937 1183 4988 in
1213 4935 1438 4990 consilio
1477 4937 1570 4990 Dei
1597 4936 1789 5006 patris,
1812 4937 2015 4993 scilicet
2041 4953 2139 5007 pro

557 5020 734 5078 salute
779 5022 1000 5078 humani
1047 5024 1258 5094 generis
1305 5021 1682 5094 praedestin'ata
1711 5035 1795 5081 est
1843 5026 2136 5082 incarnari.

559 5110 862 5170 Notandum
883 5126 1064 5171 autem
1085 5117 1226 5186 quod
1249 5127 1464 5187 propter
1486 5118 1748 5174 unitatem
1773 5133 2021 5189 persona:
2043 5119 2140 5175 ali-

561 5205 774 5274 quando
813 5205 1059 5264 Christus
1104 5207 1299 5263 dicitur
1321 5209 1552 5279 genitus,
1589 5208 1874 5279 aliquando
1902 5216 2136 5266 creatus.

633 5295 796 5351 Vens.
824 5297 878 5353 5.
904 5329 975 5338 —
993 5297 1138 5353 Fons
1161 5299 1448 5369 sapienliw.
1473 5299 1640 5370 Origo
1661 5300 1837 5355 omnis
1861 5301 2139 5372 sapientize

561 5387 800 5444 aVerbo
855 5389 948 5446 Dei
994 5391 1258 5465 procedit,
1306 5391 1447 5459 quod
1500 5390 1642 5445 Deus
1674 5407 1740 5446 ex
1774 5392 1882 5447 Deo
1929 5406 2142 5464 semper

559 5491 684 5533 cum
713 5480 870 5535 Patre
917 5492 1100 5538 manet
1151 5486 1204 5536 in
1237 5483 1418 5546 ctelis;
1443 5483 1535 5537 sed
1576 5484 1852 5554 ingressus
1882 5485 2140 5540 mundum

559 5585 657 5642 per
702 5574 1153 5644 dispensationem
1189 5576 1537 5630 humanitatis
1565 5575 1712 5630 dedit
1745 5578 1994 5631 mandata
2046 5594 2139 5633 sa-

559 5661 708 5729 lutis,
737 5669 897 5732 unde,
937 5666 1100 5721 Verba
1125 5669 1237 5722 vitw
1266 5679 1472 5722 ceterum
1501 5667 1657 5720 habes
1695 5665 1874 5738 (Jonn.
1909 5667 2004 5741 vr).

629 5755 793 5814 Vens.
821 5759 875 5816 6.
902 5787 974 5799 --
1012 5758 1188 5814 Radix
1241 5760 1528 5832 sapientia.
1576 5757 1820 5816 Ostendit
1865 5761 2138 5817 neminem

2171 3081 2217 3144 α
2247 3089 2406 3147 posse
2437 3075 2854 3147 profunditatem
2896 3075 2992 3131 Dei
3031 3084 3336 3146 penetrem,
3382 3075 3471 3132 vel
3496 3077 3839 3149 magnitudi-

2246 3170 2484 3224 tudinem
2532 3169 2792 3225 bonitatis
2832 3166 2948 3236 eius
2999 3177 3054 3224 et
3101 3167 3508 3224 misericordiae.
3565 3167 3729 3224 Unde
3777 3169 3844 3224 ad

2243 3259 2613 3316 liberationem
2632 3269 2688 3316 et
2717 3259 3165 3315 illuminationem
3189 3259 3409 3315 humani
3431 3261 3658 3332 generis
3677 3259 3842 3315 homo

2242 3351 2362 3406 ﬁeri
2385 3351 2632 3421 dignatus
2653 3359 2759 3426 est,
2781 3349 2954 3406 unde:
2970 3347 3364 3406 Generationem
3390 3348 3506 3420 ejus
3527 3351 3656 3422 quis
3688 3365 3845 3405 eur-

2245 3443 2380 3498 rabit
2409 3443 2544 3516 (Isa.
2577 3443 2734 3518 Lm)?

2315 3559 2477 3614 Vens.
2501 3559 2554 3615 9.
2582 3587 2652 3600 -—-
2682 3557 2710 3611 1
2712 3574 2800 3630 pse
2820 3559 3011 3614 creavit
3031 3555 3198 3611 illam.
3215 3554 3486 3628 Unigeniti
3505 3554 3733 3610 scilicet
3753 3555 3846 3610 ad-

2243 3661 2484 3720 ventum,
2500 3669 2597 3724 per
2608 3652 2841 3710 Verbum
2868 3652 2969 3707 sibi
2995 3659 3321 3707 comternum
3335 3664 3458 3704 cum
3482 3648 3704 3720 Spiritu
3722 3664 3847 3704 san-

2243 3753 2330 3800 cto
2355 3745 2718 3815 dispensavit:
2761 3743 3029 3814 quomodo
3072 3758 3172 3813 per
3207 3741 3446 3813 Virginis
3497 3749 3730 3812 partum
3778 3739 3846 3794 ad

2244 3835 2468 3890 salutem
2513 3835 2694 3890 mundi
2724 3835 2962 3900 veniret,
3006 3841 3062 3889 et
3089 3842 3367 3889 creaturas
3411 3833 3764 3902 repararet,‘
3791 3837 3846 3886 et

2245 3927 2516 3982 hominem
2542 3926 2609 3981 ad
2634 3926 2964 3997 agnitionem
2986 3919 3042 3982 et
3062 3925 3402 3982 dilectionem
3425 3924 3507 3980 sui
3524 3933 3844 3990 revocaret,

2245 4018 2378 4074 dans
2420 4018 2496 4073 illi
2531 4019 2726 4074 donum
2751 4017 2986 4090 Spiritus
3014 4017 3206 4083 sancti,
3237 4025 3296 4073 ut
3321 4015 3438 4087 ejus
3465 4030 3708 4072 munere
3737 4015 3844 4072 sol-

2245 4119 2401 4164 vetur
2429 4110 2482 4164 in
2507 4119 2791 4166 aeternum.

2316 4200 2480 4256 Vens.
2512 4202 2594 4256 11.
2621 4232 2690 4242 --
2725 4200 2901 4256 Timor
2928 4201 3142 4256 Domini
3183 4200 3372 4272 gloria,
3400 4209 3505 4256 etc.
3531 4199 3746 4257 Beatus
3767 4203 3843 4256 uir

2243 4294 2332 4364 qui
2355 4295 2495 4346 timet
2524 4292 2823 4360 Dominum,
2848 4295 2902 4347 in
2932 4293 3193 4347 mandatis
3217 4292 3330 4362 ejus
3353 4294 3492 4364 cupit
3516 4291 3842 4347 nimis.Glo-

2245 4385 2324 4438 ria
2373 4393 2422 4437 et
2463 4383 2655 4438 divitia:
2700 4384 2756 4438 in
2797 4383 2950 4439 domo
2973 4385 3085 4454 ejus
3124 4382 3296 4457 (Psal.
3349 4385 3453 4457 ιιι),
3483 4394 3598 4440 etc.
3657 4385 3844 4441 Timor

2165 4457 2217 4517 D
2242 4472 2471 4527 Domini.
2499 4474 2625 4528 Duae
2647 4474 2857 4543 species
2884 4483 3007 4529 sunt
3027 4475 3260 4530 timoris.
3307 4476 3385 4530 De
3408 4475 3584 4531 altera
3607 4476 3840 4544 dicitur,

2241 4561 2419 4616 Timor
2471 4562 2599 4636 [non
2644 4573 2726 4620 est
2784 4563 2838 4618 in
2881 4563 3167 4636 charitatc]
3222 4565 3412 4620 anima:
3453 4564 3507 4618 in
3549 4566 3836 4632 clamitare,

2240 4655 2422 4726 (Joan.
2449 4655 2548 4728 IV),
2586 4665 2690 4712 etc.
2723 4655 2822 4723 Qui
2855 4656 2996 4710 hunc
3016 4656 3218 4712 habent
3240 4664 3460 4727 propter.
3479 4668 3694 4712 metum
3743 4673 3834 4730 ge-

2237 4748 2430 4803 hennae
2478 4763 2704 4818 peccare
2759 4748 3043 4815 desinunt,
3096 4757 3152 4804 et
3198 4751 3364 4804 vitam
3393 4750 3838 4820 corriguntzhic

2239 4839 2530 4896 introducit
2553 4840 2895 4908 charitatem,
2919 4843 3011 4898 sed
3034 4851 3088 4898 et
3112 4841 3260 4898 foras
3277 4842 3528 4897 mittitur.
3553 4842 3661 4910 Qui
3686 4846 3834 4899 enim

2239 4933 2314 4988 sic
2348 4934 2518 5000 timet,
2547 4935 2781 4990 nondum
2808 4945 2955 4990 amat
2983 4950 3082 4990 nec
3119 4935 3388 4991 desiderat
3421 4937 3590 5002 bona,
3626 4939 3726 4991 sed
3747 4953 3834 4992 ca-

2239 5033 2327 5081 vet
2353 5027 2525 5093 mala;
2557 5027 2650 5082 sed
2674 5035 2854 5082 tamen
2899 5042 2958 5081 se
2996 5027 3242 5096 corrigit,
3268 5037 3322 5083 et
3349 5027 3489 5083 bona
3511 5029 3832 5084 desiderare

2238 5116 2447 5189 incipit.
2474 5119 2550 5173 De
2577 5117 2744 5173 altera
2771 5118 3030 5188 scriptum
3050 5126 3152 5184 est,
3180 5118 3358 5172 Timor
3375 5117 3590 5173 Domini
3611 5131 3828 5174 sanctus

2236 5219 2498 5281 permanet
2525 5211 2580 5264 in
2601 5209 2850 5264 swculum
2874 5209 3053 5265 saeculi
3083 5207 3254 5283 (Psal.
3273 5210 3445 5282 xvnl).
3475 5209 3657 5266 Timet
3677 5211 3827 5266 enim

2240 5301 2605 5371 unusquisque
2632 5316 2701 5356 ne
2755 5301 2968 5356 amittat
3020 5303 3180 5366 bona,
3212 5310 3268 5358 et
3316 5301 3412 5357 Dei
3445 5305 3824 5373 praesentiam,

2239 5408 2357 5466 qua:
2385 5393 2436 5446 in
2465 5402 2727 5448 aeternum
2754 5393 2860 5448 l'rui
2890 5392 3178 5460 desiderat,
3217 5395 3284 5450 de
3318 5408 3426 5465 quo
3455 5395 3695 5451 dicitur:

2309 5483 2473 5539 Vens.
2516 5486 2603 5538 12.
2647 5516 2718 5526 -
2767 5485 2946 5541 Timor
2982 5485 3195 5541 Domini
3237 5486 3510 5542 delectabit
3558 5502 3671 5541 cor.
3726 5486 3826 5543 Hic

2239 5577 2558 5631 suavitatem
2582 5576 2766 5632 tribuit
2790 5577 3078 5644 internam,
3101 5588 3156 5634 et
3180 5579 3234 5633 in
3259 5577 3438 5633 futuro
3461 5579 3631 5634 vitam
3656 5589 3824 5635 aeter-

2239 5683 2384 5723 nam.

2310 5759 2475 5814 Vens.
2497 5756 2909 5828 IL—Dilectio,
2935 5768 3042 5816 etc.
3075 5758 3259 5833 (ΗΑΒ.)
3289 5757 3541 5818 Charitas
3569 5759 3668 5817 Dei
3689 5773 3822 5818 vera
