  <div class='ocr_page' id='page_1' title='image "/cluster/home/n/w/nwhite01/storage/ocr_20150623/113/hvd.32044018909572/598.png"; bbox 0 0 4028 6332; ppageno 0'>
   <div class='ocr_carea' id='block_1_1' title="bbox 202 437 3462 554">
    <p class='ocr_par' dir='ltr' id='par_1_1' title="bbox 202 437 3462 554">
     <span class='ocr_line' id='line_1_1' title="bbox 202 437 3462 554; baseline -0.002 -14"><span class='ocrx_word' id='word_1_1' title='bbox 202 482 365 541; x_wconf 77' lang='lat' dir='ltr'><strong>uss</strong></span> <span class='ocrx_word' id='word_1_2' title='bbox 818 521 824 526; x_wconf 85' lang='lat'><strong>.</strong></span> <span class='ocrx_word' id='word_1_3' title='bbox 1241 477 1512 554; x_wconf 16' lang='lat' dir='ltr'><strong>cLo‘sss</strong></span> <span class='ocrx_word' id='word_1_4' title='bbox 1547 474 1944 537; x_wconf 79' lang='lat' dir='ltr'><strong>ORDINARIA.</strong></span> <span class='ocrx_word' id='word_1_5' title='bbox 1984 504 2054 517; x_wconf 91' lang='grc'><strong><em>-</em></strong></span> <span class='ocrx_word' id='word_1_6' title='bbox 2086 472 2217 534; x_wconf 83' lang='lat' dir='ltr'><strong>LIB.</strong></span> <span class='ocrx_word' id='word_1_7' title='bbox 2253 469 2471 530; x_wconf 65' lang='grc' dir='ltr'><strong>ηοω.</strong></span> <span class='ocrx_word' id='word_1_8' title='bbox 3323 437 3462 534; x_wconf 70' lang='lat' dir='ltr'><strong>uss</strong></span> 
     </span>
    </p>
   </div>
   <div class='ocr_carea' id='block_1_2' title="bbox 205 591 3465 673">
    <p class='ocr_par' dir='ltr' id='par_1_2' title="bbox 205 591 3465 673">
     <span class='ocr_line' id='line_1_2' title="bbox 205 591 3465 673; baseline -0.002 -13"><span class='ocrx_word' id='word_1_9' title='bbox 205 599 1004 673; x_wconf 84' lang='lat' dir='ltr'><strong>estsapientia,etc.,usque&#39;ad</strong></span> <span class='ocrx_word' id='word_1_10' title='bbox 1021 599 1132 672; x_wconf 91' lang='lat' dir='ltr'><strong>ipsa</strong></span> <span class='ocrx_word' id='word_1_11' title='bbox 1155 597 1210 654; x_wconf 93' lang='lat' dir='ltr'><strong>in</strong></span> <span class='ocrx_word' id='word_1_12' title='bbox 1227 596 1406 654; x_wconf 83' lang='lat' dir='ltr'><strong>futuro</strong></span> <span class='ocrx_word' id='word_1_13' title='bbox 1425 595 1791 654; x_wconf 78' lang='lat' dir='ltr'><strong>remuneratio</strong></span> <span class='ocrx_word' id='word_1_14' title='bbox 1817 598 1869 660; x_wconf 76' lang='grc' dir='ltr'>Α</span> <span class='ocrx_word' id='word_1_15' title='bbox 1895 594 2061 648; x_wconf 81' lang='lat' dir='ltr'><strong>calori</strong></span> <span class='ocrx_word' id='word_1_16' title='bbox 2089 605 2262 648; x_wconf 87' lang='lat' dir='ltr'><strong>autem</strong></span> <span class='ocrx_word' id='word_1_17' title='bbox 2291 592 2432 648; x_wconf 86' lang='lat' dir='ltr'><strong>dedit</strong></span> <span class='ocrx_word' id='word_1_18' title='bbox 2460 591 2787 664; x_wconf 78' lang='lat' dir='ltr'><strong>afﬂictionem</strong></span> <span class='ocrx_word' id='word_1_19' title='bbox 2837 598 2888 648; x_wconf 88' lang='lat' dir='ltr'><strong>et</strong></span> <span class='ocrx_word' id='word_1_20' title='bbox 2914 608 3096 650; x_wconf 88' lang='lat' dir='ltr'><strong>curam</strong></span> <span class='ocrx_word' id='word_1_21' title='bbox 3146 596 3465 667; x_wconf 83' lang='lat' dir='ltr'><strong>super/luam</strong></span> 
     </span>
    </p>
   </div>
   <div class='ocr_carea' id='block_1_3' title="bbox 205 682 2212 762">
    <p class='ocr_par' dir='ltr' id='par_1_3' title="bbox 205 682 2212 762">
     <span class='ocr_line' id='line_1_3' title="bbox 205 682 2212 762; baseline -0.008 -10"><span class='ocrx_word' id='word_1_22' title='bbox 205 695 364 760; x_wconf 85' lang='lat' dir='ltr'><strong>erit;</strong></span> <span class='ocrx_word' id='word_1_23' title='bbox 396 691 536 748; x_wconf 91' lang='lat' dir='ltr'><strong>unde</strong></span> <span class='ocrx_word' id='word_1_24' title='bbox 565 709 580 747; x_wconf 88' lang='lat'><strong>:</strong></span> <span class='ocrx_word' id='word_1_25' title='bbox 608 691 928 762; x_wconf 82' lang='lat' dir='ltr'><strong>Adimplebis</strong></span> <span class='ocrx_word' id='word_1_26' title='bbox 975 709 1055 746; x_wconf 90' lang='lat' dir='ltr'><strong>me</strong></span> <span class='ocrx_word' id='word_1_27' title='bbox 1097 691 1282 746; x_wconf 72' lang='lat' dir='ltr'><strong>lietitia</strong></span> <span class='ocrx_word' id='word_1_28' title='bbox 1329 707 1448 744; x_wconf 90' lang='lat' dir='ltr'><strong>cum</strong></span> <span class='ocrx_word' id='word_1_29' title='bbox 1496 687 1644 744; x_wconf 87' lang='lat' dir='ltr'><strong>vultu</strong></span> <span class='ocrx_word' id='word_1_30' title='bbox 1682 698 1792 754; x_wconf 91' lang='lat' dir='ltr'><strong>tuo,</strong></span> <span class='ocrx_word' id='word_1_31' title='bbox 1897 682 2097 757; x_wconf 87' lang='lat' dir='ltr'><strong>(Eccle.</strong></span> <span class='ocrx_word' id='word_1_32' title='bbox 2130 683 2212 755; x_wconf 93' lang='grc' dir='ltr'>ιι).</span> 
     </span>
    </p>
   </div>
   <div class='ocr_carea' id='block_1_4' title="bbox 207 773 3460 854">
    <p class='ocr_par' dir='ltr' id='par_1_4' title="bbox 207 773 3460 854">
     <span class='ocr_line' id='line_1_4' title="bbox 207 773 3460 854; baseline -0.002 -14"><span class='ocrx_word' id='word_1_33' title='bbox 207 783 593 840; x_wconf 78' lang='lat' dir='ltr'><strong>delectationes</strong></span> <span class='ocrx_word' id='word_1_34' title='bbox 619 784 673 840; x_wconf 92' lang='lat' dir='ltr'><strong>in</strong></span> <span class='ocrx_word' id='word_1_35' title='bbox 699 783 913 838; x_wconf 72' lang='lat' dir='ltr'><strong>dextera</strong></span> <span class='ocrx_word' id='word_1_36' title='bbox 935 792 1026 837; x_wconf 89' lang='lat' dir='ltr'><strong>tua</strong></span> <span class='ocrx_word' id='word_1_37' title='bbox 1057 781 1229 854; x_wconf 89' lang='lat' dir='ltr'><strong>(Psal.</strong></span> <span class='ocrx_word' id='word_1_38' title='bbox 1253 779 1365 853; x_wconf 84' lang='lat' dir='ltr'><strong>xv),</strong></span> <span class='ocrx_word' id='word_1_39' title='bbox 1395 789 1500 836; x_wconf 90' lang='lat' dir='ltr'><strong>etc.</strong></span> <span class='ocrx_word' id='word_1_40' title='bbox 1965 775 2128 831; x_wconf 70' lang='lat' dir='ltr'><strong>Vens.</strong></span> <span class='ocrx_word' id='word_1_41' title='bbox 2167 775 2256 830; x_wconf 81' lang='grc'><strong>56.</strong></span> <span class='ocrx_word' id='word_1_42' title='bbox 2291 805 2361 816; x_wconf 91' lang='grc'><strong><em>-</em></strong></span> <span class='ocrx_word' id='word_1_43' title='bbox 2409 773 2619 846; x_wconf 89' lang='lat' dir='ltr'><strong>Duplici</strong></span> <span class='ocrx_word' id='word_1_44' title='bbox 2652 773 2826 828; x_wconf 89' lang='lat' dir='ltr'><strong>corde.</strong></span> <span class='ocrx_word' id='word_1_45' title='bbox 2873 775 2969 830; x_wconf 90' lang='lat' dir='ltr'><strong>Vir</strong></span> <span class='ocrx_word' id='word_1_46' title='bbox 3015 775 3212 846; x_wconf 81' lang='lat' dir='ltr'><strong>duplex</strong></span> <span class='ocrx_word' id='word_1_47' title='bbox 3258 777 3460 843; x_wconf 90' lang='lat' dir='ltr'><strong>animo,</strong></span> 
     </span>
    </p>
   </div>
   <div class='ocr_carea' id='block_1_5' title="bbox 293 863 3461 946">
    <p class='ocr_par' dir='ltr' id='par_1_5' title="bbox 293 863 3461 946">
     <span class='ocr_line' id='line_1_5' title="bbox 293 863 3461 946; baseline 0 -24"><span class='ocrx_word' id='word_1_48' title='bbox 293 878 463 936; x_wconf 65' lang='grc' dir='ltr'><strong>γεκε,</strong></span> <span class='ocrx_word' id='word_1_49' title='bbox 499 881 584 934; x_wconf 67' lang='grc'><strong>17,</strong></span> <span class='ocrx_word' id='word_1_50' title='bbox 634 909 702 920; x_wconf 92' lang='lat'><em>_</em></span> <span class='ocrx_word' id='word_1_51' title='bbox 733 879 910 934; x_wconf 73' lang='grc' dir='ltr'><strong>Τεηιον</strong></span> <span class='ocrx_word' id='word_1_52' title='bbox 934 878 1167 934; x_wconf 70' lang='lat' dir='ltr'><strong>Domini,</strong></span> <span class='ocrx_word' id='word_1_53' title='bbox 1203 876 1331 934; x_wconf 77' lang='lat' dir='ltr'><strong>Sine</strong></span> <span class='ocrx_word' id='word_1_54' title='bbox 1365 878 1558 935; x_wconf 65' lang='lat' dir='ltr'><strong>timore</strong></span> <span class='ocrx_word' id='word_1_55' title='bbox 1585 877 1708 946; x_wconf 69' lang='lat' dir='ltr'><strong>Dei,</strong></span> <span class='ocrx_word' id='word_1_56' title='bbox 1744 883 1800 932; x_wconf 69' lang='lat' dir='ltr'><strong>ei</strong></span> <span class='ocrx_word' id='word_1_57' title='bbox 1897 866 2207 923; x_wconf 75' lang='lat' dir='ltr'><strong>inconstans</strong></span> <span class='ocrx_word' id='word_1_58' title='bbox 2232 873 2314 920; x_wconf 88' lang='lat' dir='ltr'><strong>est</strong></span> <span class='ocrx_word' id='word_1_59' title='bbox 2342 865 2395 920; x_wconf 91' lang='lat' dir='ltr'><strong>in</strong></span> <span class='ocrx_word' id='word_1_60' title='bbox 2423 865 2670 920; x_wconf 90' lang='lat' dir='ltr'><strong>omnibus</strong></span> <span class='ocrx_word' id='word_1_61' title='bbox 2693 863 2795 918; x_wconf 89' lang='lat' dir='ltr'><strong>viis</strong></span> <span class='ocrx_word' id='word_1_62' title='bbox 2822 864 2954 931; x_wconf 86' lang='lat' dir='ltr'><strong>suis,</strong></span> <span class='ocrx_word' id='word_1_63' title='bbox 2979 865 3071 935; x_wconf 87' lang='lat' dir='ltr'><strong>qui</strong></span> <span class='ocrx_word' id='word_1_64' title='bbox 3111 865 3323 922; x_wconf 84' lang='lat' dir='ltr'><strong>scilicet</strong></span> <span class='ocrx_word' id='word_1_65' title='bbox 3345 867 3461 922; x_wconf 85' lang='lat' dir='ltr'><strong>vult</strong></span> 
     </span>
    </p>
   </div>
   <div class='ocr_carea' id='block_1_6' title="bbox 211 971 1793 1044">
    <p class='ocr_par' dir='ltr' id='par_1_6' title="bbox 211 971 1793 1044">
     <span class='ocr_line' id='line_1_6' title="bbox 211 971 1793 1044; baseline -0.004 -13"><span class='ocrx_word' id='word_1_66' title='bbox 211 974 606 1031; x_wconf 74' lang='lat' dir='ltr'><strong>observatione</strong></span> <span class='ocrx_word' id='word_1_67' title='bbox 653 973 1028 1029; x_wconf 83' lang='lat' dir='ltr'><strong>mandatorum</strong></span> <span class='ocrx_word' id='word_1_68' title='bbox 1071 973 1207 1044; x_wconf 86' lang='lat' dir='ltr'><strong>ejus,</strong></span> <span class='ocrx_word' id='word_1_69' title='bbox 1259 971 1403 1028; x_wconf 92' lang='lat' dir='ltr'><strong>nulla</strong></span> <span class='ocrx_word' id='word_1_70' title='bbox 1447 971 1638 1044; x_wconf 83' lang='lat' dir='ltr'><strong>religio</strong></span> <span class='ocrx_word' id='word_1_71' title='bbox 1680 978 1793 1037; x_wconf 90' lang='lat' dir='ltr'><strong>est;</strong></span> 
     </span>
    </p>
   </div>
   <div class='ocr_carea' id='block_1_7' title="bbox 214 1063 1798 1138">
    <p class='ocr_par' dir='ltr' id='par_1_7' title="bbox 214 1063 1798 1138">
     <span class='ocr_line' id='line_1_7' title="bbox 214 1063 1798 1138; baseline -0.003 -15"><span class='ocrx_word' id='word_1_72' title='bbox 214 1067 375 1123; x_wconf 75' lang='lat' dir='ltr'><strong>unde</strong></span> <span class='ocrx_word' id='word_1_73' title='bbox 395 1085 408 1121; x_wconf 89' lang='lat'><strong>:</strong></span> <span class='ocrx_word' id='word_1_74' title='bbox 431 1065 492 1122; x_wconf 91' lang='lat' dir='ltr'><strong>Si</strong></span> <span class='ocrx_word' id='word_1_75' title='bbox 513 1066 627 1138; x_wconf 87' lang='lat' dir='ltr'><strong>quis</strong></span> <span class='ocrx_word' id='word_1_76' title='bbox 649 1073 796 1137; x_wconf 84' lang='lat' dir='ltr'><strong>putat</strong></span> <span class='ocrx_word' id='word_1_77' title='bbox 827 1081 882 1120; x_wconf 92' lang='lat' dir='ltr'><strong>se</strong></span> <span class='ocrx_word' id='word_1_78' title='bbox 910 1065 1209 1136; x_wconf 88' lang='lat' dir='ltr'><strong>religiosum</strong></span> <span class='ocrx_word' id='word_1_79' title='bbox 1235 1081 1364 1130; x_wconf 84' lang='lat' dir='ltr'><strong>esse,</strong></span> <span class='ocrx_word' id='word_1_80' title='bbox 1396 1081 1502 1119; x_wconf 90' lang='lat' dir='ltr'><strong>non</strong></span> <span class='ocrx_word' id='word_1_81' title='bbox 1531 1063 1798 1134; x_wconf 81' lang='lat' dir='ltr'><strong>refrenans</strong></span> 
     </span>
    </p>
   </div>
   <div class='ocr_carea' id='block_1_8' title="bbox 216 1151 1799 1226">
    <p class='ocr_par' dir='ltr' id='par_1_8' title="bbox 216 1151 1799 1226">
     <span class='ocr_line' id='line_1_8' title="bbox 216 1151 1799 1226; baseline 0.001 -17"><span class='ocrx_word' id='word_1_82' title='bbox 216 1151 464 1226; x_wconf 79' lang='lat' dir='ltr'><strong>linguam</strong></span> <span class='ocrx_word' id='word_1_83' title='bbox 490 1171 664 1223; x_wconf 89' lang='lat' dir='ltr'><strong>suam,</strong></span> <span class='ocrx_word' id='word_1_84' title='bbox 691 1154 780 1210; x_wconf 82' lang='lat' dir='ltr'><strong>sed</strong></span> <span class='ocrx_word' id='word_1_85' title='bbox 801 1154 1049 1210; x_wconf 87' lang='lat' dir='ltr'><strong>seducens</strong></span> <span class='ocrx_word' id='word_1_86' title='bbox 1076 1171 1167 1209; x_wconf 90' lang='lat' dir='ltr'><strong>cor</strong></span> <span class='ocrx_word' id='word_1_87' title='bbox 1193 1171 1364 1220; x_wconf 85' lang='lat' dir='ltr'><strong>suum,</strong></span> <span class='ocrx_word' id='word_1_88' title='bbox 1389 1153 1547 1225; x_wconf 86' lang='lat' dir='ltr'><strong>hujus</strong></span> <span class='ocrx_word' id='word_1_89' title='bbox 1570 1171 1702 1209; x_wconf 90' lang='lat' dir='ltr'><strong>vana</strong></span> <span class='ocrx_word' id='word_1_90' title='bbox 1726 1162 1799 1210; x_wconf 87' lang='lat' dir='ltr'><strong>est</strong></span> 
     </span>
    </p>
   </div>
   <div class='ocr_carea' id='block_1_9' title="bbox 219 1244 668 1319">
    <p class='ocr_par' dir='ltr' id='par_1_9' title="bbox 219 1244 668 1319">
     <span class='ocr_line' id='line_1_9' title="bbox 219 1244 668 1319; baseline -0.004 -19"><span class='ocrx_word' id='word_1_91' title='bbox 219 1245 411 1317; x_wconf 78' lang='lat' dir='ltr'><strong>religio</strong></span> <span class='ocrx_word' id='word_1_92' title='bbox 442 1244 498 1319; x_wconf 79' lang='grc' dir='ltr'><strong>(Ι</strong></span> <span class='ocrx_word' id='word_1_93' title='bbox 501 1263 583 1301; x_wconf 94' lang='lat' dir='ltr'><strong>ac.</strong></span> <span class='ocrx_word' id='word_1_94' title='bbox 607 1247 668 1317; x_wconf 91' lang='grc' dir='ltr'><strong>ι).</strong></span> 
     </span>
    </p>
   </div>
   <div class='ocr_carea' id='block_1_10' title="bbox 298 1334 1803 1404">
    <p class='ocr_par' dir='ltr' id='par_1_10' title="bbox 298 1334 1803 1404">
     <span class='ocr_line' id='line_1_10' title="bbox 298 1334 1803 1404; baseline -0.001 -12"><span class='ocrx_word' id='word_1_95' title='bbox 298 1334 466 1392; x_wconf 68' lang='lat' dir='ltr'><strong>Vens.</strong></span> <span class='ocrx_word' id='word_1_96' title='bbox 496 1336 582 1392; x_wconf 80' lang='grc'><strong>19.</strong></span> <span class='ocrx_word' id='word_1_97' title='bbox 621 1366 693 1376; x_wconf 89' lang='grc'><strong><em>-</em></strong></span> <span class='ocrx_word' id='word_1_98' title='bbox 743 1335 966 1391; x_wconf 87' lang='lat' dir='ltr'><strong>Timenti</strong></span> <span class='ocrx_word' id='word_1_99' title='bbox 997 1334 1300 1390; x_wconf 87' lang='lat' dir='ltr'><strong>Dominum.</strong></span> <span class='ocrx_word' id='word_1_100' title='bbox 1337 1335 1440 1404; x_wconf 85' lang='lat' dir='ltr'><strong>Qui</strong></span> <span class='ocrx_word' id='word_1_101' title='bbox 1488 1336 1694 1392; x_wconf 75' lang='lat' dir='ltr'><strong>scilicet</strong></span> <span class='ocrx_word' id='word_1_102' title='bbox 1737 1336 1803 1390; x_wconf 89' lang='lat' dir='ltr'><strong>ti-</strong></span> 
     </span>
    </p>
   </div>
   <div class='ocr_carea' id='block_1_11' title="bbox 220 1427 1802 1502">
    <p class='ocr_par' dir='ltr' id='par_1_11' title="bbox 220 1427 1802 1502">
     <span class='ocr_line' id='line_1_11' title="bbox 220 1427 1802 1502; baseline -0.001 -17"><span class='ocrx_word' id='word_1_103' title='bbox 220 1444 387 1485; x_wconf 83' lang='lat' dir='ltr'><strong>more</strong></span> <span class='ocrx_word' id='word_1_104' title='bbox 411 1428 508 1484; x_wconf 87' lang='lat' dir='ltr'><strong>Dei</strong></span> <span class='ocrx_word' id='word_1_105' title='bbox 551 1429 605 1484; x_wconf 91' lang='lat' dir='ltr'><strong>in</strong></span> <span class='ocrx_word' id='word_1_106' title='bbox 631 1427 736 1485; x_wconf 78' lang='lat' dir='ltr'><strong>fide</strong></span> <span class='ocrx_word' id='word_1_107' title='bbox 772 1436 827 1484; x_wconf 90' lang='lat' dir='ltr'><strong>et</strong></span> <span class='ocrx_word' id='word_1_108' title='bbox 855 1429 1099 1484; x_wconf 86' lang='lat' dir='ltr'><strong>doctrina</strong></span> <span class='ocrx_word' id='word_1_109' title='bbox 1127 1435 1183 1484; x_wconf 84' lang='lat' dir='ltr'><strong>et</strong></span> <span class='ocrx_word' id='word_1_110' title='bbox 1221 1431 1536 1502; x_wconf 87' lang='lat' dir='ltr'><strong>operatione</strong></span> <span class='ocrx_word' id='word_1_111' title='bbox 1562 1428 1802 1502; x_wconf 88' lang='lat' dir='ltr'><strong>regulam</strong></span> 
     </span>
    </p>
   </div>
   <div class='ocr_carea' id='block_1_12' title="bbox 1897 958 3253 1036">
    <p class='ocr_par' dir='ltr' id='par_1_12' title="bbox 1897 958 3253 1036">
     <span class='ocr_line' id='line_1_12' title="bbox 1897 958 3253 1036; baseline 0.001 -22"><span class='ocrx_word' id='word_1_112' title='bbox 1897 960 2130 1036; x_wconf 82' lang='lat' dir='ltr'><strong>gaudere</strong></span> <span class='ocrx_word' id='word_1_113' title='bbox 2153 975 2276 1015; x_wconf 90' lang='lat' dir='ltr'><strong>cum</strong></span> <span class='ocrx_word' id='word_1_114' title='bbox 2302 958 2497 1015; x_wconf 63' lang='lat' dir='ltr'><strong>saeculo</strong></span> <span class='ocrx_word' id='word_1_115' title='bbox 2531 967 2586 1014; x_wconf 91' lang='lat' dir='ltr'><strong>et</strong></span> <span class='ocrx_word' id='word_1_116' title='bbox 2603 973 2832 1030; x_wconf 83' lang='lat' dir='ltr'><strong>regnare</strong></span> <span class='ocrx_word' id='word_1_117' title='bbox 2863 973 2986 1014; x_wconf 90' lang='lat' dir='ltr'><strong>eum</strong></span> <span class='ocrx_word' id='word_1_118' title='bbox 3015 958 3253 1015; x_wconf 85' lang='lat' dir='ltr'><strong>Christo.</strong></span> 
     </span>
    </p>
   </div>
   <div class='ocr_carea' id='block_1_13' title="bbox 1968 1046 3473 1120">
    <p class='ocr_par' dir='ltr' id='par_1_13' title="bbox 1968 1046 3473 1120">
     <span class='ocr_line' id='line_1_13' title="bbox 1968 1046 3473 1120; baseline 0.003 -16"><span class='ocrx_word' id='word_1_119' title='bbox 1968 1049 2131 1106; x_wconf 76' lang='lat' dir='ltr'><strong>Vens.</strong></span> <span class='ocrx_word' id='word_1_120' title='bbox 2162 1050 2251 1104; x_wconf 78' lang='lat'><strong>57.</strong></span> <span class='ocrx_word' id='word_1_121' title='bbox 2293 1079 2362 1089; x_wconf 89' lang='lat'>—</span> <span class='ocrx_word' id='word_1_122' title='bbox 2384 1046 2899 1120; x_wconf 81' lang='lat' dir='ltr'><strong>Hypocrita..Aliud</strong></span> <span class='ocrx_word' id='word_1_123' title='bbox 2925 1049 3087 1105; x_wconf 89' lang='lat' dir='ltr'><strong>corde</strong></span> <span class='ocrx_word' id='word_1_124' title='bbox 3135 1059 3376 1120; x_wconf 77' lang='lat' dir='ltr'><strong>gestans,</strong></span> <span class='ocrx_word' id='word_1_125' title='bbox 3415 1061 3473 1108; x_wconf 89' lang='lat' dir='ltr'><strong>et</strong></span> 
     </span>
    </p>
   </div>
   <div class='ocr_carea' id='block_1_14' title="bbox 1898 1139 3472 1213">
    <p class='ocr_par' dir='ltr' id='par_1_14' title="bbox 1898 1139 3472 1213">
     <span class='ocr_line' id='line_1_14' title="bbox 1898 1139 3472 1213; baseline 0.001 -16"><span class='ocrx_word' id='word_1_126' title='bbox 1898 1141 2045 1198; x_wconf 86' lang='lat' dir='ltr'><strong>aliud</strong></span> <span class='ocrx_word' id='word_1_127' title='bbox 2089 1155 2254 1212; x_wconf 89' lang='lat' dir='ltr'><strong>opere</strong></span> <span class='ocrx_word' id='word_1_128' title='bbox 2305 1148 2635 1197; x_wconf 90' lang='lat' dir='ltr'><strong>monstrans.</strong></span> <span class='ocrx_word' id='word_1_129' title='bbox 2692 1139 2890 1196; x_wconf 90' lang='lat' dir='ltr'><strong>Unde:</strong></span> <span class='ocrx_word' id='word_1_130' title='bbox 2923 1141 3188 1196; x_wconf 84' lang='lat' dir='ltr'><strong>Attendite</strong></span> <span class='ocrx_word' id='word_1_131' title='bbox 3232 1161 3263 1197; x_wconf 92' lang='lat' dir='ltr'><strong>a</strong></span> <span class='ocrx_word' id='word_1_132' title='bbox 3319 1143 3472 1213; x_wconf 74' lang='lat' dir='ltr'><strong>falsis</strong></span> 
     </span>
    </p>
   </div>
   <div class='ocr_carea' id='block_1_15' title="bbox 1897 1233 3476 1305">
    <p class='ocr_par' dir='ltr' id='par_1_15' title="bbox 1897 1233 3476 1305">
     <span class='ocr_line' id='line_1_15' title="bbox 1897 1233 3476 1305; baseline 0.005 -18"><span class='ocrx_word' id='word_1_133' title='bbox 1897 1233 2177 1305; x_wconf 89' lang='lat' dir='ltr'><strong>prophetis,</strong></span> <span class='ocrx_word' id='word_1_134' title='bbox 2207 1235 2296 1305; x_wconf 86' lang='lat' dir='ltr'><strong>qui</strong></span> <span class='ocrx_word' id='word_1_135' title='bbox 2343 1233 2550 1289; x_wconf 88' lang='lat' dir='ltr'><strong>veniunt</strong></span> <span class='ocrx_word' id='word_1_136' title='bbox 2599 1233 2668 1288; x_wconf 88' lang='lat' dir='ltr'><strong>ad</strong></span> <span class='ocrx_word' id='word_1_137' title='bbox 2707 1250 2795 1290; x_wconf 88' lang='lat' dir='ltr'><strong>vos</strong></span> <span class='ocrx_word' id='word_1_138' title='bbox 2845 1234 2901 1288; x_wconf 88' lang='lat' dir='ltr'><strong>in</strong></span> <span class='ocrx_word' id='word_1_139' title='bbox 2943 1236 3258 1292; x_wconf 88' lang='lat' dir='ltr'><strong>vestimentis</strong></span> <span class='ocrx_word' id='word_1_140' title='bbox 3300 1237 3476 1296; x_wconf 77' lang='lat' dir='ltr'><strong>ovium</strong></span> 
     </span>
    </p>
   </div>
   <div class='ocr_carea' id='block_1_16' title="bbox 1902 1323 2280 1400">
    <p class='ocr_par' dir='ltr' id='par_1_16' title="bbox 1902 1323 2280 1400">
     <span class='ocr_line' id='line_1_16' title="bbox 1902 1323 2280 1400; baseline 0.003 -23"><span class='ocrx_word' id='word_1_141' title='bbox 1902 1323 2119 1400; x_wconf 79' lang='lat' dir='ltr'><strong>(Matth.</strong></span> <span class='ocrx_word' id='word_1_142' title='bbox 2159 1324 2280 1396; x_wconf 86' lang='lat' dir='ltr'><strong>vn).</strong></span> 
     </span>
    </p>
   </div>
   <div class='ocr_carea' id='block_1_17' title="bbox 1973 1412 3470 1485">
    <p class='ocr_par' dir='ltr' id='par_1_17' title="bbox 1973 1412 3470 1485">
     <span class='ocr_line' id='line_1_17' title="bbox 1973 1412 3470 1485; baseline 0 -15"><span class='ocrx_word' id='word_1_143' title='bbox 1973 1414 2137 1470; x_wconf 78' lang='lat' dir='ltr'><strong>Vens.</strong></span> <span class='ocrx_word' id='word_1_144' title='bbox 2164 1413 2252 1470; x_wconf 77' lang='lat'><strong>58.</strong></span> <span class='ocrx_word' id='word_1_145' title='bbox 2285 1443 2356 1453; x_wconf 91' lang='lat'><strong>—</strong></span> <span class='ocrx_word' id='word_1_146' title='bbox 2374 1412 2594 1468; x_wconf 79' lang='lat' dir='ltr'><strong>Attende</strong></span> <span class='ocrx_word' id='word_1_147' title='bbox 2623 1413 2678 1468; x_wconf 91' lang='lat' dir='ltr'><strong>in</strong></span> <span class='ocrx_word' id='word_1_148' title='bbox 2695 1413 2832 1480; x_wconf 83' lang='lat' dir='ltr'><strong>&#39;illis,</strong></span> <span class='ocrx_word' id='word_1_149' title='bbox 2860 1420 2967 1470; x_wconf 87' lang='lat' dir='ltr'><strong>etc.</strong></span> <span class='ocrx_word' id='word_1_150' title='bbox 2999 1413 3336 1472; x_wconf 82' lang='lat' dir='ltr'><strong>Manifestum</strong></span> <span class='ocrx_word' id='word_1_151' title='bbox 3364 1423 3470 1485; x_wconf 82' lang='lat' dir='ltr'><strong>est,</strong></span> 
     </span>
    </p>
   </div>
   <div class='ocr_carea' id='block_1_18' title="bbox 1905 1505 3468 1580">
    <p class='ocr_par' dir='ltr' id='par_1_18' title="bbox 1905 1505 3468 1580">
     <span class='ocr_line' id='line_1_18' title="bbox 1905 1505 3468 1580; baseline 0.002 -20"><span class='ocrx_word' id='word_1_152' title='bbox 1905 1506 2051 1578; x_wconf 90' lang='lat' dir='ltr'><strong>quod</strong></span> <span class='ocrx_word' id='word_1_153' title='bbox 2090 1507 2184 1577; x_wconf 88' lang='lat' dir='ltr'><strong>qui</strong></span> <span class='ocrx_word' id='word_1_154' title='bbox 2225 1507 2467 1578; x_wconf 87' lang='lat' dir='ltr'><strong>sequitur</strong></span> <span class='ocrx_word' id='word_1_155' title='bbox 2500 1505 2800 1571; x_wconf 63' lang='lat' dir='ltr'><strong>haereticos,</strong></span> <span class='ocrx_word' id='word_1_156' title='bbox 2842 1506 3037 1562; x_wconf 61' lang='lat' dir='ltr'><strong>animai</strong></span> <span class='ocrx_word' id='word_1_157' title='bbox 3081 1522 3191 1563; x_wconf 68' lang='lat' dir='ltr'><strong>sua:</strong></span> <span class='ocrx_word' id='word_1_158' title='bbox 3237 1509 3468 1580; x_wconf 87' lang='lat' dir='ltr'><strong>acquirit</strong></span> 
     </span>
    </p>
   </div>
   <div class='ocr_carea' id='block_1_19' title="bbox 1904 1596 3472 1669">
    <p class='ocr_par' dir='ltr' id='par_1_19' title="bbox 1904 1596 3472 1669">
     <span class='ocr_line' id='line_1_19' title="bbox 1904 1596 3472 1669; baseline 0 -17"><span class='ocrx_word' id='word_1_159' title='bbox 1904 1596 2332 1664; x_wconf 87' lang='lat' dir='ltr'><strong>damnationem,</strong></span> <span class='ocrx_word' id='word_1_160' title='bbox 2365 1597 2489 1668; x_wconf 88' lang='lat' dir='ltr'><strong>quia</strong></span> <span class='ocrx_word' id='word_1_161' title='bbox 2529 1597 2586 1651; x_wconf 90' lang='lat' dir='ltr'><strong>in</strong></span> <span class='ocrx_word' id='word_1_162' title='bbox 2609 1596 2812 1669; x_wconf 88' lang='lat' dir='ltr'><strong>judicio</strong></span> <span class='ocrx_word' id='word_1_163' title='bbox 2850 1597 3228 1653; x_wconf 87' lang='lat' dir='ltr'><strong>revetabuntur</strong></span> <span class='ocrx_word' id='word_1_164' title='bbox 3258 1597 3472 1654; x_wconf 77' lang='lat' dir='ltr'><strong>occulta</strong></span> 
     </span>
    </p>
   </div>
   <div class='ocr_carea' id='block_1_20' title="bbox 227 1686 1817 1772">
    <p class='ocr_par' dir='ltr' id='par_1_20' title="bbox 227 1689 1808 1772">
     <span class='ocr_line' id='line_1_20' title="bbox 227 1689 1808 1772; baseline -0.001 -14"><span class='ocrx_word' id='word_1_165' title='bbox 227 1709 361 1758; x_wconf 86' lang='lat' dir='ltr'><strong>sunt</strong></span> <span class='ocrx_word' id='word_1_166' title='bbox 387 1702 589 1767; x_wconf 86' lang='lat' dir='ltr'><strong>omnia,</strong></span> <span class='ocrx_word' id='word_1_167' title='bbox 620 1699 909 1771; x_wconf 89' lang='lat' dir='ltr'><strong>unicuique</strong></span> <span class='ocrx_word' id='word_1_168' title='bbox 937 1689 1471 1772; x_wconf 67' lang='lat' dir='ltr'><strong>consenaf‘dignam</strong></span> <span class='ocrx_word' id='word_1_169' title='bbox 1498 1700 1808 1757; x_wconf 87' lang='lat' dir='ltr'><strong>retributio-</strong></span> 
     </span>
    </p>
   </div>
   <div class='ocr_carea' id='block_1_21' title="bbox 1919 1686 3474 1772">
    <p class='ocr_par' dir='ltr' id='par_1_21' title="bbox 1919 1686 3474 1760">
     <span class='ocr_line' id='line_1_21' title="bbox 1919 1686 3474 1760; baseline 0.001 -18"><span class='ocrx_word' id='word_1_170' title='bbox 1919 1686 2180 1754; x_wconf 77' lang='lat' dir='ltr'><strong>sordium,</strong></span> <span class='ocrx_word' id='word_1_171' title='bbox 2230 1695 2288 1742; x_wconf 84' lang='lat' dir='ltr'><strong>et</strong></span> <span class='ocrx_word' id='word_1_172' title='bbox 2333 1687 2589 1743; x_wconf 89' lang='lat' dir='ltr'><strong>reddetur</strong></span> <span class='ocrx_word' id='word_1_173' title='bbox 2629 1688 2918 1759; x_wconf 85' lang='lat' dir='ltr'><strong>unicuique</strong></span> <span class='ocrx_word' id='word_1_174' title='bbox 2963 1688 3474 1760; x_wconf 41' lang='lat' dir='ltr'><strong>secundum&#39;opera</strong></span> 
     </span>
    </p>
   </div>
   <div class='ocr_carea' id='block_1_22' title="bbox 229 1776 3480 1850">
    <p class='ocr_par' dir='ltr' id='par_1_22' title="bbox 229 1776 3480 1850">
     <span class='ocr_line' id='line_1_22' title="bbox 229 1776 3480 1850; baseline -0.004 -1"><span class='ocrx_word' id='word_1_175' title='bbox 229 1808 382 1849; x_wconf 86' lang='lat' dir='ltr'><strong>nem.</strong></span> <span class='ocrx_word' id='word_1_176' title='bbox 1905 1791 2026 1844; x_wconf 88' lang='lat' dir='ltr'><strong>sua,</strong></span> <span class='ocrx_word' id='word_1_177' title='bbox 2053 1776 2327 1848; x_wconf 87' lang='lat' dir='ltr'><strong>Disperdet</strong></span> <span class='ocrx_word' id='word_1_178' title='bbox 2354 1777 2491 1832; x_wconf 89' lang='lat' dir='ltr'><strong>enim</strong></span> <span class='ocrx_word' id='word_1_179' title='bbox 2517 1777 2660 1833; x_wconf 89' lang='lat' dir='ltr'><strong>Deus</strong></span> <span class='ocrx_word' id='word_1_180' title='bbox 2690 1795 2867 1833; x_wconf 86' lang='lat' dir='ltr'><strong>omnes</strong></span> <span class='ocrx_word' id='word_1_181' title='bbox 2894 1780 2982 1850; x_wconf 89' lang='lat' dir='ltr'><strong>qui</strong></span> <span class='ocrx_word' id='word_1_182' title='bbox 3026 1778 3311 1850; x_wconf 89' lang='lat' dir='ltr'><strong>loquuntur</strong></span> <span class='ocrx_word' id='word_1_183' title='bbox 3334 1797 3480 1836; x_wconf 88' lang='lat' dir='ltr'><strong>men-</strong></span> 
     </span>
    </p>
   </div>
   <div class='ocr_carea' id='block_1_23' title="bbox 304 1863 1817 1958">
    <p class='ocr_par' dir='ltr' id='par_1_23' title="bbox 304 1885 1812 1958">
     <span class='ocr_line' id='line_1_23' title="bbox 304 1885 1812 1958; baseline -0.001 -14"><span class='ocrx_word' id='word_1_184' title='bbox 304 1888 470 1945; x_wconf 77' lang='lat' dir='ltr'><strong>Vnns.</strong></span> <span class='ocrx_word' id='word_1_185' title='bbox 495 1887 586 1942; x_wconf 72' lang='lat'><strong>25.</strong></span> <span class='ocrx_word' id='word_1_186' title='bbox 602 1918 674 1928; x_wconf 93' lang='lat'><strong><em>—</em></strong></span> <span class='ocrx_word' id='word_1_187' title='bbox 688 1886 866 1942; x_wconf 85' lang='lat' dir='ltr'><strong>Rami.</strong></span> <span class='ocrx_word' id='word_1_188' title='bbox 897 1885 1004 1944; x_wconf 90' lang='lat' dir='ltr'><strong>Per</strong></span> <span class='ocrx_word' id='word_1_189' title='bbox 1023 1885 1368 1958; x_wconf 86' lang='lat' dir='ltr'><strong>sapientiam,</strong></span> <span class='ocrx_word' id='word_1_190' title='bbox 1387 1886 1626 1943; x_wconf 88' lang='lat' dir='ltr'><strong>divinam</strong></span> <span class='ocrx_word' id='word_1_191' title='bbox 1646 1887 1812 1943; x_wconf 86' lang='lat' dir='ltr'><strong>habet</strong></span> 
     </span>
    </p>
   </div>
   <div class='ocr_carea' id='block_1_24' title="bbox 1919 1863 3485 1958">
    <p class='ocr_par' dir='ltr' id='par_1_24' title="bbox 1919 1863 3485 1943">
     <span class='ocr_line' id='line_1_24' title="bbox 1919 1863 3485 1943; baseline 0.005 -25"><span class='ocrx_word' id='word_1_192' title='bbox 1919 1865 2118 1920; x_wconf 75' lang='lat' dir='ltr'><strong>dacium</strong></span> <span class='ocrx_word' id='word_1_193' title='bbox 2145 1863 2318 1938; x_wconf 87' lang='lat' dir='ltr'><strong>(Psal.</strong></span> <span class='ocrx_word' id='word_1_194' title='bbox 2366 1865 2503 1938; x_wconf 76' lang='grc' dir='ltr'>ιιι).</span> <span class='ocrx_word' id='word_1_195' title='bbox 2535 1865 2636 1934; x_wconf 87' lang='lat' dir='ltr'><strong>Qui</strong></span> <span class='ocrx_word' id='word_1_196' title='bbox 2665 1867 3008 1923; x_wconf 89' lang='lat' dir='ltr'><strong>abominatur</strong></span> <span class='ocrx_word' id='word_1_197' title='bbox 3047 1870 3225 1924; x_wconf 90' lang='lat' dir='ltr'><strong>virum</strong></span> <span class='ocrx_word' id='word_1_198' title='bbox 3269 1870 3485 1943; x_wconf 86' lang='lat' dir='ltr'><strong>sangui-</strong></span> 
     </span>
    </p>
   </div>
   <div class='ocr_carea' id='block_1_25' title="bbox 228 1957 3483 2047">
    <p class='ocr_par' dir='ltr' id='par_1_25' title="bbox 228 1957 3483 2047">
     <span class='ocr_line' id='line_1_25' title="bbox 228 1957 3483 2047; baseline -0.002 -9"><span class='ocrx_word' id='word_1_199' title='bbox 228 1981 398 2038; x_wconf 90' lang='lat' dir='ltr'><strong>homo</strong></span> <span class='ocrx_word' id='word_1_200' title='bbox 427 1980 706 2037; x_wconf 84' lang='lat' dir='ltr'><strong>scientiam</strong></span> <span class='ocrx_word' id='word_1_201' title='bbox 755 1979 961 2036; x_wconf 86' lang='lat' dir='ltr'><strong>vitandi</strong></span> <span class='ocrx_word' id='word_1_202' title='bbox 995 1957 1216 2047; x_wconf 87' lang='lat' dir='ltr'><strong>malum,</strong></span> <span class='ocrx_word' id='word_1_203' title='bbox 1262 1989 1317 2036; x_wconf 92' lang='lat' dir='ltr'><strong>et</strong></span> <span class='ocrx_word' id='word_1_204' title='bbox 1353 1981 1686 2037; x_wconf 91' lang='lat' dir='ltr'><strong>intellectum</strong></span> <span class='ocrx_word' id='word_1_205' title='bbox 1720 1980 1806 2036; x_wconf 81' lang='lat' dir='ltr'><strong>fa-</strong></span> <span class='ocrx_word' id='word_1_206' title='bbox 1835 1970 1882 2032; x_wconf 90' lang='lat' dir='ltr'><strong>B</strong></span> <span class='ocrx_word' id='word_1_207' title='bbox 1909 1973 2037 2012; x_wconf 74' lang='lat' dir='ltr'><strong>num</strong></span> <span class='ocrx_word' id='word_1_208' title='bbox 2069 1966 2124 2013; x_wconf 72' lang='grc' dir='ltr'>θι</span> <span class='ocrx_word' id='word_1_209' title='bbox 2148 1957 2419 2024; x_wconf 69' lang='grc' dir='ltr'><strong>ἀ⁰¹⁰⁵ι¹ωἲ</strong></span> <span class='ocrx_word' id='word_1_210' title='bbox 2443 1957 2620 2013; x_wconf 55' lang='lat' dir='ltr'><strong>unde:</strong></span> <span class='ocrx_word' id='word_1_211' title='bbox 2649 1957 2925 2014; x_wconf 70' lang='grc' dir='ltr'><strong>Αιιθηάίῑθ</strong></span> <span class='ocrx_word' id='word_1_212' title='bbox 2973 1974 3005 2014; x_wconf 75' lang='grc'><strong>³</strong></span> <span class='ocrx_word' id='word_1_213' title='bbox 3044 1958 3310 2018; x_wconf 54' lang='lat' dir='ltr'><strong>fermento</strong></span> <span class='ocrx_word' id='word_1_214' title='bbox 3341 1960 3483 2016; x_wconf 66' lang='lat' dir='ltr'><strong>Pha‘</strong></span> 
     </span>
    </p>
   </div>
   <div class='ocr_carea' id='block_1_26' title="bbox 229 2047 1817 2150">
    <p class='ocr_par' dir='ltr' id='par_1_26' title="bbox 229 2072 1808 2144">
     <span class='ocr_line' id='line_1_26' title="bbox 229 2072 1808 2144; baseline -0.001 -15"><span class='ocrx_word' id='word_1_215' title='bbox 229 2073 412 2130; x_wconf 89' lang='lat' dir='ltr'><strong>ciendi</strong></span> <span class='ocrx_word' id='word_1_216' title='bbox 437 2073 658 2138; x_wconf 91' lang='lat' dir='ltr'><strong>bonum,</strong></span> <span class='ocrx_word' id='word_1_217' title='bbox 698 2081 988 2144; x_wconf 90' lang='lat' dir='ltr'><strong>utrumque</strong></span> <span class='ocrx_word' id='word_1_218' title='bbox 1021 2072 1168 2128; x_wconf 90' lang='lat' dir='ltr'><strong>enim</strong></span> <span class='ocrx_word' id='word_1_219' title='bbox 1197 2073 1252 2128; x_wconf 91' lang='lat' dir='ltr'><strong>in</strong></span> <span class='ocrx_word' id='word_1_220' title='bbox 1287 2073 1530 2129; x_wconf 89' lang='lat' dir='ltr'><strong>auditore</strong></span> <span class='ocrx_word' id='word_1_221' title='bbox 1553 2080 1808 2143; x_wconf 88' lang='lat' dir='ltr'><strong>operatur</strong></span> 
     </span>
    </p>
   </div>
   <div class='ocr_carea' id='block_1_27' title="bbox 1919 2047 3488 2150">
    <p class='ocr_par' dir='ltr' id='par_1_27' title="bbox 1919 2047 3488 2120">
     <span class='ocr_line' id='line_1_27' title="bbox 1919 2047 3488 2120; baseline 0.001 -16"><span class='ocrx_word' id='word_1_222' title='bbox 1919 2049 2210 2115; x_wconf 64' lang='lat' dir='ltr'><strong>risaeorum,</strong></span> <span class='ocrx_word' id='word_1_223' title='bbox 2238 2047 2380 2118; x_wconf 85' lang='lat' dir='ltr'><strong>quod</strong></span> <span class='ocrx_word' id='word_1_224' title='bbox 2405 2055 2488 2104; x_wconf 88' lang='lat' dir='ltr'><strong>est</strong></span> <span class='ocrx_word' id='word_1_225' title='bbox 2510 2049 2928 2120; x_wconf 69' lang='lat' dir='ltr'><strong>hypocrisis.&#39;Et</strong></span> <span class='ocrx_word' id='word_1_226' title='bbox 2966 2047 3092 2107; x_wconf 82' lang='lat' dir='ltr'><strong>alibi</strong></span> <span class='ocrx_word' id='word_1_227' title='bbox 3119 2067 3134 2105; x_wconf 91' lang='lat'><strong>:</strong></span> <span class='ocrx_word' id='word_1_228' title='bbox 3169 2048 3350 2106; x_wconf 80' lang='lat' dir='ltr'><strong>Veniet</strong></span> <span class='ocrx_word' id='word_1_229' title='bbox 3379 2050 3488 2106; x_wconf 91' lang='lat' dir='ltr'><strong>Do-</strong></span> 
     </span>
    </p>
   </div>
   <div class='ocr_carea' id='block_1_28' title="bbox 232 2137 1817 2234">
    <p class='ocr_par' dir='ltr' id='par_1_28' title="bbox 232 2137 1808 2234">
     <span class='ocr_line' id='line_1_28' title="bbox 232 2137 1808 2234; baseline -0.001 -15"><span class='ocrx_word' id='word_1_230' title='bbox 232 2163 293 2219; x_wconf 88' lang='lat' dir='ltr'><strong>in</strong></span> <span class='ocrx_word' id='word_1_231' title='bbox 323 2162 468 2231; x_wconf 88' lang='lat' dir='ltr'><strong>ﬂne;</strong></span> <span class='ocrx_word' id='word_1_232' title='bbox 511 2137 692 2220; x_wconf 83' lang='lat' dir='ltr'><strong>unde:</strong></span> <span class='ocrx_word' id='word_1_233' title='bbox 737 2162 842 2229; x_wconf 92' lang='lat' dir='ltr'><strong>Qui</strong></span> <span class='ocrx_word' id='word_1_234' title='bbox 885 2137 1038 2217; x_wconf 72' lang='lat' dir='ltr'><strong>dudit</strong></span> <span class='ocrx_word' id='word_1_235' title='bbox 1081 2179 1182 2231; x_wconf 88' lang='lat' dir='ltr'><strong>me,</strong></span> <span class='ocrx_word' id='word_1_236' title='bbox 1232 2180 1336 2218; x_wconf 88' lang='lat' dir='ltr'><strong>non</strong></span> <span class='ocrx_word' id='word_1_237' title='bbox 1357 2137 1726 2234; x_wconf 74' lang='lat' dir='ltr'><strong>confundetur,</strong></span> <span class='ocrx_word' id='word_1_238' title='bbox 1759 2172 1808 2218; x_wconf 88' lang='lat' dir='ltr'><strong>et</strong></span> 
     </span>
    </p>
   </div>
   <div class='ocr_carea' id='block_1_29' title="bbox 1919 2137 3486 2234">
    <p class='ocr_par' dir='ltr' id='par_1_29' title="bbox 1919 2137 3486 2213">
     <span class='ocr_line' id='line_1_29' title="bbox 1919 2137 3486 2213; baseline 0.002 -19"><span class='ocrx_word' id='word_1_239' title='bbox 1919 2141 2081 2194; x_wconf 88' lang='lat' dir='ltr'><strong>minus</strong></span> <span class='ocrx_word' id='word_1_240' title='bbox 2110 2138 2241 2193; x_wconf 90' lang='lat' dir='ltr'><strong>servi</strong></span> <span class='ocrx_word' id='word_1_241' title='bbox 2287 2137 2454 2205; x_wconf 87' lang='lat' dir='ltr'><strong>illius,</strong></span> <span class='ocrx_word' id='word_1_242' title='bbox 2501 2148 2550 2193; x_wconf 89' lang='lat' dir='ltr'><strong>et</strong></span> <span class='ocrx_word' id='word_1_243' title='bbox 2594 2137 2786 2192; x_wconf 88' lang='lat' dir='ltr'><strong>dividet</strong></span> <span class='ocrx_word' id='word_1_244' title='bbox 2814 2149 2983 2205; x_wconf 85' lang='lat' dir='ltr'><strong>eum;</strong></span> <span class='ocrx_word' id='word_1_245' title='bbox 3024 2148 3328 2213; x_wconf 83' lang='lat' dir='ltr'><strong>partemque</strong></span> <span class='ocrx_word' id='word_1_246' title='bbox 3372 2142 3486 2211; x_wconf 88' lang='lat' dir='ltr'><strong>ejus</strong></span> 
     </span>
    </p>
   </div>
   <div class='ocr_carea' id='block_1_30' title="bbox 233 2228 3486 2327">
    <p class='ocr_par' dir='ltr' id='par_1_30' title="bbox 233 2228 3486 2327">
     <span class='ocr_line' id='line_1_30' title="bbox 233 2228 3486 2327; baseline 0.005 -57"><span class='ocrx_word' id='word_1_247' title='bbox 233 2257 327 2327; x_wconf 57' lang='lat' dir='ltr'><strong>qui</strong></span> <span class='ocrx_word' id='word_1_248' title='bbox 358 2228 644 2327; x_wconf 62' lang='lat' dir='ltr'><strong>ope‘ranmr</strong></span> <span class='ocrx_word' id='word_1_249' title='bbox 689 2228 768 2309; x_wconf 55' lang='lat' dir='ltr'><strong><em>in&#39;</em></strong></span> <span class='ocrx_word' id='word_1_250' title='bbox 794 2271 897 2320; x_wconf 59' lang='lat' dir='ltr'><strong>me,</strong></span> <span class='ocrx_word' id='word_1_251' title='bbox 935 2271 1037 2310; x_wconf 64' lang='lat' dir='ltr'><strong><em>non</em></strong></span> <span class='ocrx_word' id='word_1_252' title='bbox 1077 2228 1379 2325; x_wconf 49' lang='lat' dir='ltr'><strong>pec&#39;cabum.</strong></span> <span class='ocrx_word' id='word_1_253' title='bbox 1409 2228 1512 2322; x_wconf 55' lang='lat' dir='ltr'><strong>Qui</strong></span> <span class='ocrx_word' id='word_1_254' title='bbox 1548 2228 1810 2312; x_wconf 54' lang='lat' dir='ltr'><strong>clum-dam</strong></span> <span class='ocrx_word' id='word_1_255' title='bbox 1909 2241 2060 2327; x_wconf 56' lang='lat' dir='ltr'><strong>ponet</strong></span> <span class='ocrx_word' id='word_1_256' title='bbox 2085 2245 2202 2327; x_wconf 78' lang='lat' dir='ltr'><strong>cum</strong></span> <span class='ocrx_word' id='word_1_257' title='bbox 2228 2228 2533 2327; x_wconf 85' lang='lat' dir='ltr'><strong>hypocritis,</strong></span> <span class='ocrx_word' id='word_1_258' title='bbox 2565 2229 2636 2284; x_wconf 85' lang='lat' dir='ltr'><strong>ibi</strong></span> <span class='ocrx_word' id='word_1_259' title='bbox 2662 2231 2757 2284; x_wconf 90' lang='lat' dir='ltr'><strong>erit</strong></span> <span class='ocrx_word' id='word_1_260' title='bbox 2785 2231 2937 2298; x_wconf 83' lang='lat' dir='ltr'><strong>fletus</strong></span> <span class='ocrx_word' id='word_1_261' title='bbox 2957 2240 3005 2286; x_wconf 88' lang='lat' dir='ltr'><strong>et</strong></span> <span class='ocrx_word' id='word_1_262' title='bbox 3034 2231 3230 2286; x_wconf 84' lang='lat' dir='ltr'><strong>stridor</strong></span> <span class='ocrx_word' id='word_1_263' title='bbox 3252 2231 3486 2288; x_wconf 88' lang='lat' dir='ltr'><strong>dentium</strong></span> 
     </span>
    </p>
   </div>
   <div class='ocr_carea' id='block_1_31' title="bbox 129 1520 672 1604">
    <p class='ocr_par' dir='ltr' id='par_1_31' title="bbox 129 1520 672 1604">
     <span class='ocr_line' id='line_1_31' title="bbox 129 1520 672 1604; baseline -0.002 -29"><span class='ocrx_word' id='word_1_264' title='bbox 129 1601 136 1604; x_wconf 83' lang='lat'><em>_</em></span> <span class='ocrx_word' id='word_1_265' title='bbox 217 1520 453 1592; x_wconf 71' lang='lat' dir='ltr'><strong>iustitiae</strong></span> <span class='ocrx_word' id='word_1_266' title='bbox 473 1528 672 1577; x_wconf 84' lang='lat' dir='ltr'><strong>servat.</strong></span> 
     </span>
    </p>
   </div>
   <div class='ocr_carea' id='block_1_32' title="bbox 305 1608 1808 1682">
    <p class='ocr_par' dir='ltr' id='par_1_32' title="bbox 305 1608 1808 1682">
     <span class='ocr_line' id='line_1_32' title="bbox 305 1608 1808 1682; baseline 0.001 -16"><span class='ocrx_word' id='word_1_267' title='bbox 305 1612 472 1666; x_wconf 73' lang='lat' dir='ltr'><strong>Vens.</strong></span> <span class='ocrx_word' id='word_1_268' title='bbox 503 1611 591 1666; x_wconf 76' lang='grc'><strong>25.</strong></span> <span class='ocrx_word' id='word_1_269' title='bbox 617 1639 688 1650; x_wconf 89' lang='lat'><strong>—</strong></span> <span class='ocrx_word' id='word_1_270' title='bbox 730 1608 800 1664; x_wconf 84' lang='lat' dir='ltr'><strong>Et</strong></span> <span class='ocrx_word' id='word_1_271' title='bbox 838 1609 984 1664; x_wconf 86' lang='lat' dir='ltr'><strong>vidit.</strong></span> <span class='ocrx_word' id='word_1_272' title='bbox 1044 1609 1226 1682; x_wconf 66' lang='lat' dir='ltr'><strong>(nam)</strong></span> <span class='ocrx_word' id='word_1_273' title='bbox 1273 1611 1332 1667; x_wconf 90' lang='lat' dir='ltr'><strong>In</strong></span> <span class='ocrx_word' id='word_1_274' title='bbox 1380 1618 1666 1682; x_wconf 89' lang='lat' dir='ltr'><strong>conspectu</strong></span> <span class='ocrx_word' id='word_1_275' title='bbox 1691 1609 1808 1680; x_wconf 87' lang='lat' dir='ltr'><strong>ejus</strong></span> 
     </span>
    </p>
   </div>
   <div class='ocr_carea' id='block_1_33' title="bbox 235 2333 1812 2419">
    <p class='ocr_par' dir='ltr' id='par_1_33' title="bbox 235 2333 1812 2419">
     <span class='ocr_line' id='line_1_33' title="bbox 235 2333 1812 2419; baseline 0 -18"><span class='ocrx_word' id='word_1_276' title='bbox 235 2363 342 2413; x_wconf 89' lang='lat' dir='ltr'><strong>me,</strong></span> <span class='ocrx_word' id='word_1_277' title='bbox 388 2347 546 2401; x_wconf 88' lang='lat' dir='ltr'><strong>vitam</strong></span> <span class='ocrx_word' id='word_1_278' title='bbox 587 2333 1121 2401; x_wconf 34' lang='lat' dir='ltr'><strong>(sternam-habebunt</strong></span> <span class='ocrx_word' id='word_1_279' title='bbox 1152 2345 1340 2418; x_wconf 84' lang='lat' dir='ltr'><strong>(Eccli.</strong></span> <span class='ocrx_word' id='word_1_280' title='bbox 1378 2345 1551 2419; x_wconf 74' lang='lat' dir='ltr'><strong>xxxv).</strong></span> <span class='ocrx_word' id='word_1_281' title='bbox 1593 2345 1812 2401; x_wconf 84' lang='lat' dir='ltr'><strong>Initium</strong></span> 
     </span>
    </p>
   </div>
   <div class='ocr_carea' id='block_1_34' title="bbox 236 2437 1812 2517">
    <p class='ocr_par' dir='ltr' id='par_1_34' title="bbox 236 2437 1812 2517">
     <span class='ocr_line' id='line_1_34' title="bbox 236 2437 1812 2517; baseline -0.005 -17"><span class='ocrx_word' id='word_1_282' title='bbox 236 2441 712 2517; x_wconf 49' lang='lat' dir='ltr'><strong>sapientiaatimor</strong></span> <span class='ocrx_word' id='word_1_283' title='bbox 744 2445 976 2500; x_wconf 88' lang='lat' dir='ltr'><strong>Domini.</strong></span> <span class='ocrx_word' id='word_1_284' title='bbox 1021 2441 1323 2499; x_wconf 74' lang='lat' dir='ltr'><strong>Intellectus</strong></span> <span class='ocrx_word' id='word_1_285' title='bbox 1367 2441 1531 2496; x_wconf 90' lang='lat' dir='ltr'><strong>bonus</strong></span> <span class='ocrx_word' id='word_1_286' title='bbox 1576 2437 1812 2494; x_wconf 88' lang='lat' dir='ltr'><strong>omnibus</strong></span> 
     </span>
    </p>
   </div>
   <div class='ocr_carea' id='block_1_35' title="bbox 239 2536 1050 2609">
    <p class='ocr_par' dir='ltr' id='par_1_35' title="bbox 239 2536 1050 2609">
     <span class='ocr_line' id='line_1_35' title="bbox 239 2536 1050 2609; baseline -0.002 -17"><span class='ocrx_word' id='word_1_287' title='bbox 239 2537 552 2606; x_wconf 77' lang='lat' dir='ltr'><strong>facientibus</strong></span> <span class='ocrx_word' id='word_1_288' title='bbox 586 2554 702 2593; x_wconf 90' lang='lat' dir='ltr'><strong>eum</strong></span> <span class='ocrx_word' id='word_1_289' title='bbox 733 2536 907 2609; x_wconf 90' lang='lat' dir='ltr'><strong>(Psal.</strong></span> <span class='ocrx_word' id='word_1_290' title='bbox 940 2536 1050 2608; x_wconf 82' lang='lat' dir='ltr'><strong>cx).</strong></span> 
     </span>
    </p>
   </div>
   <div class='ocr_carea' id='block_1_36' title="bbox 310 2621 1816 2696">
    <p class='ocr_par' dir='ltr' id='par_1_36' title="bbox 310 2621 1816 2696">
     <span class='ocr_line' id='line_1_36' title="bbox 310 2621 1816 2696; baseline -0.001 -16"><span class='ocrx_word' id='word_1_291' title='bbox 310 2625 473 2682; x_wconf 77' lang='lat' dir='ltr'><strong>Vsus.</strong></span> <span class='ocrx_word' id='word_1_292' title='bbox 505 2626 682 2682; x_wconf 76' lang='lat'><strong>26.—</strong></span> <span class='ocrx_word' id='word_1_293' title='bbox 709 2626 778 2682; x_wconf 89' lang='lat' dir='ltr'><strong>In</strong></span> <span class='ocrx_word' id='word_1_294' title='bbox 823 2627 1102 2682; x_wconf 82' lang='lat' dir='ltr'><strong>thesauris.</strong></span> <span class='ocrx_word' id='word_1_295' title='bbox 1170 2624 1232 2680; x_wconf 84' lang='lat' dir='ltr'><strong>In</strong></span> <span class='ocrx_word' id='word_1_296' title='bbox 1283 2623 1418 2696; x_wconf 89' lang='lat' dir='ltr'><strong>legis</strong></span> <span class='ocrx_word' id='word_1_297' title='bbox 1464 2621 1816 2678; x_wconf 86' lang='lat' dir='ltr'><strong>meditatione</strong></span> 
     </span>
    </p>
   </div>
   <div class='ocr_carea' id='block_1_37' title="bbox 241 2715 1816 2790">
    <p class='ocr_par' dir='ltr' id='par_1_37' title="bbox 241 2715 1816 2790">
     <span class='ocr_line' id='line_1_37' title="bbox 241 2715 1816 2790; baseline -0.003 -18"><span class='ocrx_word' id='word_1_298' title='bbox 241 2725 527 2790; x_wconf 90' lang='lat' dir='ltr'><strong>utrumque</strong></span> <span class='ocrx_word' id='word_1_299' title='bbox 548 2718 872 2784; x_wconf 87' lang='lat' dir='ltr'><strong>declaratur,</strong></span> <span class='ocrx_word' id='word_1_300' title='bbox 903 2715 1174 2788; x_wconf 86' lang='lat' dir='ltr'><strong>quomodo</strong></span> <span class='ocrx_word' id='word_1_301' title='bbox 1204 2717 1413 2773; x_wconf 89' lang='lat' dir='ltr'><strong>scilicet</strong></span> <span class='ocrx_word' id='word_1_302' title='bbox 1443 2715 1666 2770; x_wconf 86' lang='lat' dir='ltr'><strong>vitanda</strong></span> <span class='ocrx_word' id='word_1_303' title='bbox 1688 2721 1816 2769; x_wconf 89' lang='lat' dir='ltr'><strong>sunt</strong></span> 
     </span>
    </p>
   </div>
   <div class='ocr_carea' id='block_1_38' title="bbox 244 2803 1818 2880">
    <p class='ocr_par' dir='ltr' id='par_1_38' title="bbox 244 2803 1818 2880">
     <span class='ocr_line' id='line_1_38' title="bbox 244 2803 1818 2880; baseline -0.004 -16"><span class='ocrx_word' id='word_1_304' title='bbox 244 2808 404 2876; x_wconf 89' lang='lat' dir='ltr'><strong>mala,</strong></span> <span class='ocrx_word' id='word_1_305' title='bbox 436 2817 491 2864; x_wconf 88' lang='lat' dir='ltr'><strong>et</strong></span> <span class='ocrx_word' id='word_1_306' title='bbox 533 2810 802 2880; x_wconf 88' lang='lat' dir='ltr'><strong>quomodo</strong></span> <span class='ocrx_word' id='word_1_307' title='bbox 830 2808 1087 2865; x_wconf 88' lang='lat' dir='ltr'><strong>discenda</strong></span> <span class='ocrx_word' id='word_1_308' title='bbox 1119 2805 1416 2879; x_wconf 89' lang='lat' dir='ltr'><strong>spiritualis</strong></span> <span class='ocrx_word' id='word_1_309' title='bbox 1446 2803 1732 2876; x_wconf 88' lang='lat' dir='ltr'><strong>sapientia,</strong></span> <span class='ocrx_word' id='word_1_310' title='bbox 1761 2809 1818 2858; x_wconf 91' lang='lat' dir='ltr'><strong>et</strong></span> 
     </span>
    </p>
   </div>
   <div class='ocr_carea' id='block_1_39' title="bbox 245 2895 1814 2969">
    <p class='ocr_par' dir='ltr' id='par_1_39' title="bbox 245 2895 1814 2969">
     <span class='ocr_line' id='line_1_39' title="bbox 245 2895 1814 2969; baseline -0.004 -16"><span class='ocrx_word' id='word_1_311' title='bbox 245 2898 546 2954; x_wconf 83' lang='lat' dir='ltr'><strong>exercenda</strong></span> <span class='ocrx_word' id='word_1_312' title='bbox 587 2900 726 2954; x_wconf 89' lang='lat' dir='ltr'><strong>bona</strong></span> <span class='ocrx_word' id='word_1_313' title='bbox 757 2914 943 2969; x_wconf 88' lang='lat' dir='ltr'><strong>opera,</strong></span> <span class='ocrx_word' id='word_1_314' title='bbox 989 2900 1045 2953; x_wconf 91' lang='lat' dir='ltr'><strong>in</strong></span> <span class='ocrx_word' id='word_1_315' title='bbox 1077 2897 1272 2967; x_wconf 89' lang='lat' dir='ltr'><strong>quibus</strong></span> <span class='ocrx_word' id='word_1_316' title='bbox 1301 2903 1387 2951; x_wconf 87' lang='lat' dir='ltr'><strong>est</strong></span> <span class='ocrx_word' id='word_1_317' title='bbox 1427 2895 1618 2966; x_wconf 77' lang='lat' dir='ltr'><strong>religio</strong></span> <span class='ocrx_word' id='word_1_318' title='bbox 1664 2907 1814 2949; x_wconf 90' lang='lat' dir='ltr'><strong>vera.</strong></span> 
     </span>
    </p>
   </div>
   <div class='ocr_carea' id='block_1_40' title="bbox 247 2986 1818 3059">
    <p class='ocr_par' dir='ltr' id='par_1_40' title="bbox 247 2986 1818 3059">
     <span class='ocr_line' id='line_1_40' title="bbox 247 2986 1818 3059; baseline -0.004 -15"><span class='ocrx_word' id='word_1_319' title='bbox 247 2986 530 3059; x_wconf 64' lang='lat' dir='ltr'><strong>Sapientiae</strong></span> <span class='ocrx_word' id='word_1_320' title='bbox 559 2989 866 3043; x_wconf 89' lang='lat' dir='ltr'><strong>intellectus.</strong></span> <span class='ocrx_word' id='word_1_321' title='bbox 899 2988 1028 3056; x_wconf 62' lang='lat' dir='ltr'><strong>Quae</strong></span> <span class='ocrx_word' id='word_1_322' title='bbox 1054 2987 1303 3058; x_wconf 87' lang='lat' dir='ltr'><strong>prohibet</strong></span> <span class='ocrx_word' id='word_1_323' title='bbox 1335 2995 1578 3057; x_wconf 88' lang='lat' dir='ltr'><strong>peccata,</strong></span> <span class='ocrx_word' id='word_1_324' title='bbox 1614 2991 1669 3040; x_wconf 89' lang='lat' dir='ltr'><strong>et</strong></span> <span class='ocrx_word' id='word_1_325' title='bbox 1699 2999 1818 3040; x_wconf 92' lang='lat' dir='ltr'><strong>car-</strong></span> 
     </span>
    </p>
   </div>
   <div class='ocr_carea' id='block_1_41' title="bbox 247 3073 1818 3147">
    <p class='ocr_par' dir='ltr' id='par_1_41' title="bbox 247 3073 1818 3147">
     <span class='ocr_line' id='line_1_41' title="bbox 247 3073 1818 3147; baseline -0.003 -15"><span class='ocrx_word' id='word_1_326' title='bbox 247 3073 716 3144; x_wconf 82' lang='lat' dir='ltr'><strong>nalia&#39;desideria;</strong></span> <span class='ocrx_word' id='word_1_327' title='bbox 741 3077 916 3133; x_wconf 88' lang='lat' dir='ltr'><strong>unde:</strong></span> <span class='ocrx_word' id='word_1_328' title='bbox 948 3077 1072 3131; x_wconf 85' lang='lat' dir='ltr'><strong>Non</strong></span> <span class='ocrx_word' id='word_1_329' title='bbox 1092 3087 1233 3131; x_wconf 91' lang='lat' dir='ltr'><strong>amat</strong></span> <span class='ocrx_word' id='word_1_330' title='bbox 1252 3075 1495 3147; x_wconf 83' lang='lat' dir='ltr'><strong>pestilens</strong></span> <span class='ocrx_word' id='word_1_331' title='bbox 1517 3091 1633 3129; x_wconf 89' lang='lat' dir='ltr'><strong>eum</strong></span> <span class='ocrx_word' id='word_1_332' title='bbox 1654 3075 1742 3146; x_wconf 84' lang='lat' dir='ltr'><strong>qui</strong></span> <span class='ocrx_word' id='word_1_333' title='bbox 1764 3089 1818 3128; x_wconf 89' lang='lat' dir='ltr'><strong>se</strong></span> 
     </span>
    </p>
   </div>
   <div class='ocr_carea' id='block_1_42' title="bbox 249 3159 1600 3238">
    <p class='ocr_par' dir='ltr' id='par_1_42' title="bbox 249 3159 1600 3238">
     <span class='ocr_line' id='line_1_42' title="bbox 249 3159 1600 3238; baseline 0 -20"><span class='ocrx_word' id='word_1_334' title='bbox 249 3166 481 3236; x_wconf 86' lang='lat' dir='ltr'><strong>corrigit,</strong></span> <span class='ocrx_word' id='word_1_335' title='bbox 509 3182 601 3220; x_wconf 90' lang='lat' dir='ltr'><strong>nec</strong></span> <span class='ocrx_word' id='word_1_336' title='bbox 629 3166 697 3221; x_wconf 89' lang='lat' dir='ltr'><strong>ad</strong></span> <span class='ocrx_word' id='word_1_337' title='bbox 723 3159 980 3237; x_wconf 85' lang='lat' dir='ltr'><strong>sapientes</strong></span> <span class='ocrx_word' id='word_1_338' title='bbox 1000 3166 1242 3237; x_wconf 86' lang='lat' dir='ltr'><strong>graditur</strong></span> <span class='ocrx_word' id='word_1_339' title='bbox 1275 3165 1458 3237; x_wconf 87' lang='lat' dir='ltr'><strong>(Prov.</strong></span> <span class='ocrx_word' id='word_1_340' title='bbox 1485 3164 1600 3238; x_wconf 92' lang='lat' dir='ltr'><strong>xv).</strong></span> 
     </span>
    </p>
   </div>
   <div class='ocr_carea' id='block_1_43' title="bbox 1913 2319 2838 2448">
    <p class='ocr_par' dir='ltr' id='par_1_43' title="bbox 1913 2319 2838 2448">
     <span class='ocr_line' id='line_1_43' title="bbox 1913 2319 2838 2448; baseline -0.001 -74"><span class='ocrx_word' id='word_1_341' title='bbox 1913 2319 2130 2392; x_wconf 77' lang='lat' dir='ltr'><strong>(Matth.</strong></span> <span class='ocrx_word' id='word_1_342' title='bbox 2161 2319 2338 2390; x_wconf 69' lang='lat' dir='ltr'><strong>xxxv).</strong></span> <span class='ocrx_word' id='word_1_343' title='bbox 2533 2387 2760 2448; x_wconf 70' lang='lat' dir='ltr'><strong>CAPUT</strong></span> <span class='ocrx_word' id='word_1_344' title='bbox 2795 2390 2838 2448; x_wconf 70' lang='grc' dir='ltr'>Π</span> 
     </span>
    </p>
   </div>
   <div class='ocr_carea' id='block_1_44' title="bbox 1984 2503 3490 2582">
    <p class='ocr_par' dir='ltr' id='par_1_44' title="bbox 1984 2503 3490 2582">
     <span class='ocr_line' id='line_1_44' title="bbox 1984 2503 3490 2582; baseline 0.004 -21"><span class='ocrx_word' id='word_1_345' title='bbox 1984 2505 2149 2561; x_wconf 76' lang='lat' dir='ltr'><strong>Vens.</strong></span> <span class='ocrx_word' id='word_1_346' title='bbox 2179 2506 2232 2561; x_wconf 79' lang='grc'><strong>1.</strong></span> <span class='ocrx_word' id='word_1_347' title='bbox 2253 2535 2324 2580; x_wconf 61' lang='grc' dir='ltr'><strong>τ-</strong></span> <span class='ocrx_word' id='word_1_348' title='bbox 2350 2503 2482 2574; x_wconf 83' lang='lat' dir='ltr'><strong>Fili,</strong></span> <span class='ocrx_word' id='word_1_349' title='bbox 2513 2507 2780 2573; x_wconf 89' lang='lat' dir='ltr'><strong>accedens,</strong></span> <span class='ocrx_word' id='word_1_350' title='bbox 2798 2513 2904 2562; x_wconf 90' lang='lat' dir='ltr'><strong>etc.</strong></span> <span class='ocrx_word' id='word_1_351' title='bbox 2935 2505 3334 2564; x_wconf 88' lang='lat' dir='ltr'><strong>Demonstravit</strong></span> <span class='ocrx_word' id='word_1_352' title='bbox 3361 2509 3490 2582; x_wconf 88' lang='lat' dir='ltr'><strong>quid</strong></span> 
     </span>
    </p>
   </div>
   <div class='ocr_carea' id='block_1_45' title="bbox 1913 2596 3524 2674">
    <p class='ocr_par' dir='ltr' id='par_1_45' title="bbox 1913 2596 3524 2674">
     <span class='ocr_line' id='line_1_45' title="bbox 1913 2596 3524 2674; baseline 0.002 -20"><span class='ocrx_word' id='word_1_353' title='bbox 1913 2596 1986 2654; x_wconf 85' lang='lat' dir='ltr'><strong>sit</strong></span> <span class='ocrx_word' id='word_1_354' title='bbox 2017 2596 2315 2665; x_wconf 89' lang='lat' dir='ltr'><strong>vitandum,</strong></span> <span class='ocrx_word' id='word_1_355' title='bbox 2355 2613 2499 2654; x_wconf 90' lang='lat' dir='ltr'><strong>nunc</strong></span> <span class='ocrx_word' id='word_1_356' title='bbox 2529 2598 2866 2655; x_wconf 86' lang='lat' dir='ltr'><strong>demonstrat</strong></span> <span class='ocrx_word' id='word_1_357' title='bbox 2906 2599 3038 2670; x_wconf 91' lang='lat' dir='ltr'><strong>quid</strong></span> <span class='ocrx_word' id='word_1_358' title='bbox 3072 2601 3145 2657; x_wconf 85' lang='lat' dir='ltr'><strong>sit</strong></span> <span class='ocrx_word' id='word_1_359' title='bbox 3197 2603 3481 2674; x_wconf 86' lang='lat' dir='ltr'><strong>agendum,</strong></span> <span class='ocrx_word' id='word_1_360' title='bbox 3521 2637 3524 2640; x_wconf 80' lang='lat'><strong><em>~</em></strong></span> 
     </span>
    </p>
   </div>
   <div class='ocr_carea' id='block_1_46' title="bbox 1916 2689 3492 2770">
    <p class='ocr_par' dir='ltr' id='par_1_46' title="bbox 1916 2689 3492 2770">
     <span class='ocr_line' id='line_1_46' title="bbox 1916 2689 3492 2770; baseline 0.003 -24"><span class='ocrx_word' id='word_1_361' title='bbox 1916 2689 2100 2746; x_wconf 90' lang='lat' dir='ltr'><strong>dicens</strong></span> <span class='ocrx_word' id='word_1_362' title='bbox 2128 2705 2142 2744; x_wconf 91' lang='lat'><strong>:</strong></span> <span class='ocrx_word' id='word_1_363' title='bbox 2174 2689 2308 2758; x_wconf 85' lang='lat' dir='ltr'><strong>Fili,</strong></span> <span class='ocrx_word' id='word_1_364' title='bbox 2333 2691 2583 2770; x_wconf 80' lang='lat' dir='ltr'><strong>accedens</strong></span> <span class='ocrx_word' id='word_1_365' title='bbox 2606 2693 2676 2746; x_wconf 90' lang='lat' dir='ltr'><strong>ad</strong></span> <span class='ocrx_word' id='word_1_366' title='bbox 2701 2693 2996 2748; x_wconf 86' lang='lat' dir='ltr'><strong>servitutem</strong></span> <span class='ocrx_word' id='word_1_367' title='bbox 3022 2692 3118 2748; x_wconf 89' lang='lat' dir='ltr'><strong>Dei</strong></span> <span class='ocrx_word' id='word_1_368' title='bbox 3141 2703 3223 2749; x_wconf 91' lang='lat' dir='ltr'><strong>sta</strong></span> <span class='ocrx_word' id='word_1_369' title='bbox 3261 2695 3318 2750; x_wconf 92' lang='lat' dir='ltr'><strong>in</strong></span> <span class='ocrx_word' id='word_1_370' title='bbox 3329 2695 3492 2766; x_wconf 83' lang='lat' dir='ltr'><strong>justi-</strong></span> 
     </span>
    </p>
   </div>
   <div class='ocr_carea' id='block_1_47' title="bbox 1916 2784 3492 2852">
    <p class='ocr_par' dir='ltr' id='par_1_47' title="bbox 1916 2784 3492 2852">
     <span class='ocr_line' id='line_1_47' title="bbox 1916 2784 3492 2852; baseline 0.005 -15"><span class='ocrx_word' id='word_1_371' title='bbox 1916 2784 1991 2837; x_wconf 90' lang='lat' dir='ltr'><strong>tia</strong></span> <span class='ocrx_word' id='word_1_372' title='bbox 2015 2793 2062 2838; x_wconf 91' lang='lat' dir='ltr'><strong>et</strong></span> <span class='ocrx_word' id='word_1_373' title='bbox 2088 2785 2293 2839; x_wconf 83' lang='lat' dir='ltr'><strong>timore.</strong></span> <span class='ocrx_word' id='word_1_374' title='bbox 2327 2784 2432 2852; x_wconf 87' lang='lat' dir='ltr'><strong>Qui</strong></span> <span class='ocrx_word' id='word_1_375' title='bbox 2478 2786 2626 2841; x_wconf 90' lang='lat' dir='ltr'><strong>enim</strong></span> <span class='ocrx_word' id='word_1_376' title='bbox 2676 2785 2791 2841; x_wconf 87' lang='lat' dir='ltr'><strong>vult</strong></span> <span class='ocrx_word' id='word_1_377' title='bbox 2813 2787 2881 2842; x_wconf 89' lang='lat' dir='ltr'><strong>ab</strong></span> <span class='ocrx_word' id='word_1_378' title='bbox 2910 2787 3178 2844; x_wconf 86' lang='lat' dir='ltr'><strong>illecebris</strong></span> <span class='ocrx_word' id='word_1_379' title='bbox 3217 2788 3404 2845; x_wconf 90' lang='lat' dir='ltr'><strong>mundi</strong></span> <span class='ocrx_word' id='word_1_380' title='bbox 3433 2803 3492 2847; x_wconf 85' lang='lat' dir='ltr'><strong>se</strong></span> 
     </span>
    </p>
   </div>
   <div class='ocr_carea' id='block_1_48' title="bbox 1917 2873 3493 2950">
    <p class='ocr_par' dir='ltr' id='par_1_48' title="bbox 1917 2873 3493 2950">
     <span class='ocr_line' id='line_1_48' title="bbox 1917 2873 3493 2950; baseline 0.005 -21"><span class='ocrx_word' id='word_1_381' title='bbox 1917 2873 2209 2942; x_wconf 89' lang='lat' dir='ltr'><strong>abstinere,</strong></span> <span class='ocrx_word' id='word_1_382' title='bbox 2262 2883 2318 2932; x_wconf 90' lang='lat' dir='ltr'><strong>et</strong></span> <span class='ocrx_word' id='word_1_383' title='bbox 2353 2876 2410 2931; x_wconf 92' lang='lat' dir='ltr'><strong>in</strong></span> <span class='ocrx_word' id='word_1_384' title='bbox 2461 2875 2678 2932; x_wconf 85' lang='lat' dir='ltr'><strong>Christo</strong></span> <span class='ocrx_word' id='word_1_385' title='bbox 2707 2877 2795 2949; x_wconf 89' lang='lat' dir='ltr'><strong>pie</strong></span> <span class='ocrx_word' id='word_1_386' title='bbox 2826 2878 3026 2944; x_wconf 88' lang='lat' dir='ltr'><strong>vivere,</strong></span> <span class='ocrx_word' id='word_1_387' title='bbox 3058 2880 3493 2950; x_wconf 89' lang='lat' dir='ltr'><strong>persecutionem</strong></span> 
     </span>
    </p>
   </div>
   <div class='ocr_carea' id='block_1_49' title="bbox 1917 2967 3491 3043">
    <p class='ocr_par' dir='ltr' id='par_1_49' title="bbox 1917 2967 3491 3043">
     <span class='ocr_line' id='line_1_49' title="bbox 1917 2967 3491 3043; baseline 0.005 -23"><span class='ocrx_word' id='word_1_388' title='bbox 1917 2967 2142 3036; x_wconf 88' lang='lat' dir='ltr'><strong>patitur.</strong></span> <span class='ocrx_word' id='word_1_389' title='bbox 2169 2968 2306 3022; x_wconf 89' lang='lat' dir='ltr'><strong>Dum</strong></span> <span class='ocrx_word' id='word_1_390' title='bbox 2335 2969 2481 3023; x_wconf 90' lang='lat' dir='ltr'><strong>enim</strong></span> <span class='ocrx_word' id='word_1_391' title='bbox 2509 2969 2718 3040; x_wconf 84' lang='lat' dir='ltr'><strong>accingi</strong></span> <span class='ocrx_word' id='word_1_392' title='bbox 2749 2969 2929 3026; x_wconf 90' lang='lat' dir='ltr'><strong>divino</strong></span> <span class='ocrx_word' id='word_1_393' title='bbox 2955 2971 3175 3026; x_wconf 91' lang='lat' dir='ltr'><strong>servitio</strong></span> <span class='ocrx_word' id='word_1_394' title='bbox 3197 2979 3491 3043; x_wconf 67' lang='lat' dir='ltr'><strong>praeparat,</strong></span> 
     </span>
    </p>
   </div>
   <div class='ocr_carea' id='block_1_50' title="bbox 1919 3055 3494 3126">
    <p class='ocr_par' dir='ltr' id='par_1_50' title="bbox 1919 3055 3494 3126">
     <span class='ocr_line' id='line_1_50' title="bbox 1919 3055 3494 3126; baseline 0.007 -16"><span class='ocrx_word' id='word_1_395' title='bbox 1919 3055 2118 3112; x_wconf 86' lang='lat' dir='ltr'><strong>bellum</strong></span> <span class='ocrx_word' id='word_1_396' title='bbox 2158 3057 2358 3113; x_wconf 90' lang='lat' dir='ltr'><strong>diaboli</strong></span> <span class='ocrx_word' id='word_1_397' title='bbox 2387 3067 2575 3115; x_wconf 90' lang='lat' dir='ltr'><strong>contra</strong></span> <span class='ocrx_word' id='word_1_398' title='bbox 2624 3075 2683 3116; x_wconf 86' lang='lat' dir='ltr'><strong>se</strong></span> <span class='ocrx_word' id='word_1_399' title='bbox 2721 3061 2942 3126; x_wconf 80' lang='lat' dir='ltr'><strong>excitat,</strong></span> <span class='ocrx_word' id='word_1_400' title='bbox 2985 3070 3040 3117; x_wconf 93' lang='lat' dir='ltr'><strong>et</strong></span> <span class='ocrx_word' id='word_1_401' title='bbox 3064 3062 3192 3117; x_wconf 91' lang='lat' dir='ltr'><strong>dum</strong></span> <span class='ocrx_word' id='word_1_402' title='bbox 3228 3063 3334 3118; x_wconf 89' lang='lat' dir='ltr'><strong>alia</strong></span> <span class='ocrx_word' id='word_1_403' title='bbox 3363 3064 3494 3122; x_wconf 88' lang='lat' dir='ltr'><strong>vitia</strong></span> 
     </span>
    </p>
   </div>
   <div class='ocr_carea' id='block_1_51' title="bbox 1919 3151 3496 3230">
    <p class='ocr_par' dir='ltr' id='par_1_51' title="bbox 1919 3151 3496 3230">
     <span class='ocr_line' id='line_1_51' title="bbox 1919 3151 3496 3230; baseline 0.004 -23"><span class='ocrx_word' id='word_1_404' title='bbox 1919 3151 2119 3217; x_wconf 86' lang='lat' dir='ltr'><strong>subdit,</strong></span> <span class='ocrx_word' id='word_1_405' title='bbox 2152 3151 2273 3206; x_wconf 90' lang='lat' dir='ltr'><strong>aliis</strong></span> <span class='ocrx_word' id='word_1_406' title='bbox 2310 3151 2628 3219; x_wconf 91' lang='lat' dir='ltr'><strong>reluctatur,</strong></span> <span class='ocrx_word' id='word_1_407' title='bbox 2659 3159 2714 3208; x_wconf 91' lang='lat' dir='ltr'><strong>et</strong></span> <span class='ocrx_word' id='word_1_408' title='bbox 2739 3153 2919 3208; x_wconf 87' lang='lat' dir='ltr'><strong>divina</strong></span> <span class='ocrx_word' id='word_1_409' title='bbox 2949 3154 3347 3225; x_wconf 83' lang='lat' dir='ltr'><strong>dispensatione</strong></span> <span class='ocrx_word' id='word_1_410' title='bbox 3381 3158 3496 3230; x_wconf 87' lang='lat' dir='ltr'><strong>agi-</strong></span> 
     </span>
    </p>
   </div>
   <div class='ocr_carea' id='block_1_52' title="bbox 318 3245 3493 3330">
    <p class='ocr_par' dir='ltr' id='par_1_52' title="bbox 318 3245 3493 3330">
     <span class='ocr_line' id='line_1_52' title="bbox 318 3245 3493 3330; baseline 0.003 -35"><span class='ocrx_word' id='word_1_411' title='bbox 318 3255 484 3313; x_wconf 60' lang='grc' dir='ltr'><strong>νειιε,</strong></span> <span class='ocrx_word' id='word_1_412' title='bbox 512 3258 603 3313; x_wconf 66' lang='grc'><strong>27,</strong></span> <span class='ocrx_word' id='word_1_413' title='bbox 633 3288 703 3299; x_wconf 94' lang='lat'><em>_</em></span> <span class='ocrx_word' id='word_1_414' title='bbox 748 3258 946 3325; x_wconf 53' lang='lat' dir='ltr'><strong>Timor,</strong></span> <span class='ocrx_word' id='word_1_415' title='bbox 993 3267 1099 3314; x_wconf 62' lang='grc' dir='ltr'><strong>εις,</strong></span> <span class='ocrx_word' id='word_1_416' title='bbox 1138 3258 1276 3326; x_wconf 67' lang='lat' dir='ltr'><strong>Quia</strong></span> <span class='ocrx_word' id='word_1_417' title='bbox 1309 3273 1409 3328; x_wconf 69' lang='lat' dir='ltr'><strong>per</strong></span> <span class='ocrx_word' id='word_1_418' title='bbox 1443 3254 1818 3330; x_wconf 56' lang='lat' dir='ltr'><strong>paenitentiam</strong></span> <span class='ocrx_word' id='word_1_419' title='bbox 1855 3321 1890 3330; x_wconf 82' lang='lat'>_</span> <span class='ocrx_word' id='word_1_420' title='bbox 1923 3251 2028 3307; x_wconf 90' lang='lat' dir='ltr'><strong>tur,</strong></span> <span class='ocrx_word' id='word_1_421' title='bbox 2083 3249 2144 3297; x_wconf 90' lang='lat' dir='ltr'><strong>ut</strong></span> <span class='ocrx_word' id='word_1_422' title='bbox 2197 3251 2417 3314; x_wconf 85' lang='lat' dir='ltr'><strong>superet</strong></span> <span class='ocrx_word' id='word_1_423' title='bbox 2460 3250 2515 3298; x_wconf 88' lang='lat' dir='ltr'><strong>et</strong></span> <span class='ocrx_word' id='word_1_424' title='bbox 2560 3252 2865 3314; x_wconf 88' lang='lat' dir='ltr'><strong>superetur,</strong></span> <span class='ocrx_word' id='word_1_425' title='bbox 2906 3259 2975 3299; x_wconf 92' lang='lat' dir='ltr'><strong>ne</strong></span> <span class='ocrx_word' id='word_1_426' title='bbox 3024 3245 3332 3302; x_wconf 88' lang='lat' dir='ltr'><strong>extollatur.</strong></span> <span class='ocrx_word' id='word_1_427' title='bbox 3383 3247 3493 3304; x_wconf 91' lang='lat' dir='ltr'><strong>Sed</strong></span> 
     </span>
    </p>
   </div>
   <div class='ocr_carea' id='block_1_53' title="bbox 250 3321 3494 3422">
    <p class='ocr_par' dir='ltr' id='par_1_53' title="bbox 250 3321 3494 3422">
     <span class='ocr_line' id='line_1_53' title="bbox 250 3321 3494 3422; baseline 0.003 -38"><span class='ocrx_word' id='word_1_428' title='bbox 250 3351 476 3405; x_wconf 58' lang='lat' dir='ltr'><strong>mund“</strong></span> <span class='ocrx_word' id='word_1_429' title='bbox 512 3366 542 3405; x_wconf 69' lang='lat' dir='ltr'><strong>a</strong></span> <span class='ocrx_word' id='word_1_430' title='bbox 568 3351 858 3422; x_wconf 56' lang='lat' dir='ltr'><strong>pmterms</strong></span> <span class='ocrx_word' id='word_1_431' title='bbox 882 3321 1264 3422; x_wconf 37' lang='lat' dir='ltr'><strong>pe&#39;ccaus’wvel</strong></span> <span class='ocrx_word' id='word_1_432' title='bbox 1288 3321 1542 3422; x_wconf 54' lang='lat' dir='ltr'><strong>p&#39;mhi&#39;bet</strong></span> <span class='ocrx_word' id='word_1_433' title='bbox 1588 3365 1618 3406; x_wconf 60' lang='grc' dir='ltr'>ε</span> <span class='ocrx_word' id='word_1_434' title='bbox 1671 3365 1820 3407; x_wconf 71' lang='lat' dir='ltr'><strong>com-</strong></span> <span class='ocrx_word' id='word_1_435' title='bbox 1846 3321 1893 3385; x_wconf 86' lang='lat' dir='ltr'><strong>C</strong></span> <span class='ocrx_word' id='word_1_436' title='bbox 1923 3335 2048 3405; x_wconf 86' lang='lat' dir='ltr'><strong>quia</strong></span> <span class='ocrx_word' id='word_1_437' title='bbox 2094 3334 2370 3391; x_wconf 91' lang='lat' dir='ltr'><strong>humilitas</strong></span> <span class='ocrx_word' id='word_1_438' title='bbox 2397 3344 2452 3390; x_wconf 90' lang='lat' dir='ltr'><strong>et</strong></span> <span class='ocrx_word' id='word_1_439' title='bbox 2489 3335 2750 3406; x_wconf 88' lang='lat' dir='ltr'><strong>patientia</strong></span> <span class='ocrx_word' id='word_1_440' title='bbox 2785 3335 2866 3391; x_wconf 88' lang='lat' dir='ltr'><strong>illi</strong></span> <span class='ocrx_word' id='word_1_441' title='bbox 2913 3337 3224 3392; x_wconf 89' lang='lat' dir='ltr'><strong>necessaria</strong></span> <span class='ocrx_word' id='word_1_442' title='bbox 3271 3347 3374 3405; x_wconf 88' lang='lat' dir='ltr'><strong>est,</strong></span> <span class='ocrx_word' id='word_1_443' title='bbox 3409 3353 3494 3395; x_wconf 85' lang='lat' dir='ltr'><strong>se-</strong></span> 
     </span>
    </p>
   </div>
   <div class='ocr_carea' id='block_1_54' title="bbox 253 3440 1823 3512">
    <p class='ocr_par' dir='ltr' id='par_1_54' title="bbox 253 3440 1823 3512">
     <span class='ocr_line' id='line_1_54' title="bbox 253 3440 1823 3512; baseline 0.003 -19"><span class='ocrx_word' id='word_1_444' title='bbox 253 3440 549 3496; x_wconf 87' lang='lat' dir='ltr'><strong>mittendis.</strong></span> <span class='ocrx_word' id='word_1_445' title='bbox 592 3440 729 3508; x_wconf 89' lang='lat' dir='ltr'><strong>Quia</strong></span> <span class='ocrx_word' id='word_1_446' title='bbox 757 3441 850 3512; x_wconf 87' lang='lat' dir='ltr'><strong>qui</strong></span> <span class='ocrx_word' id='word_1_447' title='bbox 874 3456 970 3512; x_wconf 89' lang='lat' dir='ltr'><strong>per</strong></span> <span class='ocrx_word' id='word_1_448' title='bbox 1016 3441 1261 3496; x_wconf 88' lang='lat' dir='ltr'><strong>timorem</strong></span> <span class='ocrx_word' id='word_1_449' title='bbox 1291 3441 1388 3497; x_wconf 89' lang='lat' dir='ltr'><strong>Dei</strong></span> <span class='ocrx_word' id='word_1_450' title='bbox 1422 3457 1542 3498; x_wconf 89' lang='lat' dir='ltr'><strong>sese</strong></span> <span class='ocrx_word' id='word_1_451' title='bbox 1571 3456 1680 3499; x_wconf 92' lang='lat' dir='ltr'><strong>non</strong></span> <span class='ocrx_word' id='word_1_452' title='bbox 1701 3455 1823 3498; x_wconf 86' lang='lat' dir='ltr'><strong>oor—</strong></span> 
     </span>
    </p>
   </div>
   <div class='ocr_carea' id='block_1_55' title="bbox 253 3522 1254 3602">
    <p class='ocr_par' dir='ltr' id='par_1_55' title="bbox 253 3522 1254 3602">
     <span class='ocr_line' id='line_1_55' title="bbox 253 3522 1254 3602; baseline 0 -16"><span class='ocrx_word' id='word_1_453' title='bbox 253 3530 398 3601; x_wconf 86' lang='lat' dir='ltr'><strong>rigit,</strong></span> <span class='ocrx_word' id='word_1_454' title='bbox 429 3531 482 3586; x_wconf 93' lang='lat' dir='ltr'><strong>in</strong></span> <span class='ocrx_word' id='word_1_455' title='bbox 509 3522 716 3602; x_wconf 78' lang='lat' dir='ltr'><strong>peccati</strong></span> <span class='ocrx_word' id='word_1_456' title='bbox 749 3531 1062 3602; x_wconf 89' lang='lat' dir='ltr'><strong>voraginem</strong></span> <span class='ocrx_word' id='word_1_457' title='bbox 1085 3531 1254 3586; x_wconf 88' lang='lat' dir='ltr'><strong>cadit.</strong></span> 
     </span>
    </p>
   </div>
   <div class='ocr_carea' id='block_1_56' title="bbox 323 3618 1820 3689">
    <p class='ocr_par' dir='ltr' id='par_1_56' title="bbox 323 3618 1820 3689">
     <span class='ocr_line' id='line_1_56' title="bbox 323 3618 1820 3689; baseline 0.003 -16"><span class='ocrx_word' id='word_1_458' title='bbox 323 3618 485 3676; x_wconf 77' lang='lat' dir='ltr'><strong>Vens.</strong></span> <span class='ocrx_word' id='word_1_459' title='bbox 520 3621 607 3676; x_wconf 78' lang='lat'><strong>50.</strong></span> <span class='ocrx_word' id='word_1_460' title='bbox 629 3653 697 3662; x_wconf 93' lang='lat'><strong><em>—</em></strong></span> <span class='ocrx_word' id='word_1_461' title='bbox 722 3621 901 3678; x_wconf 88' lang='lat' dir='ltr'><strong>Bonus</strong></span> <span class='ocrx_word' id='word_1_462' title='bbox 946 3637 1146 3678; x_wconf 85' lang='lat' dir='ltr'><strong>sensus.</strong></span> <span class='ocrx_word' id='word_1_463' title='bbox 1198 3621 1352 3678; x_wconf 91' lang='lat' dir='ltr'><strong>Unde</strong></span> <span class='ocrx_word' id='word_1_464' title='bbox 1383 3623 1440 3678; x_wconf 92' lang='lat' dir='ltr'><strong>in</strong></span> <span class='ocrx_word' id='word_1_465' title='bbox 1489 3621 1820 3689; x_wconf 88' lang='lat' dir='ltr'><strong>Proverbiis,</strong></span> 
     </span>
    </p>
   </div>
   <div class='ocr_carea' id='block_1_57' title="bbox 255 3707 1818 3786">
    <p class='ocr_par' dir='ltr' id='par_1_57' title="bbox 255 3707 1818 3786">
     <span class='ocr_line' id='line_1_57' title="bbox 255 3707 1818 3786; baseline 0.004 -23"><span class='ocrx_word' id='word_1_466' title='bbox 255 3707 417 3764; x_wconf 89' lang='lat' dir='ltr'><strong>Labia</strong></span> <span class='ocrx_word' id='word_1_467' title='bbox 442 3712 754 3782; x_wconf 89' lang='lat' dir='ltr'><strong>sapientium</strong></span> <span class='ocrx_word' id='word_1_468' title='bbox 777 3714 1072 3768; x_wconf 89' lang='lat' dir='ltr'><strong>custodiunt</strong></span> <span class='ocrx_word' id='word_1_469' title='bbox 1089 3731 1176 3769; x_wconf 90' lang='lat' dir='ltr'><strong>eos</strong></span> <span class='ocrx_word' id='word_1_470' title='bbox 1200 3711 1384 3786; x_wconf 85' lang='lat' dir='ltr'><strong>(Prov.</strong></span> <span class='ocrx_word' id='word_1_471' title='bbox 1411 3712 1546 3786; x_wconf 79' lang='lat' dir='ltr'><strong>xiv).</strong></span> <span class='ocrx_word' id='word_1_472' title='bbox 1569 3714 1638 3768; x_wconf 88' lang='lat' dir='ltr'><strong>Et</strong></span> <span class='ocrx_word' id='word_1_473' title='bbox 1656 3713 1818 3769; x_wconf 88' lang='lat' dir='ltr'><strong>alibi:</strong></span> 
     </span>
    </p>
   </div>
   <div class='ocr_carea' id='block_1_58' title="bbox 253 3801 1820 3878">
    <p class='ocr_par' dir='ltr' id='par_1_58' title="bbox 253 3801 1820 3878">
     <span class='ocr_line' id='line_1_58' title="bbox 253 3801 1820 3878; baseline 0.004 -23"><span class='ocrx_word' id='word_1_474' title='bbox 253 3801 468 3857; x_wconf 81' lang='lat' dir='ltr'><strong>Astutus</strong></span> <span class='ocrx_word' id='word_1_475' title='bbox 495 3803 670 3859; x_wconf 88' lang='lat' dir='ltr'><strong>omnia</strong></span> <span class='ocrx_word' id='word_1_476' title='bbox 709 3805 817 3876; x_wconf 89' lang='lat' dir='ltr'><strong>agit</strong></span> <span class='ocrx_word' id='word_1_477' title='bbox 847 3822 963 3861; x_wconf 89' lang='lat' dir='ltr'><strong>cum</strong></span> <span class='ocrx_word' id='word_1_478' title='bbox 1009 3805 1224 3862; x_wconf 87' lang='lat' dir='ltr'><strong>consilio</strong></span> <span class='ocrx_word' id='word_1_479' title='bbox 1258 3819 1278 3858; x_wconf 91' lang='lat'><em>:</em></span> <span class='ocrx_word' id='word_1_480' title='bbox 1305 3807 1394 3878; x_wconf 88' lang='lat' dir='ltr'><strong>qui</strong></span> <span class='ocrx_word' id='word_1_481' title='bbox 1433 3815 1607 3861; x_wconf 90' lang='lat' dir='ltr'><strong>autem</strong></span> <span class='ocrx_word' id='word_1_482' title='bbox 1641 3806 1820 3878; x_wconf 78' lang='lat' dir='ltr'><strong>fatuus</strong></span> 
     </span>
    </p>
   </div>
   <div class='ocr_carea' id='block_1_59' title="bbox 254 3895 1821 3969">
    <p class='ocr_par' dir='ltr' id='par_1_59' title="bbox 254 3895 1821 3969">
     <span class='ocr_line' id='line_1_59' title="bbox 254 3895 1821 3969; baseline 0.003 -20"><span class='ocrx_word' id='word_1_483' title='bbox 254 3902 328 3949; x_wconf 88' lang='lat' dir='ltr'><strong>est</strong></span> <span class='ocrx_word' id='word_1_484' title='bbox 373 3897 573 3966; x_wconf 89' lang='lat' dir='ltr'><strong>aperuit</strong></span> <span class='ocrx_word' id='word_1_485' title='bbox 619 3896 891 3951; x_wconf 81' lang='lat' dir='ltr'><strong>stultitiam</strong></span> <span class='ocrx_word' id='word_1_486' title='bbox 941 3896 1104 3969; x_wconf 87' lang='lat' dir='ltr'><strong>(Ibid.</strong></span> <span class='ocrx_word' id='word_1_487' title='bbox 1153 3897 1326 3969; x_wconf 79' lang='lat' dir='ltr'><strong>xxxi).</strong></span> <span class='ocrx_word' id='word_1_488' title='bbox 1377 3895 1649 3968; x_wconf 88' lang='lat' dir='ltr'><strong>Sapientis</strong></span> <span class='ocrx_word' id='word_1_489' title='bbox 1694 3912 1821 3968; x_wconf 88' lang='lat' dir='ltr'><strong>ergo</strong></span> 
     </span>
    </p>
   </div>
   <div class='ocr_carea' id='block_1_60' title="bbox 254 3987 1817 4060">
    <p class='ocr_par' dir='ltr' id='par_1_60' title="bbox 254 3987 1817 4060">
     <span class='ocr_line' id='line_1_60' title="bbox 254 3987 1817 4060; baseline 0.001 -18"><span class='ocrx_word' id='word_1_490' title='bbox 254 3987 488 4044; x_wconf 90' lang='lat' dir='ltr'><strong>hominis</strong></span> <span class='ocrx_word' id='word_1_491' title='bbox 507 3997 591 4044; x_wconf 88' lang='lat' dir='ltr'><strong>est</strong></span> <span class='ocrx_word' id='word_1_492' title='bbox 609 3988 773 4044; x_wconf 90' lang='lat' dir='ltr'><strong>verba</strong></span> <span class='ocrx_word' id='word_1_493' title='bbox 793 3997 993 4054; x_wconf 88' lang='lat' dir='ltr'><strong>tenere,</strong></span> <span class='ocrx_word' id='word_1_494' title='bbox 1009 3999 1064 4046; x_wconf 89' lang='lat' dir='ltr'><strong>et</strong></span> <span class='ocrx_word' id='word_1_495' title='bbox 1082 3989 1260 4044; x_wconf 88' lang='lat' dir='ltr'><strong>omnia</strong></span> <span class='ocrx_word' id='word_1_496' title='bbox 1283 3990 1522 4046; x_wconf 89' lang='lat' dir='ltr'><strong>modeste</strong></span> <span class='ocrx_word' id='word_1_497' title='bbox 1540 4004 1817 4060; x_wconf 79' lang='lat' dir='ltr'><strong>peragere.</strong></span> 
     </span>
    </p>
   </div>
   <div class='ocr_carea' id='block_1_61' title="bbox 261 4078 1822 4152">
    <p class='ocr_par' dir='ltr' id='par_1_61' title="bbox 261 4078 1822 4152">
     <span class='ocr_line' id='line_1_61' title="bbox 261 4078 1822 4152; baseline 0.003 -20"><span class='ocrx_word' id='word_1_498' title='bbox 261 4078 598 4135; x_wconf 87' lang='lat' dir='ltr'><strong>Enarrabunt</strong></span> <span class='ocrx_word' id='word_1_499' title='bbox 641 4097 870 4136; x_wconf 86' lang='lat' dir='ltr'><strong>sensum.</strong></span> <span class='ocrx_word' id='word_1_500' title='bbox 919 4080 1335 4152; x_wconf 61' lang='lat' dir='ltr'><strong>quuanimiter,</strong></span> <span class='ocrx_word' id='word_1_501' title='bbox 1381 4095 1487 4136; x_wconf 91' lang='lat' dir='ltr'><strong>non</strong></span> <span class='ocrx_word' id='word_1_502' title='bbox 1533 4081 1673 4136; x_wconf 88' lang='lat' dir='ltr'><strong>mala</strong></span> <span class='ocrx_word' id='word_1_503' title='bbox 1723 4094 1822 4151; x_wconf 85' lang='lat' dir='ltr'><strong>pro</strong></span> 
     </span>
    </p>
   </div>
   <div class='ocr_carea' id='block_1_62' title="bbox 257 4171 1304 4244">
    <p class='ocr_par' dir='ltr' id='par_1_62' title="bbox 257 4171 1304 4244">
     <span class='ocr_line' id='line_1_62' title="bbox 257 4171 1304 4244; baseline 0.002 -18"><span class='ocrx_word' id='word_1_504' title='bbox 257 4171 437 4236; x_wconf 88' lang='lat' dir='ltr'><strong>malis,</strong></span> <span class='ocrx_word' id='word_1_505' title='bbox 466 4173 562 4228; x_wconf 91' lang='lat' dir='ltr'><strong>sed</strong></span> <span class='ocrx_word' id='word_1_506' title='bbox 587 4175 726 4230; x_wconf 88' lang='lat' dir='ltr'><strong>bona</strong></span> <span class='ocrx_word' id='word_1_507' title='bbox 747 4189 846 4244; x_wconf 91' lang='lat' dir='ltr'><strong>pro</strong></span> <span class='ocrx_word' id='word_1_508' title='bbox 865 4174 1021 4230; x_wconf 89' lang='lat' dir='ltr'><strong>bonis</strong></span> <span class='ocrx_word' id='word_1_509' title='bbox 1043 4174 1304 4230; x_wconf 91' lang='lat' dir='ltr'><strong>tribuens.</strong></span> 
     </span>
    </p>
   </div>
   <div class='ocr_carea' id='block_1_63' title="bbox 327 4259 1820 4337">
    <p class='ocr_par' dir='ltr' id='par_1_63' title="bbox 327 4259 1820 4337">
     <span class='ocr_line' id='line_1_63' title="bbox 327 4259 1820 4337; baseline 0.003 -22"><span class='ocrx_word' id='word_1_510' title='bbox 327 4259 489 4317; x_wconf 73' lang='lat' dir='ltr'><strong>Vnus.</strong></span> <span class='ocrx_word' id='word_1_511' title='bbox 537 4262 626 4318; x_wconf 76' lang='lat'><strong>35.</strong></span> <span class='ocrx_word' id='word_1_512' title='bbox 655 4293 730 4305; x_wconf 91' lang='lat'>—</span> <span class='ocrx_word' id='word_1_513' title='bbox 756 4262 887 4330; x_wconf 85' lang='lat' dir='ltr'><strong>Fili,</strong></span> <span class='ocrx_word' id='word_1_514' title='bbox 915 4267 1280 4337; x_wconf 85' lang='lat' dir='ltr'><strong>concupiscens</strong></span> <span class='ocrx_word' id='word_1_515' title='bbox 1313 4266 1644 4336; x_wconf 83' lang='lat' dir='ltr'><strong>sapientiam.</strong></span> <span class='ocrx_word' id='word_1_516' title='bbox 1675 4265 1820 4332; x_wconf 89' lang='lat' dir='ltr'><strong>Qua-</strong></span> 
     </span>
    </p>
   </div>
   <div class='ocr_carea' id='block_1_64' title="bbox 257 4351 1822 4428">
    <p class='ocr_par' dir='ltr' id='par_1_64' title="bbox 257 4351 1822 4428">
     <span class='ocr_line' id='line_1_64' title="bbox 257 4351 1822 4428; baseline 0.003 -22"><span class='ocrx_word' id='word_1_517' title='bbox 257 4351 380 4409; x_wconf 88' lang='lat' dir='ltr'><strong>liter</strong></span> <span class='ocrx_word' id='word_1_518' title='bbox 424 4355 492 4410; x_wconf 91' lang='lat' dir='ltr'><strong>ad</strong></span> <span class='ocrx_word' id='word_1_519' title='bbox 533 4354 854 4426; x_wconf 89' lang='lat' dir='ltr'><strong>sapientiam</strong></span> <span class='ocrx_word' id='word_1_520' title='bbox 899 4359 1200 4428; x_wconf 90' lang='lat' dir='ltr'><strong>pervenias.</strong></span> <span class='ocrx_word' id='word_1_521' title='bbox 1231 4359 1344 4428; x_wconf 90' lang='lat' dir='ltr'><strong>ipsa</strong></span> <span class='ocrx_word' id='word_1_522' title='bbox 1377 4358 1638 4427; x_wconf 89' lang='lat' dir='ltr'><strong>sapientia</strong></span> <span class='ocrx_word' id='word_1_523' title='bbox 1665 4373 1822 4413; x_wconf 87' lang='lat' dir='ltr'><strong>mon-</strong></span> 
     </span>
    </p>
   </div>
   <div class='ocr_carea' id='block_1_65' title="bbox 261 4448 1824 4520">
    <p class='ocr_par' dir='ltr' id='par_1_65' title="bbox 261 4448 1824 4520">
     <span class='ocr_line' id='line_1_65' title="bbox 261 4448 1824 4520; baseline 0.001 -18"><span class='ocrx_word' id='word_1_524' title='bbox 261 4453 417 4515; x_wconf 88' lang='lat' dir='ltr'><strong>strat,</strong></span> <span class='ocrx_word' id='word_1_525' title='bbox 451 4449 577 4520; x_wconf 89' lang='lat' dir='ltr'><strong>quia</strong></span> <span class='ocrx_word' id='word_1_526' title='bbox 627 4450 744 4506; x_wconf 91' lang='lat' dir='ltr'><strong>sine</strong></span> <span class='ocrx_word' id='word_1_527' title='bbox 788 4451 1200 4507; x_wconf 88' lang='lat' dir='ltr'><strong>conservatione</strong></span> <span class='ocrx_word' id='word_1_528' title='bbox 1235 4448 1480 4520; x_wconf 69' lang='lat' dir='ltr'><strong>iustitiae,</strong></span> <span class='ocrx_word' id='word_1_529' title='bbox 1512 4465 1672 4506; x_wconf 89' lang='lat' dir='ltr'><strong>nemo</strong></span> <span class='ocrx_word' id='word_1_530' title='bbox 1700 4465 1824 4520; x_wconf 87' lang='lat' dir='ltr'><strong>per-</strong></span> 
     </span>
    </p>
   </div>
   <div class='ocr_carea' id='block_1_66' title="bbox 258 4533 1827 4612">
    <p class='ocr_par' dir='ltr' id='par_1_66' title="bbox 258 4533 1827 4612">
     <span class='ocr_line' id='line_1_66' title="bbox 258 4533 1827 4612; baseline 0.002 -21"><span class='ocrx_word' id='word_1_531' title='bbox 258 4533 404 4594; x_wconf 85' lang='lat' dir='ltr'><strong>veriit</strong></span> <span class='ocrx_word' id='word_1_532' title='bbox 441 4541 508 4594; x_wconf 87' lang='lat' dir='ltr'><strong>ad</strong></span> <span class='ocrx_word' id='word_1_533' title='bbox 547 4539 761 4596; x_wconf 87' lang='lat' dir='ltr'><strong>culmen</strong></span> <span class='ocrx_word' id='word_1_534' title='bbox 802 4542 1100 4612; x_wconf 68' lang='lat' dir='ltr'><strong>sapientiae,</strong></span> <span class='ocrx_word' id='word_1_535' title='bbox 1123 4542 1268 4598; x_wconf 89' lang='lat' dir='ltr'><strong>unde</strong></span> <span class='ocrx_word' id='word_1_536' title='bbox 1285 4540 1517 4598; x_wconf 70' lang='lat' dir='ltr'><strong>Iacobus</strong></span> <span class='ocrx_word' id='word_1_537' title='bbox 1543 4560 1556 4595; x_wconf 94' lang='lat'>:</span> <span class='ocrx_word' id='word_1_538' title='bbox 1583 4540 1713 4606; x_wconf 83' lang='lat' dir='ltr'><strong>Quis</strong></span> <span class='ocrx_word' id='word_1_539' title='bbox 1740 4557 1827 4594; x_wconf 88' lang='lat' dir='ltr'><strong>sa-</strong></span> 
     </span>
    </p>
   </div>
   <div class='ocr_carea' id='block_1_67' title="bbox 257 4629 1822 4700">
    <p class='ocr_par' dir='ltr' id='par_1_67' title="bbox 257 4629 1822 4700">
     <span class='ocr_line' id='line_1_67' title="bbox 257 4629 1822 4700; baseline -0.001 -16"><span class='ocrx_word' id='word_1_540' title='bbox 257 4631 420 4700; x_wconf 85' lang='lat' dir='ltr'><strong>piens,</strong></span> <span class='ocrx_word' id='word_1_541' title='bbox 467 4629 664 4698; x_wconf 89' lang='lat' dir='ltr'><strong>inquit,</strong></span> <span class='ocrx_word' id='word_1_542' title='bbox 712 4640 759 4685; x_wconf 90' lang='lat' dir='ltr'><strong>et</strong></span> <span class='ocrx_word' id='word_1_543' title='bbox 799 4631 1159 4700; x_wconf 84' lang='lat' dir='ltr'><strong>disciplinatus</strong></span> <span class='ocrx_word' id='word_1_544' title='bbox 1209 4631 1345 4686; x_wconf 84' lang='lat' dir='ltr'><strong>inter</strong></span> <span class='ocrx_word' id='word_1_545' title='bbox 1389 4648 1476 4685; x_wconf 86' lang='lat' dir='ltr'><strong>vos</strong></span> <span class='ocrx_word' id='word_1_546' title='bbox 1512 4631 1539 4684; x_wconf 79' lang='lat'><em>?</em></span> <span class='ocrx_word' id='word_1_547' title='bbox 1585 4629 1822 4684; x_wconf 87' lang='lat' dir='ltr'><strong>ostendat</strong></span> 
     </span>
    </p>
   </div>
   <div class='ocr_carea' id='block_1_68' title="bbox 259 4718 1823 4790">
    <p class='ocr_par' dir='ltr' id='par_1_68' title="bbox 259 4718 1823 4790">
     <span class='ocr_line' id='line_1_68' title="bbox 259 4718 1823 4790; baseline -0.002 -13"><span class='ocrx_word' id='word_1_548' title='bbox 259 4719 695 4777; x_wconf 86' lang='lat' dir='ltr'><strong>conversationem</strong></span> <span class='ocrx_word' id='word_1_549' title='bbox 749 4718 935 4774; x_wconf 89' lang='lat' dir='ltr'><strong>bonam</strong></span> <span class='ocrx_word' id='word_1_550' title='bbox 997 4719 1053 4774; x_wconf 89' lang='lat' dir='ltr'><strong>in</strong></span> <span class='ocrx_word' id='word_1_551' title='bbox 1107 4719 1506 4774; x_wconf 85' lang='lat' dir='ltr'><strong>mansuetudine</strong></span> <span class='ocrx_word' id='word_1_552' title='bbox 1554 4719 1823 4790; x_wconf 71' lang='lat' dir='ltr'><strong>sapientia:</strong></span> 
     </span>
    </p>
   </div>
   <div class='ocr_carea' id='block_1_69' title="bbox 262 4811 535 4888">
    <p class='ocr_par' dir='ltr' id='par_1_69' title="bbox 262 4811 535 4888">
     <span class='ocr_line' id='line_1_69' title="bbox 262 4811 535 4888; baseline -0.011 -18"><span class='ocrx_word' id='word_1_553' title='bbox 262 4813 400 4888; x_wconf 87' lang='lat' dir='ltr'><strong>(Jac.</strong></span> <span class='ocrx_word' id='word_1_554' title='bbox 429 4811 535 4886; x_wconf 93' lang='grc' dir='ltr'>ιιι).</span> 
     </span>
    </p>
   </div>
   <div class='ocr_carea' id='block_1_70' title="bbox 329 4901 1821 4976">
    <p class='ocr_par' dir='ltr' id='par_1_70' title="bbox 329 4901 1821 4976">
     <span class='ocr_line' id='line_1_70' title="bbox 329 4901 1821 4976; baseline -0.001 -16"><span class='ocrx_word' id='word_1_555' title='bbox 329 4905 492 4961; x_wconf 82' lang='lat' dir='ltr'><strong>Vsns.</strong></span> <span class='ocrx_word' id='word_1_556' title='bbox 532 4902 620 4958; x_wconf 74' lang='grc'><strong>54.</strong></span> <span class='ocrx_word' id='word_1_557' title='bbox 648 4933 719 4944; x_wconf 95' lang='grc'><strong><em>-</em></strong></span> <span class='ocrx_word' id='word_1_558' title='bbox 748 4902 1020 4974; x_wconf 88' lang='lat' dir='ltr'><strong>Sapientia</strong></span> <span class='ocrx_word' id='word_1_559' title='bbox 1046 4903 1185 4958; x_wconf 87' lang='lat' dir='ltr'><strong>enim</strong></span> <span class='ocrx_word' id='word_1_560' title='bbox 1233 4912 1282 4958; x_wconf 90' lang='lat' dir='ltr'><strong>et</strong></span> <span class='ocrx_word' id='word_1_561' title='bbox 1311 4902 1608 4974; x_wconf 89' lang='lat' dir='ltr'><strong>disciplina.</strong></span> <span class='ocrx_word' id='word_1_562' title='bbox 1638 4901 1821 4976; x_wconf 73' lang='lat' dir='ltr'><strong>(RAB).</strong></span> 
     </span>
    </p>
   </div>
   <div class='ocr_carea' id='block_1_71' title="bbox 261 4992 1822 5066">
    <p class='ocr_par' dir='ltr' id='par_1_71' title="bbox 261 4992 1822 5066">
     <span class='ocr_line' id='line_1_71' title="bbox 261 4992 1822 5066; baseline -0.001 -14"><span class='ocrx_word' id='word_1_563' title='bbox 261 4995 412 5052; x_wconf 87' lang='lat' dir='ltr'><strong>Sicut</strong></span> <span class='ocrx_word' id='word_1_564' title='bbox 439 5009 581 5065; x_wconf 66' lang='lat' dir='ltr'><strong>saepe</strong></span> <span class='ocrx_word' id='word_1_565' title='bbox 609 4993 810 5050; x_wconf 89' lang='lat' dir='ltr'><strong>dictum</strong></span> <span class='ocrx_word' id='word_1_566' title='bbox 867 5002 972 5060; x_wconf 89' lang='lat' dir='ltr'><strong>est,</strong></span> <span class='ocrx_word' id='word_1_567' title='bbox 1006 4992 1185 5048; x_wconf 88' lang='lat' dir='ltr'><strong>Timor</strong></span> <span class='ocrx_word' id='word_1_568' title='bbox 1223 4993 1435 5048; x_wconf 88' lang='lat' dir='ltr'><strong>Domini</strong></span> <span class='ocrx_word' id='word_1_569' title='bbox 1480 4995 1749 5066; x_wconf 66' lang='lat' dir='ltr'><strong>sapientia</strong></span> <span class='ocrx_word' id='word_1_570' title='bbox 1775 5005 1822 5050; x_wconf 92' lang='lat' dir='ltr'><strong>et</strong></span> 
     </span>
    </p>
   </div>
   <div class='ocr_carea' id='block_1_72' title="bbox 259 5081 1824 5157">
    <p class='ocr_par' dir='ltr' id='par_1_72' title="bbox 259 5081 1824 5157">
     <span class='ocr_line' id='line_1_72' title="bbox 259 5081 1824 5157; baseline -0.002 -15"><span class='ocrx_word' id='word_1_571' title='bbox 259 5085 546 5157; x_wconf 80' lang='lat' dir='ltr'><strong>disciplina:</strong></span> <span class='ocrx_word' id='word_1_572' title='bbox 595 5084 836 5140; x_wconf 86' lang='lat' dir='ltr'><strong>custodia</strong></span> <span class='ocrx_word' id='word_1_573' title='bbox 879 5092 954 5139; x_wconf 88' lang='lat' dir='ltr'><strong>est</strong></span> <span class='ocrx_word' id='word_1_574' title='bbox 1002 5081 1186 5155; x_wconf 83' lang='lat' dir='ltr'><strong>(Prov.</strong></span> <span class='ocrx_word' id='word_1_575' title='bbox 1239 5083 1382 5154; x_wconf 86' lang='lat' dir='ltr'><strong>xm),</strong></span> <span class='ocrx_word' id='word_1_576' title='bbox 1436 5085 1525 5139; x_wconf 91' lang='lat' dir='ltr'><strong>cui</strong></span> <span class='ocrx_word' id='word_1_577' title='bbox 1573 5085 1824 5140; x_wconf 90' lang='lat' dir='ltr'><strong>convenit</strong></span> 
     </span>
    </p>
   </div>
   <div class='ocr_carea' id='block_1_73' title="bbox 261 5175 1822 5246">
    <p class='ocr_par' dir='ltr' id='par_1_73' title="bbox 261 5175 1822 5246">
     <span class='ocr_line' id='line_1_73' title="bbox 261 5175 1822 5246; baseline -0.001 -14"><span class='ocrx_word' id='word_1_578' title='bbox 261 5177 390 5232; x_wconf 87' lang='lat' dir='ltr'><strong>ﬁdes</strong></span> <span class='ocrx_word' id='word_1_579' title='bbox 431 5183 602 5242; x_wconf 88' lang='lat' dir='ltr'><strong>recta,</strong></span> <span class='ocrx_word' id='word_1_580' title='bbox 643 5183 700 5232; x_wconf 90' lang='lat' dir='ltr'><strong>et</strong></span> <span class='ocrx_word' id='word_1_581' title='bbox 735 5190 945 5230; x_wconf 91' lang='lat' dir='ltr'><strong>morum</strong></span> <span class='ocrx_word' id='word_1_582' title='bbox 993 5175 1369 5245; x_wconf 89' lang='lat' dir='ltr'><strong>temperantia,</strong></span> <span class='ocrx_word' id='word_1_583' title='bbox 1399 5175 1525 5246; x_wconf 90' lang='lat' dir='ltr'><strong>quia</strong></span> <span class='ocrx_word' id='word_1_584' title='bbox 1554 5176 1671 5230; x_wconf 89' lang='lat' dir='ltr'><strong>sine</strong></span> <span class='ocrx_word' id='word_1_585' title='bbox 1715 5175 1822 5232; x_wconf 87' lang='lat' dir='ltr'><strong>ﬁde</strong></span> 
     </span>
    </p>
   </div>
   <div class='ocr_carea' id='block_1_74' title="bbox 263 5265 1824 5339">
    <p class='ocr_par' dir='ltr' id='par_1_74' title="bbox 263 5265 1824 5339">
     <span class='ocr_line' id='line_1_74' title="bbox 263 5265 1824 5339; baseline -0.001 -15"><span class='ocrx_word' id='word_1_586' title='bbox 263 5267 587 5338; x_wconf 89' lang='lat' dir='ltr'><strong>impossibile</strong></span> <span class='ocrx_word' id='word_1_587' title='bbox 608 5275 692 5323; x_wconf 87' lang='lat' dir='ltr'><strong>est</strong></span> <span class='ocrx_word' id='word_1_588' title='bbox 718 5267 933 5339; x_wconf 89' lang='lat' dir='ltr'><strong>placere</strong></span> <span class='ocrx_word' id='word_1_589' title='bbox 957 5266 1090 5333; x_wconf 89' lang='lat' dir='ltr'><strong>Deo,</strong></span> <span class='ocrx_word' id='word_1_590' title='bbox 1113 5273 1168 5322; x_wconf 90' lang='lat' dir='ltr'><strong>et</strong></span> <span class='ocrx_word' id='word_1_591' title='bbox 1194 5265 1458 5323; x_wconf 90' lang='lat' dir='ltr'><strong>bonorum</strong></span> <span class='ocrx_word' id='word_1_592' title='bbox 1480 5266 1590 5321; x_wconf 90' lang='lat' dir='ltr'><strong>vita</strong></span> <span class='ocrx_word' id='word_1_593' title='bbox 1611 5279 1824 5337; x_wconf 89' lang='lat' dir='ltr'><strong>semper</strong></span> 
     </span>
    </p>
   </div>
   <div class='ocr_carea' id='block_1_75' title="bbox 265 5355 1824 5430">
    <p class='ocr_par' dir='ltr' id='par_1_75' title="bbox 265 5355 1824 5430">
     <span class='ocr_line' id='line_1_75' title="bbox 265 5355 1824 5430; baseline 0.001 -18"><span class='ocrx_word' id='word_1_594' title='bbox 265 5357 545 5430; x_wconf 84' lang='lat' dir='ltr'><strong>tranquilla</strong></span> <span class='ocrx_word' id='word_1_595' title='bbox 574 5365 690 5425; x_wconf 85' lang='lat' dir='ltr'><strong>est;</strong></span> <span class='ocrx_word' id='word_1_596' title='bbox 721 5357 862 5413; x_wconf 91' lang='lat' dir='ltr'><strong>unde</strong></span> <span class='ocrx_word' id='word_1_597' title='bbox 883 5357 939 5412; x_wconf 92' lang='lat' dir='ltr'><strong>in</strong></span> <span class='ocrx_word' id='word_1_598' title='bbox 967 5355 1218 5413; x_wconf 67' lang='lat' dir='ltr'><strong>Matthaao</strong></span> <span class='ocrx_word' id='word_1_599' title='bbox 1242 5374 1256 5412; x_wconf 91' lang='lat'><strong>:</strong></span> <span class='ocrx_word' id='word_1_600' title='bbox 1287 5356 1484 5412; x_wconf 87' lang='lat' dir='ltr'><strong>Discite</strong></span> <span class='ocrx_word' id='word_1_601' title='bbox 1509 5373 1542 5411; x_wconf 90' lang='lat' dir='ltr'><strong>a</strong></span> <span class='ocrx_word' id='word_1_602' title='bbox 1568 5373 1670 5424; x_wconf 90' lang='lat' dir='ltr'><strong>me,</strong></span> <span class='ocrx_word' id='word_1_603' title='bbox 1699 5358 1824 5428; x_wconf 88' lang='lat' dir='ltr'><strong>quia</strong></span> 
     </span>
    </p>
   </div>
   <div class='ocr_carea' id='block_1_76' title="bbox 261 5448 1825 5519">
    <p class='ocr_par' dir='ltr' id='par_1_76' title="bbox 261 5448 1825 5519">
     <span class='ocr_line' id='line_1_76' title="bbox 261 5448 1825 5519; baseline -0.003 -13"><span class='ocrx_word' id='word_1_604' title='bbox 261 5453 395 5506; x_wconf 88' lang='lat' dir='ltr'><strong>mitis</strong></span> <span class='ocrx_word' id='word_1_605' title='bbox 425 5468 541 5506; x_wconf 90' lang='lat' dir='ltr'><strong>sum</strong></span> <span class='ocrx_word' id='word_1_606' title='bbox 566 5460 614 5506; x_wconf 87' lang='lat' dir='ltr'><strong>et</strong></span> <span class='ocrx_word' id='word_1_607' title='bbox 642 5449 850 5505; x_wconf 82' lang='lat' dir='ltr'><strong>humilis</strong></span> <span class='ocrx_word' id='word_1_608' title='bbox 873 5449 1047 5515; x_wconf 85' lang='lat' dir='ltr'><strong>corde,</strong></span> <span class='ocrx_word' id='word_1_609' title='bbox 1074 5457 1122 5504; x_wconf 88' lang='lat' dir='ltr'><strong>et</strong></span> <span class='ocrx_word' id='word_1_610' title='bbox 1157 5449 1425 5504; x_wconf 88' lang='lat' dir='ltr'><strong>invenietis</strong></span> <span class='ocrx_word' id='word_1_611' title='bbox 1455 5448 1680 5519; x_wconf 88' lang='lat' dir='ltr'><strong>requiem</strong></span> <span class='ocrx_word' id='word_1_612' title='bbox 1709 5449 1825 5502; x_wconf 85' lang='lat' dir='ltr'><strong>ani-</strong></span> 
     </span>
    </p>
   </div>
   <div class='ocr_carea' id='block_1_77' title="bbox 261 5542 1823 5616">
    <p class='ocr_par' dir='ltr' id='par_1_77' title="bbox 261 5542 1823 5616">
     <span class='ocr_line' id='line_1_77' title="bbox 261 5542 1823 5616; baseline -0.004 -15"><span class='ocrx_word' id='word_1_613' title='bbox 261 5547 437 5602; x_wconf 86' lang='lat' dir='ltr'><strong>mabus</strong></span> <span class='ocrx_word' id='word_1_614' title='bbox 496 5545 676 5600; x_wconf 88' lang='lat' dir='ltr'><strong>vestris</strong></span> <span class='ocrx_word' id='word_1_615' title='bbox 729 5543 944 5616; x_wconf 82' lang='lat' dir='ltr'><strong>(Matth.</strong></span> <span class='ocrx_word' id='word_1_616' title='bbox 1003 5542 1104 5615; x_wconf 80' lang='lat' dir='ltr'><strong>xl).</strong></span> <span class='ocrx_word' id='word_1_617' title='bbox 1153 5543 1252 5609; x_wconf 90' lang='lat' dir='ltr'><strong>Qui</strong></span> <span class='ocrx_word' id='word_1_618' title='bbox 1307 5543 1450 5597; x_wconf 90' lang='lat' dir='ltr'><strong>enim</strong></span> <span class='ocrx_word' id='word_1_619' title='bbox 1495 5557 1622 5598; x_wconf 90' lang='lat' dir='ltr'><strong>vere</strong></span> <span class='ocrx_word' id='word_1_620' title='bbox 1668 5542 1823 5597; x_wconf 88' lang='lat' dir='ltr'><strong>timet</strong></span> 
     </span>
    </p>
   </div>
   <div class='ocr_carea' id='block_1_78' title="bbox 262 5633 1817 5707">
    <p class='ocr_par' dir='ltr' id='par_1_78' title="bbox 262 5633 1817 5707">
     <span class='ocr_line' id='line_1_78' title="bbox 262 5633 1817 5707; baseline -0.005 -11"><span class='ocrx_word' id='word_1_621' title='bbox 262 5638 448 5705; x_wconf 85' lang='lat' dir='ltr'><strong>Deum,</strong></span> <span class='ocrx_word' id='word_1_622' title='bbox 483 5652 590 5694; x_wconf 93' lang='lat' dir='ltr'><strong>non</strong></span> <span class='ocrx_word' id='word_1_623' title='bbox 619 5644 798 5707; x_wconf 91' lang='lat' dir='ltr'><strong>potest</strong></span> <span class='ocrx_word' id='word_1_624' title='bbox 835 5650 954 5691; x_wconf 90' lang='lat' dir='ltr'><strong>esse</strong></span> <span class='ocrx_word' id='word_1_625' title='bbox 987 5635 1103 5690; x_wconf 90' lang='lat' dir='ltr'><strong>sine</strong></span> <span class='ocrx_word' id='word_1_626' title='bbox 1138 5633 1260 5700; x_wconf 82' lang='lat' dir='ltr'><strong>ﬁde,</strong></span> <span class='ocrx_word' id='word_1_627' title='bbox 1286 5641 1340 5688; x_wconf 90' lang='lat' dir='ltr'><strong>et</strong></span> <span class='ocrx_word' id='word_1_628' title='bbox 1365 5633 1619 5703; x_wconf 88' lang='lat' dir='ltr'><strong>operibus</strong></span> <span class='ocrx_word' id='word_1_629' title='bbox 1640 5633 1817 5701; x_wconf 90' lang='lat' dir='ltr'><strong>bonis,</strong></span> 
     </span>
    </p>
   </div>
   <div class='ocr_carea' id='block_1_79' title="bbox 262 5725 1820 5806">
    <p class='ocr_par' dir='ltr' id='par_1_79' title="bbox 262 5725 1820 5806">
     <span class='ocr_line' id='line_1_79' title="bbox 262 5725 1820 5806; baseline -0.005 -18"><span class='ocrx_word' id='word_1_630' title='bbox 262 5747 372 5806; x_wconf 68' lang='lat' dir='ltr'><strong>quae</strong></span> <span class='ocrx_word' id='word_1_631' title='bbox 405 5730 614 5801; x_wconf 87' lang='lat' dir='ltr'><strong>replent</strong></span> <span class='ocrx_word' id='word_1_632' title='bbox 656 5728 929 5784; x_wconf 87' lang='lat' dir='ltr'><strong>hominem</strong></span> <span class='ocrx_word' id='word_1_633' title='bbox 968 5727 1280 5792; x_wconf 87' lang='lat' dir='ltr'><strong>virtutibus,</strong></span> <span class='ocrx_word' id='word_1_634' title='bbox 1319 5735 1374 5782; x_wconf 90' lang='lat' dir='ltr'><strong>et</strong></span> <span class='ocrx_word' id='word_1_635' title='bbox 1414 5725 1523 5782; x_wconf 88' lang='lat' dir='ltr'><strong>Deo</strong></span> <span class='ocrx_word' id='word_1_636' title='bbox 1572 5734 1820 5797; x_wconf 87' lang='lat' dir='ltr'><strong>accepta-</strong></span> 
     </span>
    </p>
   </div>
   <div class='ocr_carea' id='block_1_80' title="bbox 261 5816 1817 5888">
    <p class='ocr_par' dir='ltr' id='par_1_80' title="bbox 261 5816 1817 5888">
     <span class='ocr_line' id='line_1_80' title="bbox 261 5816 1817 5888; baseline -0.004 -9"><span class='ocrx_word' id='word_1_637' title='bbox 261 5821 415 5879; x_wconf 87' lang='lat' dir='ltr'><strong>bilem</strong></span> <span class='ocrx_word' id='word_1_638' title='bbox 444 5819 668 5876; x_wconf 78' lang='lat' dir='ltr'><strong>faciunt.</strong></span> <span class='ocrx_word' id='word_1_639' title='bbox 709 5819 898 5876; x_wconf 86' lang='lat' dir='ltr'><strong>Unde:</strong></span> <span class='ocrx_word' id='word_1_640' title='bbox 923 5816 1139 5873; x_wconf 81' lang='lat' dir='ltr'><strong>Homini</strong></span> <span class='ocrx_word' id='word_1_641' title='bbox 1171 5817 1300 5872; x_wconf 89' lang='lat' dir='ltr'><strong>bono</strong></span> <span class='ocrx_word' id='word_1_642' title='bbox 1337 5818 1391 5872; x_wconf 92' lang='lat' dir='ltr'><strong>in</strong></span> <span class='ocrx_word' id='word_1_643' title='bbox 1421 5827 1692 5888; x_wconf 90' lang='lat' dir='ltr'><strong>conspectu</strong></span> <span class='ocrx_word' id='word_1_644' title='bbox 1723 5833 1817 5872; x_wconf 89' lang='lat' dir='ltr'><strong>suo</strong></span> 
     </span>
    </p>
   </div>
   <div class='ocr_carea' id='block_1_81' title="bbox 264 5907 1814 5985">
    <p class='ocr_par' dir='ltr' id='par_1_81' title="bbox 264 5907 1814 5985">
     <span class='ocr_line' id='line_1_81' title="bbox 264 5907 1814 5985; baseline -0.002 -18"><span class='ocrx_word' id='word_1_645' title='bbox 264 5913 394 5970; x_wconf 80' lang='lat' dir='ltr'><strong>dedit</strong></span> <span class='ocrx_word' id='word_1_646' title='bbox 421 5913 560 5971; x_wconf 83' lang='lat' dir='ltr'><strong>Deus</strong></span> <span class='ocrx_word' id='word_1_647' title='bbox 581 5911 893 5985; x_wconf 86' lang='lat' dir='ltr'><strong>sapientiam</strong></span> <span class='ocrx_word' id='word_1_648' title='bbox 918 5921 964 5969; x_wconf 80' lang='lat' dir='ltr'><strong>et</strong></span> <span class='ocrx_word' id='word_1_649' title='bbox 999 5909 1266 5970; x_wconf 80' lang='lat' dir='ltr'><strong>scientiam</strong></span> <span class='ocrx_word' id='word_1_650' title='bbox 1291 5920 1337 5966; x_wconf 90' lang='lat' dir='ltr'><strong>et</strong></span> <span class='ocrx_word' id='word_1_651' title='bbox 1377 5909 1634 5966; x_wconf 70' lang='lat' dir='ltr'><strong>laetitiam.</strong></span> <span class='ocrx_word' id='word_1_652' title='bbox 1683 5907 1814 5966; x_wconf 81' lang='lat' dir='ltr'><strong>Pec-</strong></span> 
     </span>
    </p>
   </div>
   <div class='ocr_carea' id='block_1_82' title="bbox 1923 3425 3168 3496">
    <p class='ocr_par' dir='ltr' id='par_1_82' title="bbox 1923 3425 3168 3496">
     <span class='ocr_line' id='line_1_82' title="bbox 1923 3425 3168 3496; baseline 0.002 -16"><span class='ocrx_word' id='word_1_653' title='bbox 1923 3426 2126 3496; x_wconf 86' lang='lat' dir='ltr'><strong>quitur,</strong></span> <span class='ocrx_word' id='word_1_654' title='bbox 2158 3425 2404 3496; x_wconf 90' lang='lat' dir='ltr'><strong>Deprime</strong></span> <span class='ocrx_word' id='word_1_655' title='bbox 2429 3443 2519 3480; x_wconf 91' lang='lat' dir='ltr'><strong>cor</strong></span> <span class='ocrx_word' id='word_1_656' title='bbox 2539 3436 2708 3490; x_wconf 90' lang='lat' dir='ltr'><strong>tuum,</strong></span> <span class='ocrx_word' id='word_1_657' title='bbox 2737 3435 2785 3480; x_wconf 90' lang='lat' dir='ltr'><strong>et</strong></span> <span class='ocrx_word' id='word_1_658' title='bbox 2811 3429 3026 3495; x_wconf 88' lang='lat' dir='ltr'><strong>sustine,</strong></span> <span class='ocrx_word' id='word_1_659' title='bbox 3063 3436 3168 3485; x_wconf 91' lang='lat' dir='ltr'><strong>etc.</strong></span> 
     </span>
    </p>
   </div>
   <div class='ocr_carea' id='block_1_83' title="bbox 1993 3516 3495 3593">
    <p class='ocr_par' dir='ltr' id='par_1_83' title="bbox 1993 3516 3495 3593">
     <span class='ocr_line' id='line_1_83' title="bbox 1993 3516 3495 3593; baseline 0.003 -19"><span class='ocrx_word' id='word_1_660' title='bbox 1993 3519 2160 3574; x_wconf 73' lang='lat' dir='ltr'><strong>Vens.</strong></span> <span class='ocrx_word' id='word_1_661' title='bbox 2189 3517 2244 3572; x_wconf 72' lang='grc'><strong>4.</strong></span> <span class='ocrx_word' id='word_1_662' title='bbox 2272 3549 2340 3558; x_wconf 90' lang='grc'><strong><em>-</em></strong></span> <span class='ocrx_word' id='word_1_663' title='bbox 2369 3516 2689 3573; x_wconf 86' lang='lat' dir='ltr'><strong>Patientiam</strong></span> <span class='ocrx_word' id='word_1_664' title='bbox 2722 3519 2872 3574; x_wconf 85' lang='lat' dir='ltr'><strong>habe.</strong></span> <span class='ocrx_word' id='word_1_665' title='bbox 2914 3520 3078 3588; x_wconf 85' lang='lat' dir='ltr'><strong>Quasi</strong></span> <span class='ocrx_word' id='word_1_666' title='bbox 3107 3538 3122 3577; x_wconf 91' lang='lat'><strong>:</strong></span> <span class='ocrx_word' id='word_1_667' title='bbox 3151 3520 3218 3576; x_wconf 90' lang='lat' dir='ltr'><strong>In</strong></span> <span class='ocrx_word' id='word_1_668' title='bbox 3243 3523 3495 3593; x_wconf 88' lang='lat' dir='ltr'><strong>patientia</strong></span> 
     </span>
    </p>
   </div>
   <div class='ocr_carea' id='block_1_84' title="bbox 1920 3609 3491 3684">
    <p class='ocr_par' dir='ltr' id='par_1_84' title="bbox 1920 3609 3491 3684">
     <span class='ocr_line' id='line_1_84' title="bbox 1920 3609 3491 3684; baseline 0.003 -19"><span class='ocrx_word' id='word_1_669' title='bbox 1920 3618 2094 3665; x_wconf 88' lang='lat' dir='ltr'><strong>vestra</strong></span> <span class='ocrx_word' id='word_1_670' title='bbox 2125 3609 2455 3679; x_wconf 89' lang='lat' dir='ltr'><strong>possidebitis</strong></span> <span class='ocrx_word' id='word_1_671' title='bbox 2502 3611 2706 3665; x_wconf 90' lang='lat' dir='ltr'><strong>animas</strong></span> <span class='ocrx_word' id='word_1_672' title='bbox 2747 3619 2942 3666; x_wconf 89' lang='lat' dir='ltr'><strong>vestras</strong></span> <span class='ocrx_word' id='word_1_673' title='bbox 2987 3610 3140 3684; x_wconf 88' lang='lat' dir='ltr'><strong>(Luc.</strong></span> <span class='ocrx_word' id='word_1_674' title='bbox 3184 3613 3322 3683; x_wconf 77' lang='lat' dir='ltr'><strong>xxi),</strong></span> <span class='ocrx_word' id='word_1_675' title='bbox 3363 3614 3491 3684; x_wconf 84' lang='lat' dir='ltr'><strong>quia</strong></span> 
     </span>
    </p>
   </div>
   <div class='ocr_carea' id='block_1_85' title="bbox 1920 3703 3494 3780">
    <p class='ocr_par' dir='ltr' id='par_1_85' title="bbox 1920 3703 3494 3780">
     <span class='ocr_line' id='line_1_85' title="bbox 1920 3703 3494 3780; baseline 0.002 -18"><span class='ocrx_word' id='word_1_676' title='bbox 1920 3703 2131 3762; x_wconf 88' lang='lat' dir='ltr'><strong>scilicet</strong></span> <span class='ocrx_word' id='word_1_677' title='bbox 2155 3704 2310 3760; x_wconf 87' lang='lat' dir='ltr'><strong>radix</strong></span> <span class='ocrx_word' id='word_1_678' title='bbox 2332 3713 2388 3760; x_wconf 92' lang='lat' dir='ltr'><strong>et</strong></span> <span class='ocrx_word' id='word_1_679' title='bbox 2432 3711 2614 3761; x_wconf 91' lang='lat' dir='ltr'><strong>custos</strong></span> <span class='ocrx_word' id='word_1_680' title='bbox 2647 3706 2889 3761; x_wconf 85' lang='lat' dir='ltr'><strong>omnium</strong></span> <span class='ocrx_word' id='word_1_681' title='bbox 2929 3706 3190 3762; x_wconf 89' lang='lat' dir='ltr'><strong>virtutum</strong></span> <span class='ocrx_word' id='word_1_682' title='bbox 3234 3708 3494 3780; x_wconf 86' lang='lat' dir='ltr'><strong>patientia</strong></span> 
     </span>
    </p>
   </div>
   <div class='ocr_carea' id='block_1_86' title="bbox 1923 3795 3496 3870">
    <p class='ocr_par' dir='ltr' id='par_1_86' title="bbox 1923 3795 3496 3870">
     <span class='ocr_line' id='line_1_86' title="bbox 1923 3795 3496 3870; baseline 0.003 -16"><span class='ocrx_word' id='word_1_683' title='bbox 1923 3805 2027 3854; x_wconf 89' lang='lat' dir='ltr'><strong>est.</strong></span> <span class='ocrx_word' id='word_1_684' title='bbox 2082 3795 2374 3853; x_wconf 87' lang='lat' dir='ltr'><strong>Sciendum</strong></span> <span class='ocrx_word' id='word_1_685' title='bbox 2425 3806 2605 3854; x_wconf 90' lang='lat' dir='ltr'><strong>autem</strong></span> <span class='ocrx_word' id='word_1_686' title='bbox 2665 3805 2769 3865; x_wconf 92' lang='lat' dir='ltr'><strong>est,</strong></span> <span class='ocrx_word' id='word_1_687' title='bbox 2810 3799 2955 3870; x_wconf 90' lang='lat' dir='ltr'><strong>quod</strong></span> <span class='ocrx_word' id='word_1_688' title='bbox 3005 3799 3266 3869; x_wconf 89' lang='lat' dir='ltr'><strong>patientia</strong></span> <span class='ocrx_word' id='word_1_689' title='bbox 3323 3802 3496 3860; x_wconf 85' lang='lat' dir='ltr'><strong>tribus</strong></span> 
     </span>
    </p>
   </div>
   <div class='ocr_carea' id='block_1_87' title="bbox 1923 3889 3497 3963">
    <p class='ocr_par' dir='ltr' id='par_1_87' title="bbox 1923 3889 3497 3963">
     <span class='ocr_line' id='line_1_87' title="bbox 1923 3889 3497 3963; baseline 0.005 -20"><span class='ocrx_word' id='word_1_690' title='bbox 1923 3889 2098 3944; x_wconf 91' lang='lat' dir='ltr'><strong>modis</strong></span> <span class='ocrx_word' id='word_1_691' title='bbox 2146 3896 2446 3946; x_wconf 82' lang='lat' dir='ltr'><strong>exercetur.</strong></span> <span class='ocrx_word' id='word_1_692' title='bbox 2476 3889 2524 3945; x_wconf 77' lang='grc' dir='ltr'><strong>Α</strong></span> <span class='ocrx_word' id='word_1_693' title='bbox 2572 3889 2684 3945; x_wconf 90' lang='lat' dir='ltr'><strong>Deo</strong></span> <span class='ocrx_word' id='word_1_694' title='bbox 2711 3891 2856 3946; x_wconf 89' lang='lat' dir='ltr'><strong>enim</strong></span> <span class='ocrx_word' id='word_1_695' title='bbox 2891 3889 3244 3963; x_wconf 84' lang='lat' dir='ltr'><strong>ﬂagellamur,</strong></span> <span class='ocrx_word' id='word_1_696' title='bbox 3273 3894 3368 3950; x_wconf 91' lang='lat' dir='ltr'><strong>sed</strong></span> <span class='ocrx_word' id='word_1_697' title='bbox 3403 3911 3497 3950; x_wconf 86' lang='lat' dir='ltr'><strong>ca-</strong></span> 
     </span>
    </p>
   </div>
   <div class='ocr_carea' id='block_1_88' title="bbox 1923 3969 3570 4054">
    <p class='ocr_par' dir='ltr' id='par_1_88' title="bbox 1923 3969 3570 4054">
     <span class='ocr_line' id='line_1_88' title="bbox 1923 3969 3570 4054; baseline 0.005 -21"><span class='ocrx_word' id='word_1_698' title='bbox 1923 3978 2160 4034; x_wconf 90' lang='lat' dir='ltr'><strong>vendum</strong></span> <span class='ocrx_word' id='word_1_699' title='bbox 2191 3987 2273 4035; x_wconf 92' lang='lat' dir='ltr'><strong>est</strong></span> <span class='ocrx_word' id='word_1_700' title='bbox 2313 3993 2380 4034; x_wconf 91' lang='lat' dir='ltr'><strong>ne</strong></span> <span class='ocrx_word' id='word_1_701' title='bbox 2425 3995 2919 4046; x_wconf 84' lang='lat' dir='ltr'><strong>murmuremus;a</strong></span> <span class='ocrx_word' id='word_1_702' title='bbox 2965 3983 3214 4052; x_wconf 86' lang='lat' dir='ltr'><strong>proximo</strong></span> <span class='ocrx_word' id='word_1_703' title='bbox 3239 3999 3495 4054; x_wconf 88' lang='lat' dir='ltr'><strong>persecu-</strong></span> <span class='ocrx_word' id='word_1_704' title='bbox 3568 3969 3570 3972; x_wconf 41' lang='grc'><em>’</em></span> 
     </span>
    </p>
   </div>
   <div class='ocr_carea' id='block_1_89' title="bbox 1923 4070 3497 4142">
    <p class='ocr_par' dir='ltr' id='par_1_89' title="bbox 1923 4070 3497 4142">
     <span class='ocr_line' id='line_1_89' title="bbox 1923 4070 3497 4142; baseline 0.004 -16"><span class='ocrx_word' id='word_1_705' title='bbox 1923 4071 2120 4137; x_wconf 89' lang='lat' dir='ltr'><strong>tiones,</strong></span> <span class='ocrx_word' id='word_1_706' title='bbox 2163 4079 2218 4127; x_wconf 90' lang='lat' dir='ltr'><strong>et</strong></span> <span class='ocrx_word' id='word_1_707' title='bbox 2270 4070 2484 4136; x_wconf 90' lang='lat' dir='ltr'><strong>damna,</strong></span> <span class='ocrx_word' id='word_1_708' title='bbox 2536 4079 2592 4126; x_wconf 89' lang='lat' dir='ltr'><strong>et</strong></span> <span class='ocrx_word' id='word_1_709' title='bbox 2635 4072 2988 4129; x_wconf 87' lang='lat' dir='ltr'><strong>contumelias</strong></span> <span class='ocrx_word' id='word_1_710' title='bbox 3031 4075 3385 4142; x_wconf 87' lang='lat' dir='ltr'><strong>sustinemus,</strong></span> <span class='ocrx_word' id='word_1_711' title='bbox 3442 4083 3497 4132; x_wconf 89' lang='lat' dir='ltr'><strong>et</strong></span> 
     </span>
    </p>
   </div>
   <div class='ocr_carea' id='block_1_90' title="bbox 1923 4162 3496 4236">
    <p class='ocr_par' dir='ltr' id='par_1_90' title="bbox 1923 4162 3496 4236">
     <span class='ocr_line' id='line_1_90' title="bbox 1923 4162 3496 4236; baseline 0.003 -19"><span class='ocrx_word' id='word_1_712' title='bbox 1923 4163 2218 4218; x_wconf 89' lang='lat' dir='ltr'><strong>cavendum</strong></span> <span class='ocrx_word' id='word_1_713' title='bbox 2262 4171 2345 4218; x_wconf 91' lang='lat' dir='ltr'><strong>est</strong></span> <span class='ocrx_word' id='word_1_714' title='bbox 2370 4178 2440 4218; x_wconf 90' lang='lat' dir='ltr'><strong>ne</strong></span> <span class='ocrx_word' id='word_1_715' title='bbox 2477 4162 2617 4218; x_wconf 90' lang='lat' dir='ltr'><strong>mala</strong></span> <span class='ocrx_word' id='word_1_716' title='bbox 2645 4179 2745 4236; x_wconf 93' lang='lat' dir='ltr'><strong>pro</strong></span> <span class='ocrx_word' id='word_1_717' title='bbox 2786 4165 2942 4220; x_wconf 88' lang='lat' dir='ltr'><strong>malis</strong></span> <span class='ocrx_word' id='word_1_718' title='bbox 2983 4166 3385 4231; x_wconf 89' lang='lat' dir='ltr'><strong>retribuamus;</strong></span> <span class='ocrx_word' id='word_1_719' title='bbox 3427 4167 3496 4223; x_wconf 90' lang='lat' dir='ltr'><strong>ab</strong></span> 
     </span>
    </p>
   </div>
   <div class='ocr_carea' id='block_1_91' title="bbox 1923 4255 3498 4331">
    <p class='ocr_par' dir='ltr' id='par_1_91' title="bbox 1923 4255 3498 4331">
     <span class='ocr_line' id='line_1_91' title="bbox 1923 4255 3498 4331; baseline 0.003 -21"><span class='ocrx_word' id='word_1_720' title='bbox 1923 4255 2234 4311; x_wconf 89' lang='lat' dir='ltr'><strong>adversario</strong></span> <span class='ocrx_word' id='word_1_721' title='bbox 2275 4263 2566 4331; x_wconf 88' lang='lat' dir='ltr'><strong>tentamur,</strong></span> <span class='ocrx_word' id='word_1_722' title='bbox 2598 4257 2693 4312; x_wconf 91' lang='lat' dir='ltr'><strong>sed</strong></span> <span class='ocrx_word' id='word_1_723' title='bbox 2730 4257 3164 4327; x_wconf 88' lang='lat' dir='ltr'><strong>prospiciendum</strong></span> <span class='ocrx_word' id='word_1_724' title='bbox 3197 4269 3280 4312; x_wconf 88' lang='lat' dir='ltr'><strong>est</strong></span> <span class='ocrx_word' id='word_1_725' title='bbox 3324 4273 3394 4314; x_wconf 90' lang='lat' dir='ltr'><strong>ne</strong></span> <span class='ocrx_word' id='word_1_726' title='bbox 3426 4259 3498 4315; x_wconf 88' lang='lat' dir='ltr'><strong>ad</strong></span> 
     </span>
    </p>
   </div>
   <div class='ocr_carea' id='block_1_92' title="bbox 1925 4347 3494 4418">
    <p class='ocr_par' dir='ltr' id='par_1_92' title="bbox 1925 4347 3494 4418">
     <span class='ocr_line' id='line_1_92' title="bbox 1925 4347 3494 4418; baseline 0.003 -15"><span class='ocrx_word' id='word_1_727' title='bbox 1925 4347 2337 4404; x_wconf 85' lang='lat' dir='ltr'><strong>delectationem</strong></span> <span class='ocrx_word' id='word_1_728' title='bbox 2367 4349 2576 4418; x_wconf 86' lang='lat' dir='ltr'><strong>peccati</strong></span> <span class='ocrx_word' id='word_1_729' title='bbox 2605 4348 2690 4402; x_wconf 88' lang='lat' dir='ltr'><strong>vel</strong></span> <span class='ocrx_word' id='word_1_730' title='bbox 2716 4363 3040 4404; x_wconf 89' lang='lat' dir='ltr'><strong>consensum</strong></span> <span class='ocrx_word' id='word_1_731' title='bbox 3080 4348 3383 4418; x_wconf 82' lang='lat' dir='ltr'><strong>ﬂectamur,</strong></span> <span class='ocrx_word' id='word_1_732' title='bbox 3407 4349 3494 4408; x_wconf 86' lang='lat' dir='ltr'><strong>vel</strong></span> 
     </span>
    </p>
   </div>
   <div class='ocr_carea' id='block_1_93' title="bbox 1923 4439 3488 4516">
    <p class='ocr_par' dir='ltr' id='par_1_93' title="bbox 1923 4439 3488 4516">
     <span class='ocr_line' id='line_1_93' title="bbox 1923 4439 3488 4516; baseline 0.004 -22"><span class='ocrx_word' id='word_1_733' title='bbox 1923 4456 2024 4514; x_wconf 89' lang='lat' dir='ltr'><strong>pro</strong></span> <span class='ocrx_word' id='word_1_734' title='bbox 2073 4441 2160 4496; x_wconf 91' lang='lat' dir='ltr'><strong>his</strong></span> <span class='ocrx_word' id='word_1_735' title='bbox 2193 4439 2476 4510; x_wconf 84' lang='lat' dir='ltr'><strong>praesentia</strong></span> <span class='ocrx_word' id='word_1_736' title='bbox 2520 4453 2865 4511; x_wconf 65' lang='lat' dir='ltr'><strong>quaeramus,</strong></span> <span class='ocrx_word' id='word_1_737' title='bbox 2914 4442 3009 4497; x_wconf 83' lang='lat' dir='ltr'><strong>sed</strong></span> <span class='ocrx_word' id='word_1_738' title='bbox 3055 4440 3237 4499; x_wconf 78' lang='lat' dir='ltr'><strong>futura</strong></span> <span class='ocrx_word' id='word_1_739' title='bbox 3289 4458 3488 4516; x_wconf 67' lang='lat' dir='ltr'><strong>exspe-</strong></span> 
     </span>
    </p>
   </div>
   <div class='ocr_carea' id='block_1_94' title="bbox 1924 4542 2153 4589">
    <p class='ocr_par' dir='ltr' id='par_1_94' title="bbox 1924 4542 2153 4589">
     <span class='ocr_line' id='line_1_94' title="bbox 1924 4542 2153 4589; baseline -0.009 0"><span class='ocrx_word' id='word_1_740' title='bbox 1924 4542 2153 4589; x_wconf 90' lang='lat' dir='ltr'><strong>ctemus.</strong></span> 
     </span>
    </p>
   </div>
   <div class='ocr_carea' id='block_1_95' title="bbox 1998 4622 3492 4701">
    <p class='ocr_par' dir='ltr' id='par_1_95' title="bbox 1998 4622 3492 4701">
     <span class='ocr_line' id='line_1_95' title="bbox 1998 4622 3492 4701; baseline 0.002 -20"><span class='ocrx_word' id='word_1_741' title='bbox 1998 4625 2163 4681; x_wconf 78' lang='lat' dir='ltr'><strong>Vnus.</strong></span> <span class='ocrx_word' id='word_1_742' title='bbox 2197 4622 2251 4679; x_wconf 90' lang='lat'><strong>6.</strong></span> <span class='ocrx_word' id='word_1_743' title='bbox 2291 4653 2362 4665; x_wconf 90' lang='lat'><strong>--</strong></span> <span class='ocrx_word' id='word_1_744' title='bbox 2405 4624 2570 4680; x_wconf 87' lang='lat' dir='ltr'><strong>Crede</strong></span> <span class='ocrx_word' id='word_1_745' title='bbox 2608 4623 2717 4680; x_wconf 91' lang='lat' dir='ltr'><strong>Deo</strong></span> <span class='ocrx_word' id='word_1_746' title='bbox 2761 4634 2810 4680; x_wconf 91' lang='lat' dir='ltr'><strong>et</strong></span> <span class='ocrx_word' id='word_1_747' title='bbox 2848 4626 3169 4696; x_wconf 86' lang='lat' dir='ltr'><strong>recuperabit</strong></span> <span class='ocrx_word' id='word_1_748' title='bbox 3212 4636 3280 4683; x_wconf 90' lang='lat' dir='ltr'><strong>te.</strong></span> <span class='ocrx_word' id='word_1_749' title='bbox 3309 4624 3492 4701; x_wconf 66' lang='grc' dir='ltr'><strong>(ΚΑΒ.)</strong></span> 
     </span>
    </p>
   </div>
   <div class='ocr_carea' id='block_1_96' title="bbox 1927 4714 3491 4790">
    <p class='ocr_par' dir='ltr' id='par_1_96' title="bbox 1927 4714 3491 4790">
     <span class='ocr_line' id='line_1_96' title="bbox 1927 4714 3491 4790; baseline 0.002 -19"><span class='ocrx_word' id='word_1_750' title='bbox 1927 4714 2163 4772; x_wconf 89' lang='lat' dir='ltr'><strong>Credere</strong></span> <span class='ocrx_word' id='word_1_751' title='bbox 2175 4723 2389 4786; x_wconf 83' lang='lat' dir='ltr'><strong>oportet</strong></span> <span class='ocrx_word' id='word_1_752' title='bbox 2407 4714 2684 4780; x_wconf 83' lang='lat' dir='ltr'><strong>amictum,</strong></span> <span class='ocrx_word' id='word_1_753' title='bbox 2708 4724 2762 4771; x_wconf 87' lang='lat' dir='ltr'><strong>et</strong></span> <span class='ocrx_word' id='word_1_754' title='bbox 2784 4715 3017 4785; x_wconf 86' lang='lat' dir='ltr'><strong>dirigere</strong></span> <span class='ocrx_word' id='word_1_755' title='bbox 3037 4731 3254 4788; x_wconf 86' lang='lat' dir='ltr'><strong>gressus</strong></span> <span class='ocrx_word' id='word_1_756' title='bbox 3267 4733 3491 4790; x_wconf 89' lang='lat' dir='ltr'><strong>operum</strong></span> 
     </span>
    </p>
   </div>
   <div class='ocr_carea' id='block_1_97' title="bbox 1925 4805 3494 4877">
    <p class='ocr_par' dir='ltr' id='par_1_97' title="bbox 1925 4805 3494 4877">
     <span class='ocr_line' id='line_1_97' title="bbox 1925 4805 3494 4877; baseline 0 -15"><span class='ocrx_word' id='word_1_757' title='bbox 1925 4807 1980 4862; x_wconf 93' lang='lat' dir='ltr'><strong>in</strong></span> <span class='ocrx_word' id='word_1_758' title='bbox 2007 4807 2103 4862; x_wconf 88' lang='lat' dir='ltr'><strong>Dei</strong></span> <span class='ocrx_word' id='word_1_759' title='bbox 2124 4813 2488 4877; x_wconf 83' lang='lat' dir='ltr'><strong>conSpectum,</strong></span> <span class='ocrx_word' id='word_1_760' title='bbox 2521 4812 2578 4860; x_wconf 89' lang='lat' dir='ltr'><strong>et</strong></span> <span class='ocrx_word' id='word_1_761' title='bbox 2618 4819 2838 4876; x_wconf 90' lang='lat' dir='ltr'><strong>sperare</strong></span> <span class='ocrx_word' id='word_1_762' title='bbox 2870 4805 2926 4860; x_wconf 91' lang='lat' dir='ltr'><strong>in</strong></span> <span class='ocrx_word' id='word_1_763' title='bbox 2959 4805 3143 4873; x_wconf 91' lang='lat' dir='ltr'><strong>illum;</strong></span> <span class='ocrx_word' id='word_1_764' title='bbox 3175 4809 3318 4864; x_wconf 90' lang='lat' dir='ltr'><strong>unde</strong></span> <span class='ocrx_word' id='word_1_765' title='bbox 3353 4825 3366 4861; x_wconf 92' lang='lat'><strong>:</strong></span> <span class='ocrx_word' id='word_1_766' title='bbox 3395 4807 3494 4863; x_wconf 85' lang='lat' dir='ltr'><strong>Re-</strong></span> 
     </span>
    </p>
   </div>
   <div class='ocr_carea' id='block_1_98' title="bbox 1924 4898 3490 4970">
    <p class='ocr_par' dir='ltr' id='par_1_98' title="bbox 1924 4898 3490 4970">
     <span class='ocr_line' id='line_1_98' title="bbox 1924 4898 3490 4970; baseline -0.001 -15"><span class='ocrx_word' id='word_1_767' title='bbox 1924 4899 2038 4956; x_wconf 86' lang='lat' dir='ltr'><strong>vela</strong></span> <span class='ocrx_word' id='word_1_768' title='bbox 2066 4898 2290 4954; x_wconf 90' lang='lat' dir='ltr'><strong>Domino</strong></span> <span class='ocrx_word' id='word_1_769' title='bbox 2319 4899 2455 4953; x_wconf 89' lang='lat' dir='ltr'><strong>viam</strong></span> <span class='ocrx_word' id='word_1_770' title='bbox 2476 4906 2638 4962; x_wconf 89' lang='lat' dir='ltr'><strong>tuam,</strong></span> <span class='ocrx_word' id='word_1_771' title='bbox 2670 4907 2718 4952; x_wconf 89' lang='lat' dir='ltr'><strong>et</strong></span> <span class='ocrx_word' id='word_1_772' title='bbox 2742 4913 2892 4968; x_wconf 88' lang='lat' dir='ltr'><strong>spera</strong></span> <span class='ocrx_word' id='word_1_773' title='bbox 2915 4899 2967 4952; x_wconf 91' lang='lat' dir='ltr'><strong>in</strong></span> <span class='ocrx_word' id='word_1_774' title='bbox 2993 4914 3076 4965; x_wconf 88' lang='lat' dir='ltr'><strong>eo,</strong></span> <span class='ocrx_word' id='word_1_775' title='bbox 3108 4908 3155 4954; x_wconf 90' lang='lat' dir='ltr'><strong>et</strong></span> <span class='ocrx_word' id='word_1_776' title='bbox 3177 4901 3284 4970; x_wconf 88' lang='lat' dir='ltr'><strong>ipse</strong></span> <span class='ocrx_word' id='word_1_777' title='bbox 3313 4899 3490 4968; x_wconf 84' lang='lat' dir='ltr'><strong>faciet.</strong></span> 
     </span>
    </p>
   </div>
   <div class='ocr_carea' id='block_1_99' title="bbox 1925 4977 3490 5064">
    <p class='ocr_par' dir='ltr' id='par_1_99' title="bbox 1925 4977 3490 5064">
     <span class='ocr_line' id='line_1_99' title="bbox 1925 4977 3490 5064; baseline 0 -20"><span class='ocrx_word' id='word_1_778' title='bbox 1925 4987 2313 5064; x_wconf 88' lang='lat' dir='ltr'><strong>(Psal.xxxvl).</strong></span> <span class='ocrx_word' id='word_1_779' title='bbox 2347 4987 2485 5044; x_wconf 81' lang='lat' dir='ltr'><strong>Hinc</strong></span> <span class='ocrx_word' id='word_1_780' title='bbox 2504 4988 2769 5044; x_wconf 79' lang='lat' dir='ltr'><strong>Jeremias</strong></span> <span class='ocrx_word' id='word_1_781' title='bbox 2793 4977 2870 5044; x_wconf 87' lang='lat' dir='ltr'><strong>ait</strong></span> <span class='ocrx_word' id='word_1_782' title='bbox 2901 5007 2914 5044; x_wconf 89' lang='lat'><strong>:</strong></span> <span class='ocrx_word' id='word_1_783' title='bbox 2947 4988 3140 5045; x_wconf 88' lang='lat' dir='ltr'><strong>Beatus</strong></span> <span class='ocrx_word' id='word_1_784' title='bbox 3163 4989 3252 5062; x_wconf 90' lang='lat' dir='ltr'><strong>qui</strong></span> <span class='ocrx_word' id='word_1_785' title='bbox 3278 4989 3490 5059; x_wconf 81' lang='lat' dir='ltr'><strong>conﬁdit</strong></span> 
     </span>
    </p>
   </div>
   <div class='ocr_carea' id='block_1_100' title="bbox 1923 5080 3490 5155">
    <p class='ocr_par' dir='ltr' id='par_1_100' title="bbox 1923 5080 3490 5155">
     <span class='ocr_line' id='line_1_100' title="bbox 1923 5080 3490 5155; baseline 0.002 -18"><span class='ocrx_word' id='word_1_786' title='bbox 1923 5084 1980 5137; x_wconf 89' lang='lat' dir='ltr'><strong>in</strong></span> <span class='ocrx_word' id='word_1_787' title='bbox 2015 5082 2266 5149; x_wconf 89' lang='lat' dir='ltr'><strong>Domino,</strong></span> <span class='ocrx_word' id='word_1_788' title='bbox 2296 5090 2346 5136; x_wconf 87' lang='lat' dir='ltr'><strong>et</strong></span> <span class='ocrx_word' id='word_1_789' title='bbox 2374 5083 2470 5136; x_wconf 90' lang='lat' dir='ltr'><strong>erit</strong></span> <span class='ocrx_word' id='word_1_790' title='bbox 2491 5080 2634 5137; x_wconf 88' lang='lat' dir='ltr'><strong>Deus</strong></span> <span class='ocrx_word' id='word_1_791' title='bbox 2659 5081 2858 5152; x_wconf 77' lang='lat' dir='ltr'><strong>ﬁducia</strong></span> <span class='ocrx_word' id='word_1_792' title='bbox 2888 5083 3003 5154; x_wconf 87' lang='lat' dir='ltr'><strong>ejus</strong></span> <span class='ocrx_word' id='word_1_793' title='bbox 3032 5081 3166 5155; x_wconf 82' lang='lat' dir='ltr'><strong>(Jer.</strong></span> <span class='ocrx_word' id='word_1_794' title='bbox 3194 5083 3350 5155; x_wconf 83' lang='lat' dir='ltr'><strong>xvn),</strong></span> <span class='ocrx_word' id='word_1_795' title='bbox 3384 5092 3490 5140; x_wconf 84' lang='lat' dir='ltr'><strong>etc.</strong></span> 
     </span>
    </p>
   </div>
   <div class='ocr_carea' id='block_1_101' title="bbox 1994 5173 3491 5248">
    <p class='ocr_par' dir='ltr' id='par_1_101' title="bbox 1994 5173 3491 5248">
     <span class='ocr_line' id='line_1_101' title="bbox 1994 5173 3491 5248; baseline 0 -17"><span class='ocrx_word' id='word_1_796' title='bbox 1994 5175 2160 5231; x_wconf 75' lang='lat' dir='ltr'><strong>Vens.</strong></span> <span class='ocrx_word' id='word_1_797' title='bbox 2194 5176 2244 5228; x_wconf 91' lang='lat'><strong>7.</strong></span> <span class='ocrx_word' id='word_1_798' title='bbox 2265 5204 2336 5215; x_wconf 90' lang='lat'><strong>——</strong></span> <span class='ocrx_word' id='word_1_799' title='bbox 2363 5173 2650 5231; x_wconf 79' lang='lat' dir='ltr'><strong>Metuentes</strong></span> <span class='ocrx_word' id='word_1_800' title='bbox 2692 5175 2994 5243; x_wconf 88' lang='lat' dir='ltr'><strong>Dominum,</strong></span> <span class='ocrx_word' id='word_1_801' title='bbox 3030 5184 3134 5231; x_wconf 88' lang='lat' dir='ltr'><strong>etc.</strong></span> <span class='ocrx_word' id='word_1_802' title='bbox 3183 5175 3491 5248; x_wconf 84' lang='lat' dir='ltr'><strong>Beneplaci-</strong></span> 
     </span>
    </p>
   </div>
   <div class='ocr_carea' id='block_1_102' title="bbox 1923 5267 3493 5342">
    <p class='ocr_par' dir='ltr' id='par_1_102' title="bbox 1923 5267 3493 5342">
     <span class='ocr_line' id='line_1_102' title="bbox 1923 5267 3493 5342; baseline 0.001 -18"><span class='ocrx_word' id='word_1_803' title='bbox 1923 5278 2034 5324; x_wconf 90' lang='lat' dir='ltr'><strong>tum</strong></span> <span class='ocrx_word' id='word_1_804' title='bbox 2056 5277 2131 5323; x_wconf 89' lang='lat' dir='ltr'><strong>est</strong></span> <span class='ocrx_word' id='word_1_805' title='bbox 2155 5267 2381 5323; x_wconf 87' lang='lat' dir='ltr'><strong>Domino</strong></span> <span class='ocrx_word' id='word_1_806' title='bbox 2397 5285 2552 5340; x_wconf 87' lang='lat' dir='ltr'><strong>super</strong></span> <span class='ocrx_word' id='word_1_807' title='bbox 2566 5269 2802 5326; x_wconf 87' lang='lat' dir='ltr'><strong>timentes</strong></span> <span class='ocrx_word' id='word_1_808' title='bbox 2821 5285 2963 5334; x_wconf 90' lang='lat' dir='ltr'><strong>eum,</strong></span> <span class='ocrx_word' id='word_1_809' title='bbox 2991 5277 3040 5323; x_wconf 91' lang='lat' dir='ltr'><strong>et</strong></span> <span class='ocrx_word' id='word_1_810' title='bbox 3068 5269 3124 5324; x_wconf 92' lang='lat' dir='ltr'><strong>in</strong></span> <span class='ocrx_word' id='word_1_811' title='bbox 3151 5270 3226 5324; x_wconf 89' lang='lat' dir='ltr'><strong>eis</strong></span> <span class='ocrx_word' id='word_1_812' title='bbox 3252 5271 3340 5342; x_wconf 88' lang='lat' dir='ltr'><strong>qui</strong></span> <span class='ocrx_word' id='word_1_813' title='bbox 3375 5287 3493 5340; x_wconf 84' lang='lat' dir='ltr'><strong>spe-</strong></span> 
     </span>
    </p>
   </div>
   <div class='ocr_carea' id='block_1_103' title="bbox 1925 5355 3492 5431">
    <p class='ocr_par' dir='ltr' id='par_1_103' title="bbox 1925 5355 3492 5431">
     <span class='ocr_line' id='line_1_103' title="bbox 1925 5355 3492 5431; baseline 0.003 -17"><span class='ocrx_word' id='word_1_814' title='bbox 1925 5369 2044 5414; x_wconf 88' lang='lat' dir='ltr'><strong>rant</strong></span> <span class='ocrx_word' id='word_1_815' title='bbox 2065 5374 2220 5428; x_wconf 87' lang='lat' dir='ltr'><strong>super</strong></span> <span class='ocrx_word' id='word_1_816' title='bbox 2246 5359 2606 5415; x_wconf 81' lang='lat' dir='ltr'><strong>misericordta</strong></span> <span class='ocrx_word' id='word_1_817' title='bbox 2644 5359 2760 5431; x_wconf 85' lang='lat' dir='ltr'><strong>ejus</strong></span> <span class='ocrx_word' id='word_1_818' title='bbox 2788 5355 2962 5430; x_wconf 84' lang='lat' dir='ltr'><strong>(Psal.</strong></span> <span class='ocrx_word' id='word_1_819' title='bbox 2986 5359 3188 5431; x_wconf 81' lang='lat' dir='ltr'><strong>chvi).</strong></span> <span class='ocrx_word' id='word_1_820' title='bbox 3217 5359 3320 5428; x_wconf 88' lang='lat' dir='ltr'><strong>Qui</strong></span> <span class='ocrx_word' id='word_1_821' title='bbox 3345 5361 3492 5418; x_wconf 86' lang='lat' dir='ltr'><strong>enim</strong></span> 
     </span>
    </p>
   </div>
   <div class='ocr_carea' id='block_1_104' title="bbox 1924 5449 3492 5520">
    <p class='ocr_par' dir='ltr' id='par_1_104' title="bbox 1924 5449 3492 5520">
     <span class='ocr_line' id='line_1_104' title="bbox 1924 5449 3492 5520; baseline 0.003 -16"><span class='ocrx_word' id='word_1_822' title='bbox 1924 5449 2194 5505; x_wconf 89' lang='lat' dir='ltr'><strong>veraciter</strong></span> <span class='ocrx_word' id='word_1_823' title='bbox 2235 5449 2451 5516; x_wconf 90' lang='lat' dir='ltr'><strong>metuit,</strong></span> <span class='ocrx_word' id='word_1_824' title='bbox 2500 5451 2772 5520; x_wconf 89' lang='lat' dir='ltr'><strong>patienter</strong></span> <span class='ocrx_word' id='word_1_825' title='bbox 2812 5450 3044 5504; x_wconf 89' lang='lat' dir='ltr'><strong>sustinet</strong></span> <span class='ocrx_word' id='word_1_826' title='bbox 3091 5451 3492 5508; x_wconf 89' lang='lat' dir='ltr'><strong>miserationem</strong></span> 
     </span>
    </p>
   </div>
   <div class='ocr_carea' id='block_1_105' title="bbox 1931 5537 3494 5613">
    <p class='ocr_par' dir='ltr' id='par_1_105' title="bbox 1931 5537 3494 5613">
     <span class='ocr_line' id='line_1_105' title="bbox 1931 5537 3494 5613; baseline 0.002 -20"><span class='ocrx_word' id='word_1_827' title='bbox 1931 5539 2046 5611; x_wconf 84' lang='lat' dir='ltr'><strong>ejus</strong></span> <span class='ocrx_word' id='word_1_828' title='bbox 2079 5557 2092 5593; x_wconf 91' lang='lat'>:</span> <span class='ocrx_word' id='word_1_829' title='bbox 2123 5539 2226 5606; x_wconf 88' lang='lat' dir='ltr'><strong>Qui</strong></span> <span class='ocrx_word' id='word_1_830' title='bbox 2247 5550 2420 5595; x_wconf 88' lang='lat' dir='ltr'><strong>autem</strong></span> <span class='ocrx_word' id='word_1_831' title='bbox 2465 5539 2831 5610; x_wconf 89' lang='lat' dir='ltr'><strong>dereliquerint</strong></span> <span class='ocrx_word' id='word_1_832' title='bbox 2874 5537 3062 5606; x_wconf 89' lang='lat' dir='ltr'><strong>Deum,</strong></span> <span class='ocrx_word' id='word_1_833' title='bbox 3111 5541 3494 5613; x_wconf 76' lang='lat' dir='ltr'><strong>confundentur</strong></span> 
     </span>
    </p>
   </div>
   <div class='ocr_carea' id='block_1_106' title="bbox 1927 5629 2877 5703">
    <p class='ocr_par' dir='ltr' id='par_1_106' title="bbox 1927 5629 2877 5703">
     <span class='ocr_line' id='line_1_106' title="bbox 1927 5629 2877 5703; baseline -0.002 -16"><span class='ocrx_word' id='word_1_834' title='bbox 1927 5640 1976 5687; x_wconf 90' lang='lat' dir='ltr'><strong>et</strong></span> <span class='ocrx_word' id='word_1_835' title='bbox 1997 5633 2053 5686; x_wconf 91' lang='lat' dir='ltr'><strong>in</strong></span> <span class='ocrx_word' id='word_1_836' title='bbox 2073 5640 2212 5686; x_wconf 87' lang='lat' dir='ltr'><strong>terra</strong></span> <span class='ocrx_word' id='word_1_837' title='bbox 2240 5633 2530 5688; x_wconf 88' lang='lat' dir='ltr'><strong>scribentur</strong></span> <span class='ocrx_word' id='word_1_838' title='bbox 2554 5629 2688 5703; x_wconf 80' lang='lat' dir='ltr'><strong>(Jer.</strong></span> <span class='ocrx_word' id='word_1_839' title='bbox 2721 5630 2877 5702; x_wconf 86' lang='lat' dir='ltr'><strong>xvn).</strong></span> 
     </span>
    </p>
   </div>
   <div class='ocr_carea' id='block_1_107' title="bbox 2000 5721 3487 5792">
    <p class='ocr_par' dir='ltr' id='par_1_107' title="bbox 2000 5721 3487 5792">
     <span class='ocr_line' id='line_1_107' title="bbox 2000 5721 3487 5792; baseline 0.002 -16"><span class='ocrx_word' id='word_1_840' title='bbox 2000 5721 2164 5778; x_wconf 76' lang='lat' dir='ltr'><strong>Vnus.</strong></span> <span class='ocrx_word' id='word_1_841' title='bbox 2197 5723 2249 5779; x_wconf 92' lang='lat'><strong>8.</strong></span> <span class='ocrx_word' id='word_1_842' title='bbox 2292 5754 2354 5764; x_wconf 89' lang='lat'><strong>—-</strong></span> <span class='ocrx_word' id='word_1_843' title='bbox 2415 5723 2520 5790; x_wconf 86' lang='lat' dir='ltr'><strong>Qui</strong></span> <span class='ocrx_word' id='word_1_844' title='bbox 2567 5722 2756 5777; x_wconf 87' lang='lat' dir='ltr'><strong>timetis</strong></span> <span class='ocrx_word' id='word_1_845' title='bbox 2804 5722 3106 5792; x_wconf 85' lang='lat' dir='ltr'><strong>Dominum,</strong></span> <span class='ocrx_word' id='word_1_846' title='bbox 3157 5724 3346 5778; x_wconf 87' lang='lat' dir='ltr'><strong>credite</strong></span> <span class='ocrx_word' id='word_1_847' title='bbox 3391 5725 3487 5779; x_wconf 89' lang='lat' dir='ltr'><strong>illi.</strong></span> 
     </span>
    </p>
   </div>
   <div class='ocr_carea' id='block_1_108' title="bbox 1927 5813 3489 5884">
    <p class='ocr_par' dir='ltr' id='par_1_108' title="bbox 1927 5813 3489 5884">
     <span class='ocr_line' id='line_1_108' title="bbox 1927 5813 3489 5884; baseline 0.001 -13"><span class='ocrx_word' id='word_1_848' title='bbox 1927 5814 2188 5872; x_wconf 86' lang='lat' dir='ltr'><strong>Hortatur</strong></span> <span class='ocrx_word' id='word_1_849' title='bbox 2215 5815 2467 5871; x_wconf 89' lang='lat' dir='ltr'><strong>timentes</strong></span> <span class='ocrx_word' id='word_1_850' title='bbox 2491 5814 2778 5871; x_wconf 90' lang='lat' dir='ltr'><strong>Dominum</strong></span> <span class='ocrx_word' id='word_1_851' title='bbox 2813 5823 2872 5870; x_wconf 89' lang='lat' dir='ltr'><strong>ut</strong></span> <span class='ocrx_word' id='word_1_852' title='bbox 2911 5814 3137 5870; x_wconf 87' lang='lat' dir='ltr'><strong>credant</strong></span> <span class='ocrx_word' id='word_1_853' title='bbox 3177 5813 3271 5878; x_wconf 92' lang='lat' dir='ltr'><strong>illi,</strong></span> <span class='ocrx_word' id='word_1_854' title='bbox 3305 5817 3394 5884; x_wconf 90' lang='lat' dir='ltr'><strong>qui</strong></span> <span class='ocrx_word' id='word_1_855' title='bbox 3421 5815 3489 5872; x_wconf 91' lang='lat' dir='ltr'><strong>ad</strong></span> 
     </span>
    </p>
   </div>
   <div class='ocr_carea' id='block_1_109' title="bbox 1924 5903 3491 5977">
    <p class='ocr_par' dir='ltr' id='par_1_109' title="bbox 1924 5903 3491 5977">
     <span class='ocr_line' id='line_1_109' title="bbox 1924 5903 3491 5977; baseline -0.004 -11"><span class='ocrx_word' id='word_1_856' title='bbox 1924 5914 2131 5966; x_wconf 84' lang='lat' dir='ltr'><strong>certam</strong></span> <span class='ocrx_word' id='word_1_857' title='bbox 2155 5905 2457 5964; x_wconf 86' lang='lat' dir='ltr'><strong>mercedem</strong></span> <span class='ocrx_word' id='word_1_858' title='bbox 2479 5904 2829 5977; x_wconf 80' lang='lat' dir='ltr'><strong>perveniant;</strong></span> <span class='ocrx_word' id='word_1_859' title='bbox 2852 5905 2992 5962; x_wconf 88' lang='lat' dir='ltr'><strong>unde</strong></span> <span class='ocrx_word' id='word_1_860' title='bbox 3022 5919 3036 5959; x_wconf 92' lang='lat'><strong>:</strong></span> <span class='ocrx_word' id='word_1_861' title='bbox 3064 5903 3251 5962; x_wconf 79' lang='lat' dir='ltr'><strong>Justus</strong></span> <span class='ocrx_word' id='word_1_862' title='bbox 3269 5907 3406 5962; x_wconf 84' lang='lat' dir='ltr'><strong>enim</strong></span> <span class='ocrx_word' id='word_1_863' title='bbox 3425 5923 3491 5961; x_wconf 70' lang='lat' dir='ltr'><strong>ea:</strong></span> 
     </span>
    </p>
   </div>
  </div>
