4028 6332
552 464 695 572 uer

1045 503 1434 583 WALAFRID!
1473 498 1719 559 STRABI
1756 496 1959 555 FULD.
1999 490 2166 551 MON.
2204 490 2355 551 OPP.
2397 489 2575 550 PARS
2609 491 2653 550 1.
2693 524 2764 535 -
2800 491 3258 552 THEOLOGICA.

3668 493 3823 551 1188

556 624 658 699 (ide
696 624 815 683 vivit
845 616 1130 697 (Romi);
1160 618 1301 677 unde
1330 635 1345 673 :
1371 615 1621 686 Conﬁde,
1657 614 1761 684 ﬁli,
1790 614 2121 669 remittuntur
2146 614 2200 675 Α
2223 624 2330 680 quo
2361 606 2501 664 facta
2522 617 2670 675 sunt,
2699 606 2851 679 cujus
2872 608 3160 679 judicium,
3189 607 3282 679 qui
3301 607 3557 675 audierit,
3589 616 3649 665 et
3674 622 3823 680 pra:-

559 723 645 779 t'bi
698 730 913 793 peccata
957 729 1049 773 tua
1074 713 1289 787 (Matth.
1314 711 1415 783 ιχ).
1444 708 1512 764 Ει
1540 707 1668 767 alibi
1697 725 1712 762 :
1744 704 1906 763 Fides
1947 712 2039 759 tua
2076 713 2127 759 te

558 816 756 875 salvum
777 814 899 886 fecit
927 811 978 886 (1
983 811 1116 879 bid.,
1153 809 1228 881 ι’).

621 905 786 962 Vsus.
817 905 871 961 9.
896 935 968 945 —
990 900 1095 969 Qui
1118 897 1306 954 timetis
1324 894 1633 961 Dominum,
1651 900 1854 965 sperate
1873 890 1929 945 in
1950 886 2122 943 illum.

552 999 679 1059 Tria
706 995 1049 1055 commendat
1097 990 1413 1047 timentibus
1449 986 1618 1042 Deum
1656 1002 1671 1040 :
1711 984 1934 1041 credere
1958 1024 1973 1047 ,
2007 997 2129 1053 spe-

555 1105 701 1156 rare,
723 1088 979 1159 diligere;
1012 1084 1138 1155 quia
1168 1082 1296 1148 lide,
1318 1094 1413 1151 spe
1433 1087 1488 1135 et
1502 1076 1765 1133 charitate
1786 1087 1913 1129 vere
1932 1072 2128 1129 colitur

552 1178 721 1247 Deus,
752 1189 811 1237 et
852 1178 919 1234 ad
959 1173 1470 1247 contemplationem
1494 1167 1829 1243 pervenitur,
1878 1181 1999 1238 quae
2043 1172 2127 1220 est

550 1268 827 1330 beatitudo
854 1278 1077 1326 aeterna.

620 1365 785 1421 Vens.
816 1363 906 1419 11.
925 1391 995 1403 --
1020 1359 1295 1432 Respicite,
1316 1368 1425 1414 etc.
1451 1354 1633 1428 (li-ss.)
1663 1353 1764 1411 Hic
1789 1368 2003 1425 quoque
2024 1352 2128 1409 tria

551 1456 700 1523 dicit,
729 1464 861 1521 etc.,
901 1469 1062 1524 usque
1109 1452 1179 1506 ad
1217 1451 1346 1522 quia
1397 1448 1718 1508 sacriﬁcium
1756 1444 1866 1501 Deo
1914 1445 2126 1517 spiritus

548 1544 924 1602 contribulatus
947 1534 1119 1615 (Psal.
1149 1536 1221 1613 ι),
1254 1550 1358 1597 etc.
1387 1540 1472 1606 Et,
1507 1536 1677 1610 Prope
1698 1548 1773 1594 est
1800 1537 1937 1593 Deus
1963 1536 2128 1592 omni-

548 1638 644 1693 bus
668 1636 1027 1692 invocantibus
1050 1651 1105 1690 se
1134 1634 1189 1689 in
1210 1634 1423 1688 veritate
1448 1626 1620 1706 (Psal.
1645 1637 1844 1703 cxuv).

620 1730 786 1787 Vens.
820 1728 909 1784 14.
929 1757 1000 1769 --
1030 1724 1122 1782 Vae
1146 1724 1345 1797 duplici
1371 1694 1543 1789 corde,
1583 1732 1691 1779 etc.
1713 1694 2028 1786 Admonuit,
2060 1694 2154 1777 ne.

552 1816 675 1895 quis
708 1818 909 1889 duplici
931 1816 1094 1875 corde
1121 1815 1402 1871 accederet
1436 1813 1502 1869 ad
1536 1802 1702 1868 Deum
1728 1828 1744 1878 ;
1775 1826 1919 1867 nunc
1947 1819 2128 1867 autem

2224 709 2380 772 cepta
2411 700 2529 771 ejus
2554 700 2764 766 iecerit,
2803 700 2981 757 salvus
3001 709 3106 756 erit
3130 718 3144 755 :
3170 701 3324 773 cujus
3349 703 3672 758 mandatum
3712 712 3820 771 est,

2222 802 2285 849 ut
2325 794 2490 849 etiam
2533 795 2671 865 patri
2701 794 3001 865 temporali,
3044 802 3099 849 et
3126 794 3289 849 matri
3316 798 3631 851 reverentia
3658 797 3825 853 exhi-

2222 883 2448 952 beatur;
2479 886 2620 942 unde
2647 902 2661 940 :
2690 882 2909 941 Honora
2933 892 3133 957 patrem
3165 893 3314 941 tuum
3357 885 3538 960 (Deut.
3566 888 3648 961 τ),
3682 898 3819 956 etc.;

2223 975 2367 1032 unde
2386 977 2668 1047 sequitur:
2702 972 2806 1044 Qui
2828 977 3049 1031 honorat
3069 986 3273 1047 patrem
3303 994 3478 1033 suum.
3500 978 3606 1035 Cui
3640 980 3821 1036 Deum

2226 1066 2487 1124 honorem
2529 1067 2834 1135 constituit,
2865 1082 2972 1123 non
3013 1067 3171 1123 debet
3210 1083 3242 1122 a
3282 1066 3409 1126 ﬁliis
3437 1066 3819 1126 inhonorati:

2225 1161 2352 1232 quia
2385 1160 2527 1216 Deus
2549 1158 2756 1231 judicio
2794 1173 2896 1217 suo
2923 1160 3171 1231 exquiret
3210 1158 3445 1231 qualiter
3470 1173 3821 1235 praeceptum

2227 1264 2383 1307 suum
2399 1258 2663 1306 SCI’VClUl‘.

2296 1341 2538 1399 Vensﬂd.
2565 1373 2634 1385 —
2657 1338 2765 1409 Qui
2787 1338 2980 1413 diligit.
3013 1340 3114 1409 Qui
3157 1342 3365 1400 scilicet
3390 1346 3661 1401 mandata
3704 1363 3824 1403 ser-

2228 1443 2339 1501 vat,
2368 1443 2422 1489 et
2443 1434 2674 1491 abstinet
2694 1449 2725 1488 a
2751 1434 3007 1505 peccatis,
3031 1444 3088 1491 et
3110 1444 3287 1492 tamen
3308 1452 3409 1508 pro
3428 1430 3824 1498 excesson'bus

2226 1540 2383 1581 orare
2424 1542 2533 1582 non
2567 1526 2782 1591 desinit,
2822 1527 2946 1597 quia
2974 1528 3080 1582 scit
3122 1529 3531 1586 misericordem
3569 1530 3825 1602 judicem

2228 1618 2375 1673 omni
2406 1624 2646 1689 tempore
2672 1634 2860 1706 pregs
2890 1620 3164 1677 exaudire.

2302 1706 2462 1767 Vens.
2495 1706 2549 1766 6.
2579 1743 2649 1752 —
2680 1708 2747 1766 In
2773 1710 2918 1781 ﬁliis.
2955 1712 3138 1785 (liam)
3168 1711 3225 1768 in
3256 1714 3440 1770 sobole
3466 1714 3559 1772 vel
3604 1716 3665 1771 in
3712 1716 3823 1774 dis-

2229 1802 2438 1872 cipulis,
2467 1811 2599 1868 etc.,
2630 1820 2790 1875 usque
2836 1803 2905 1857 ad
2943 1804 3215 1860 honorare
3269 1814 3532 1878 parentes
3572 1807 3820 1879 primum

549 1882 701 1976 dicit.
746 1882 839 1964 V-a:
868 1907 1066 1980 duplici
1103 1906 1258 1962 corde
1298 1914 1345 1961 et
1387 1904 1541 1959 labiis
1568 1901 1817 1958 scelestis.
1854 1900 1955 1969 Qui
1978 1901 2124 1957 enim
2230 1893 2542 1980 mandatum
2573 1900 2656 1949 est
2678 1895 2734 1949 in
2765 1882 3139 1967 promissione.

543 2016 713 2075 prava
737 1976 960 2077 cogitat,
988 2008 1044 2057 et
1061 1998 1317 2068 loquitur,
1344 2005 1398 2052 et
1417 1996 1598 2069 pravis
1622 1994 1823 2050 insistit
1845 1993 2119 2065 operibus,
2149 1982 2196 2047 Β
2226 2074 2257 2077 μ
2294 1976 2537 2077 V8359.
2568 2012 2637 2024 -—
2663 1982 2909 2077 Inropere
2930 1997 2977 2041 et
3003 2002 3255 2055 sermone,
3287 1998 3394 2043 non
3423 1987 3481 2044 in
3516 1988 3689 2045 vulva
3715 1990 3823 2046 sci-

550 2092 657 2149 nisi
688 2091 1025 2162 paenituerit,
1052 2089 1107 2147 in
1134 2098 1395 2145 aeternum
1420 2087 1635 2161 peribit.
1661 2086 1880 2140 Duabus
1903 2086 1998 2141 viis
2025 2093 2129 2139 ter-

545 2201 661 2240 ram
688 2182 1025 2261 ingredientis
1054 2181 1149 2253 qui
1173 2178 1303 2235 facit
1332 2179 1492 2245 mala,
1520 2184 1574 2233 et
1600 2185 1781 2249 sperat
1807 2177 1946 2231 bona
1971 2192 1986 2241 ;
2015 2175 2125 2244 vel,

545 2276 639 2346 qui
660 2275 843 2331 carnis
867 2282 1108 2330 sectatur
1126 2286 1312 2342 opera,
1335 2280 1389 2326 et
1408 2270 1628 2340 spiritus
1648 2266 2124 2324 sanctiﬁcationem

548 2383 610 2425 se
646 2369 946 2424 arbitratur
982 2367 1247 2438 perlicere
1276 2366 1333 2421 in
1354 2365 1589 2429 timore;
1620 2362 1723 2431 vel,
1752 2362 1893 2433 quod
1927 2362 2019 2416 Dei
2045 2368 2128 2416 est

546 2472 715 2531 Opere
764 2457 1005 2524 exhibet,
1068 2465 1130 2514 et
1189 2456 1333 2527 quod
1405 2454 1591 2510 mundi
1644 2462 1750 2521 est,
1803 2452 2126 2524 cogitatione

541 2549 756 2621 quacrit.
781 2546 939 2605 Tales
967 2563 1093 2607 vero
1120 2547 1496 2607 inconstantes
1522 2554 1648 2599 sunt
1676 2544 1729 2598 in
1755 2542 2005 2599 omnibus
2023 2543 2126 2599 viis

547 2639 685 2708 suis,
704 2639 830 2711 quia
862 2634 1021 2705 facile
1049 2638 1107 2694 in
1132 2637 1374 2694 adversis
1403 2644 1699 2702 terrentur,
1753 2643 1809 2691 et
1850 2634 2125 2705 prosperis

547 2728 884 2787 irretiuntur.

616 2814 781 2876 Vens.
815 2814 903 2875 15.
934 2850 1005 2861 -
1032 2814 1317 2874 Dissolutis
1363 2818 1540 2884 corde,
1575 2825 1681 2874 etc.
1708 2812 1888 2890 (ΗΔΒ.)
1933 2814 2125 2872 Adhuc

547 2913 706 2969 docet
735 2904 979 2966 errorem
1016 2925 1229 2976 cavere,
1271 2916 1400 2975 etc.,
1440 2925 1601 2980 usque
1638 2908 1706 2985 ad
1748 2906 1853 2974 his,
1893 2907 1984 2978 qui
2012 2922 2120 2962 non

543 2999 895 3071 acquiescant
923 2998 1162 3069 veritati,
1209 2998 1439 3056 credunt
1488 3008 1669 3055 autem
1699 2994 1995 3069 iniquitati,
2036 2998 2119 3054 ira

542 3094 599 3145 et
626 3086 944 3163 indignatio,
972 3100 1079 3148 etc.

610 3178 774 3238 Vens.
813 3178 993 3241 17.-
1036 3176 1322 3254 Inspicere,
1356 3190 1460 3237 etc.
1501 3179 1653 3237 Licet
1685 3176 1833 3237 umni
1875 3188 2119 3251 tempore

539 3270 792 3343 inspiciat
829 3270 1010 3327 omnia
1038 3272 1203 3339 Deus,
1235 3280 1361 3328 tunc
1387 3278 1568 3327 tamen
1592 3273 1856 3344 inspicere
1898 3272 2113 3339 dicitur,

540 3378 669 3417 cum
687 3362 922 3432 probare
946 3362 1030 3417 vel
1061 3362 1365 3434 improbare
1400 3361 1601 3433 aliquid
1630 3360 1983 3434 dignoscitur.

608 3451 775 3508 Vens.
805 3453 893 3508 18.
924 3483 996 3494 --
1027 3452 1131 3519 Qui
1172 3452 1351 3509 timent
1383 3452 1687 3522 Dominum,
1718 3470 1823 3508 non
1857 3462 2009 3508 erunt
2030 3454 2117 3509 in-

541 3541 839 3609 crembiles,
883 3549 990 3599 etc.
1034 3538 1365 3601 Alternando
1413 3544 1480 3600 de
1513 3559 1699 3600 amore
1743 3551 1799 3599 et
1833 3542 2118 3599 dilectione

537 3624 633 3689 Dei
678 3635 814 3707 agit,
858 3634 983 3707 quia
1019 3634 1175 3689 timor
1214 3634 1427 3688 Domini
1465 3644 1699 3700 sanctus,
1726 3650 2033 3706 permanens
2062 3620 2117 3688 in

536 3723 789 3780 scutulam
813 3722 992 3779 seaculi
1020 3718 1193 3798 (Psat.
1221 3723 1400 3799 XVIII),
1423 3734 1469 3780 et
1499 3738 1664 3780 omnis
1708 3725 1798 3796 qui
1826 3723 2018 3796 diligit,
2051 3734 2118 3779 ea:

537 3806 651 3869 Deo
679 3818 837 3868 tiattts
870 3824 969 3882 est,
1004 3825 1051 3870 et
1081 3815 1343 3887 cognoscit
1390 3815 1555 3870 Deum
1592 3812 1643 3888 (I
1672 3813 1835 3870 Joan.
1886 3814 1983 3886 IV).
2012 3810 2116 3882 Qui

536 3914 666 3960 vero
692 3904 846 3960 timet
872 3902 1060 3971 Deum,
1081 3915 1135 3961 et
1161 3904 1352 3978 diligit,
1377 3913 1432 3961 et
1458 3906 1629 3961 credit
1653 3904 1971 3978 Scripturis,
2000 3918 2116 3961 ser-

536 4002 628 4053 iat
652 3996 926 4069 operando
972 4008 1239 4070 praecepta
1286 3999 1402 4064 Dei,
1443 4006 1499 4054 et
1535 4013 1749 4068 semper
1795 3997 2107 4054 meditando

542 4087 739 4159 quaerit
767 4100 889 4159 quae
939 4087 1275 4159 beneplacita
1325 4097 1450 4142 sunt
1496 4088 1594 4156 illi,
1645 4090 1938 4160 replebitur
1984 4102 2115 4162 ergo

534 4176 805 4249 Sapientia
832 4184 887 4234 et
910 4176 1174 4234 charitate
1205 4178 1322 4233 Dei.
1365 4172 1518 4233 Finis
1547 4179 1683 4246 enim
1712 4181 1956 4251 prwccpti
1989 4180 2115 4236 cha-

534 4268 684 4334 ritas,
709 4278 757 4323 et
780 4269 871 4341 qui
891 4264 1065 4340 diligit
1088 4267 1402 4339 proximum,
1432 4268 1593 4341 legem
1622 4268 1871 4341 implevit.

605 4356 771 4415 Vens.
790 4358 959 4414 20.—-
975 4359 1078 4425 Qui
1098 4356 1577 4417 timentDominum
1593 4363 1983 4435 praeparabant,
2004 4372 2109 4423 etc.

540 4450 689 4506 Felix
738 4450 945 4518 anima,
993 4460 1117 4522 qua?
1139 4450 1380 4524 qubtidie
1416 4458 1645 4511 mundat
1698 4470 1791 4511 cor
1840 4472 1997 4512 suum
2052 4464 2114 4515 ut

533 4541 797 4613 suscipiat
833 4542 1197 4599 habitatorem
1226 4542 1417 4611 Deum,
1461 4547 1614 4617 cujus
1656 4562 1939 4617 possessor
1965 4548 2111 4606 nullo

534 4638 659 4703 eget
704 4628 865 4695 bono,
922 4632 1050 4703 quia
1082 4636 1328 4691 omnium
1356 4636 1621 4692 bonorum
1652 4646 1928 4693 auctorem
1958 4639 2013 4694 in
2049 4655 2109 4696 se

532 4722 715 4779 habet.
760 4724 832 4779 Et
875 4722 1002 4796 quia
1031 4726 1113 4784 ad
1150 4728 1254 4784 hoc
1282 4733 1591 4785 necessaria
1622 4738 1704 4785 est
1731 4732 2107 4789 mandatorum

531 4814 803 4882 custodia,
848 4825 905 4872 et
948 4817 1076 4873 boni
1122 4820 1304 4889 operis
1330 4820 1622 4890 patientia,
1666 4837 1769 4893 qua
1799 4824 2112 4892 pervenitur

532 4907 601 4963 ad
638 4908 966 4981 agnitionem
994 4911 1260 4977 veritatis,
1292 4913 1535 4984 sequitur
1566 4932 1577 4967 :
1632 4914 1734 4982 Qui
1779 4916 1959 4970 timent
2000 4917 2109 4972 Do:

532 4999 1081 5055 minum‘eustodiunt
1128 5003 1386 5057 mandata
1438 5000 1603 5071 illius,
1662 5012 1767 5060 etc.
1813 5004 1999 5062 Justus
2052 5006 2107 5063 in

534 5090 729 5162 primis
757 5100 1044 5147 accusator
1062 5100 1147 5148 est
1171 5092 1275 5148 sui.
1301 5090 1454 5150 Sicut
1479 5096 1621 5150 enim
1648 5096 1936 5154 humilitati
1963 5113 2105 5168 prat-

532 5184 721 5261 mium,
752 5186 834 5240 sic
856 5187 1121 5257 superbiae
1142 5194 1317 5242 restat
1352 5187 1705 5258 snpplicium;
1751 5189 1892 5244 unde
1943 5186 2106 5246 Joan-

529 5288 630 5328 nes
654 5292 668 5328 :
692 5273 756 5330 8i
777 5276 1065 5333 dixerimus
1114 5280 1361 5350 quoniam
1390 5291 1655 5351 peccatum
1700 5296 1802 5336 non
1830 5281 2099 5349 habemus,

528 5363 630 5435 ipsi
659 5380 751 5420 nos
772 5366 1069 5424 sedeus
1088 5366 1173 5442 (II
1203 5368 1364 5424 Joan.
1398 5370 1456 5443 ι).
1487 5370 1587 5439 Qui
1606 5386 1736 5428 vere
1760 5372 1978 5444 sapiens
1998 5382 2097 5439 est,

528 5472 692 5514 verus
726 5456 955 5528 justitite
980 5462 1155 5520 cultor
1195 5473 1299 5533 est,
1330 5464 1452 5536 quia
1486 5467 1748 5538 sapientia
1791 5469 1962 5525 dictat
1984 5456 2103 5539 jus-4

532 5548 662 5607 titiae
690 5565 958 5608 normam.

1139 5625 1366 5685 CAPUT
1400 5628 1484 5685 III.

600 5730 766 5792 Vens.
796 5734 851 5791 2.
889 5766 961 5778 —
985 5737 1256 5796 Iudicium
1293 5744 1477 5812 patris.
1522 5743 1641 5809 Dei,
1692 5759 1757 5799 ea:
1796 5759 1899 5816 quo
1936 5746 2104 5801 omnis

530 5827 819 5893 paternitas
866 5830 921 5881 in
974 5828 1099 5885 caelo
1145 5841 1193 5883 et
1234 5832 1289 5883 in
1334 5840 1493 5886 terra.
1539 5831 1675 5900 Quia
1719 5846 1784 5889 ex
1830 5834 1947 5904 ipsa
1978 5844 2105 5892 sunt

530 5912 728 5966 munia.
749 5917 853 5981 Qui
876 5917 1049 5987 diligit
1073 5933 1155 5985 ea,
1184 5932 1303 5990 quae
1327 5916 1477 5989 fecit,
1503 5926 1558 5977 et
1578 5928 1635 5978 ut
1663 5924 1717 5981 in
1740 5936 1805 5981 eo
1827 5936 2101 5995 maneant,

2224 2074 2351 2132 licet
2377 2075 2520 2131 unde
2565 2076 2889 2145 ostenditur,
2921 2086 2979 2135 et
3023 2076 3319 2149 spiritualis
3358 2091 3516 2152 pater
3572 2083 3819 2139 maxime

2227 2166 2419 2237 dignus
2448 2167 2686 2235 honore;
2724 2169 2867 2225 unde
2914 2168 3156 2227 Paulus:
3192 2164 3297 2227 Per
3320 2164 3680 2246 Evangelium
3722 2186 3817 2248 ego

2225 2275 2312 2314 vos
2338 2260 2493 2331 genui
2550 2257 2605 2333 (Ι
2649 2258 2771 2315 Cor.
2822 2262 2920 2333 ιν).
2953 2263 3021 2318 Et
3051 2260 3220 2321 alibi:
3252 2265 3356 2332 Qui
3398 2266 3527 2323 bene
3572 2272 3819 2339 pressi

2224 2351 2533 2422 presbyteri,
2578 2352 2776 2425 duplici
2814 2352 3010 2410 honore
3037 2355 3181 2427 digni
3228 2356 3547 2425 habeantur,
3577 2360 3819 2417 maxim

2223 2442 2314 2513 qui
2343 2441 2583 2498 laborant
2608 2442 2663 2498 in
2685 2444 2925 2501 doctrina
2954 2456 3003 2502 et
3036 2448 3190 2503 verba
3217 2447 3269 2521 (1
3299 2447 3434 2506 Tim.
3462 2452 3545 2522 v).

2295 2532 2459 2588 Vens.
2498 2534 2585 2588 11.
2611 2563 2684 2611 -έ
2711 2533 3011 2592 Benedictio
3054 2540 3242 2610 patris,
3272 2550 3380 2596 etc.
3415 2540 3607 2615 (ΚΑΒ.)
3636 2542 3816 2603 Bene-

2223 2622 2477 2681 di'xerunt
2517 2618 2843 2696 patriarchae
2891 2626 3035 2697 ﬁliis,
3082 2640 3213 2699 etc.,
3264 2646 3428 2705 usque
3453 2634 3527 2690 ad
3556 2635 3814 2696 illusores

2223 2715 2519 2772 saevissime
2546 2715 2906 2774 laniaverant.

2298 2808 2459 2866 Vens.
2501 2808 2587 2866 15.
2618 2842 2690 2852 -
2721 2810 3089 2885 Eleemosyna.
3122 2812 3347 2873 Scilicet
3371 2835 3492 2890 qua
3512 2830 3811 2894 peccatum

2222 2898 2382 2958 delet.
2407 2900 2593 2959 Hostia
2620 2903 2766 2959 enim
2791 2920 2911 2977 quae
2950 2920 3052 2976 pro
3097 2916 3344 2979 peccato,
3390 2921 3685 2983 peccatum
3720 2932 3812 2973 vo-

2221 2998 2397 3049 catur.
2425 2994 2528 3062 Qui
2553 3003 2731 3051 autem
2753 2994 3093 3068 parentibus,
3121 2999 3205 3056 Vel
3230 3003 3440 3057 caeteris
3468 3007 3809 3076 pauperibus

2221 3085 2532 3153 miseretur,
2595 3084 2821 3156 iustitiae
2871 3081 3152 3159 praemium
3212 3094 3436 3165 recipiet
3479 3112 3514 3151 a
3564 3100 3808 3166 peccatis

2218 3175 2514 3231 absolutus.
2532 3172 2684 3232 Beati
2696 3178 3078 3248 misericordes,
3095 3185 3341 3251 quoniam
3360 3180 3583 3254 (Matth.
3598 3186 3687 3261 τ’),
3701 3198 3806 3245 etc.

2218 3262 2286 3321 Et
2310 3262 2435 3322 alibi
2456 3282 2475 3319 :
2504 3264 2801 3322 Fenemtur
2824 3267 3071 3335 Domino,
3096 3266 3190 3342 qui
3224 3272 3499 3327 miseretur
3527 3278 3806 3347 pauperis.

2220 3356 2406 3430 (Prov.
2436 3356 2573 3429 xxx).
2620 3358 2760 3415 Hinc
2782 3358 2973 3416 Daniel
2994 3360 3063 3417 ad
3091 3358 3590 3421 Nabuchodonosor
3617 3380 3632 3422 ε
3662 3366 3807 3423 Con-

2218 3448 2394 3506 silium
2435 3464 2629 3517 meum,
2665 3467 2696 3506 ο
2718 3462 2829 3520 rex,
2874 3452 3080 3524 placeat
3130 3439 3227 3509 tibi
3251 3471 3272 3510 :
3298 3466 3515 3527 peccata
3538 3468 3636 3513 tua
3668 3460 3809 3518 dee-

2217 3541 2448 3614 mosynis
2502 3542 2698 3596 redime
2722 3583 2738 3613 ,
2792 3551 2843 3598 et
2888 3542 3192 3616 iniquitates
3236 3552 3355 3602 tuas
3418 3548 3808 3606 miseﬁcordiis

2214 3646 2505 3704 pauperum
2532 3632 2696 3696 (Dan.
2738 3634 2838 3705 tv),
2865 3634 2909 3691 si
2946 3632 3173 3692 forsitan
3208 3636 3456 3710 ignoscat
3488 3639 3640 3697 Deus
3671 3642 3809 3699 deli-

2216 3722 2321 3779 ctis
2367 3723 2493 3779 tuis.
2522 3722 2663 3780 Hinc
2687 3722 2945 3782 Dominus
2984 3728 3101 3782 ait:
3136 3724 3267 3804 Date
3297 3728 3716 3804 elemosynam,
3758 3742 3811 3791 et

2216 3817 2397 3871 omnia
2428 3816 2625 3872 munda
2653 3827 2777 3874 sunt
2801 3817 2940 3874 vobis
2972 3814 3121 3891 (Luc.
3152 3800 3254 3895 ait).

2285 3903 2451 3961 Vsus.
2474 3904 2562 3961 i9.
2583 3934 2656 3946 -—
2677 3904 2789 3959 Fili
2817 3905 2871 3960 in
2894 3909 3307 3965 mansuetudine.
3342 3908 3712 3970 Mansuetudo
3752 3922 3808 3972 et

2215 3994 2493 4051 humilitas
2513 3995 2768 4067 gratiam,
2789 3996 3041 4067 superbia
3060 4005 3115 4050 et
3132 3995 3283 4053 {uror
3298 3999 3519 4070 pariunt
3546 4002 3803 4072 ruinam;

2214 4088 2358 4144 unde
2383 4104 2397 4142 :
2426 4087 2624 4143 Discite
2648 4104 2683 4142 a
2705 4100 2807 4155 me,
2836 4089 2962 4159 quia
2996 4088 3137 4144 mitis
3162 4102 3279 4144 sum
3308 4098 3359 4145 et
3384 4090 3606 4148 humilis
3643 4095 3806 4151 corde

2215 4179 2431 4253 (Matth.
2462 4180 2566 4252 ιι),
2590 4188 2696 4237 etc.
2730 4178 2799 4235 Et
2821 4178 2948 4237 alibi
2981 4198 2995 4236 :
3028 4179 3133 4248 Qui
3165 4198 3221 4237 se
3243 4181 3463 4253 exultat,
3493 4184 3782 4243 humilia;

2212 4278 2302 4324 tur
2329 4267 2483 4341 (Luc.
2509 4271 2645 4342 XIV),
2669 4277 2775 4325 etc.

2282 4358 2449 4416 Vens.
2471 4360 2562 4416 2i.
2583 4390 2657 4403 -
2679 4359 2889 4427 Quanto
2910 4377 3131 4433 magnus
3154 4376 3229 4429 es,
3256 4370 3362 4420 etc.
3387 4362 3576 4439 (11η.)
3602 4364 3806 4425 Docuit

2210 4452 2459 4521 superius
2484 4456 2974 4523 mansuetudinem,
3003 4468 3133 4525 etc.,
3156 4460 3321 4532 usque
3347 4458 3417 4515 ad
3454 4460 3659 4520 suﬂicit
3704 4465 3803 4523 ho-

2210 4542 2347 4597 mini
2375 4554 2439 4597 ea
2464 4544 2555 4616 pie
2583 4544 2841 4617 cogitare,
2860 4544 2919 4602 et
2938 4548 3106 4619 opere
3128 4550 3378 4625 implere,
3420 4566 3545 4623 quae
3589 4568 3802 4627 praece-

2212 4633 2292 4703 pit
2322 4634 2485 4691 Deus.
2534 4700 2546 4712 ,

2285 4722 2446 4782 Vens.
2472 4726 2650 4782 21η-
2680 4724 2750 4783 1η
2785 4732 3116 4801 supervacuis
3145 4731 3315 4801 rebus,
3366 4741 3475 4791 etc.
3502 4734 3696 4810 (ιω.)
3740 4734 3799 4795 Id

2210 4827 2315 4886 est,
2341 4834 2409 4874 ne
2433 4821 2691 4877 scruteris
2716 4837 3067 4892 supervacue,
3094 4833 3228 4891 etc.,
3276 4842 3439 4896 usque
3486 4829 3559 4881 ad
3602 4830 3795 4902 dispuo

2212 4919 2392 4967 tantes
2422 4912 2475 4966 in
2503 4927 2716 4969 errores
2747 4914 3010 4983 incidunt,
3036 4926 3092 4971 et
3121 4918 3400 4975 averitate
3432 4920 3721 4976 recedunt.

2281 5000 2446 5057 Vens.
2473 5002 2564 5058 27.
2591 5034 2661 5044 —
2686 5000 2792 5059 Cor
2826 4998 3037 5062 durum.
3070 5006 3209 5075 Quia
3231 5009 3514 5066 secundum
3534 5012 3795 5073 duritiam

2210 5102 2355 5150 tuam
2376 5096 2702 5152 thesaurizas
2732 5094 2821 5152 tibi
2847 5100 2983 5153 iram
3006 5101 3061 5155 in
3083 5100 3168 5156 die
3179 5100 3372 5171 judicii
3416 5100 3601 5177 (Rom.
3628 5106 3716 5179 ιι).

2284 5187 2446 5243 Vens.
2464 5184 2559 5244 28.
2584 5219 2653 5230 --
2672 5188 2780 5245 Cor
2802 5190 3113 5263 ingredens.
3152 5192 3307 5264 Quod
3335 5210 3444 5252 non
3469 5208 3651 5266 curat,
3690 5210 3795 5261 nec

2210 5280 2390 5336 studet
2406 5282 2598 5346 vitare,
2621 5289 2675 5337 et
2696 5283 2837 5355 quod
2857 5300 2922 5340 ea
2947 5284 3138 5359 diligit,
3161 5280 3283 5359 qua:
3304 5289 3507 5345 ducunt
3524 5291 3598 5349 ad
3628 5292 3794 5349 inter»

2208 5369 2363 5437 itum,
2406 5381 2465 5427 ut
2489 5372 2723 5431 haereses
2767 5384 2822 5432 et
2863 5374 3102 5447 profante
3145 5380 3449 5453 novitates;
3490 5383 3641 5439 unde
3697 5396 3789 5440 se-

2208 5463 2392 5534 quitur
2416 5482 2428 5519 :
2453 5462 2559 5521 Cor
2584 5466 2879 5539 ingrediens
2908 5469 3043 5525 duas
3065 5472 3195 5539 vias,
3226 5489 3329 5529 non
3347 5472 3555 5531 habebit
3574 5492 3791 5534 succes-

2204 5566 2317 5621 8118,
2336 5564 2442 5612 etc.

2810 5626 3037 5690 CAPUT
3061 5630 3150 5690 Π.

2277 5740 2442 5799 Vens.
2495 5744 2546 5800 1.
2590 5774 2662 5787 -
2696 5740 2841 5813 Fili,
2900 5736 3275 5820 eleemosynam
3331 5751 3620 5823 pauperis,
3676 5760 3785 5809 etc.

2207 5832 2675 5908 (Ran.)Quanlum
2688 5837 3030 5911 eleemosyna
3054 5840 3217 5908 valet,
3248 5849 3375 5909 etc.,
3402 5858 3567 5915 usque
3597 5842 3671 5899 ad
3692 5840 3789 5915 qui

2206 5942 2271 5986 ex
2303 5932 2463 5988 corde
2493 5932 2717 6004 corripit
2746 5932 2946 6002 verbis,
2976 5936 3058 5992 vel
3086 5931 3261 5992 factis.
