4028 6332
284 422 424 487 1189

1264 394 1535 472 unosss
1566 404 1965 469 0RDlNARlA.
2006 436 2076 447 —
2110 407 2238 463 LIB.
2278 405 2496 463 sucu.

3382 382 3524 466 i190

357 540 522 597 Vens.
548 536 605 593 ὃ.
634 562 705 577 --
728 531 836 591 Cor
868 533 1060 604 inopis,
1089 538 1194 588 etc.
1225 528 1341 585 Non
1376 536 1459 583 est
1513 526 1850 594 eleemosyna
1877 521 1931 581 Α
1953 520 2091 588 quod
2128 534 2233 574 non
2263 517 2563 584 contundit,
2594 516 2717 589 quia
2763 516 3003 574 Charitas
3047 514 3145 575 Dei
3190 517 3384 577 dillusa
3438 527 3526 579 est

226 668 251 681 -
285 631 609 696 differenda,
638 640 760 684 cum
788 625 930 681 adsit
963 621 1233 680 tribuendi
1261 620 1520 686 facultas;
1552 618 1695 674 unde
1724 634 1737 670 :
1772 612 1855 668 Ne
1959 613 2013 667 in
2047 613 2250 667 sanctis
2273 625 2370 682 per
2398 610 2657 682 Spiritum
2688 620 2953 666 sanctum.

283 727 430 781 dicas
452 722 620 777 amico
654 728 743 773 tuo
773 731 790 769 :
832 714 974 770 Vade
1006 723 1055 769 et
1083 718 1355 779 reuertere,
1386 728 1502 767 cum
1549 710 1650 764 cito
1690 706 1857 779 possis

286 817 417 872 dare
446 810 631 885 (Prov.
679 808 786 880 nt).
822 808 889 862 Et
936 805 1104 861 alibi:
1138 804 1243 874 Qui
1286 804 1498 875 despicit
1536 801 1855 873 proximum,

284 914 460 978 peccat
484 920 503 959 :
525 904 615 974 qui
640 901 910 956 miseretur
929 897 1195 969 pauperis,
1221 896 1399 952 beatus
1421 896 1517 950 erit
1538 892 1699 966 (Ibid.
1722 890 1855 962 xxv).

287 992 638 1066 Eleemosyna
668 998 846 1046 autem
879 988 1120 1046 facienda
1147 998 1250 1054 est,
1272 1002 1378 1042 non
1416 998 1479 1042 es
1515 982 1858 1047 necessitate,

2026 703 2188 759 Vens.
2226 702 2317 757 25.
2352 732 2422 743 —
2460 700 2588 767 Fili,
2649 716 2895 756 conserua
2928 708 3126 772 tempus
3154 743 3169 769 ,
3207 712 3311 759 etc.
3351 702 3526 776 Supra

1958 795 2353 852 commendavit
2381 794 2659 866 sapientia:
2684 797 2906 861 donum,
2927 810 3071 851 nunc
3097 797 3330 851 ostendit
3360 796 3530 871 ipsius

1959 886 2182 942 factum.
2211 883 2526 955 Quicunque
2555 884 2699 940 enim
2729 890 2911 940 servat
2937 894 3203 956 prtecepta
3227 886 3538 956 sapientiae,

1962 987 2153 1034 cautus
2172 988 2256 1034 est
2286 978 2339 1033 in
2372 988 2675 1050 temporum
2693 978 3008 1044 mutatione,
3040 994 3141 1035 nec
3161 981 3359 1037 deserit
3384 983 3529 1037 viam

288 1084 528 1142 Hilarem
567 1083 705 1138 enim
746 1081 981 1138 datorem
1040 1081 1209 1153 diligit
1231 1078 1371 1134 Deus
1397 1075 1449 1149 (1
1489 1074 1611 1131 Cor.
1638 1072 1739 1146 rx).
1793 1071 1869 1128 Et:
1955 1071 2177 1143 iustitia:
2204 1070 2259 1125 in
2295 1078 2535 1140 tempore
2581 1071 2967 1142 persecutionis
3009 1081 3063 1128 et
3083 1074 3360 1145 angustiae.
3407 1074 3531 1130 Ideo

287 1178 415 1235 alibi
436 1176 644 1232 :Vidua
671 1176 995 1248 paupercula
1022 1173 1140 1245 plus
1164 1171 1413 1228 omnibus
1440 1168 1587 1223 misit
1610 1166 1664 1221 in
1695 1179 1858 1236 gazo-
1961 1163 2223 1234 sapientia
2253 1162 2574 1218 exhortatur
2616 1162 2778 1230 lillos,
2814 1170 2875 1218 ut
2928 1172 3247 1220 conservent
3300 1173 3529 1236 tempus,

286 1269 617 1343 phylacium,
645 1270 771 1341 quia
818 1285 927 1325 non
980 1266 1334 1339 quantitatem
1378 1260 1619 1320 muneris
1668 1269 1863 1337 pensat
1961 1255 2088 1326 quia
2116 1264 2326 1324 tempus
2354 1253 2501 1308 omni
2531 1254 2609 1310 rei
2634 1255 2732 1310 sub
2752 1253 2891 1311 etelo
2920 1272 2933 1310 :
2965 1264 3022 1310 et
3045 1263 3255 1327 tempus
3281 1264 3366 1311 est
3382 1255 3532 1322 belli,

292 1361 457 1430 Deus,
482 1361 577 1420 sed
611 1361 951 1417 devotionem
991 1356 1188 1415 cordis.

359 1452 524 1508 Vens.
553 1451 606 1507 5.
634 1481 705 1491 —
728 1450 805 1504 Ab
825 1452 974 1520 inope
1008 1464 1071 1504 ne
1089 1456 1312 1513 avertas,
1339 1454 1443 1503 etc.
1466 1443 1581 1501 Non
1605 1458 1704 1516 per
1726 1444 1865 1499 iram

290 1543 688 1614 esaspm‘andus
712 1548 795 1598 est
834 1554 1057 1612 pauper,
1110 1540 1206 1596 sed
1234 1538 1427 1595 blanda
1456 1538 1724 1593 lucutione
1745 1534 1863 1605 pia-

292 1633 514 1698 ettndus,
544 1631 639 1686 Ira
688 1631 824 1686 enim
870 1632 967 1686 viri
1004 1614 1281 1701 justitiam
1317 1626 1417 1683 Dei
1464 1642 1568 1682 non
1622 1633 1871 1697 operatur

290 1723 431 1797 (Jac.
460 1723 523 1796 ι).
559 1723 649 1790 Et,
674 1721 782 1789 Qui
806 1722 1011 1776 obturat
1042 1734 1221 1775 aurem
1250 1721 1321 1773 ad
1366 1718 1640 1773 clamorem
1674 1724 1869 1788 paupe-

289 1817 386 1882 Iis,
412 1814 681 1880 clamabit,
709 1822 755 1868 et
796 1828 903 1868 non
928 1812 1174 1868 exaudiet
1214 1811 1472 1866 Dominus
1512 1808 1692 1880 (Prov.
1722 1806 1862 1879 xxi).

1964 1353 2021 1402 et
2044 1352 2254 1419 tempus
2282 1347 2451 1417 pacis.

2032 1436 2201 1494 Vens.
2224 1436 2315 1494 28.
2339 1470 2411 1479 —
2434 1434 2557 1493 Non
2583 1436 2871 1494 abscondas
2899 1441 3208 1510 sapientiam
3234 1442 3402 1506 luam,
3427 1449 3532 1496 etc.

1967 1526 2148 1601 (Rem)
2176 1527 2292 1584 Non
2315 1538 2397 1585 est
2419 1530 2799 1587 abscondenda
2826 1528 3085 1600 sapientia
3110 1528 3213 1596 his’,
3239 1531 3331 1602 qui
3353 1532 3537 1587 audire

1967 1622 2171 1679 volunt.
2202 1623 2309 1691 Qui
2356 1625 2498 1679 enim
2537 1625 2817 1681 abscondit
2864 1623 3216 1691 frumentum,
3254 1624 3537 1680 maledice-

1968 1725 2058 1773 tur
2077 1717 2132 1772 in
2154 1716 2385 1790 populis,
2411 1718 2712 1775 benedictio
2741 1720 2920 1776 autem
2943 1732 3106 1791 super
3132 1728 3294 1793 caput
3311 1719 3519 1813 v.enden

1970 1809 2135 1876 tium;
2167 1810 2308 1864 unde
2338 1824 2351 1863 :
2383 1808 2627 1881 Negotia,
2658 1810 2783 1864 dum
2810 1808 2955 1865 uenio
2983 1806 3131 1883 (Luc.
3157 1804 3294 1882 xxx).
3328 1804 3363 1813 ⁷
3415 1816 3425 1821 ”

292 1875 397 1972 Qui
424 1904 568 1960 enim
598 1875 779 1975 potest
814 1902 1074 1967 tribuere,
1104 1902 1265 1957 debet
1297 1919 1311 1954 :
1361 1900 1485 1970 quia
1514 1875 1709 1953 intimis
1739 1875 1866 1953 die;
1896 1875 1947 1945 D
2040 1900 2203 1956 Vsus.
2256 1898 2346 1955 '50.
2375 1932 2441 1941 —
2467 1875 2619 1956 ‘Nonr
2645 1875 3001 1957 contradicas:
3048 1875 3413 1958 Obediendum
3460 1908 3542 1956 est

291 1994 565 2052 conditum
610 1994 904 2064 exstinguit
955 1993 1089 2059 iras,
1136 2002 1187 2047 et
1228 1992 1426 2047 donum
1471 1990 1528 2045 in
1563 1989 1683 2044 sinu
1728 1988 1868 2043 indi-

297 2085 609 2157 gnationem
630 2084 944 2138 maximam.
978 2080 1079 2151 Qui
1110 2090 1291 2137 autem
1319 2092 1426 2135 non
1450 2087 1648 2145 potest,
1684 2090 1868 2134 sermo

291 2173 469 2230 bonus
498 2181 582 2228 est
604 2171 846 2242 eisuper
874 2172 1062 2226 datam
1086 2171 1368 2242 optimum.
1398 2162 1500 2234 Qui
1538 2176 1715 2222 autem
1765 2166 1869 2220 ha-

294 2262 461 2319 buerit
517 2261 868 2319 subdantiam
910 2260 1093 2315 medi
1124 2276 1142 2313 :
1168 2270 1215 2313 et
1243 2258 1427 2313 viderit
1450 2256 1669 2326 fratrem
1710 2268 1867 2309 suum

293 2370 495 2410 necesse
516 2354 811 2419 habentem,
837 2362 884 2407 et
904 2352 1149 2407 clauserit
1189 2348 1389 2406 uiscera
1405 2366 1503 2407 sua
1526 2348 1590 2403 ab
1619 2364 1699 2415 eo,
1734 2362 1867 2418 quea

292 2446 449 2503 modo
462 2447 697 2502 claritas
719 2444 817 2501 Dei
864 2452 1039 2500 manet
1066 2445 1123 2499 in
1142 2457 1203 2498 eo
1224 2443 1251 2497 Ρ
1278 2440 1334 2513 (I
1357 2441 1519 2496 Joan.
1566 2438 1676 2509 tu.)
1706 2437 1868 2497 Fides

293 2540 437 2596 enim
457 2540 505 2595 si
530 2554 637 2594 non
667 2538 864 2594 habeat
887 2550 1072 2609 opera,
1096 2543 1310 2593 mortua
1336 2542 1439 2593 est.
1490 2531 1607 2589 Non
1632 2542 1765 2602 nemo
1787 2529 1873 2584 di-

292 2627 525 2699 ligamus
551 2627 735 2699 lingua
758 2635 814 2691 et
838 2628 1026 2693 verbo,
1059 2625 1154 2682 sed
1177 2639 1342 2695 opere
1363 2631 1418 2680 et
1442 2623 1692 2678 veritate.

362 2741 526 2799 Vsus.
583 2741 635 2797 7:
693 2768 765 2782 ά-
816 2738 1219 2815 Congregationi
1288 2750 1598 2811 pauperum.
1664 2737 1724 2792 in
1786 2734 1871 2791 his

297 2834 708 2893 commendatur
730 2832 1088 2890 mansuetudo
1124 2842 1181 2888 et
1214 2831 1510 2897 humilitas,
1540 2830 1665 2901 quia
1718 2840 1873 2885 man-

295 2925 525 2985 saetudo
547 2925 819 2980 neminem
839 2925 1067 2995 spernit,
1090 2922 1366 2978 humilitas
1396 2938 1453 2978 se
1473 2923 1722 2977 omnibus
1748 2922 1875 2977 sub-

293 3017 432 3090 iicit.
467 3015 634 3071 Decet
652 3025 835 3072 autem
857 3014 1225 3071 Christianum
1247 3014 1543 3085 mqualihus
1572 3020 1627 3070 et
1654 3012 1877 3069 inferio-

297 3103 448 3160 ribus
481 3103 748 3161 aﬂbiiem
775 3110 896 3160 esse
914 3108 970 3160 et
996 3104 1180 3159 mitem
1198 3145 1213 3169 ,
1244 3100 1548 3159 senioribus
1575 3102 1869 3169 humilem;

297 3195 443 3251 unde
471 3213 486 3250 :
526 3194 768 3263 Duillius,
796 3205 1000 3261 non_est
1034 3195 1319 3250 exaltatum
1343 3206 1434 3249 cor
1462 3204 1653 3259 meum,
1713 3208 1875 3265 neque

296 3285 422 3340 elati
443 3296 563 3342 sunt
587 3287 729 3341 oculi
752 3289 853 3343 mei
878 3285 1052 3358 (Psal.
1072 3286 1264 3357 cxxx).

369 3392 532 3454 Vtilis.
560 3398 618 3454 9.
649 3429 722 3440 —
749 3396 958 3464 Libera,
992 3406 1097 3454 etc.
1140 3396 1322 3469 (ΗΑΒ.)
1354 3392 1509 3453 Sicut
1536 3394 1879 3471 largitionem

302 3486 359 3542 in
400 3496 664 3558 pauperes
693 3487 1093 3560 elecltlosynam
1120 3503 1239 3543 esse
1288 3487 1446 3554 dixit,
1495 3488 1575 3543 sic
1608 3486 1883 3543 liberatio-

297 3586 423 3634 nem
462 3578 646 3650 inique
688 3580 929 3650 oppressi
974 3579 1399 3637 misericordiam
1441 3595 1563 3635 esse
1608 3580 1878 3647 ostendit;

299 3670 462 3737 unde,
496 3668 639 3725 Erue
664 3671 783 3726 illos
814 3673 904 3743 qui
931 3671 1199 3726 ducuntur
1222 3671 1291 3725 ad
1337 3680 1577 3726 mortem.

372 3780 533 3837 Vsus.
568 3782 651 3837 10.
680 3813 750 3824 -
771 3782 840 3838 In
857 3768 1172 3855 judicando.
1193 3783 1371 3857 (Rau)
1394 3784 1605 3841 Nullam
1648 3784 1885 3842 eleemo~

300 3872 449 3945 sinat
485 3874 739 3947 speciem,
768 3883 895 3942 etc.,
932 3891 1095 3949 usque
1119 3876 1189 3929 ad
1219 3876 1292 3931 ita
1331 3884 1389 3931 et
1410 3876 1585 3933 vidua)
1607 3877 1709 3932 viri
1734 3877 1878 3935 sola-

301 3962 462 4021 tium.

338 4060 343 4067 ’
371 4075 540 4133 Vsus.
570 4072 660 4133 15.
692 4108 762 4119 -
791 4076 859 4133 Et
881 4079 971 4133 aui
996 4078 1344 4150 oigilaverint,
1379 4090 1485 4137 etc.
1510 4038 1705 4136 Peatus
1729 4082 1885 4139 homo

311 4170 394 4243 qui
428 4171 700 4237 auaitme,
741 4180 793 4225 et
830 4170 1009 4243 uigilat
1034 4180 1155 4227 aute
1203 4171 1342 4241 {eses
1372 4186 1517 4227 meas
1560 4174 1811 4245 quotidie,
1838 4183 1885 4229 et

307 4258 539 4317 observat
574 4260 646 4315 ad
670 4268 842 4332 postes
864 4261 989 4316 ostii
1042 4258 1349 4333 utei(Prou.
1400 4261 1542 4336 Via).
1588 4263 1692 4320 Per
1743 4265 1887 4321 {oms

307 4359 484 4407 autem
542 4358 697 4423 potes
737 4349 1046 4425 Scripturas
1093 4360 1152 4410 et
1192 4367 1382 4411 eorum
1426 4355 1680 4413 doctores
1728 4357 1887 4412 intel-

305 4438 454 4499 liait.
1225 4481 1229 4487 .

384 4456 454 4498 η.
1225 4481 1229 4487 .

346 4456 545 4591 8νιςιιις.
573 4534 663 4590 is.
686 4562 757 4574 -
779 4534 883 4601 Qui
900 4537 1148 4601 seruiunt,
1170 4504 1279 4595 etc.
1307 4537 1408 4603 Qui
1433 4538 1602 4609 diligit
1623 4553 1771 4605 eum,
1793 4535 1888 4608 qui

1968 1984 2285 2064 majoribds,
2312 1992 2357 2048 si
2388 1990 2604 2048 veritati
2628 1993 2958 2048 concordant
2983 1986 3295 2062 e'tjustitiae,
3319 2009 3420 2049 nec
3446 1991 3541 2048 ali-

1967 2093 2072 2151 ter,
2110 2086 2203 2141 sed
2234 2096 2335 2157 pro
2360 2090 2506 2142 recta
2539 2086 2657 2149 ﬁde,
2692 2094 2747 2142 et
2773 2100 2900 2141 vera
2939 2082 3219 2157 religione,
3261 2082 3315 2139 in
3346 2082 3542 2155 quibus

1968 2185 2051 2233 est
2077 2177 2269 2232 animae
2295 2176 2458 2243 salus,
2492 2174 2873 2233 decertandum
2896 2176 3006 2242 ést;
3050 2174 3192 2233 unde
3224 2195 3237 2230 :
3271 2170 3332 2232 Si
3358 2175 3542 2233 oculus

1968 2278 2091 2322 tuus
2104 2266 2428 2322 scandalizat
2451 2277 2520 2334 te,
2541 2274 2664 2321 erue
2684 2282 2805 2322 eum
2830 2272 2881 2321 et
2904 2264 3105 2339 projice
3126 2264 3217 2321 abs
3246 2270 3295 2321 te
3325 2262 3541 2339 (Matth.

1969 2358 2044 2434 v).
2078 2358 2166 2428 Et,
2196 2352 2255 2416 Si
2283 2360 2397 2433 quis
2419 2360 2525 2415 vult
2550 2361 2721 2415 uenire
2744 2364 2858 2431 pos’l
2883 2364 2988 2426 ine,
3020 2356 3235 2431 abneget
3258 2358 3413 2435 (Luc.
3442 2359 3544 2433 lx),

1970 2460 2077 2509 etc.

2041 2543 2203 2600 Vens.
2228 2538 2315 2598 54.
2337 2573 2409 2585 -
2430 2536 2558 2596 Noll
2584 2538 2773 2597 citatus
2795 2536 2978 2598 essein
3000 2538 3180 2615 lingua
3210 2551 3329 2617 tua.
3354 2530 3551 2617 (Rm)

1974 2630 2117 2693 Mors
2137 2645 2191 2691 et
2208 2636 2339 2702 vita,
2377 2643 2508 2702 ete.,
2536 2646 2697 2706 usque
2725 2634 2793 2689 ad
2820 2614 3087 2706 scriptum
3124 2642 3209 2690 est
3236 2652 3250 2689 :
3312 2614 3437 2690 Non
3491 2614 3548 2688 in

1971 2740 2207 2783 sermone
2233 2738 2447 2798 regnum
2476 2724 2597 2792 Dei,
2624 2724 2719 2781 sed
2740 2728 2796 2780 in
2814 2727 3005 2781 virtute
3029 2724 3081 2793 (ι
3094 2780 3099 2783 Α
3117 2720 3240 2781 Cor.
3272 2720 3369 2798 ιγ’).

2044 2819 2207 2874 Vsus.
2235 2817 2322 2873 55.
2356 2847 2427 2857 -
2457 2814 2585 2872 Noli
2607 2834 2718 2872 esse
2751 2818 2887 2873 sicut
2923 2817 3022 2875 leo.
3055 2814 3114 2872 In
3143 2812 3385 2873 Ecelesia
3424 2814 3553 2873 sunt

1974 2908 2213 2963 haeretici
2240 2909 2394 2978 quasi
2422 2908 2630 2974 leones,
2656 2907 2748 2976 qui
2781 2920 2880 2977 per
2919 2902 3115 2979 linguae
3161 2898 3551 2963 volubilitatem

1975 2998 2239 3054 seducunt
2263 2996 2427 3053 corda
2454 2998 2845 3065 innocentium,
2875 3008 2928 3054 et
2947 3010 3044 3071 per
3067 2996 3408 3055 insolentiam
3434 3015 3551 3057 mo-

1977 3103 2096 3143 rum
2133 3088 2458 3143 conturbant
2486 3088 2958 3144 mansuetudinem
2985 3088 3326 3161 simplicium.

2588 3199 2817 3259 CAPUT
2870 3200 2935 3258 V.

2055 3316 2212 3377 Vsus.
2245 3319 2333 3375 11.
2362 3348 2436 3363 --
2464 3319 2590 3379 Non
2630 3320 2845 3379 ventilas
2866 3331 2934 3388 te.
2984 3328 3097 3379 etc.
3128 3321 3312 3395 (ιω.)
3340 3322 3554 3380 Βαία-

1980 3416 2090 3465 tem
2120 3410 2488 3481 reprehendit,
2509 3422 2639 3479 eto.,
2669 3429 2834 3485 usque
2858 3414 2930 3471 ad
2962 3413 3252 3485 simplicitas
3292 3417 3558 3474 diarium

1980 3518 2188 3570 eorum,
2216 3504 2272 3559 in
2298 3520 2405 3575 qua
2451 3506 2615 3561 modo
2651 3521 2802 3573 vera,
2848 3508 3009 3565 modo
3064 3507 3201 3565 falsa
3251 3508 3553 3581 proferunt,

1980 3604 2300 3666 peccatores
2336 3610 2465 3655 esse
2487 3596 2747 3659 ostendit-

2054 3685 2218 3743 Vnus.
2247 3686 2408 3742 l5.—-—
2428 3685 2557 3745 Esto
2580 3697 2904 3749 munem.
2939 3688 3148 3751 Bonum
3164 3700 3255 3749 est
3274 3700 3560 3750 musaete

1984 3778 2191 3845 audire,
2219 3787 2275 3834 et
2299 3780 2576 3850 suscipere
2601 3780 2826 3839 verbum
2853 3779 3123 3847 veritatis,
3144 3790 3204 3839 et
3228 3783 3477 3841 modone
3490 3798 3560 3840 ac

1981 3871 2277 3942 prudenter
2306 3871 2585 3942 proferre;
2616 3873 2761 3931 unde
2787 3890 2801 3929 :
2830 3871 2913 3931 Sit
2936 3874 3104 3931 omnis
3124 3873 3278 3935 homo
3298 3873 3449 3931 uelox
3486 3876 3558 3931 ad

1982 3961 2326 4025 audiendum,
2358 3962 2546 4017 tardus
2570 3962 2642 4017 ad
2661 3961 2977 4034 loquendum
2996 3973 3050 4021 et
3070 3964 3253 4023 tardus
3280 3966 3351 4021 ad
3397 3966 3557 4023 irent.

1986 4050 2127 4123 (Jac.
2159 4061 2221 4125 ι).
2262 4051 2329 4107 Et
2354 4052 2515 4123 paulo
2568 4060 2691 4123 post
2724 4052 2833 4109 ειη
2868 4055 3272 4111 maniuetuditts
3317 4056 3561 4126 suscipite

1982 4143 2199 4198 insitum
2226 4143 2455 4211 uerbum,
2486 4146 2624 4216 quod
2660 4155 2824 4215 potest
2874 4145 3077 4201 sulcare
3109 4145 3315 4207 animos
3358 4154 3559 4205 uestras

1986 4239 2247 4314 (Ibid.)ln
2266 4241 2574 4299 Proverbiis
2597 4254 2815 4311 quoque
2832 4242 3066 4299 dicitur:
3084 4240 3270 4297 Vidisti
3294 4243 3561 4299 hominem

1984 4330 2209 4385 velocem
2232 4332 2301 4383 ad
2322 4329 2637 4401 loquendum
2660 4331 2687 4384 .9
2696 4330 2920 4387 stultitia
2951 4332 3121 4401 magis
3162 4332 3427 4402 speranda
3461 4341 3560 4399 est.

1985 4435 2141 4489 quam
2161 4420 2411 4475 correctio
2446 4419 2591 4475 illius
2611 4418 2794 4490 (Prov.
2824 4421 2997 4494 uix).

2599 4530 2828 4589 CAPUT
2864 4531 2953 4589 VI.

306 4627 513 4703 genuit,
562 4625 748 4697 diliget
793 4640 914 4681 eum
942 4626 1037 4695 qui
1063 4634 1221 4681 natus
1247 4634 1425 4683 estex
1461 4604 1593 4693 Deo,
1620 4638 1679 4684 et
1724 4604 1884 4700 quam
1907 4604 1965 4668 Ῑ)
2060 4620 2224 4680 Vsus.
2250 4623 2301 4679 1.
2324 4652 2397 4665 --
2424 4622 2602 4680 Nolite
2627 4625 2764 4696 ﬁeri,
2790 4636 2896 4685 etc.
2928 4626 3111 4701 (Rm)
3130 4625 3251 4685 Vim
3276 4629 3566 4685 versantia-

307 4721 482 4792 diligit
498 4716 680 4785 Pater,
710 4716 882 4789 diligit
908 4717 1095 4783 Filius,
1125 4718 1302 4774 unde:
1341 4718 1441 4787 Qui
1466 4718 1645 4791 diligit
1672 4736 1778 4787 me,
1808 4720 1888 4777 di-

308 4812 507 4885 ligetur
531 4826 563 4866 a
590 4800 751 4887 Patre
773 4824 917 4877 meo,
945 4818 1001 4865 et
1024 4825 1147 4865 eum
1175 4810 1414 4881 diligam.
1460 4811 1567 4869 Sed
1610 4815 1736 4884 quia
1758 4831 1889 4886 μω-

312 4904 450 4961 batio
485 4886 774 4957 dilectionis
814 4901 1060 4956 exhibitio
1099 4910 1173 4955 est
1203 4903 1371 4971 operis
1396 4942 1412 4969 ,
1468 4905 1712 4974 sequitur
1740 4923 1753 4958 :
1785 4904 1893 4971 Qui

310 4995 462 5051 audit
497 4993 664 5061 illam,
700 4994 962 5066 juaieabit
986 5002 1185 5066 gentes.
1219 4994 1408 5051 Unde:
1432 4994 1563 5051 Cum
1585 4998 1773 5055 sederit
1797 4996 1893 5055 Fi-

312 5086 416 5142 lius
447 5087 671 5142 hominis
707 5103 764 5141 tn
810 5086 931 5143 sede
952 5086 1246 5156 maiestatis
1274 5104 1405 5154 sate,
1449 5090 1691 5145 sedebitis
1714 5100 1763 5145 et
1803 5109 1891 5150 vos

311 5195 470 5249 super
504 5178 649 5234 sedes
674 5178 948 5258 duodecim
971 5174 1270 5248 judicantes
1309 5180 1584 5237 duodecim
1611 5183 1777 5241 tribus
1800 5181 1891 5239 Is-

315 5267 428 5322 rael
454 5266 666 5345 (Matth.
709 5266 845 5342 XIX).

388 5354 553 5415 Vens.
583 5358 669 5414 19.
699 5390 770 5400 -
792 5359 1049 5416 Timorem
1077 5368 1125 5416 et
1147 5370 1486 5429 metum,etc.
1517 5361 1791 5434 Sapientia
1818 5364 1895 5421 in-

315 5450 568 5507 habitans
594 5450 775 5522 dirigit
800 5466 996 5523 opera,
1037 5453 1095 5508 in
1142 5452 1311 5508 variis
1336 5454 1720 5511 mutationibus
1751 5470 1892 5525 pra:-

315 5549 474 5614 parat
505 5542 804 5597 exercendo
824 5552 880 5597 et
898 5543 1178 5612 probando
1199 5542 1267 5599 ad
1297 5542 1489 5600 futuris
1532 5546 1654 5600 vitae
1676 5547 1888 5617 gaudia,

317 5628 461 5700 quod
486 5629 592 5687 hac
612 5632 877 5687 sententia
906 5633 1294 5690 conﬁrmatur:
1328 5632 1585 5691 Timorem
1608 5646 1657 5691 et
1698 5647 1890 5692 metum

317 5732 366 5777 et
391 5723 768 5793 probationem,
820 5735 925 5782 etc.
957 5726 1092 5794 Quia
1122 5728 1394 5785 tribulatio
1419 5730 1728 5801 patientiam
1761 5746 1891 5803 ope-

320 5822 492 5883 ratur,
518 5822 574 5870 et
595 5817 849 5888 patientia
875 5819 1265 5891 probationem,
1291 5822 1538 5899 probatio
1564 5841 1693 5882 vero
1714 5841 1887 5897 spem,

1990 4715 2166 4817 ritatis
2193 4718 2468 4785 ostendit,
2498 4726 2607 4776 etc.
2626 4758 2646 4786 ,
2687 4734 2850 4792 usque
2895 4721 2968 4776 ad
3010 4718 3263 4779 δικαίων
3286 4722 3457 4778 virtus
3484 4722 3567 4794 ip-

1990 4821 2122 4863 eius.

2062 4898 2229 4957 Vens.
2256 4898 2313 4955 4.
2326 4929 2397 4939 -
2410 4899 2670 4971 Nequam.
2696 4900 2857 4957 Bona:
2874 4901 3167 4983 voluntatis.
3182 4900 3577 4960 sucosditboni

1994 4993 2179 5063 operis
2202 4992 2433 5058 tractus,
2479 5002 2535 5049 et
2559 4993 2840 5052 malitiosa:
2878 4996 3047 5052 manu
3074 4995 3208 5051 nihil
3234 4996 3569 5066 prosperita-

1997 5086 2086 5143 tis.
2116 5084 2176 5143 Si
2196 5086 2341 5142 enim
2372 5086 2511 5142 desit
2527 5087 2785 5155 charitas,
2816 5087 3247 5159 fructi-soporant
3269 5088 3573 5146 virtutiim-

1995 5178 2216 5250 pendis;
2257 5178 2399 5234 unde
2429 5195 2443 5232 :
2477 5176 2581 5244 Qui
2604 5178 2789 5237 inuno
2826 5179 3060 5251 alendis,
3096 5179 3330 5234 omnium
3354 5186 3571 5235 remeet
3656 5172 3667 5199 '

1997 5271 2138 5343 (Jac.
2164 5271 2254 5345 ιι).
2278 5270 2365 5339 Et,
2392 5271 2445 5326 ei
2470 5270 2563 5342 qui
2585 5287 2689 5325 non
2709 5271 2883 5339 habet,
2906 5280 2957 5327 at
2974 5270 3079 5329 hoc
3100 5269 3244 5342 quod
3256 5269 3434 5337 habet,
3466 5272 3569 5324 dst-

1994 5363 2189 5434 feretur
2216 5362 2281 5418 ab
2302 5378 2362 5417 eo
2391 5360 2542 5435 (Luc.
2570 5363 2716 5436 xu).

2065 5453 2231 5509 Vsus.
2258 5454 2312 5509 6.
2341 5484 2413 5496 —
2444 5453 2600 5509 Multi
2629 5453 2856 5525 paciﬁci,
2894 5460 3003 5509 etc.
3028 5450 3164 5509 CIIII
3190 5450 3443 5511 omnibus
3462 5464 3571 5524 pl!

1995 5558 2080 5605 est
2121 5548 2396 5618 habenda,
2448 5557 2705 5621 quantam
2743 5547 3008 5619 permittit
3063 5557 3245 5605 nostra
3286 5548 3568 5621 fragilitas,

1996 5643 2089 5698 sed
2119 5657 2225 5699 non
2268 5657 2392 5699 cum
2428 5642 2617 5697 multis
2658 5640 2973 5709 consilium,
3004 5641 3129 5713 quia
3156 5642 3414 5712 scriptum
3448 5649 3567 5697 est:

1996 5736 2358 5794 Misericordes
2397 5746 2667 5803 vocantur,
2701 5736 2869 5791 virum
2895 5744 3070 5792 autem
3107 5734 3315 5806 ﬁdelem
3340 5735 3457 5807 quis
3482 5735 3572 5791 itt-

1993 5830 2157 5886 ueniet
2181 5830 2206 5884 ?
2230 5827 2412 5902 (Prov.
2444 5825 2562 5893 xx.)
