4028 6332
594 447 729 507 1191

1076 435 1477 500 'WALAFRlDl
1517 436 1766 496 STRABl
1801 435 2006 495 FULD.
2044 431 2400 528 MON.|OPP.
2437 428 2619 490 PARS
2653 429 2698 487 ι.
2738 460 2809 473 -
2841 427 3298 490 THEOLOGICA.

3656 439 3758 499 illi!

663 559 826 615 Vens.
856 555 909 611 7.
931 551 1084 640 —§i
1121 553 1352 626 possides
1393 551 1641 616 anticum,
1681 559 1790 605 etc.
1833 547 2014 622 (ΗΑΒ.)
2060 548 2162 604 Per
2187 566 2242 626 Α
2337 544 2500 600 Vens.
2531 544 2589 599 4.
2611 573 2683 585 —-
2713 542 2897 616 Neque
2930 561 2964 598 a
2990 561 3105 615 rege
3128 543 3427 600 cathedram
3449 546 3648 608 honoris.
3673 555 3756 616 Non

593 653 834 708 diversas
862 648 1067 720 species
1099 645 1264 702 falsos
1312 645 1518 700 amicos
1567 643 1897 714 exprimens,
1945 643 2161 696 tandem

593 745 659 799 ad
688 758 873 798 verum
898 741 1146 812 pervenit
1167 740 1400 794 amicum
1435 757 1448 793 :
1482 737 1608 808 quia
1660 737 1813 792 multi
1860 736 2062 792 amicos
2103 750 2162 790 se

528 877 530 880 μ
595 848 714 891 esse
736 833 1058 906 proﬁtentur
1080 832 1131 886 in
1158 830 1450 902 prosperis,
1491 838 1546 883 et
1590 826 1793 882 inimici
1816 835 2074 898 apparent
2108 827 2190 882 illi

595 925 854 984 adversis.
887 924 1040 980 Unde
1067 942 1081 978 :
1114 922 1174 978 Si
1194 921 1540 978 humiliaverit
1567 938 1621 975 se
1660 929 1841 973 contra
1865 929 1932 984 te,
1964 925 2069 974 etc.

662 1017 828 1072 Vens.
857 1015 944 1072 15.
975 1045 1045 1055 -
1065 1013 1327 1069 Attende.‘
1347 1010 1527 1084 (ΚΑΒ.)
1557 1011 1611 1066 ld
1631 1018 1732 1077 est,
1781 1009 2164 1065 discretionem

591 1107 752 1175 habe,
772 1115 900 1172 etc.,
925 1121 1084 1177 usque
1114 1103 1214 1158 ad:
1237 1101 1380 1175 Rogo
1411 1111 1582 1157 autem
1609 1117 1719 1168 vos,
1746 1100 1957 1170 fratres,
1983 1107 2040 1152 ut
2069 1097 2162 1152 ob-

591 1201 802 1257 servetis
863 1215 949 1254 eos
987 1198 1077 1270 qui
1117 1197 1460 1252 dissensiones
1513 1205 1560 1249 et
1603 1190 1919 1263 offendicula
1965 1191 2166 1262 faciunt

591 1291 772 1363 (Rom.
805 1291 940 1362 XVI).

663 1379 826 1438 Vens.
858 1379 948 1438 14.
972 1407 1044 1420 -
1078 1377 1291 1434 Amicus
1319 1375 1489 1448 fortis.
1531 1373 1752 1430 Amicus
1795 1373 1997 1429 amoris
2039 1387 2168 1428 con-

592 1487 733 1539 sors,
760 1471 846 1528 cui
894 1471 974 1528 sic
1025 1469 1261 1525 animum
1308 1476 1457 1523 tuum
1491 1465 1699 1537 applica
1743 1473 1804 1520 ut
1844 1479 1913 1520 ex
1962 1463 2170 1520 duobus

592 1579 758 1621 unum
785 1562 902 1629 liat,
951 1561 1039 1618 cui
1090 1569 1145 1617 te
1195 1567 1461 1631 tanquam
1514 1557 1612 1613 tibi
1657 1555 2169 1626 committas,aquo

592 1655 726 1712 nihil
782 1655 1015 1710 timeas:
1067 1661 1123 1708 et
1153 1651 1290 1706 nihil
1340 1651 1682 1706 inhonestum
1733 1657 1904 1720 petas.
1940 1645 2060 1703 Non
2085 1654 2172 1702 est

591 1749 737 1803 enim
761 1745 998 1800 amicitia
1031 1741 1331 1814 vectigalis,
1358 1740 1452 1797 sed
1489 1739 1936 1812 plena‘decoris;
1985 1738 2165 1794 unde:

595 1834 696 1890 Vos
748 1834 906 1888 amici
934 1833 1035 1888 mei
1072 1832 1214 1899 estis,
1237 1831 1284 1886 si
1325 1829 1550 1902 feceritis
1589 1844 1707 1900 qua:
1757 1845 1850 1899 ego
1923 1827 2168 1899 praccipio

2264 646 2442 712 potest
2469 652 2726 693 exercere
2738 653 2875 708 opus
2893 637 3024 707 justi
3053 638 3330 709 regiminis
3355 679 3369 703 ,
3397 641 3483 710 qui
3507 650 3758 708 sententiam

2263 726 2500 805 neglexit
2535 747 2680 788 verae
2717 731 2965 802 pietatis;
2998 733 3138 788 unde
3168 745 3184 784 :
3212 731 3374 803 Reges
3408 736 3609 804 gentium
3634 741 3758 797 domi.

2265 834 2460 878 nuntur
2492 839 2694 890 eorum,
2726 839 2816 878 vos
2841 832 3013 876 autem
3054 839 3159 876 non
3180 823 3276 887 sic,
3318 824 3407 877 sed
3444 827 3525 896 qui
3551 831 3761 900 majora:

2264 914 2318 969 in
2343 913 2504 980 vobis,
2538 913 2632 983 ﬁat
2663 912 2796 968 sicut
2822 911 2998 967 minor
3024 911 3178 982 (Luc.
3211 912 3370 984 xxu).

2335 1005 2498 1062 Vens.
2541 1005 2594 1062 5.
2629 1035 2699 1046 —
2721 1004 2999 1072 ,Quoniam
3036 1006 3265 1076 agnitor.
3305 1005 3454 1062 Nulla
3489 1020 3759 1086 prasumptio

2265 1095 2638 1168 perniciosior,
2671 1110 2836 1166 quam
2870 1097 2935 1176 de
2971 1096 3192 1167 propria
3223 1094 3448 1165 iustitia,
3485 1109 3567 1157 aut
3595 1106 3760 1166 scientia

2266 1191 2577 1262 superbire;
2615 1187 2757 1245 unde
2804 1207 2819 1244 :
2853 1189 2977 1244 Non
3021 1198 3098 1244 est
3132 1189 3288 1245 homo
3315 1207 3462 1262 super
3491 1204 3668 1265 terram,
3701 1206 3760 1271 qui

2268 1282 2431 1353 faciat
2465 1280 2675 1348 bonum,
2713 1289 2763 1336 et
2822 1297 2930 1336 non
2983 1290 3156 1352 peccet
3189 1280 3360 1352 (Eccl.
3403 1285 3512 1356 vn).
3549 1287 3608 1344 Et
3638 1291 3757 1348 alibi:

2275 1370 2467 1426 Vidisti
2503 1372 2764 1426 hominem
2791 1371 3078 1443 sapientem
3113 1372 3214 1428 sibi
3254 1375 3431 1445 videri,
3467 1387 3514 1433 et
3539 1385 3675 1453 magis
3698 1387 3760 1443 illo

2270 1479 2414 1534 spem
2440 1462 2592 1518 habet
2616 1461 2806 1518 stultus
2830 1459 3012 1534 (Prov.
3043 1465 3220 1535 xxvr).

2339 1553 2503 1609 Vnus.
2533 1554 2594 1609 li.
2621 1583 2695 1594 —
2729 1552 2857 1608 Noli
2881 1571 3114 1626 quaerere
3145 1557 3268 1626 ﬁeri
3295 1557 3480 1628 judex,
3510 1562 3598 1616 nisi
3621 1565 3760 1623 valeat.

2269 1644 2440 1701 Debet
2476 1645 2704 1717 quisque
2741 1647 2988 1718 propias
3021 1647 3255 1704 virtute‘s
3265 1651 3600 1720 perpendere,
3626 1663 3669 1709 et
3697 1673 3762 1727 pro

2269 1737 2570 1810 quantitate
2595 1737 2789 1793 virium
2819 1753 3006 1794 curam
3027 1738 3263 1794 aliorum
3292 1742 3550 1813 suscipere
3580 1758 3663 1800 :ne
3676 1748 3760 1804 dum

2269 1828 2568 1884 delectatur
2593 1827 2712 1884 loco
2732 1827 2937 1900 gloria,
2966 1827 3062 1884 ﬁat
3080 1829 3317 1885 subditis
3350 1839 3526 1887 auctor
3550 1833 3707 1901 ruina;
3726 1845 3762 1892 et

593 1925 729 1982 vobis
775 1923 794 1996 (
828 1923 987 1978 Joan.
1015 1921 1130 1994 xv),
1159 1929 1272 1977 etc.
1303 1921 1461 1976 Dedit
1483 1919 1637 1975 nobis
1659 1920 1916 1975 Dominus
1937 1917 2166 1975 formam
2194 1945 2245 2007 Β
2269 1923 2361 1996 qui
2377 1930 2629 1995 gravatur
2653 1921 2891 1994 pondere
2908 1936 3155 1990 suarum,
3183 1923 3315 1980 velit
3332 1923 3601 1994 ﬁerijudex
3615 1927 3760 1984 aliena-

593 2016 842 2073 amicitia
867 2029 1028 2087 quam
1055 2029 1365 2086 sequamur,
1392 2021 1452 2068 ut
1473 2011 1736 2068 faciamus
1778 2012 1938 2068 amici
1969 2011 2160 2068 volun-

517 2169 522 2174 _
593 2116 780 2176 tatem,
823 2107 1131 2180 aperiamus
1157 2105 1207 2160 ei
1247 2112 1474 2171 secreta,
1505 2111 1560 2160 et
1601 2104 1717 2174 ipse
1740 2105 1926 2172 nobis;
1977 2105 2159 2160 unde:

599 2201 700 2258 Vos
742 2211 914 2257 autem
935 2200 1049 2256 dixi
1094 2199 1320 2266 amicos,
1364 2198 1490 2270 quia
1537 2197 1714 2252 omnia
1757 2213 1872 2268 quae
1913 2196 2089 2252 audivi
2128 2214 2162 2251 a

590 2293 751 2350 Patre
772 2311 906 2363 meo,
934 2302 1058 2349 nota
1081 2291 1182 2363 feci
1203 2290 1343 2346 vobis
1365 2288 1579 2362 (lbid.).

656 2387 821 2444 Vens.
881 2387 970 2443 16.
1015 2415 1088 2427 -
1139 2385 1352 2441 Amicus
1397 2381 1591 2454 fidelis.
1647 2380 1953 2438 Secundum
1991 2381 2162 2438 Deum

587 2478 812 2536 scilicet.
851 2477 953 2534 llic
994 2479 1063 2534 ad
1087 2477 1544 2533 medicamentum
1570 2474 1694 2529 vita
1721 2481 1940 2530 aterna
1967 2481 2022 2530 et
2057 2475 2162 2530 im-

589 2567 934 2626 mortalitatis
971 2567 1298 2635 necessaria,
1349 2581 1474 2622 cum
1511 2565 1688 2622 amico
1735 2545 1978 2622 tractat:
2020 2564 2164 2621 unde

588 2660 780 2720 Cicero
828 2661 962 2718 dicit
1006 2660 1304 2717 amicitiam
1353 2658 1570 2715 nonnisi
1611 2658 1754 2715 inter
1806 2659 1978 2714 bonos
2037 2671 2158 2714 esse

589 2767 772 2826 posse,
795 2762 851 2810 et
881 2752 1052 2808 libera
1095 2752 1254 2810 debet
1287 2764 1410 2809 esse
1441 2751 1700 2819 amicitia,
1739 2758 1794 2806 et
1833 2750 1902 2806 ad
1947 2765 2165 2806 omnem

590 2843 906 2902 felicitatem
929 2842 1202 2914 proclivis.

660 2934 828 2991 Vens.
859 2934 948 2988 l7.
975 2963 1046 2974 —
1082 2933 1187 3000 Qui
1209 2933 1350 2988 timet
1382 2932 1686 2988 Dominum.
1719 2929 1900 3004 (ΗΑΒ.)
1928 2929 2092 2988 Plena
2111 2940 2167 2988 et

591 3027 832 3104 perlecta
869 3026 1120 3084 amicitia
1165 3027 1359 3100 gratia,
1401 3034 1530 3094 etc.,
1557 3042 1718 3098 usque
1756 3027 1826 3080 ad
1861 3035 1923 3082 ut
1959 3027 2026 3084 de
2064 3027 2168 3084 hoc

593 3121 795 3178 mundo
819 3120 1008 3178 credas
1035 3128 1089 3175 te
1108 3119 1348 3191 quotidie
1374 3119 1753 3191 migraturum.

664 3211 827 3268 Vens.
856 3211 948 3268 27.
965 3242 1034 3251 —
1055 3209 1123 3265 In
1143 3210 1284 3265 omni
1304 3210 1477 3264 animo
1499 3219 1609 3263 tuo.
1639 3208 1820 3280 (Rau)
1847 3208 2040 3274 Corde,
2061 3223 2168 3264 non

2263 2033 2384 2075 rum
2416 2015 2715 2087 culparum.

2331 2109 2496 2166 Vens.
2521 2109 2576 2163 7.
2600 2139 2672 2148 —
2708 2106 2832 2162 Non
2857 2123 3032 2178 pecces
3071 2107 3128 2162 in
3171 2105 3567 2164 multitudinem.
3597 2109 3676 2178 Qui
3702 2127 3760 2166 ra-

2262 2203 2409 2259 tione
2439 2201 2622 2273 pollet,
2653 2209 2711 2256 et
2737 2200 2891 2256 liberi
2912 2200 3124 2257 arbitrii
3147 2208 3417 2272 potestate
3429 2187 3764 2274 pravalel,sub-

2261 2294 2498 2350 ditorum
2535 2293 2823 2348 insolentia
2854 2307 2960 2348 non
2995 2300 3213 2363 peccet,
3245 2294 3340 2349 sed
3380 2301 3652 2350 constanter
3671 2282 3762 2349 resi-

2260 2394 2372 2444 stat
2398 2385 2587 2441 aliena
2615 2385 2870 2457 nequitia
2901 2403 2914 2439 :
2953 2399 3054 2440 nec
3075 2400 3136 2441 se
3166 2394 3322 2457 putet
3358 2385 3560 2456 impune
3583 2399 3759 2456 peccare,

2261 2479 2305 2536 si
2335 2477 2692 2550 plurimorum
2732 2477 3030 2548 acquiescit
3049 2477 3354 2546 voluntati;
3387 2477 3520 2533 unde
3555 2494 3568 2532 :
3595 2476 3760 2532 Nonio-

2262 2569 2372 2624 lum
2403 2577 2577 2625 autem
2598 2569 2688 2640 qui
2715 2585 2776 2625 ea
2805 2569 3031 2640 faciunt,
3054 2567 3144 2624 sed
3171 2568 3264 2640 qui
3292 2567 3595 2624 consentiunt
3612 2566 3763 2636 facienti

2261 2663 2442 2737 (Rom.
2469 2663 2510 2719 1.
2535 2664 2578 2736 ),
2599 2673 2706 2727 etc.

2335 2754 2504 2808 γωδ.
2565 2754 2654 2810 15.
2713 2783 2786 2794 --
2840 2751 2968 2808 Noli
3017 2768 3203 2807 amare
3257 2751 3584 2807 mendacium.
3647 2749 3762 2807 Omne

2263 2845 2603 2912 mendacium
2656 2843 2888 2910 malum;
2921 2851 2975 2901 et
3012 2844 3282 2916 proximis
3318 2843 3507 2901 inferre
3532 2842 3761 2900 scandalum

2265 2937 2631 3010 perniciosum
2666 2947 2768 2992 est.
2805 2936 2972 2992 Multo
3000 2937 3178 3010 magis
3225 2952 3354 3010 ergo
3397 2937 3556 2992 amico
3588 2935 3762 2990 fraudem

2266 3027 2469 3094 moliri,
2511 3028 2716 3085 crimen
2746 3028 3022 3098 imponere
3053 3047 3067 3082 :
3120 3029 3378 3100 quoniam
3425 3027 3562 3084 testis
3594 3023 3759 3082 munda:

2267 3119 2504 3191 peribit;
2557 3119 2697 3175 unde
2728 3119 2783 3174 in
2819 3119 3127 3176 Proverbiis
3152 3138 3168 3175 :
3194 3118 3341 3176 Sicut
3366 3120 3556 3184 noxius,
3580 3117 3653 3188 qui
3681 3115 3762 3168 nit-

2270 3211 2332 3266 tit
2361 3212 2584 3282 sagittas
2602 3211 2657 3266 in
2678 3222 2920 3279 mortem,
2945 3213 3020 3267 sic
3039 3213 3128 3284 qui
3150 3211 3504 3284 fraudulenter
3516 3217 3636 3266 nocet
3649 3208 3760 3263 unico

592 3320 818 3377 corpore
845 3301 1210 3360 accedendum
1247 3301 1427 3356 estad
1465 3301 1806 3372 sapientiam,
1842 3309 1972 3367 etc.,
2013 3317 2173 3372 usque
2200 3315 2247 3378 ρ
2278 3301 2462 3376 (Prov.
2508 3304 2621 3376 xx).

593 3399 664 3453 ad
713 3394 990 3468 perceptio
1023 3392 1303 3459 veritatis;
1355 3393 1541 3448 unde:
1579 3389 1712 3447 Haec
1749 3400 1823 3446 est
1857 3400 2029 3446 autem
2067 3392 2173 3445 vita

595 3499 788 3547 aeterna
833 3497 890 3542 ut
931 3495 1243 3560 cognoscant
1281 3493 1330 3541 te
1363 3483 1532 3540 solum
1575 3499 1752 3539 verum
1777 3482 1944 3538 Deum
1990 3483 2168 3555 (Joan.

596 3581 779 3655 χιιι),
819 3589 927 3637 etc.

664 3675 832 3731 Vens.
878 3674 968 3730 53.
997 3703 1069 3714 —-
1101 3669 1235 3741 Fili,
1265 3669 1312 3727 si
1341 3668 1645 3725 attenderis.
1673 3668 1854 3725 Monet
1889 3667 2171 3740 sapientia,

594 3776 656 3825 ut
686 3768 742 3824 in
777 3767 959 3824 divina
986 3766 1104 3839 lege
1129 3764 1345 3821 assidue
1391 3763 1732 3819 meditemur.
1763 3761 2007 3818 Primum
2043 3763 2174 3817 hor-

598 3870 745 3918 tatur
776 3867 840 3915 ut
861 3860 1157 3924 discamus;
1188 3865 1328 3929 post,
1361 3864 1421 3912 ut
1451 3857 1692 3912 animam
1717 3855 1787 3910 ad
1813 3855 1917 3910 hoc
1941 3854 2175 3926 applice-

596 3967 744 4017 mus,
772 3950 1014 4014 tandem,
1039 3957 1099 4002 ut
1123 3947 1471 4016 inclinemus;
1503 3947 1737 4014 demum,
1764 3953 1825 4000 ut
1844 3944 2177 4016 diligentiam

599 4046 670 4102 ad
700 4041 1028 4100 audiendum
1071 4040 1440 4094 adhibeamus.
1482 4038 1573 4094 Sic
1607 4038 1752 4093 enim
1790 4037 2052 4109 sapientia
2094 4052 2177 4092 sa-

601 4139 842 4210 pientem
857 4147 976 4190 esse
987 4130 1272 4203 promittit.
1295 4128 1525 4184 Necesse
1537 4137 1620 4184 est
1647 4129 1813 4196 enim,
1842 4139 1900 4184 ut
1925 4129 2016 4199 qui
2039 4144 2180 4184 vera

600 4227 887 4302 sapientia
904 4265 920 4292 ,
949 4238 1071 4296 qua
1105 4221 1354 4279 Christus
1379 4231 1482 4288 est,
1511 4220 1837 4294 agnitionem
1878 4221 2178 4288 desiderat,

599 4322 839 4394 primum
880 4315 1164 4374 catholicis
1190 4314 1462 4386 magistris
1484 4329 1545 4370 se
1570 4313 1846 4370 humiliter
1883 4315 2093 4381 subdat,
2127 4325 2183 4372 et

603 4429 791 4472 omnes
815 4411 1041 4468 aﬁ‘ectus
1062 4411 1257 4466 anima
1281 4425 1392 4466 sua
1416 4410 1711 4480 disciplina
1738 4425 1949 4467 eorum.
1977 4411 2184 4468 Dehinc

602 4503 960 4561 lntentionem
980 4501 1162 4558 cordis
1186 4501 1255 4557 ab
1279 4502 1426 4557 omni
1447 4517 1613 4574 pravo
1638 4501 1906 4558 desiderio
1935 4513 2185 4560 avertens

604 4594 674 4651 ad
685 4593 1011 4648 audiendum
1028 4592 1254 4647 verbum
1271 4592 1370 4648 Dei
1383 4593 1635 4649 adhibeat
1654 4592 1954 4666 diligenter,
1971 4603 2185 4650 caveat-

2346 3395 2510 3451 Vnns.
2548 3395 2631 3450 15.
2661 3427 2733 3437 -
2755 3395 2883 3453 Noli
2905 3398 3144 3454 verbosus
3173 3415 3306 3454 esse.
3329 3396 3484 3467 Quasi
3516 3421 3528 3452 ;
3561 3394 3657 3452 Noli
3675 3408 3758 3449 sen-

2275 3503 2396 3544 sum
2440 3496 2590 3542 tuum
2629 3489 2845 3556 docere,
2886 3489 3011 3545 audi
3054 3491 3375 3562 sapientiam
3409 3490 3662 3547 seniorum.
3692 3485 3760 3540 Tu-

2275 3581 2385 3636 tius
2413 3589 2498 3636 est
2516 3581 2661 3636 enim
2693 3582 2902 3648 audire,
2927 3598 3090 3652 quam
3123 3582 3306 3654 loqui;
3346 3582 3480 3638 unde
3507 3600 3518 3637 :
3551 3580 3619 3638 Sit
3647 3576 3759 3634 omnis

2275 3673 2429 3728 homo
2471 3673 2616 3728 velox
2651 3673 2718 3726 ad
2749 3673 3088 3740 audiendum,
3128 3675 3317 3730 tardus
3347 3685 3508 3730 autem
3535 3673 3592 3728 ad
3614 3670 3761 3741 loquen-

2275 3766 2425 3831 dum,
2453 3774 2502 3820 et
2523 3765 2706 3819 tardus
2732 3765 2800 3818 ad
2821 3766 2957 3819 iram
2991 3765 3132 3839 (Jac.
3167 3766 3232 3840 ι).

2349 3857 2474 3912 Νοη
2501 3857 2672 3911 oderis
2699 3855 2960 3911 laboriosa
2984 3874 3161 3928 opera.
3191 3856 3439 3914 Peccanti
3460 3853 3633 3913 homini
3646 3851 3760 3907 scien-

2276 3948 2350 4003 tia
2383 3949 2505 4004 data
2534 3956 2636 4014 est,
2683 3956 2744 4002 ut
2784 3947 2968 4004 labore
3006 3964 3264 4006 manuum
3319 3955 3561 4022 quareret
3606 3944 3683 4000 sibi
3709 3941 3759 3994 vi-

2279 4051 2456 4110 etum;
2487 4044 2627 4098 unde
2661 4059 2675 4097 :
2706 4040 2772 4097 In
2785 4041 2974 4097 sudore
2998 4041 3174 4098 vultus
3219 4045 3296 4098 tui
3316 4042 3514 4100 vesceris
3527 4031 3754 4112 ραιιειίῖεηο

2279 4134 2382 4208 ιιι),
2408 4144 2514 4191 etc.

2351 4225 2516 4282 Vsus.
2551 4225 2639 4283 19.
2661 4256 2736 4267 -
2776 4224 3040 4294 Quoniam
3081 4227 3311 4283 vindicta
3325 4229 3486 4283 carnis
3510 4265 3524 4292 ,
3551 4230 3638 4280 etc.
3667 4216 3756 4284 Quia

2281 4333 2408 4374 caro
2431 4325 2795 4389 peccatorum,
2825 4333 2944 4390 qua
2975 4318 3190 4375 luxuria
3232 4318 3434 4385 deﬂuit,
3482 4317 3588 4387 igne
3619 4303 3755 4366 inferni

2283 4420 2337 4467 et
2366 4409 2636 4464 vermibus
2658 4409 3004 4475 cruciabitur,
3030 4411 3125 4466 ubi
3149 4411 3349 4466 vermis
3372 4423 3474 4464 non
3505 4403 3702 4463 moritur,
3721 4403 3756 4449 et

2284 4501 2422 4573 ignis
2445 4516 2552 4558 non
2566 4501 2927 4575 exstinguitur
2955 4520 2968 4556 :
2995 4501 3051 4558 in
3069 4519 3237 4558 verme
3255 4501 3470 4574 putredo
3489 4497 3708 4571 gehennze,
3722 4487 3755 4538 in

2283 4595 2398 4664 igne
2428 4594 2590 4649 ardor
2624 4595 2886 4666 signatur.
2927 4593 3024 4650 Vel
3061 4596 3266 4662 vermis,
3309 4603 3391 4651 est
3427 4606 3534 4648 sera
3565 4585 3753 4644 scelerum

605 4703 712 4759 que
736 4694 798 4742 ut
830 4685 1234 4742 meditationem
1272 4686 1407 4758 legis
1443 4701 1549 4741 non
1587 4702 1687 4758 pro
1727 4696 2061 4744 terrenarum
2087 4703 2176 4742 re-
2201 4685 2254 4746 D
2277 4687 2626 4759 poenitentia,
2661 4703 2780 4758 qua
2807 4688 2862 4744 in
2895 4689 3175 4746 tormentis
3191 4685 3554 4745 conscientiam
3580 4683 3755 4751 peccaw'

608 4798 728 4839 ru
770 4779 1040 4846 mercede,
1067 4779 1154 4834 vel
1194 4779 1368 4835 laudis
1413 4780 1683 4848 humana,
1728 4782 1823 4836 sed
1864 4797 1962 4853 pro
2013 4781 2181 4850 ipsius

607 4873 732 4931 boni
785 4883 972 4926 amore
1013 4869 1308 4941 impendat,
1356 4877 1418 4924 ut
1454 4883 1596 4926 vera
1635 4870 1909 4941 sapientia
1948 4868 2181 4925 fructum

607 4961 890 5037 percipiat.

681 5053 856 5151 Vens.
877 5052 1127 5151 ἕνῇ-ιιι
1155 5050 1504 5151 multitudine.
1535 5052 1699 5151 Quqsi
1727 5051 1844 5151 :ANe
1869 5052 1944 5111 sis
1969 5052 2183 5125 sapiens

610 5147 710 5208 tibi
758 5145 879 5218 ipsi.
929 5145 1008 5202 Ne
1044 5144 1285 5201 conﬁdas
1326 5145 1545 5216 proprio
1595 5144 1807 5216 in'genio
1833 5186 1850 5212 ,
1902 5146 2182 5203 haereticos

608 5238 876 5309 superbia
893 5235 1066 5294 fastus
1085 5236 1319 5293 maxime
1333 5236 1712 5308 supplantavit.

681 5338 847 5396 Vens.
880 5335 1052 5394 58.—
1086 5334 1380 5408 Cogitatum
1427 5334 1557 5389 habe
1590 5335 1646 5390 in
1675 5336 1961 5407 praeceptis.
2000 5333 2182 5408 (ΒΑΕ.)

610 5433 804 5494 Merito
847 5433 925 5491 illi
965 5435 1144 5502 datur,
1195 5442 1325 5500 etc.,
1373 5447 1533 5504 usque
1567 5429 1634 5485 ad
1658 5437 1713 5486 et
1751 5429 1967 5486 assidue
2010 5427 2186 5499 legem

611 5529 904 5587 meditatur
925 5537 980 5584 et
1013 5542 1175 5600 opere
1197 5527 1528 5597 exsequitur.

1206 5618 1430 5676 CAPUT
1474 5617 1605 5674 Vll.‘

685 5710 812 5767 Non
845 5720 1002 5766 metes
1026 5726 1088 5765 ea
1126 5711 1181 5766 in
1214 5710 1522 5782 septuplum.
1551 5706 1732 5783 (Rm)
1761 5705 2062 5764 Perfectum
2100 5709 2183 5764 ul-

613 5801 840 5865 tionem,
871 5809 1002 5866 etc.,
1033 5816 1194 5869 usque
1229 5800 1297 5854 ad
1325 5801 1552 5856 Assumit
1578 5808 1771 5869 septem
1803 5797 1934 5855 alios
1969 5801 2182 5870 spiritus

615 5890 886 5958 nequiores
906 5904 960 5944 se
983 5887 1260 5962 (Luc._xt).

2281 4796 2404 4835 rum
2425 4780 2676 4836 mordere
2717 4795 2828 4836 non
2867 4790 3064 4848 cessat,
3090 4791 3150 4837 ut
3180 4782 3322 4853 ignis
3359 4781 3424 4836 sit
3447 4789 3584 4850 pana
3613 4763 3752 4823 extrin-

2283 4889 2439 4930 secus
2493 4873 2719 4930 saviens
2737 4913 2754 4943 ,
2792 4874 2992 4931 vermis
3038 4883 3220 4932 autem
3255 4873 3402 4932 dolor
3429 4867 3622 4928 interius
3647 4869 3752 4915 accu-

2283 4981 2431 5023 sans.
2537 5006 2539 5009 -

2355 5056 2520 5114 Vsus.
2569 5058 2660 5114 20.
2686 5090 2759 5100 —
2799 5057 2928 5114 Noli
2961 5059 3296 5131 pravaricari
3339 5057 3392 5113 in
3432 5053 3621 5110 amicum
3648 5053 3750 5113 Ραν

2285 5151 2448 5207 niam.
2477 5149 2660 5224 (Rau)
2695 5149 2845 5205 Multi
2889 5152 3168 5223 perierunt
3191 5167 3288 5223 pno
3325 5147 3550 5210 avaritia,
3576 5147 3673 5202 etc»
3694 5145 3749 5184 ιδ’

2284 5260 2383 5315 que
2414 5244 2484 5298 ad
2513 5257 2530 5295 :
2555 5244 2645 5317 qui
2672 5243 2780 5297 odit
2817 5259 3058 5310 munera,
3083 5243 3208 5299 vivet
3235 5242 3410 5316 (Prov.
3435 5238 3490 5311 ι).
3609 5232 3612 5236 ’

2358 5337 2522 5393 Vens.
2575 5337 2666 5393 21.
2693 5367 2764 5376 -
2790 5334 2977 5392 Gratia
2995 5338 3132 5392 enim
3159 5333 3482 5393 verecundia.
3506 5321 3662 5385 Oculus

2285 5427 2439 5496 vidit,
2473 5442 2576 5483 nec
2601 5427 2748 5484 auris
2776 5428 2998 5495 audivit,
3024 5444 3124 5485 nec
3144 5429 3200 5484 in
3218 5443 3309 5484 cor
3332 5419 3542 5482 hominis
3557 5405 3747 5470 ascendib

2287 5537 2406 5593 qua
2453 5521 2777 5592 praeparavit
2822 5520 2964 5577 Deus
3010 5522 3347 5594 diligentibus
3391 5531 3462 5572 se.
3507 5507 3747 5600 Potasti)?r

2291 5616 2430 5671 hanc
2455 5614 2733 5670 mulierem
2760 5616 3021 5686 sapientia
3055 5616 3292 5686 intelligi,
3319 5625 3429 5684 qua
3453 5603 3560 5662 alibi
3583 5598 3746 5690 pretiosa

2289 5707 2581 5778 margarita
2627 5706 2850 5774 dicitur,
2895 5724 3057 5778 quam
3109 5705 3390 5780 spiritualis
3427 5693 3745 5780 negotiator"?

2290 5799 2511 5855 veniens
2532 5798 2714 5854 vendit
2738 5777 2940 5865 omnia,
2972 5807 3026 5855 et
3060 5777 3193 5856 emit
3228 5812 3362 5854 eam.
3398 5789 3558 5848 Unde:
3589 5777 3743 5872 litt":

2290 5902 2398 5950 tam
2437 5909 2554 5948 cum
2582 5891 2796 5950 muliere
2813 5909 2973 5966 quam
3010 5892 3273 5960 dileaisti;
3307 5885 3467 5961 quasi,
3508 5869 3741 5945 sapientiam
