4028 6332
254 493 395 551 1195

244 693 430 768 jugem
460 693 556 749 tibi
591 694 804 764 copula.

326 785 487 844 Vens.
532 787 624 844 22.
655 820 727 830 -
766 788 891 845 Non
921 789 1086 846 (tedas
1130 807 1357 847 servum.
1401 789 1644 859 Qualiter
1688 788 1830 844 servi

248 881 525 938 nutriendi
552 892 700 950 sunt,
746 894 934 954 aperte
961 893 1312 951 monstratur,
1352 883 1570 950 affectu,
1602 881 1830 946 scilicet,

250 974 483 1032 ﬁliorum
513 992 612 1047 pro
642 975 765 1046 jure
797 985 1036 1045 naturas;
1067 989 1122 1036 et
1147 978 1526 1050 disciplinandi
1551 994 1649 1048 pro
1674 991 1828 1031 men-

247 1065 320 1120 tis
347 1067 726 1136 instabilitate;
761 1071 903 1127 unde
931 1071 986 1125 in
1012 1070 1386 1141 sequentibus,
1417 1069 1630 1126 Cibaria
1659 1079 1708 1124 et
1730 1069 1832 1123 vir—

245 1177 314 1230 ga
337 1170 386 1215 et
415 1177 547 1216 onus
577 1164 760 1229 asino;
790 1164 940 1234 panis
967 1176 1012 1218 et
1043 1164 1320 1236 disciplina
1342 1174 1389 1218 et
1419 1181 1546 1234 opus
1568 1179 1733 1217 servo.

321 1253 480 1310 Vens.
513 1254 603 1310 25.
631 1286 702 1296 -
735 1256 916 1328 Neque
944 1258 1147 1328 inopem
1175 1257 1503 1328 derelinquas
1530 1256 1700 1310 illum.
1718 1252 1830 1325 0p-

242 1360 491 1416 pressum
523 1347 773 1403 violentia
823 1349 1118 1404 servitutis.
1167 1347 1288 1403 Sive
1333 1348 1469 1402 enim
1514 1348 1672 1414 servi,
1723 1349 1829 1402 sive

243 1437 392 1492 liberi
410 1480 425 1505 ,
453 1455 629 1494 omnes
656 1441 713 1494 in
741 1438 948 1495 Christo
975 1457 1137 1494 unum
1162 1457 1342 1494 sumus
1368 1438 1419 1510 (I
1444 1436 1567 1494 Cor.
1596 1441 1718 1510 χιι).

313 1529 480 1585 Vens.
525 1530 615 1586 26.
649 1562 720 1572 -—
746 1529 928 1596 Filiw,
951 1540 1057 1588 etc.
1088 1531 1242 1587 Sicut
1280 1533 1452 1588 bonos
1480 1547 1670 1586 servos
1695 1527 1826 1586 aﬁ‘e-

242 1631 334 1679 ctu
373 1624 607 1680 ﬁliormn
645 1626 944 1692 habendos,
991 1625 1071 1681 sic
1097 1619 1343 1690 ancillas,
1377 1625 1532 1696 quasi
1563 1623 1704 1679 tilias
1731 1624 1827 1678 ha—

237 1715 444 1772 bendas
477 1733 598 1773 esse
627 1717 805 1785 docet,
846 1717 940 1773 sed
972 1733 1096 1773 cum
1125 1715 1444 1786 disciplina:
1479 1716 1640 1782 unde,
1663 1713 1829 1770 Laeta

239 1804 434 1872 ﬁlium,
462 1815 509 1860 et
529 1817 798 1878 paventem
827 1818 874 1862 te
900 1807 1058 1878 faciet
1084 1821 1102 1860 :
1133 1806 1257 1862 lude
1295 1823 1413 1861 cum
1435 1823 1516 1873 eo,
1548 1816 1596 1860 et
1631 1807 1826 1860 contri-

238 1899 395 1952 stabit
423 1908 489 1954 te.
532 1898 652 1954 Non
677 1900 917 1954 arrideas
948 1899 1047 1962 illi,
1080 1917 1142 1954 ne
1164 1899 1366 1964 doleas,
1393 1907 1439 1954 et
1463 1899 1516 1953 in
1541 1899 1823 1954 novissimo

238 1990 603 2060 obstupescunt
633 1992 812 2046 dentes
847 1991 923 2045 tui
953 1989 1144 2063 (Eccli.
1178 1990 1328 2062 xxx).

310 2082 476 2139 Vens.
507 2085 596 2141 28.
628 2116 699 2126 —
729 2084 942 2139 Mulier.
975 2083 1326 2156 Conjugalem
1353 2084 1700 2140 commendat
1726 2099 1827 2154 pu-

237 2173 502 2242 dicitiam,
546 2191 832 2232 removens
875 2191 1090 2232 omnem
1133 2174 1508 2231 detestabilem
1555 2174 1823 2245 copulam.

237 2263 462 2338 Mystice
491 2275 670 2322 autem
703 2267 960 2324 admonet
988 2276 1048 2322 ut
1075 2266 1398 2323 catholicam
1427 2267 1586 2323 ﬁdem
1616 2267 1668 2322 in
1699 2281 1830 2322 vera

237 2356 523 2429 religione,
567 2373 729 2428 quam
761 2358 998 2429 primum
1045 2367 1168 2430 post
1215 2358 1468 2429 baptismi
1519 2358 1828 2429 perceptio-

237 2465 360 2505 nem
389 2449 565 2506 sortiti
599 2465 807 2516 sumus,
851 2449 1084 2504 ﬁrmiter
1129 2459 1395 2517 tenentes,
1446 2449 1827 2506 haereticorum

237 2543 514 2614 perﬁdiam
557 2541 896 2613 abjiciamus.

307 2631 473 2690 Vens.
506 2633 596 2688 52.
625 2663 696 2675 —
738 2633 928 2706 Dilige,
985 2643 1092 2691 etc.
1128 2633 1312 2706 (ΚΑΒ.)
1343 2632 1616 2688 Timorem
1647 2632 1742 2687 Dei
1771 2639 1828 2688 et

238 2741 498 2793 altiorem,
527 2735 659 2794 etc.,
704 2743 867 2798 usque
902 2726 970 2781 ad
998 2727 1123 2798 quia
1165 2726 1406 2782 charitas
1433 2725 1613 2797 operit
1644 2723 1827 2780 multi-

240 2819 477 2874 tudinem
507 2828 874 2889 peccatorum.

307 2911 475 2967 Vens.
517 2911 604 2966 55.
629 2943 698 2952 -
718 2913 914 2966 Datum
946 2913 1298 2967 brachiorum.
1324 2912 1586 2982 Superius
1612 2927 1711 2981 pro
1741 2911 1825 2967 his

238 3020 360 3075 qua:
386 3001 688 3058 oﬁ‘eruntur
734 3004 999 3058 ministris
1043 3004 1138 3057 Dei
1186 3003 1437 3072 promisit
1475 3012 1827 3073 peccatorum

239 3096 648 3167 purgationem;
694 3110 838 3149 nunc
869 3103 1050 3149 autem
1087 3110 1187 3164 pro
1215 3081 1573 3164 eleemosy'nis
1610 3093 1824 3147 veniam

239 3194 295 3242 et
325 3185 720 3241 benedictionis
751 3185 1002 3258 gratiam,
1035 3185 1161 3255 quia
1193 3184 1333 3240 sicut
1360 3199 1503 3255 aqua
1528 3185 1827 3257 exstinguit

240 3292 440 3349 ignem,
486 3277 558 3332 ita
591 3276 933 3349 eleemosyna
969 3276 1266 3348 exstinguit
1298 3285 1540 3347 peccata.

309 3367 454 3424 Vens
488 3369 578 3423 57.
605 3367 764 3422 -Ει
792 3378 1020 3422 mortuo.
1054 3367 1136 3424 Ad
1167 3367 1564 3439 eleemosynam
1588 3366 1825 3438 pertinet
1851 3378 1896 3441 ρ

239 3461 512 3532 sepultura
543 3468 906 3526 mortuorum,
935 3459 1107 3515 multo
1135 3460 1309 3532 magis
1355 3475 1486 3531 ergo
1524 3460 1825 3517 consolatio

236 3554 481 3610 vivorum
509 3572 522 3608 :
568 3553 711 3609 unde
737 3553 938 3609 Paulus
983 3553 1141 3608 docet
1168 3551 1405 3624 gaudere
1435 3568 1557 3607 cum
1591 3553 1827 3625 gauden-

239 3646 402 3714 tibus,
434 3645 565 3703 llere
594 3661 718 3702 cum
744 3645 1016 3702 ﬂentibus.
1047 3644 1303 3700 Probatio
1330 3645 1637 3700 dilectionis
1673 3645 1826 3699 evhi-

236 3737 370 3794 bitio
398 3746 483 3793 est
509 3739 692 3808 operis
716 3756 729 3792 :
759 3738 922 3804 unde,
948 3737 1053 3804 Qui
1078 3736 1319 3790 habuerit
1357 3736 1704 3792 substantiam
1726 3739 1825 3792 ltu-

235 3829 322 3896 ius
347 3831 554 3897 mundi,
589 3840 637 3885 et
666 3830 848 3886 viderit
877 3829 1096 3900 fratrem
1130 3846 1283 3885 suum
1313 3846 1514 3885 necesse
1540 3834 1748 3893 habere,
1777 3839 1825 3884 et

235 3921 483 3978 clauserit
512 3925 714 3978 viscera
736 3941 834 3978 sua
858 3923 922 3978 ab
943 3940 1023 3992 eo,
1045 3922 1307 3995 quomodo
1335 3923 1566 3979 cltaritas
1595 3923 1691 3978 Dei
1717 3941 1827 3977 ma-

234 4025 319 4071 net
347 4016 406 4074 in
426 4032 487 4072 eo
503 4016 530 4071 2
554 4016 605 4087 (Ι
634 4015 798 4072 Joan.
832 4016 936 4088 ιιι.)

825 4153 1060 4222 CAPUT
1099 4153 1232 4211 VIII.

307 4289 470 4346 Vens.
506 4291 560 4345 1.
582 4320 650 4332 -
677 4289 802 4345 Νοη
823 4290 990 4361 litiges
1011 4308 1130 4344 cum
1156 4291 1367 4346 homine
1387 4301 1611 4362 potente.
1638 4291 1822 4363 (ΚΑΒ.)

237 4385 501 4454 Superbo.
534 4382 710 4451 Unde,
745 4383 868 4438 Non
898 4385 1210 4454 respondeas
1255 4384 1416 4440 stulto
1449 4385 1608 4456 juxta
1651 4385 1825 4440 stulti-

233 4477 362 4531 tiam
389 4493 560 4540 suam,
589 4493 651 4530 ne
678 4477 917 4547 efﬁciaris
940 4477 987 4531 ei
1025 4476 1211 4531 similis
1241 4475 1421 4548 (Prov.
1459 4477 1608 4548 χχνι)
1639 4495 1650 4531 :
1696 4477 1823 4546 quia

236 4569 377 4624 inter
419 4569 682 4639 superbos
723 4585 935 4640 semper
977 4569 1158 4641 jurgia
1189 4579 1336 4634 sunt,
1384 4585 1602 4624 servum
1640 4578 1820 4624 autem

233 4660 447 4717 Domini
475 4675 582 4714 non
609 4669 821 4730 oportet
845 4660 1077 4730 litigare.

1267 488 1534 548 GLOSSA
1569 483 1964 546 ORDINARIA.
2004 515 2073 528 --
2101 484 2228 544 LIB.
2268 481 2484 544 ECCLI.

249 621 502 678 sequere,
532 615 586 663 et
615 607 898 664 scientiam
945 607 1374 677 Scripturarum,
1406 615 1462 662 et
1503 605 1659 678 quasi
1699 620 1828 660 con-
1855 605 1906 665 Α

3380 491 3520 549 1194

2546 598 2774 657 CAPUT
2810 600 2899 655 IX.

2017 692 2142 748 Non
2168 694 2300 748 zeles
2320 693 2610 759 mulierem,
2633 703 2738 750 etc.
2783 693 2965 767 (ΚΑΒ.)
2989 694 3154 752 Docet
3182 697 3524 772 pudicitiam,

1935 793 2067 852 etc.,
2100 801 2262 856 usque
2299 785 2367 840 ad
2388 801 2496 842 non
2529 786 2798 842 consentit
2818 787 3088 844 hzereticae
3114 791 3398 860 pravitati.’

2008 877 2174 934 Vens.
2205 879 2259 934 5.
2299 911 2369 920 --
2418 879 2696 935 Mulierem
2738 880 3082 937 multivolam.
3131 883 3518 944 Hrereticorum

1938 971 2303 1046 Synagogam,
2333 991 2454 1046 qua:
2488 990 2586 1046 per
2614 975 2860 1032 diversos
2887 989 3101 1034 errores
3131 979 3340 1034 volitat.

2008 1063 2173 1121 Vens.
2200 1066 2255 1121 4.
2298 1097 2355 1110 --
2385 1067 2518 1121 Cum
2544 1067 2810 1123 saltatrice
2842 1085 2906 1124 ne
2941 1071 3185 1127 assiduus
3219 1072 3308 1128 sis.
3337 1073 3519 1130 Haere-

1935 1158 2167 1215 tieorum
2200 1162 2377 1226 turba,
2413 1177 2532 1233 qua:
2566 1179 2663 1233 per
2693 1161 2938 1219 diversos
2961 1181 3178 1222 errores
3209 1168 3424 1235 dissilit,
3460 1179 3524 1228 ut

1903 1255 2450 1326 'quem'eloquentize
2490 1273 2600 1313 sua:
2630 1267 2925 1314 amatorem
2964 1264 3309 1332 conspexerit
3364 1267 3430 1320 ad
3461 1280 3524 1322 se

1933 1345 2115 1400 trahat
2160 1348 2314 1417 quasi
2354 1350 2641 1416 meretrix;
2697 1351 2875 1406 unde:
2924 1351 3158 1408 Irretivit
3192 1372 3312 1409 eum
3342 1357 3522 1413 multis

1934 1440 2281 1509 sermonibus,
2308 1450 2357 1496 et
2387 1441 2652 1498 blanditiis
2696 1442 2957 1498 labiorum
2989 1445 3148 1500 traxit
3175 1462 3293 1500 eum
3335 1447 3519 1519 (Prov.

1933 1527 2052 1598 vn),
2086 1539 2194 1584 etc.
2215 1581 2220 1598 ε

2003 1617 2169 1676 Vens.
2197 1621 2251 1676 5.
2283 1652 2352 1662 —-
2389 1621 2656 1694 Virginem
2681 1641 2744 1678 ne
2769 1625 3081 1696 conspicias.
3106 1627 3307 1684 Averte
3335 1629 3524 1686 oculos

1933 1721 2077 1780 tuos,
2105 1727 2174 1768 ne
2215 1713 2435 1770 videant
2473 1717 2807 1771 vanitatem:
2857 1733 2926 1772 ne
2971 1717 3137 1774 libeat
3175 1720 3359 1776 videre
3401 1735 3524 1791 qua:

1932 1818 2040 1858 non
2074 1803 2203 1860 licet
2235 1805 2642 1877 concupiscere.
2670 1807 2892 1879 Mystice
2918 1817 3098 1864 autem
3132 1827 3241 1866 non
3263 1812 3523 1870 debemus

1933 1895 2186 1952 decorem
2221 1897 2541 1967 eloquentiae
2567 1898 2836 1956 haeretica:
2866 1916 3071 1968 amare,
3104 1917 3204 1958 nec
3241 1903 3526 1963 simulatas

1853 2005 1903 2066 Β
1931 1989 2160 2045 virtutes
2205 1991 2506 2046 attendere.

2005 2079 2172 2137 Vens.
2225 2082 2278 2136 7.
2306 2114 2376 2122 —
2415 2081 2486 2136 In
2526 2084 2650 2137 vicis
2689 2084 2935 2150 civitatis,
2967 2095 3073 2141 etc.
3115 2086 3260 2142 Idem
3292 2088 3391 2144 sub
3417 2089 3524 2145 alia

1937 2170 2130 2244 ﬁgura.
2169 2169 2282 2228 Vici
2327 2173 2471 2228 enim
2508 2174 2765 2241 civitatis,
2815 2174 3196 2231 haereticorum
3241 2181 3524 2235 conventi-

1933 2265 2055 2321 cula
2083 2275 2248 2321 sunt:
2279 2281 2398 2337 quae
2429 2281 2488 2322 se
2515 2282 2546 2322 a
2579 2268 2798 2322 civitate
2841 2278 3114 2338 separant,
3143 2270 3210 2326 de
3239 2285 3345 2340 qua
3385 2271 3522 2326 dici-

1933 2365 2065 2412 tur:
2099 2355 2346 2413 Gloriosa
2385 2358 2528 2414 dicta
2571 2371 2693 2415 sunt
2736 2360 2801 2414 de
2846 2371 2917 2426 te,
2967 2363 3148 2416 civitas
3197 2361 3295 2420 Dei
3345 2361 3518 2434 (Psal.

1929 2449 2175 2521 ιχχχνι).

2002 2541 2166 2597 Vens.
2195 2542 2282 2597 14.
2324 2573 2396 2583 —
2441 2541 2525 2598 Ne
2549 2541 2880 2615 derelinquas
2924 2545 3172 2598 amicum.
3224 2542 3395 2612 Major
3439 2554 3526 2602 est

1929 2629 2124 2686 ﬁducia
2147 2646 2214 2686 ex
2234 2642 2388 2702 parte
2408 2632 2487 2687 rei
2503 2633 2753 2702 cognitae,
2778 2648 2941 2703 quam
2963 2632 3176 2704 ignoue.
3207 2633 3522 2688 Doctrinam

1929 2736 2146 2794 quoque
2185 2731 2501 2777 sanctorum
2534 2722 2757 2777 Patrum
2794 2738 2902 2778 non
2935 2722 3196 2778 debemus
3225 2722 3500 2778 declinare

1927 2823 1984 2871 et
2007 2815 2252 2871 novellos
2273 2815 2524 2872 doctores
2552 2817 2765 2872 audire.

2001 2908 2169 2964 Vens.
2204 2908 2292 2964 15.
2321 2939 2392 2950 -
2448 2907 2641 2963 Vinum
2684 2925 2892 2974 novum,
2939 2918 3046 2965 etc.
3101 2908 3282 2966 Novus
3332 2911 3524 2968 doctos-

1893 2989 1901 2994 ’
1929 2999 2150 3054 studere
2180 3000 2358 3062 debet,
2390 3008 2448 3054 ut
2479 3015 2672 3055 sanam
2715 3000 3017 3055 doctrinam
3060 3009 3116 3055 ct
3148 3002 3522 3072 operationem

1929 3088 2163 3144 ﬁrmiter
2187 3090 2455 3160 percipiat
2488 3107 2500 3143 :
2530 3099 2586 3145 et
2610 3098 2797 3160 postea
2820 3091 2923 3145 sibi
2953 3100 3007 3144 et
3035 3091 3154 3146 aliis
3176 3093 3445 3162 proﬁciat.

2000 3182 2165 3236 Vens.
2199 3181 2289 3237 25.
2321 3213 2392 3222 —
2421 3181 2736 3254 Linguosus.
2784 3182 3099 3249 Haereticus,
3151 3187 3245 3254 qui
3304 3201 3523 3258 semper

1929 3274 2321 3341 contentiosus,
2352 3283 2410 3330 et
2446 3275 2568 3332 ideo
2595 3276 2814 3333 odibilis
2837 3275 2949 3333 Deo
2974 3287 3030 3332 et
3050 3279 3378 3338 hominibus.

2550 3410 2779 3468 CAPUT
2806 3411 2874 3468 X.

2002 3543 2160 3602 Vens.
2216 3549 2267 3602 1.
2311 3547 2583 3603 —Judex
2613 3549 2845 3618 sapiens,
2897 3558 3002 3606 etc.
3060 3549 3264 3624 (Rue)
3322 3555 3518 3613 Factus

1926 3647 2012 3693 est
2040 3639 2379 3711 principatus
2425 3657 2585 3713 super
2634 3644 2920 3699 humerum
2974 3646 3110 3717 ejus.
3164 3645 3313 3704 Unde
3355 3669 3367 3703 :
3428 3650 3520 3705 Va:

1927 3739 2082 3783 terra:
2113 3729 2267 3800 cujus
2301 3748 2392 3785 rea:
2424 3749 2555 3798 puer
2590 3743 2663 3788 est
2689 3733 2821 3806 (lsa.
2858 3735 2955 3808 ιχ),
3002 3737 3267 3806 diabolus,
3311 3741 3520 3798 scilicet

1926 3821 2018 3890 qui
2043 3836 2260 3894 semper
2272 3822 2447 3896 diligit
2473 3826 2761 3893 novitates,
2787 3836 2842 3882 et
2863 3829 3314 3904 principes'cujus
3342 3835 3519 3904 primo

1926 3929 2087 3970 mane
2127 3916 2439 3984 comedunt,
2482 3918 2534 3972 id
2577 3929 2683 3984 est,
2737 3929 2864 3976 ante
2895 3900 3051 3977 .diem
3090 3926 3302 3989 mortis,
3335 3927 3517 3981 dicen-

1928 4017 2010 4064 tes
2044 4026 2055 4060 :
2108 4007 2488 4064 Manducemus
2536 4022 2582 4066 et
2631 4012 2888 4081 bibamus,
2918 4030 3038 4070 cras
3062 4016 3201 4071 enim
3235 4021 3522 4073 moriemur

1929 4101 2066 4173 (lsa.
2097 4107 2260 4172 χχιι).

2001 4191 2165 4250 Vens.
2212 4196 2266 4252 5.
2317 4228 2388 4238 —
2433 4198 2606 4270 Super
2658 4201 2848 4268 facient
2893 4204 3098 4258 scribw.
3142 4203 3267 4275 (11).)
3309 4205 3515 4277 Lingua

1927 4301 2047 4342 mea
2078 4287 2320 4344 calamus
2373 4291 2584 4355 scribae,
2621 4293 2877 4348 velociter
2898 4294 3210 4362 scribentis,
3242 4300 3368 4368 quia
3401 4301 3519 4358 vice

1929 4392 2024 4432 sua
2058 4377 2224 4432 mittit
2263 4379 2331 4432 ad
2362 4380 2792 4449 praedicandum.

2001 4467 2162 4523 Vens.
2193 4468 2245 4523 8.
2272 4499 2342 4509 —
2366 4468 2600 4542 Regnum
2624 4490 2654 4526 a
2677 4484 2842 4542 gente.
2871 4474 3055 4546 (ΚΑΒ.)
3085 4477 3198 4534 Hoc
3238 4479 3350 4538 fere
3395 4498 3514 4540 om--

1925 4575 2023 4613 nes
2053 4568 2184 4628 etc.,
2220 4577 2380 4633 usque
2408 4562 2477 4616 ad
2503 4577 2521 4615 :
2560 4563 2877 4634 auferetura
2900 4570 3043 4622 vobis
3068 4587 3284 4642 regnum
3315 4573 3432 4636 Dei,
3466 4585 3516 4632 et

1925 4651 2141 4704 dabitur
2158 4653 2297 4723 genti
2322 4652 2537 4720 facienti
2566 4657 2796 4726 fructum
2820 4659 2935 4730 ejus
2966 4661 3182 4732 (Matth.
3208 4667 3342 4737 χχι).

307 4759 474 4814 Vens.
503 4756 555 4811 2.
585 4786 656 4798 —
686 4754 982 4826 Locuplete.
1031 4755 1132 4822 Qui
1163 4754 1404 4811 avaritia:
1447 4755 1668 4812 testibus
1716 4772 1814 4810 an-
1845 4753 1898 4816 D
1997 4745 2165 4800 VERS-
2191 4746 2244 4801 9-
2271 4747 2548 4802 —Avaro.
2580 4747 2708 4804 Post
2746 4753 3098 4809 imitationem
3127 4759 3276 4826 regni
3313 4760 3424 4832 agit
3449 4761 3515 4818 dt:

233 4849 400 4910 belat.
427 4850 556 4906 lnde
584 4850 727 4906 enim
767 4848 1017 4904 oriuntur
1044 4848 1278 4914 invidiae,
1327 4850 1724 4915 contentiones,
1766 4859 1823 4905 et

234 4943 566 5015 huiusmodi,
597 4941 772 4997 Radix
804 4943 941 4998 enint
968 4943 1198 4997 omnium
1225 4941 1485 4997 malorum
1513 4952 1590 4998 est
1619 4943 1822 5014 cupidi-

235 5045 317 5090 tas
343 5033 395 5107 (I
424 5034 562 5090 Tim.
588 5037 686 5105 vr).

307 5126 468 5182 Vens.
495 5127 583 5182 15.
608 5155 677 5166 --
719 5125 844 5180 Non
881 5126 1130 5182 incendas
1173 5127 1442 5182 carbones.
1493 5126 1617 5199 (In.)
1668 5126 1822 5184 Unde

236 5217 524 5290 Apostolus
563 5236 575 5272 :
608 5216 668 5274 Si
712 5231 1105 5290 prteoccupatus
1153 5219 1310 5290 fuerit
1348 5219 1502 5274 homo
1545 5220 1600 5273 in
1641 5219 1819 5292 aliqua

237 5308 446 5375 delicto,
481 5325 568 5364 vos
609 5309 699 5380 qui
725 5308 1029 5378 spirituales
1067 5309 1208 5374 estis,
1240 5309 1484 5364 instruite
1511 5308 1819 5381 Itujusmodi

236 5400 290 5456 in
317 5401 504 5472 spiritu
555 5399 782 5456 lenitatis
824 5399 967 5472 (Gal.
998 5399 1094 5474 γι).

307 5491 584 5550 Ver8.15.
630 5523 703 5534 —
753 5492 881 5548 Noli
925 5493 1189 5563 frenet-ari.
1243 5493 1426 5566 (ΗΑΒ.)
1467 5496 1656 5553 Unde:
1686 5496 1818 5554 Bibe

240 5599 432 5656 aquam
483 5585 549 5640 de
579 5585 819 5641 cisterna
848 5594 963 5652 tua,
992 5595 1048 5641 et
1071 5583 1270 5642 ﬂuenta
1297 5586 1446 5657 putei
1491 5589 1569 5643 tui
1616 5590 1816 5646 habeto

241 5677 398 5736 solus.

307 5768 474 5827 Vens.
521 5771 609 5826 17.
645 5801 719 5812 -
749 5768 874 5826 Non
911 5768 1122 5841 judices
1147 5781 1330 5826 contra
1362 5772 1618 5842 judicem.
1651 5774 1819 5842 Quasi

243 5875 358 5921 esto
403 5864 674 5936 subjectus
721 5864 1028 5936 praepositis
1060 5875 1116 5920 et
1148 5864 1442 5937 indicibus,
1475 5867 1568 5938 qui
1620 5883 1816 5924 secun-

240 5955 363 6016 dum
392 5958 558 6015 Deum
589 5957 858 6028 judicant.

557 6045 831 6115 Pnnot.
877 6051 1105 6116 CXIII.

1929 4837 2179 4903 avaritia,
2230 4853 2329 4908 pro
2357 4853 2461 4908 qua
2484 4839 2566 4895 vis
2592 4841 2871 4910 regiminis
2899 4845 3133 4902 maxime
3169 4848 3461 4920 negligitur
3496 4868 3514 4908 :

1929 4925 2108 4982 Radix
2129 4928 2267 4982 enim
2288 4930 2520 4984 omnium
2561 4930 2822 4986 malorum
2873 4936 3132 5006 cupiditas
3176 4937 3225 5008 (I
3272 4938 3515 5012 Tim.vt).

1925 5021 2226 5078 Avaritiam
2258 5033 2440 5079 autem
2464 5025 2712 5094 superbia
2743 5028 3052 5096 comitatur,
3081 5031 3245 5098 unde,
3276 5031 3518 5106 Pra’cipe

1926 5116 2170 5171 divitibus
2205 5133 2308 5172 non
2344 5116 2513 5171 altum
2547 5135 2728 5189 sapere
2756 5119 2967 5194 (Ibid.).

2001 5205 2168 5262 Vens.
2195 5208 2280 5264 12.
2317 5239 2388 5248 -
2441 5209 2509 5262 Et
2547 5227 2636 5264 rex
2655 5211 2811 5267 hodie
2840 5223 2939 5268 est.
2969 5213 3214 5271 Potestas
3233 5226 3288 5272 et
3310 5217 3515 5274 divitia?

1929 5319 2038 5358 non
2065 5312 2291 5374 possunt
2311 5301 2634 5374 prolongare
2655 5305 2842 5360 vitam.
2886 5304 3099 5362 Positus
3129 5316 3212 5364 est
3253 5310 3514 5367 terminus

1929 5398 2022 5470 qui
2071 5395 2336 5469 pmteriri
2377 5411 2485 5452 non
2537 5407 2734 5468 potest.
2783 5397 3100 5454 .Iucunditas
3141 5402 3322 5457 carnis
3382 5418 3512 5458 con-

1927 5499 2173 5547 vertetur
2215 5491 2270 5546 in
2318 5491 2660 5562 putredinem
2699 5501 2754 5546 et
2798 5490 3042 5559 fartores,
3081 5502 3138 5548 et
3191 5495 3406 5549 tandem
3457 5493 3512 5551 in

1926 5601 2158 5642 vermes.
2206 5585 2428 5657 Mystice
2467 5595 2648 5640 autem
2695 5585 2877 5652 homo,
2911 5586 3002 5656 qui
3039 5587 3092 5642 in
3152 5588 3392 5658 peccatis
3434 5589 3512 5642 vi-

1927 5683 2007 5738 vit
2052 5691 2108 5738 et
2157 5697 2261 5737 non
2309 5680 2601 5752 resipiscit,
2646 5681 2911 5735 morietur
2958 5690 3162 5737 aeterna
3217 5691 3391 5737 morte
3419 5694 3512 5738 :et

1926 5773 2200 5831 diabolum
2245 5781 2549 5845 serpentem
2601 5772 2884 5844 antiquum
2927 5781 2984 5829 et
3033 5772 3238 5829 bestias
3282 5772 3420 5843 eius,
3459 5773 3510 5828 id

1925 5877 2028 5932 est,
2073 5865 2348 5922 daemones
2381 5881 2488 5920 non
2519 5867 2732 5921 evadet.

1995 5961 2159 6019 Vens.
2185 5960 2271 6019 M.
2290 5958 2590 6014 ——-!nitium
2613 5961 2886 6032 superbire.
2920 5959 3034 6020 Non
3065 5969 3146 6018 est
3169 5960 3512 6036 cuimmajor

3112 6057 3191 6119 38
