4028 6332
289 461 420 519 1201

1321 469 1585 528 GLOSSA
1625 465 2022 529 ORDINARIA.
2063 500 2131 512 —
2171 471 2296 526 LIB.
2337 472 2551 529 ECCLI.

3394 470 3532 529 1202

363 581 519 634 Vens.
549 580 603 635 2.
627 611 694 620 —
725 581 787 636 Et
831 587 1109 640 secundum
1144 603 1197 640 se
1237 589 1452 653 vestivit,
1500 597 1604 643 etc.
1661 584 1848 642 Unde:
1881 582 1932 641 A
1957 598 2170 642 arente:
2199 589 2325 660 quia
2374 589 2442 643 ad
2493 591 2946 659 comparationem
2994 598 3208 644 aeternae
3255 589 3528 647 felicitatis

286 669 499 725 lnduite
525 687 711 726 novum
737 673 1018 742 hominem,
1048 677 1138 747 qui
1159 678 1439 732 secundum
1469 677 1632 732 Deum
1653 683 1858 732 creatus
1959 675 2121 730 nimia
2147 684 2230 731 est
2263 677 2520 744 brevitas,
2574 688 2627 734 et
2649 679 2864 734 miseria
2881 663 3148 734 maxima:
3172 679 3332 746 unde,
3356 679 3527 736 Homo

285 770 359 817 est
389 762 443 814 in
454 762 669 833 justitia
687 773 738 818 et
762 765 992 821 veritatis
1021 769 1294 823 sanctitate
1325 769 1538 841 (Ephes.
1570 769 1669 842 ix).

1959 774 2112 819 natus
2137 767 2200 820 de
2219 766 2456 834 muliere,
2481 769 2618 824 brevi
2641 769 2809 825 vivens
2831 779 3076 841 tempore,
3103 769 3328 841 repletur
3353 775 3528 828 multis

352 855 514 912 Vens.
541 857 774 914 5.—Et
816 861 956 915 dedit
999 862 1078 916 illi
1117 873 1435 934 potestatem.
1467 865 1601 932 Quia
1651 865 1705 919 in
1751 865 1855 920 hoc
1955 856 2178 909 miseriis
2205 855 2344 928 (100-
2377 860 2511 932 XIV)-

281 962 493 1018 quoque
519 946 692 1004 factus
717 958 801 1005 est
834 951 994 1006 homo
1015 953 1082 1007 ad
1107 954 1398 1024 imaginem
1422 955 1537 1020 Dei,
1585 971 1692 1024 quo
1718 954 1854 1008 irra-

282 1036 626 1094 tionabilihus
658 1041 866 1096 ratione
889 1042 1176 1105 antecellit,
1211 1055 1264 1098 et
1285 1059 1348 1100 ea
1368 1045 1505 1116 regit
1534 1053 1588 1099 et
1610 1045 1852 1100 domina-

279 1135 364 1181 tur
388 1127 440 1182 in
464 1128 565 1194 eis,
586 1137 642 1184 et
669 1132 908 1186 omnium
942 1141 1241 1189 creatorem
1271 1135 1530 1206 agnoscit.
1579 1133 1685 1191 Sed
1723 1135 1850 1206 quia

275 1219 533 1275 honorem
551 1237 705 1278 suum
728 1240 832 1280 non
853 1225 1134 1294 intellexit,
1155 1237 1485 1299 comparatus
1507 1236 1583 1284 est
1597 1229 1848 1299 jumentis

271 1309 627 1380 insipientibus
655 1311 824 1384 (Psal.
855 1318 1065 1386 XLVIII).

343 1400 503 1457 Vens.
536 1402 590 1458 5.
640 1434 709 1444 —
752 1404 957 1462 Creavit
1006 1410 1222 1480 ezipso.
1256 1407 1409 1465 Sicut
1429 1411 1496 1466 de
1527 1409 1694 1468 latere
1718 1412 1846 1470 Adae

270 1489 584 1548 dormientis
612 1491 836 1549 formata
868 1505 951 1551 est
981 1497 1089 1552 Eva
1115 1539 1130 1564 ,
1169 1498 1248 1554 sic
1275 1499 1340 1554 de
1366 1499 1534 1556 latere
1558 1500 1757 1557 Christi
1788 1503 1842 1558 in

268 1597 427 1636 cruce
477 1585 756 1642 morientis
782 1587 950 1643 exivit
985 1589 1202 1660 sanguis
1248 1596 1302 1644 et
1331 1605 1500 1660 aqua,
1529 1589 1596 1646 de
1647 1592 1842 1661 quibus

265 1667 530 1727 formatur
556 1673 812 1732 Ecclesia.

339 1763 496 1819 Vens.
527 1765 580 1821 9.
599 1796 670 1807 -—
692 1765 762 1822 Et
790 1768 950 1841 legem
972 1772 1108 1826 vitae.
1145 1771 1476 1840 Naturalem,
1505 1791 1665 1846 quam
1691 1776 1841 1833 dedit

263 1852 407 1906 omni
440 1853 677 1920 homini,
715 1866 775 1913 ut
800 1861 1155 1930 subjiceretur
1186 1879 1286 1919 suo
1313 1869 1563 1933 creatori,
1591 1878 1646 1923 et
1671 1871 1838 1926 bono-

2025 943 2187 1001 Vens.
2217 948 2303 1002 l2.
2333 979 2401 989 —
2422 949 2693 1006 Miseratio
2727 951 2970 1007 hominis.
3021 951 3187 1008 Pauci
3235 962 3381 1019 sunt,
3437 955 3528 1024 qui

1951 1037 2312 1094 misereantur
2343 1042 2588 1110 proximo
2613 1058 2628 1096 :
2649 1058 2768 1098 cum
2800 1043 3168 1099 misericordia
3213 1045 3307 1100 Dei
3333 1046 3530 1104 redun-

1951 1127 2042 1182 dat
2072 1144 2168 1200 per
2193 1130 2503 1188 universum
2550 1134 2830 1200 mundum,
2863 1135 2957 1206 qui
2993 1135 3160 1190 solem
3197 1150 3354 1191 suum
3399 1135 3530 1193 facit

1948 1220 2079 1277 oriri
2115 1238 2276 1293 super
2303 1223 2474 1281 bonos
2515 1234 2570 1282 et
2595 1227 2782 1284 malos.

2018 1315 2179 1371 Vens.
2216 1318 2302 1372 14.
2344 1350 2411 1360 -
2453 1319 2730 1392 Excipiens
2776 1321 3085 1377 doctrinam.
3127 1321 3389 1378 Hortatur
3435 1339 3527 1380 eos

1945 1407 2036 1476 qui
2069 1409 2364 1466 doctrinam
2387 1412 2658 1480 Evangelii
2684 1414 2973 1486 accipiunt,
2996 1422 3056 1469 ut
3097 1415 3524 1472 misericordiam

1942 1500 2202 1569 proximis
2229 1502 2575 1572 impendant:
2601 1512 2656 1560 et
2689 1503 2946 1560 festinent
2974 1505 3117 1560 diem
3141 1503 3328 1572 judicii
3361 1507 3525 1561 mise-

1943 1590 2191 1647 ricordiae
2238 1594 2491 1664 operibus
2527 1597 2862 1666 praevenire;
2913 1597 3097 1652 unde:
3126 1595 3275 1650 Beati
3322 1597 3524 1652 miseri-

1941 1684 2142 1760 cordes,
2213 1688 2459 1755 quoniam
2524 1689 2624 1760 ipsi
2673 1689 3088 1744 misericordiam
3153 1699 3528 1758 consequentur

1965 1770 2230 1828 Matthw).

1965 1770 2022 1824 Μ
2080 1782 2152 1826 ι.
2220 1815 2230 1828 .

1941 1755 1963 1829 (
2009 1773 2226 1918 V1252
2237 1864 2538 1920 5.—Verbi
2557 1865 2704 1920 mali.
2728 1866 2935 1938 Lingua
2954 1865 3202 1922 eucharis
3225 1866 3523 1937 gratiosum

263 1958 380 1998 rum
410 1959 630 2015 cperum
671 1950 726 2005 in
762 1966 822 2006 se
860 1953 1325 2014 honoriﬁcentiam
1366 1962 1678 2018 ουειοάίιιθι,
1709 1963 1836 2033 νει,
1867 1943 1916 2004 Β
1943 1955 2214 2012 hominem
2242 1957 2398 2024 facit;
2427 1958 2570 2014 unde
2598 1977 2611 2013 :
2639 1958 2742 2024 Qui
2784 1957 3088 2013 moderatur
3114 1972 3375 2011 sermones
3401 1972 3522 2011 suos

261 2035 430 2108 legem
460 2039 672 2108 litterae,
703 2059 864 2114 quam
890 2048 956 2103 ad
982 2051 1368 2108 correctionem
1399 2070 1632 2123 morum,
1681 2066 1736 2112 et
1757 2073 1841 2114 re-

259 2131 593 2200 parationem
639 2138 902 2194 naturalis
949 2140 1100 2213 legis,
1139 2145 1304 2200 scribi
1332 2147 1533 2215 vohit;
1565 2151 1665 2207 hoc
1693 2153 1835 2208 enim

260 2221 520 2279 naturalis
572 2224 657 2281 lex
705 2236 758 2282 et
801 2229 1047 2288 litteralis
1088 2233 1356 2303 insinuat,
1399 2245 1459 2293 ut
1507 2239 1673 2296 Deum
1725 2252 1839 2298 toto

259 2312 450 2378 corde,
501 2323 610 2370 tota
645 2318 842 2379 anima,
876 2328 987 2375 tota
1016 2323 1216 2380 virtute
1244 2325 1532 2398 diligamus
1559 2348 1570 2384 :
1597 2339 1652 2385 et
1679 2347 1835 2388 man-

258 2401 381 2456 data
421 2401 536 2473 ejus
578 2407 631 2461 in
661 2406 754 2463 Dei
783 2417 840 2464 et
875 2412 1106 2480 proximi
1132 2413 1417 2472 dilectione
1450 2420 1833 2478 custodiamus.

329 2489 490 2550 Vens.
521 2497 590 2552 15
608 2528 680 2539 -
701 2498 893 2556 Coram
917 2501 1029 2557 illo.
1055 2503 1237 2578 (ΒΑΒ.)
1264 2504 1414 2562 Unde
1438 2527 1450 2562 :
1477 2509 1634 2565 Novit
1653 2511 1836 2567 Domi-

258 2601 354 2676 nus
394 2587 526 2642 viam
549 2588 845 2659 justorum,
869 2604 915 2647 et
936 2594 1032 2648 iter
1057 2595 1332 2666 impiorum
1359 2599 1542 2669 peribit
1565 2599 1736 2672 (Psal.
1770 2604 1832 2676 ι).

303 2674 490 2746 ,Ὑ2118.
525 2684 700 2740 14.-
736 2685 1022 2743 Rectorem.
1059 2689 1314 2760 Angelos,
1346 2693 1541 2762 quibus
1566 2674 1838 2752 commisit

257 2779 396 2834 Deus
423 2777 722 2834 custodiam
757 2778 1088 2851 singularum
1117 2782 1388 2853 gentium!
1433 2784 1608 2852 Unde,
1638 2785 1836 2843 Statuit

255 2869 501 2923 terminos
549 2871 775 2938 gentium
828 2871 988 2941 juxta
1037 2889 1310 2927 numerum
1361 2877 1662 2945 angelorum
1715 2877 1830 2934 Dei.

257 2959 433 3030 (Deut.
462 2958 659 3030 xxxn.)
689 2959 806 3025 Vel,
855 2961 1105 3017 doctores
1151 2977 1287 3030 quos
1335 2965 1402 3018 ad
1435 2967 1832 3034 praedicandum

257 3053 420 3106 misit.

324 3143 488 3199 Vens.
516 3144 607 3198 2i.
631 3174 702 3184 —
721 3141 1045 3200 Convertere.
1079 3144 1305 3202 Ostensa
1336 3147 1642 3204 conditione
1664 3149 1836 3204 homi-

254 3238 371 3301 nis,
403 3237 668 3305 quomodo
698 3236 903 3293 scilicet
948 3237 1014 3292 ad
1053 3238 1340 3309 imaginem
1375 3241 1471 3296 Dei
1497 3250 1711 3298 creatus
1739 3244 1832 3309 sit,

1942 2047 2124 2102 doctus
2148 2058 2194 2102 et
2230 2049 2457 2120 prudens
2476 2057 2551 2104 est
2585 2049 2765 2121 (Prov.
2801 2048 2956 2120 xvn).

2013 2139 2174 2196 Vens.
2202 2140 2289 2196 16.
2312 2172 2383 2182 -
2404 2140 2594 2197 Nonne
2631 2143 2892 2196 ardorem.
2921 2141 3145 2212 Segetes
3169 2141 3409 2198 defendit
3431 2156 3520 2198 ros

1940 2233 2008 2287 ab
2042 2233 2235 2288 ardore
2259 2233 2417 2288 solis:
2442 2241 2497 2289 et
2523 2233 2747 2289 verbum
2792 2233 2992 2288 bonum
3019 2233 3332 2304 largientem
3370 2249 3402 2287 a
3427 2239 3522 2289 ne-

1940 2322 2108 2394 quitia
2144 2323 2460 2390 irascentis;
2491 2321 2866 2378 unde:Sermo
2903 2323 3066 2378 durus
3092 2325 3309 2378 suscitat
3352 2323 3520 2391 rixas,

1939 2413 2068 2468 lenis
2088 2415 2290 2485 mitigat
2310 2415 2586 2469 suscitatas
2613 2413 2794 2486 (Prov.
2821 2415 2934 2483 xv).

2011 2503 2171 2560 Vens.
2209 2505 2295 2561 18.
2322 2536 2394 2548 -
2419 2504 2626 2561 Stultus
2674 2507 2864 2560 acriter
2907 2506 3302 2577 improperabit.
3337 2506 3519 2578 (ΚΑΒ.)

1938 2597 1996 2652 1η
2050 2613 2144 2654 ore
2169 2597 2317 2654 stulti
2358 2598 2556 2671 jurgia,
2604 2607 2736 2664 etc.,
2765 2615 2928 2670 usque
2959 2599 3029 2653 ad
3083 2598 3324 2670 polluunt
3349 2600 3516 2654 verbo

1940 2691 2207 2746 mendaci.

2011 2779 2171 2836 Vens.
2201 2781 2284 2837 19.
2313 2812 2381 2822 -
2402 2779 2548 2836 Para
2581 2783 2868 2852 justitiam.
2900 2782 2970 2839 Ut
2996 2782 3182 2838 videas
3217 2782 3344 2852 quid
3381 2781 3434 2836 in
3463 2789 3516 2836 te

1937 2872 2046 2928 Deo
2070 2871 2280 2941 placeat
2308 2872 2391 2927 vel
2427 2871 2742 2942 displaceat,
2768 2881 2824 2928 et
2850 2872 3041 2928 delicta
3080 2873 3340 2943 corrigas.

2007 2965 2169 3021 Vens.
2191 2967 2280 3020 20.
2305 2997 2375 3008 ——
2400 2969 2530 3021 Ante
2545 2967 2827 3036 judicium.
2856 2965 3036 3038 (ΒΑΕ.)
3062 2965 3186 3021 Haec
3215 2975 3436 3028 monent
3460 2975 3518 3021 ut

1937 3070 2151 3124 semper
2170 3056 2341 3124 parati
2365 3056 2553 3120 simus,
2575 3071 2672 3110 nec
2696 3056 2858 3111 stulta
2879 3056 3169 3112 securitate
3189 3057 3344 3112 nobis
3363 3057 3514 3112 blan-

1938 3145 2150 3199 diamur
2175 3162 2188 3197 :
2219 3143 2314 3199 sed
2344 3144 2398 3198 in
2428 3143 2524 3198 Dei
2553 3145 2811 3199 servitute
2836 3143 3143 3200 laboremus
3169 3159 3336 3214 usque
3362 3147 3428 3200 ad
3459 3148 3512 3201 tio

1936 3252 2059 3291 nem
2089 3236 2231 3292 vitae.

253 3336 307 3380 et
349 3327 560 3382 caeteris
593 3327 845 3398 praelatus
887 3329 1185 3384 creaturis:
1211 3329 1458 3386 hortatur
1485 3339 1545 3386 ut
1574 3340 1695 3402 post
1721 3332 1832 3404 lap-
1856 3324 1902 3388 C
2005 3327 2169 3383 VEns.
2197 3328 2286 3382 25.
2315 3327 2530 3382 -Αηιε
2553 3328 2860 3382 orationem.
2893 3326 3026 3382 Cum
3055 3327 3226 3382 stabis
3252 3329 3318 3382 ad
3348 3343 3509 3382 oran-

252 3433 368 3474 sum
397 3417 603 3489 peccati
627 3427 929 3475 revertatur
948 3421 1014 3475 ad
1035 3419 1295 3477 factorem
1318 3437 1496 3488 suum,
1520 3423 1832 3494 relinquens

250 3521 527 3574 errorem,
579 3523 686 3578 quo
737 3509 1083 3578 semetipsum
1133 3511 1371 3580 decepit;
1411 3521 1466 3566 et
1513 3515 1832 3583 deprecetur

1935 3423 2082 3488 dum,
2113 3422 2320 3476 dimitte
2351 3421 2396 3476 si
2417 3420 2546 3491 quid
2573 3420 2773 3474 habeas
2799 3419 3058 3473 adversus
3081 3418 3333 3489 aliquem.

2002 3515 2168 3570 Vens.
2196 3515 2286 3569 24.
2314 3545 2384 3555 -
2413 3513 2692 3568 Memento.
2724 3511 2878 3567 Unde
2903 3530 2916 3564 :
2945 3515 3131 3565 Justus
3161 3511 3436 3577 Dominus,
3464 3522 3512 3565 et

249 3599 417 3656 Deum
444 3617 542 3673 pro
567 3600 951 3659 offensionibus
981 3605 1113 3672 suis,
1144 3615 1200 3660 et
1226 3614 1337 3661 tota
1385 3619 1566 3662 mente
1602 3607 1832 3679 refugiat
1923 3609 2158 3678 justitias
2177 3608 2394 3663 dilexit:
2418 3607 2713 3679 (equitatem
2733 3607 2858 3660 vidit
2882 3607 3052 3660 vultus
3075 3605 3186 3676 ejus
3212 3604 3381 3676 (Psal.
3406 3605 3506 3673 x.).

250 3694 315 3748 ad
363 3693 598 3749 divinam
645 3696 1089 3764 misericordiam,
1141 3714 1402 3770 spernens
1450 3700 1827 3767 idololatriam,

247 3795 303 3842 et
329 3787 602 3843 diabolicae
627 3791 901 3847 servitutis
929 3791 1212 3848 fallaciam.
1246 3793 1428 3848 Discat
1473 3803 1526 3849 et
1552 3794 1830 3850 mandato-

248 3898 369 3938 rum
396 3881 489 3939 Dei
512 3884 768 3955 regulam,
799 3894 860 3940 ut
884 3887 937 3941 in
967 3895 1113 3942 sorte
1141 3887 1462 3951 sanctitatis,
1489 3903 1594 3958 qua
1623 3888 1827 3944 electus

247 3984 329 4030 est
349 4017 364 4040 ,
394 3987 727 4045 permaneat,
759 3987 812 4032 et
837 3978 890 4033 in
915 3977 1162 4034 laudibus
1190 3979 1451 4034 Altissimi
1501 3993 1823 4049 perseveret.
1852 3983 1858 3988 ’

319 4066 480 4123 Vens.
513 4067 600 4123 27.
623 4099 694 4110 —
713 4069 1050 4140 Conﬁteberis
1071 4072 1260 4125 vivens.
1288 4071 1468 4143 (Rite)
1497 4071 1553 4125 In
1576 4073 1826 4142 praesenti

247 4159 388 4223 vita,
417 4167 698 4232 postquam
728 4176 834 4214 non
884 4170 967 4216 est
997 4170 1207 4232 tempus
1235 4162 1514 4231 operandi,
1567 4162 1660 4216 sed
1691 4178 1828 4233 prte-

247 4251 414 4307 mium
446 4252 735 4322 recipiendi
763 4271 777 4306 :
804 4251 986 4318 Unde,
1021 4252 1228 4308 Currite
1251 4255 1376 4308 dum
1417 4253 1580 4308 lucem
1604 4254 1824 4322 habetis,

247 4360 312 4398 ne
330 4344 550 4399 tenebrae
576 4361 662 4400 vos
685 4345 1118 4415 comprehendant
1151 4343 1333 4417 (Joan.
1361 4344 1482 4416 xu).

317 4437 478 4492 Vens.
527 4436 614 4492 50.
659 4467 729 4478 —-
771 4436 910 4503 Quid
954 4435 1178 4490 lucidius
1220 4435 1368 4492 sole?
1418 4436 1540 4508 (In.)
1577 4435 1824 4492 Ostendit

244 4529 429 4583 mundi
461 4529 764 4583 machinam
794 4529 1156 4583 transitoriam
1185 4543 1304 4583 esse
1330 4545 1344 4582 :
1377 4543 1478 4582 nec
1512 4527 1604 4581 lux
1633 4541 1822 4595 corpo-

2003 3703 2162 3757 Vens.
2193 3702 2284 3756 25.
2301 3691 2740 3773 -—Paupe'rtatis.
2765 3699 2982 3756 Futurae
3003 3709 3125 3770 post
3149 3702 3288 3755 hanc
3318 3701 3505 3767 vitam,
3573 3709 3576 3712 ’

1930 3802 1989 3847 ιιι
2018 3793 2186 3850 facias
2214 3793 2417 3849 amicos
2445 3794 2535 3863 qui
2568 3793 2832 3862 recipiant
2862 3801 2916 3849 te
2939 3793 2995 3848 in
3025 3801 3226 3849 aeterna
3255 3793 3508 3848 taberna-

1931 3886 2072 3940 cula.

1999 3981 2162 4037 Vens.
2203 3979 2292 4035 26.
2317 4009 2386 4019 —
2411 3977 2542 4034 Htec
2571 3979 2765 4033 omnia.
2802 3976 2930 4045 Ver,
2966 3985 3154 4044 aestas,
3187 3987 3503 4048 autumnus,

1927 4069 2124 4135 hiems,
2146 4070 2260 4124 dics
2287 4079 2341 4124 et
2375 4085 2514 4136 nox-,
2539 4084 2814 4140 nunquam
2837 4071 3016 4126 omnia
3051 4071 3423 4141 requiescunt;
3453 4078 3508 4125 et

1925 4170 2108 4216 tamen
2130 4161 2308 4216 omnia
2329 4161 2618 4217 aeternitati
2643 4171 2954 4231 comparata
2977 4162 3089 4216 cito
3110 4169 3388 4215 transeunt
3412 4179 3424 4215 ι
3449 4171 3505 4217 et

1923 4252 2105 4308 omnia
2145 4268 2325 4308 coram
2370 4253 2540 4309 oculis
2585 4252 2794 4306 Domini
2830 4259 2978 4307 certo
3019 4252 3124 4306 line
3160 4252 3498 4306 clauduntur.

1921 4343 2040 4413 Ipse
2076 4353 2255 4398 autem
2294 4357 2506 4412 semper
2542 4342 2680 4396 idem
2714 4349 2815 4407 est,
2847 4348 2904 4396 et
2931 4341 3057 4395 anni
3087 4340 3204 4411 ejus
3235 4355 3340 4396 non
3371 4339 3502 4396 deli-

1921 4435 2082 4489 cient.

2005 4451 2082 4489 nt.

1973 4451 2154 4580 eVens.
2186 4526 2275 4580 27.
2303 4556 2374 4566 —
2411 4524 2581 4580 Homo
2610 4526 2834 4596 sapiens.
2862 4525 3060 4581 Beatus
3087 4535 3171 4580 est
3213 4526 3374 4580 homo
3408 4525 3497 4596 qui

243 4622 374 4677 ralis
419 4631 677 4692 perpetuo
728 4623 914 4676 eadem
966 4629 1184 4686 manet;
1217 4629 1418 4691 quanto
1470 4622 1649 4675 minus
1681 4635 1818 4675 vana
1845 4683 1889 4692 _
1921 4630 2137 4687 semper
2163 4625 2246 4672 est
2269 4617 2493 4687 pavidus
2516 4625 2624 4671 uta
2648 4617 2884 4687 peccatis
2912 4617 3024 4672 suis
3052 4626 3262 4683 caveat,
3289 4625 3344 4672 et
3369 4633 3501 4688 prte-

241 4711 498 4784 cogitatio
527 4711 774 4767 humanae
794 4710 1118 4781 fragilitatis.

809 4869 1036 4926 CAPUT
1061 4868 1246 4925 XVIII.

315 5006 476 5062 Vens.
519 5007 572 5060 1.
597 5036 667 5047 -
693 5005 798 5073 Qui
841 5006 962 5060 vivit
999 5007 1055 5060 in
1099 5017 1367 5061 trternum.
1399 5004 1580 5079 (ΗΑΒ.)
1613 5007 1816 5063 Rerum

239 5097 537 5153 substantia
563 5096 720 5152 simul
747 5107 930 5153 creata
954 5104 1056 5160 est,
1090 5105 1221 5162 etc.,
1252 5114 1412 5169 usque
1454 5098 1524 5153 ad
1545 5099 1814 5170 magnitu-

238 5190 418 5246 dinem
447 5190 663 5245 virtutis
689 5190 828 5246 scire
855 5189 938 5245 vel
964 5205 1221 5246 enarrare
1243 5208 1256 5244 :
1280 5191 1446 5258 unde,
1478 5190 1644 5246 Nemo
1674 5192 1813 5246 novit

239 5277 440 5335 Filium
458 5281 560 5337 nisi
582 5277 764 5348 Pater,
781 5297 942 5352 neque
970 5280 1174 5336 Patrem
1195 5283 1311 5354 quis
1333 5283 1471 5338 novit
1493 5283 1591 5337 nisi
1615 5280 1809 5350 Filius,

237 5382 286 5428 et
312 5374 396 5428 cui
420 5373 634 5429 voluerit
655 5372 827 5430 Filius
854 5373 1079 5430 revelare
1113 5373 1324 5445 (Matth.
1360 5375 1460 5446 x1).

310 5464 470 5520 Vens.
502 5464 556 5520 5.
580 5495 653 5507 ——
681 5465 804 5520 Non
829 5475 904 5521 est
933 5467 1181 5521 minuere.
1223 5465 1346 5536 (Iu.)
1387 5467 1529 5523 Nihil
1565 5468 1631 5523 de
1671 5467 1812 5524 Scri-

235 5555 410 5630 pturis
435 5554 1106 5619 sanctisestminuendum,
1136 5553 1268 5610 nihil
1283 5555 1578 5611 addendum
1605 5575 1617 5610 :
1647 5557 1809 5623 unde,

238 5643 301 5704 Si
319 5647 436 5718 quis
461 5647 760 5718 opposuerit
807 5646 876 5700 ad
901 5647 1040 5712 lucc,
1074 5655 1290 5716 apponet
1313 5661 1468 5716 super
1487 5645 1636 5701 illum
1670 5648 1811 5703 Deus

235 5736 420 5810 plagas
445 5739 667 5809 scriptas
694 5739 750 5792 in
776 5736 907 5792 libro
933 5737 1032 5791 isto
1059 5738 1241 5809 (Apoc.
1270 5737 1432 5810 xm),
1457 5747 1561 5794 etc.

308 5825 471 5883 Vens.
517 5829 667 5884 8.—-
702 5825 919 5883 Centum
956 5827 1104 5882 anni.
1147 5827 1270 5900 (11).)
1314 5826 1648 5885 Paucilatem
1690 5829 1805 5886 die-

238 5932 358 5975 rum
387 5927 694 5976 nostrorum
727 5929 1006 5990 comparat
1049 5928 1213 5991 guttae
1262 5921 1446 5988 maris,
1497 5931 1553 5978 et
1600 5922 1807 5980 calcqu

1841 4683 1898 4745 Ῑ)
1923 4683 2075 4778 cepta
2108 4683 2319 4764 Domini
2351 4708 2572 4779 impleat
2599 4727 2612 4762 :
2646 4683 2782 4776 Quia
2811 4708 3018 4763 initium
3052 4709 3319 4779 sapientia:
3345 4683 3500 4762 timor

1921 4800 2152 4855 Domini.
2201 4799 2500 4854 Intellectus
2541 4799 2994 4864 bonus,omnibus
3037 4799 3342 4870 facientibus
3381 4816 3496 4854 eum

1945 4889 2093 4945 Psal.
2121 4890 2251 4945 cx.).

1945 4890 1992 4944 P
2055 4891 2093 4945 ι.
2155 4907 2207 4944 x.
2240 4932 2251 4944 .

1921 4891 1940 4963 (
1990 4907 2154 5037 Vin:
2191 4890 2281 5035 2)8.
2305 5011 2377 5022 —
2401 4979 2702 5035 Invenienti.
2732 4979 2788 5035 Id
2818 4987 2932 5048 est,
2966 4995 3088 5036 cum
3119 4976 3412 5044 invenerit,
3441 4988 3496 5034 et

1919 5073 2243 5146 agnitionem
2274 5069 2391 5139 ejus
2421 5070 2746 5140 perceperit,
2784 5070 2902 5140 ipsa
2930 5069 3077 5124 dabit
3101 5065 3496 5123 confessionem

1918 5177 2081 5223 recta:
2101 5162 2523 5236 praedicationis,
2559 5170 2615 5216 et
2637 5163 2872 5218 studium
2900 5160 3054 5216 bona:
3074 5157 3421 5228 operationis.

1935 5305 1938 5308 .
1990 5259 2152 5313 Vens.
2169 5255 2257 5311 29.
2278 5285 2346 5295 —
2359 5253 2586 5310 Sensati.
2605 5253 2769 5322 Quasi
2788 5253 2952 5308 astuti
2973 5261 3272 5322 agnoscunt
3287 5251 3494 5322 sapien-

1917 5351 2070 5418 tiam,
2091 5359 2147 5405 et
2172 5347 2372 5404 sensati
2401 5347 2454 5402 in
2481 5348 2660 5403 verbis
2680 5361 2842 5417 opere
2863 5345 3232 5400 demonstrant
3255 5345 3492 5414 pruden-

1917 5451 2152 5588 mVnens.
2182 5529 2274 5586 53.
2300 5558 2372 5571 -
2393 5529 2476 5585 Ne
2501 5528 2664 5600 fueris
2686 5526 2982 5582 mediocris.
3010 5525 3276 5581 Provocat
3300 5539 3401 5580 nos
3424 5525 3493 5580 ad

1917 5641 2081 5698 opera
2120 5623 2526 5680 misericordiae.
2575 5620 2632 5676 Si
2673 5619 2814 5676 enim
2863 5619 3000 5690 pigri
3047 5617 3338 5683 fuerimus,
3381 5631 3490 5671 non

1915 5716 2076 5773 modo
2107 5715 2335 5772 deerunt
2373 5713 2528 5768 nobis
2563 5710 2754 5767 solatia
2779 5708 3113 5781 temporalia,
3151 5708 3260 5764 imo
3297 5707 3490 5762 animae

1915 5815 2115 5864 nostrae
2141 5806 2280 5862 bona
2307 5805 2488 5860 futura
2520 5822 2534 5859 :
2565 5803 2780 5876 quando
2809 5801 3122 5875 temporalis
3146 5801 3488 5874 eleemosyna

1911 5901 2342 5960 remunerabitur
2365 5899 2612 5956 mercede
2633 5907 2853 5956 aeterna.
