4028 6332
19 590 41 637 Ε

293 396 437 458 ηω
1260 410 1529 473 GLOSSA
1562 415 1959 478 ORDINARIA.
1995 454 2065 466 —
2103 418 2230 481 LIB.
2270 423 2485 485 ηοω.
3402 438 3542 498 nos
3616 502 3627 509 ,

291 513 409 572 tate
865 522 1217 626 intentionem
1243 542 1426 601 pravae
1447 531 1740 592 voluntatis
1772 537 1858 592 vi-
1886 543 1939 604 Α
2033 537 2199 597 Vens.
2226 541 2313 599 l8.
2346 574 2415 584 ——
2438 542 2695 617 Displicet
2713 543 2813 612 illi,
2855 555 2962 605 etc.
3002 547 3155 606 Unde
3183 569 3196 606 :
3231 549 3359 608 Filii
3384 554 3544 626 hujus

291 615 527 681 mperat.
559 610 697 669 Sunt
711 614 878 684 enim,
918 617 1015 688 qui
1048 632 1177 676 cum
1201 634 1307 678 non
1335 636 1562 695 possunt
1583 636 1706 685 actu
1736 643 1862 702 pec-

291 714 439 771 care,
465 704 659 762 mlunt
681 707 737 763 in
770 709 1051 769 voluntate
1065 714 1366 785 quiescere.

360 793 526 852 Vitas.
548 794 640 853 24.
659 829 732 840 -
753 796 851 856 Bst
870 803 960 874 qui
983 806 1163 876 perdet
1187 810 1419 867 animam
1437 830 1610 871 suam.
1632 814 1769 886 Quia
1794 817 1866 874 ti-

286 899 444 983 mens
471 887 632 983 hujus
660 894 845 949 mundi
884 904 1230 968 potestatem,
1266 919 1373 961 non
1417 910 1580 966 audet
1619 910 1860 983 proﬁteri

287 976 564 1053 Evangelii
584 985 864 1044 veritatem
892 1008 905 1045 :
930 993 1092 1059 unde,
1126 993 1235 1063 Qui
1251 1000 1515 1057 erubuerit
1541 976 1638 1060 me-
1652 1015 1703 1061 et
1723 1024 1862 1065 meos

285 1073 729 1169 sent-nonesfunc
745 1079 1008 1169 erubescet
1036 1081 1205 1142 Filius
1230 1090 1454 1147 hominis
1486 1090 1635 1167 (Luc.
1658 1096 1761 1169 ιι).

355 1158 520 1219 Vens.
550 1164 641 1262 25.
672 1197 741 1209 --
762 1166 861 1225 Est
878 1174 970 1245 qui
996 1192 1106 1246 prce
1124 1181 1449 1252 confusione,
1473 1158 1578 1242 etc.
1606 1158 1744 1245 Sunt
1768 1190 1867 1262 qui

278 1249 808 1352 plura-promittunt,
849 1272 906 1319 et
931 1279 1102 1336 pauca
1149 1249 1400 1341 reddunt,
1432 1249 1490 1333 et
1532 1293 1627 1335 eos
1665 1249 1863 1352 quibus

279 1343 591 1404 mentiendo
613 1353 954 1423 promittunt,
988 1360 1237 1419 inimicos
1266 1365 1368 1422 sibi
1391 1366 1619 1426 faciunt.

350 1433 515 1493 Vsus.
539 1438 631 1495 2'7.
651 1472 722 1483 —
749 1442 932 1502 Potior
970 1448 1078 1520 fur.
1114 1450 1230 1509 Non
1271 1469 1499 1516 excusat
1541 1460 1737 1533 furem,
1767 1467 1861 1525 sed
1894 1426 1907 1435 ν

275 1524 394 1619 eius
424 1537 829 1619 comparatione
862 1541 1110 1614 ingravat
1136 1550 1431 1609 mentiendi
1462 1524 1857 1619 assiduitatem.

276 1612 501 1719 Ilystice
531 1632 709 1680 autem
724 1627 902 1719 fures,
928 1612 1059 1690 sunt
1083 1634 1275 1707 Judazi,
1296 1644 1493 1715 quibus
1512 1612 1865 1719 dicitur,

273 1709 533 1808 pradicas
559 1730 665 1772 non
703 1718 1010 1792 furandum,
1045 1727 1244 1797 furoris
1271 1709 1449 1805 (liam.
1481 1738 1565 1808 tt).
1606 1709 1859 1800 Haeretici

273 1800 425 1856 vero'
446 1808 735 1905 mendaces
780 1815 870 1884 qui
900 1818 1113 1889 pejores
1167 1800 1311 1889 sunt,
1350 1830 1476 1899 quia
1516 1800 1640 1903 post
1664 1850 1855 1905 perceo

1963 632 2153 792 gauli
2165 637 2525 708 prudentiores
2561 638 2688 708 ﬁliis
2707 640 2840 697 lucis
2865 641 2925 697 in
2947 645 3281 715 generatione
3306 663 3403 702 sua
3420 658 3544 705 sunt

2034 738 2117 777 uc.
2148 724 2279 792 ιη).

2034 738 2117 777 uc.
2148 724 2279 797 ιη).

2034 814 2199 873 Vens.
2219 816 2310 873 22.
2333 849 2406 862 --
2428 818 2713 893 Compedes
2752 823 2810 879 in
2840 824 3098 896 pedibus,
3131 834 3240 883 etc.
3261 826 3384 901 (11).)
3405 827 3543 899 Quia

1962 904 2237 976 gressibus
2261 924 2472 977 eorum,
2504 913 2703 981 quibus
2734 912 3012 981 incedunt,
3052 917 3207 972 ruina
3242 917 3544 991 iniquitatis

1962 999 2309 1069 contradicit,
2351 1004 2595 1061 actiones
2618 1020 2807 1063 eorum
2832 1010 3135 1068 damnando
3174 1014 3540 1085 reprehendit.

2033 1091 2198 1150 Vsus.
2228 1095 2319 1152 25.
2349 1096 2646 1156 —Fatuus
2665 1103 2721 1158 in
2741 1104 2870 1168 risu,
2899 1115 3007 1163 etc.
3046 1104 3233 1166 Coetus
3256 1110 3543 1179 haeretico—

1960 1199 2080 1265 rum
2103 1186 2371 1258 plausibili
2408 1193 2722 1262 operatione
2754 1208 2859 1267 per
2884 1197 3211 1256 rhetoricam
3240 1212 3413 1259 artem
3445 1202 3544 1258 do-

1962 1278 2133 1333 cendo
2153 1281 2346 1350 quaerit
2370 1284 2675 1342 auditorum
2705 1286 2961 1345 favorem.
2995 1288 3178 1347 Sancti
3208 1308 3337 1349 vero
3357 1294 3544 1350 docto-

1960 1383 2050 1426 res
2083 1368 2483 1440 jucunditatem
2520 1377 2792 1437 locutione
2819 1380 2898 1436 sic
2940 1382 3312 1440 iutermiscent
3349 1382 3543 1456 praedi-

1960 1462 2185 1530 cationi,
2212 1473 2273 1519 ut
2298 1482 2403 1523 non
2424 1470 2683 1525 recedant
2704 1484 2735 1526 a
2766 1474 2983 1529 tramite
3004 1463 3265 1532 veritatis.

2030 1552 2197 1611 Vens.
2224 1558 2315 1614 25.
2342 1590 2416 1603 —
2437 1558 2542 1618 Pes
2570 1564 2729 1635 fatui,
2768 1573 2877 1622 etc.
2904 1562 3041 1634 Quia
3084 1568 3324 1625 haeretici
3355 1575 3543 1625 aucto-

1961 1663 2078 1702 rum
2101 1665 2321 1708 suorum
2340 1665 2545 1712 seetam
2581 1657 2636 1711 in
2665 1658 2940 1715 domicilio
2966 1660 3294 1731 scriptorum
3321 1674 3543 1717 suorum

1958 1739 2260 1799 latitantem
2285 1746 2504 1800 student
2526 1748 2748 1804 imitari.

2027 1831 2194 1890 Vnus.
2218 1835 2308 1891 26.
2336 1868 2407 1877 —
2435 1835 2642 1894 Stultus
2673 1858 2705 1894 a
2740 1840 2990 1911 fenestra.
3021 1840 3145 1914 (11).)
3178 1840 3342 1898 Notat
3371 1842 3544 1899 luere-

270 1894 723 2001 EET‘lfapﬁsjnl
765 1905 1110 2001 gratiamuad
1151 1894 1412 1971 vomitum
1460 1894 1753 1993 rediero-nt,
1799 1894 1855 1981 et
1883 1919 1935 1980 B
1959 1925 2188 1982 ticnrum
2216 1926 2588 1995 calliditatem,
2613 1940 2668 1986 et
2697 1894 3088 1987 catholicorum
3118 1894 3540 2001 simplicitatem.
3626 1982 3633 1987 .

272 1977 503 2052 Spiritui
526 1989 713 2058 gratiae
749 1999 1135 2057 contumeliam
1163 2002 1428 2063 fecerunt.

344 2076 509 2134 Vnus.
541 2080 630 2138 29.
653 2086 967 2158 —Sapiens
1003 2093 1057 2148 in
1096 2097 1285 2165 verbis,
1325 2108 1430 2161 etc.
1463 2100 1607 2170 Quia
1638 2105 1855 2179 sapien-

270 2169 403 2268 tiam
429 2176 628 2233 mentis
656 2180 991 2240 demonstrat
1016 2186 1236 2247 in'hene
1263 2194 1421 2252 dictis
1446 2214 1459 2252 :
1486 2199 1648 2268 unde,
1673 2169 1852 2260 [ianus

269 2264 425 2321 homo
482 2270 547 2325 de
584 2272 725 2330 bona
771 2278 1019 2339 thesauro
1075 2288 1249 2344 cordis
1289 2292 1375 2346 sui
1430 2264 1643 2366 profert
1662 2297 1853 2354 bonum

272 2356 487 2429 (Matth.
520 2365 640 2429 xu).

356 2361 487 2415 atth.
520 2365 640 2438 xu).

342 2450 504 2510 Vnus.
532 2455 621 2511 52.
655 2487 707 2501 υ
744 2457 1020 2534 Sapientia
1045 2468 1320 2528 absconsa.
1354 2473 1509 2534 Nulla
1536 2487 1621 2536 est
1648 2481 1853 2540 utilitas

272 2539 531 2638 thesauri,
579 2548 671 2619 qui
715 2550 1063 2614 absconditus
1088 2568 1171 2616 est
1215 2570 1270 2618 et
1306 2580 1413 2622 non
1445 2569 1634 2638 scitur,
1671 2542 1747 2628 ei
1766 2539 1852 2631 sa;

268 2630 484 2704 pientiaa
511 2638 631 2697 sine
651 2642 978 2704 tﬁscretione
1003 2651 1301 2710 ahsconsaa.

847 2757 1077 2819 CAPUT
1125 2765 1265 2823 XXI.

337 2834 505 2897 Vm.
558 2841 612 2897 l.
639 2875 714 2886 —
741 2845 875 2915 Fili,
899 2857 1149 2923 peccasti,
1188 2868 1294 2919 etc.
1332 2863 1514 2939 (ΒΔΒ.)
1552 2866 1849 2933 αοηεὶιὶωυ

268 2929 381 2999 dat,
398 2947 520 2989 cum
550 2951 874 3033 peccamus:
902 2944 1027 3001 Non
1062 2959 1138 3005 est
1166 2954 1304 3013 enim
1332 2929 1422 3031 qui
1450 2929 1612 3028 {deiet
1635 2929 1853 3033 bonum,

269 3030 321 3117 et
355 3038 459 3079 non
484 3038 655 3095 peccet
681 3026 878 3102 (Eccle.
908 3036 1032 3108 vn),
1062 3054 1130 3095 ne
1164 3026 1365 3100 iterum
1387 3026 1708 3117 peccemus;

270 3113 652 3211 de-prteteritis
690 3124 1064 3191 pmnitentiam
1102 3146 1353 3203 agamus,
1388 3113 1761 3211 deprecantes
1788 3154 1854 3205 ut

269 3205 429 3262 nobis
460 3207 822 3272 dimittantur.

2027 2014 2190 2071 Vnus.
2234 2016 2324 2073 50.
2363 2048 2436 2061 -
2461 2018 2601 2074 Dum
2638 2022 2929 2076 maledicit.
2972 2021 3090 2077 Non
3140 2023 3267 2091 quia
3313 2020 3543 2077 maledi-

1952 2111 2099 2161 ctum
2150 2105 2286 2162 dicit
2319 2106 2616 2177 diaholum,
2669 2109 2765 2166 sed
2819 2112 2947 2182 quia
2983 2126 3147 2182 quem
3192 2111 3545 2168 maledictum

1956 2198 2129 2264 novit,
2158 2213 2264 2255 non
2298 2210 2479 2257 cessat
2505 2200 2731 2258 imitari.
2762 2201 2901 2258 Dum
2937 2203 3080 2259 enim
3118 2202 3327 2259 mavult
3356 2202 3545 2259 diabo-

1951 2294 2065 2349 lum
2088 2295 2314 2364 imitari,
2344 2308 2508 2369 quam
2534 2297 2834 2366 Christum,
2854 2297 2981 2370 iure
3000 2299 3308 2355 damnatur.

2525 2407 2753 2469 CAPUT
2791 2410 2958 2467 XXII.

2021 2494 2189 2552 Vens.
2222 2496 2275 2551 1.
2305 2528 2377 2539 -
2396 2495 2464 2552 1η
2500 2498 2699 2571 lapide,
2726 2510 2833 2557 etc.
2868 2498 3052 2576 (lt/te.)
3080 2498 3307 2570 Quando
3334 2512 3531 2571 pecca-

1952 2596 2131 2644 torum
2156 2590 2307 2647 duris
2340 2589 2745 2662 Scripturarum
2787 2594 3074 2653 sententiis
3109 2593 3360 2661 foeditas,
3405 2602 3539 2662 etc.,

1950 2698 2114 2755 usque
2134 2683 2204 2737 ad
2227 2699 2256 2739 a
2282 2685 2734 2757 praedicatoribus
2760 2688 3180 2761 improperatur.

2025 2777 2188 2835 Vnus.
2228 2770 2630 2837 6.—Musica.
2683 2778 2790 2839 Eos
2839 2792 3012 2851 notat,
3055 2783 3149 2855 qui
3194 2781 3251 2839 in
3298 2782 3541 2839 Ecclesia

1949 2866 2199 2938 plausum
2228 2871 2410 2943 populi
2429 2880 2486 2927 et
2513 2872 2755 2931 favorem
2775 2882 3045 2947 quaerunt,
3073 2890 3176 2930 nec
3198 2874 3373 2951 magis
3393 2890 3541 2932 com-

1950 2962 2297 3030 punctionem
2327 2964 2691 3036 lacrymarum
2722 2967 2983 3023 excitant.

2027 3050 2187 3107 Vens.
2231 3053 2284 3108 7.
2308 3084 2382 3095 —
2405 3053 2512 3120 Qui
2554 3054 2707 3110 deut
2731 3057 2959 3126 fatuum.
2979 3057 3139 3113 Testa
3166 3057 3337 3114 multo
3359 3058 3542 3114 labore

1954 3142 2202 3207 confecta
2224 3143 2580 3217 fragilitatem
2603 3162 2755 3205 suam
2798 3164 2906 3203 non
2931 3148 3132 3205 evadit.
3177 3148 3383 3207 Fatuus
3408 3166 3538 3221 quo-

1954 3248 2061 3306 que
2104 3237 2353 3307 quamvis
2392 3236 2622 3299 sollicite
2665 3238 2975 3307 erudiatur,
3006 3240 3098 3295 vix
3138 3238 3207 3295 ad
3249 3239 3541 3315 perfectio-

340 3295 509 3397 Vzas.
538 3297 593 3354 2.
621 3332 692 3343 —
717 3300 952 3364 Colubri.
992 3309 1115 3387 (11).)
1148 3313 1353 3375 Diaboli
1375 3318 1469 3391 qui
1514 3337 1726 3394 semper
1759 3341 1849 3385 eo-
1877 3286 1929 3356 c
1953 3286 2078 3385 nem

266 3386 330 3444 lit
348 3390 571 3449 umbras
599 3399 830 3466 peccati,
861 3412 919 3461 et
944 3386 1141 3474 regnat
1162 3406 1219 3469 in
1256 3386 1773 3473 ﬁliis‘teuebrarum.

336 3481 502 3541 Vens.
525 3482 581 3543 3.
603 3518 676 3530 —-
700 3490 891 3550 Dentes
912 3495 1078 3554 leonis
1093 3540 1109 3565 ,
1138 3512 1244 3559 etc.
1286 3503 1636 3567 Adversarius
1675 3520 1849 3569 noster

265 3575 815 3675 diabolus,_ta_nquam
840 3584 922 3644 leo
947 3593 1187 3663 rugiens,
1220 3596 1407 3655 circuit
1424 3602 1663 3672 quaerens
1695 3619 1847 3675 quem

265 3666 475 3725 devoret
503 3668 560 3744 (ι
585 3668 731 3730 Petr.
759 3674 836 3750 v).

334 3758 501 3861 νξιιε.
532 3761 683 3861 ρ-
705 3764 1016 3844 Objurgatio
1065 3784 1117 3843 et
1146 3777 1392 3851 injuria,
1421 3790 1526 3847 etc.
1562 3785 1686 3861 (11).)
1707 3787 1846 3851 Con-

264 3852 449 3908 cordia
481 3855 718 3914 minimae
749 3876 837 3918 res
863 3878 1134 3936 crescunt,
1166 3878 1294 3937 etc.,
1322 3890 1485 3945 usque
1505 3852 1582 3931 ad
1756 3896 1846 3937 ve-

266 3945 485 4002 ritatem
525 3948 649 4007 ﬁdei
672 3960 727 4008 et
754 3955 1018 4015 unitatem
1045 3962 1195 4031 pacis
1222 3963 1582 4027 abominatus.

338 4035 503 4131 V‘nns.
529 4036 659 4131 d.—
682 4041 990 4117 Deprecatio
1023 4053 1293 4125 pauperis,
1344 4063 1453 4111 etc.
1477 4056 1611 4126 Quia
1627 4057 1843 4131 judica-

263 4124 345 4182 bit
370 4125 513 4185 Deus
536 4130 751 4202 impios,
782 4137 874 4208 qui
898 4136 1140 4211 amigunt
1165 4152 1402 4202 sanctos.

2024 3420 2191 3477 Vens.
2219 3418 2305 3477 10.
2319 3416 2576 3493 —Supra
2604 3430 2891 3477 mortuum.
2921 3419 3053 3496 (11).)
3072 3418 3257 3477 Altera
3283 3428 3368 3478 est
3389 3437 3542 3483 mors

1951 3512 2229 3584 corporis.
2259 3520 2395 3580 etc.,
2423 3530 2586 3573 usque
2626 3513 2697 3573 ad
2736 3529 2885 3571 mors
2921 3514 3068 3572 enim
3101 3516 3382 3589 corporis,
3417 3514 3540 3573 tlnis

1950 3599 2158 3661 laboris
2182 3601 2441 3667 mundani

2021 3692 2187 3749 Vnus.
2218 3693 2397 3749 14.-
2420 3692 2554 3750 Cum
2592 3694 2774 3751 stulto.
2819 3690 2943 3771 ([n.)
2982 3696 3150 3752 Docet
3189 3712 3314 3753 cum
3353 3697 3533 3755 stultis

1949 3799 2254 3845 sermonem
2281 3801 2388 3845 non
2413 3802 2533 3843 esse
2559 3787 2985 3859 protrahendum
3004 3828 3019 3855 ,
3066 3796 3195 3856 etc.,
3236 3805 3398 3862 usque
3424 3788 3536 3853 ad:

1951 3875 2056 3944 Qui
2088 3877 2228 3930 enim
2266 3876 2455 3933 dixerit
2497 3878 2546 3932 ei
2584 3895 2698 3947 ave,
2744 3879 3095 3935 communicat
3132 3879 3255 3953 ejus
3295 3878 3537 3952 operibus

1947 3968 2194 4041 malignis
2224 3968 2311 4043 (II
2335 3970 2494 4026 loan.
2524 3969 2586 4045 ι).

2021 4060 2186 4121 Vens.
2220 4063 2309 4119 17.
2333 4093 2404 4109 -—-
2432 4063 2602 4136 Super
2633 4064 2925 4137 plumbum.
2960 4063 3099 4122 Hinc
3124 4063 3381 4122 Salomon
3419 4064 3534 4121 ait:

1946 4152 2116 4209 Grave
2130 4164 2204 4210 est
2231 4171 2421 4211 saxum
2438 4165 2489 4213 et
2515 4172 2738 4213 onerosa
2763 4173 2945 4223 arena,
2973 4158 3064 4212 sed
3090 4158 3173 4210 ira
3204 4154 3355 4211 stulti
3377 4164 3527 4209 utro-

337 4216 507 4319 Vﬁktio
555 4221 608 4278 Ἰ.
641 4255 710 4265 -
732 4222 1141 4300 Correptioaem.
1190 4233 1250 4291 ld
1287 4246 1393 4304 est,
1435 4232 1700 4317 judicium
1759 4244 1843 4307 sui
1943 4262 2044 4318 que
2081 4248 2290 4319 gravior
2332 4245 2516 4319 (Prov.
2563 4248 2759 4317 xxvu).
2803 4216 2965 4319 Pejus
3016 4253 3205 4316 peccat
3240 4243 3532 4301 haereticus

263 4315 498 4384 peccati,
527 4318 653 4390 quia
683 4329 921 4383 mentem
962 4339 1115 4381 suam
1154 4315 1461 4400 induravit,
1487 4348 1557 4397 ne
1598 4334 1848 4397 obediret
2160 4315 2478 4405 catholicus,
2522 4337 2578 4390 in
2623 4315 2967 4395 militudine
3018 4315 3314 4391 multorum
3355 4333 3527 4390 malo-

263 4404 502 4464 veritati.

337 4496 502 4557 Vsus.
534 4501 590 4559 8.
619 4534 693 4546 —
715 4502 889 4563 Notus
918 4526 951 4563 a
979 4509 1147 4582 longe.
1176 4510 1551 4577 Manifestatur
1584 4530 1848 4587 praesum-

1946 4443 2105 4494 rum;
2133 4427 2218 4483 vel
2240 4428 2593 4499 philosophus
2617 4428 2711 4499 qui
2741 4429 2977 4484 humana
3003 4429 3196 4484 nititur
3229 4427 3525 4505 sapientia;

1943 4516 2031 4575 vel
2061 4517 2278 4593 gentilis
2297 4558 2313 4584 ,
2342 4519 2434 4590 qui
2460 4534 2565 4575 non
2602 4520 2849 4593 pervenit
2873 4519 2942 4575 ad
2974 4518 3133 4581 ﬁdem
3151 4561 3168 4587 ,
3187 4528 3242 4579 et
3266 4521 3526 4592 ignoran-

263 4592 379 4663 ptio
406 4592 659 4652 haeretica
700 4597 964 4673 in-lingua
989 4603 1307 4670 temeraria,
1330 4620 1452 4679 qua:
1480 4604 1717 4681 loquitur
1743 4606 1843 4667 ad-
1866 4650 1923 4712 Β
1948 4618 2033 4667 ter
2057 4619 2288 4681 peccat:
2319 4612 2489 4677 unde,
2511 4592 2706 4670 Servus
2750 4613 2892 4669 enim
2941 4613 3032 4685 qui
3070 4613 3169 4668 scit
3208 4613 3526 4671 voluntatem

264 4699 456 4712 ..Α-η..-
485 4684 649 4712 τιν...
680 4688 1014 4712 ε..2---ει-....μ
1973 4703 1984 4712 .
2080 4704 2092 4712 .
2136 4705 2148 4712 .
2257 4704 2269 4712 .
2544 4705 2560 4712 -
2627 4707 2639 4712 -
2867 4704 2877 4712 .
2922 4706 2965 4712 ..
3110 4704 3122 4712 .
3152 4706 3163 4712 -
3226 4702 3274 4712 .-
3480 4704 3490 4712 .

264 4699 459 4742 versus
485 4684 652 4743 Deum
679 4688 1039 4761 iniquitatem.

337 4778 504 4836 Vnus.
538 4780 591 4837 9.
613 4812 685 4822 —
706 4780 826 4850 Qui
846 4782 1079 4855 aediﬁcat
1112 4782 1345 4854 domum,
1379 4795 1482 4845 etc.
1516 4784 1841 4849 Hazreticum

267 4870 558 4941 signiﬁcat,
590 4874 683 4945 qui
721 4872 1014 4949 Scrip'ura:
1043 4881 1351 4937 testimonia
1388 4897 1418 4936 a
1465 4898 1634 4952 pravo
1681 4900 1845 4947 sensu

268 4963 471 5032 aliena,
488 4967 560 5025 ad
586 4967 1052 5029 conﬁrmationem
1075 4971 1158 5027 sui
1178 4973 1383 5029 erroris
1400 4983 1710 5046 congregat.
1734 4975 1843 5035 Sed

265 5055 507 5114 vindicta
542 5059 765 5118 ultionis
805 5058 965 5133 iustae
1006 5061 1329 5121 dissolvetur
1358 5064 1553 5123 duritia
1598 5065 1843 5125 nefandae

270 5148 533 5219 actionis;
564 5144 651 5209 vel
676 5154 1044 5226 trepologice:
1074 5154 1315 5219 Avarum
1339 5164 1639 5229 raptorem,
1664 5157 1755 5233 qui
1774 5172 1845 5217 ex

272 5242 466 5299 alienis
503 5244 664 5301 rebus
699 5254 859 5316 auget
879 5247 1116 5314 divitias,
1136 5256 1192 5304 et
1231 5265 1433 5305 vacuus
1469 5250 1723 5309 omnibus
1748 5251 1845 5313 bo-

271 5334 358 5389 nis
379 5335 432 5391 iu
463 5332 550 5395 die
568 5336 759 5408 iudicii
786 5352 885 5413 pro
916 5338 1198 5409 iniquitate
1221 5356 1319 5401 sua
1343 5341 1616 5413 punietur.

346 5425 515 5483 Vm.
551 5428 734 5483 ll.—
768 5425 865 5484 Via
924 5431 1271 5501 peccantium.
1313 5431 1435 5491 [deo
1478 5430 1633 5489 velox
1671 5428 1842 5488 malo-

271 5533 393 5576 rum
418 5519 695 5588 interitus,
720 5522 845 5592 quia
873 5524 980 5589 via,
1011 5522 1067 5579 id
1089 5530 1177 5581 est
1196 5522 1303 5581 vit:
1336 5522 1547 5583 illorum
1575 5524 1730 5599 plena
1763 5531 1848 5579 est

274 5609 548 5667 doloribus
572 5631 585 5666 :
619 5620 675 5667 et
697 5612 845 5667 duris
870 5623 1218 5682 peccatorum
1240 5615 1513 5686 operibus.

345 5700 509 5757 Vsus.
562 5701 650 5757 14.
672 5731 743 5742 -
772 5700 895 5757 Non
919 5704 1207 5771 erudietur,
1234 5713 1340 5761 etc.
1381 5704 1564 5779 (Ριη.)
1584 5704 1681 5762 His
1716 5720 1842 5761 sen-

274 5793 459 5849 tentiis
485 5788 785 5859 confundit,
830 5802 963 5861 etc.,
1005 5810 1167 5867 usque
1195 5797 1267 5852 ad
1304 5808 1359 5853 et
1392 5797 1506 5869 ipse
1547 5796 1844 5853 immiscuit

275 5901 337 5947 te
360 5886 582 5942 inﬁnitis
601 5885 1005 5957 quaestionibus.

1948 4703 2148 4763 domini
2185 4704 2291 4770 sui,
2326 4713 2375 4760 et
2406 4722 2510 4760 non
2531 4705 2660 4776 facit
2683 4721 2701 4760 :
2724 4704 2986 4776 vapulabit
3011 4704 3191 4767 multis
3219 4702 3371 4779 (Luc.
3397 4704 3521 4778 xu).

1948 4793 2051 4863 Qui
2076 4803 2257 4851 autem
2287 4797 2478 4862 nescit,
2512 4795 2720 4866 paucis.

2021 4887 2189 4947 Vnus.
2240 4887 2326 4944 19.
2352 4917 2429 4933 -—
2451 4886 2844 4943 Loramentum.
2886 4886 3055 4963 Ligna
3077 4886 3261 4959 iustos
3285 4890 3526 4965 signant,

1950 4981 2043 5051 qui
2066 4980 2297 5039 fructum
2327 4980 2459 5039 dant
2490 4981 2544 5036 in
2575 4989 2835 5053 tempore,
2879 4999 3108 5054 quorum
3139 4982 3266 5039 folia
3301 4998 3409 5039 non
3431 4983 3526 5039 de-

1950 5071 2169 5127 cidunt:
2200 5079 2255 5127 et
2281 5072 2462 5127 omnia
2484 5087 2605 5142 quae
2646 5072 2850 5128 faciunt
2879 5083 3296 5144 prosperantur;
3328 5072 3524 5131 funda-

1945 5170 2190 5225 mentum
2212 5171 2391 5221 autem
2414 5162 2651 5231 aediﬁcii,
2672 5164 2945 5234 apostolos
2966 5163 3048 5221 vel
3063 5163 3371 5245 prophetas,
3395 5178 3527 5237 quo-

1945 5272 2071 5317 rum
2124 5257 2435 5328 praedicatio
2488 5256 2786 5323 Ecclesiam
2845 5258 3095 5317 sustinet.
3151 5252 3522 5315 Loramentum

1944 5363 2068 5421 ergo
2095 5346 2327 5419 ligneum
2348 5347 2648 5420 colligatum
2676 5349 3019 5420 fundamento
3047 5348 3261 5423 aediﬁcii
3288 5367 3392 5405 non
3413 5350 3525 5405 dis-

1946 5437 2166 5493 solvitur
2185 5452 2204 5490 :
2224 5439 2350 5509 quia
2385 5438 2529 5495 ﬁdes
2540 5440 2808 5510 passionis
2838 5438 3039 5496 Christi
3064 5440 3118 5495 in
3145 5439 3403 5496 cordibus
3424 5441 3525 5497 ho-

1950 5529 2157 5585 minum
2206 5530 2456 5600 adjuncta
2491 5531 2754 5589 doctrina:
2800 5531 3186 5607 apostolorum,
3236 5530 3527 5588 indissolu-

1946 5616 2053 5674 bile
2081 5618 2210 5675 facit
2227 5618 2479 5677 Ecclesiae
2503 5619 2810 5676 aediﬁcium.

2018 5708 2182 5764 Vnus.
2221 5709 2310 5765 21.
2340 5741 2409 5751 -
2438 5709 2588 5766 Sicut
2624 5710 2811 5782 palear,
2857 5720 2965 5768 etc.
3016 5710 3170 5768 Unde
3196 5726 3213 5767 :
3239 5708 3343 5779 Qui
3377 5710 3529 5768 audit

1945 5800 2107 5854 verba
2140 5815 2277 5866 mea,
2309 5811 2364 5855 et
2412 5816 2519 5856 non
2556 5801 2684 5857 facit
2721 5816 2803 5866 ea,
2833 5803 3027 5859 similis
3070 5813 3157 5858 est
3177 5803 3297 5859 viro
3338 5802 3522 5870 stulto,

1945 5891 2038 5965 qui
2066 5891 2294 5948 aediﬁcat
2321 5891 2539 5947 domum
2566 5906 2718 5948 suam
2744 5906 2906 5967 super
2928 5908 3159 5956 arenam.
