4028 6332
629 362 765 420 1207

1119 359 1508 417 WALAFRIDI
1548 358 1796 415 STRABI
1825 359 2030 418 FULD.
2077 357 2241 416 MON.
2283 357 2432 414 OPP.
2477 359 2655 416 PARS
2690 363 2728 418 l.
2770 394 2840 405 -—-
2877 362 3320 420 THEOLOGICA.

3650 379 3748 440 1208

703 478 864 534 Vens.
894 477 982 532 25.
1013 508 1084 517 -
1111 475 1260 532 Sicut
1290 493 1398 530 cor.
1429 475 1612 547 (ΚΑΒ.)
1651 475 1801 530 Sicut
1826 475 2078 545 limpidus
2105 489 2200 544 pa-
2228 480 2280 538 Α
2304 474 2437 529 itum
2462 516 2476 541 ,
2501 483 2558 531 et
2590 475 2722 530 nihil
2753 474 2991 532 futurum
3018 485 3101 532 est
3138 492 3152 530 :
3190 479 3358 534 omnia
3386 487 3627 550 praesentia
3649 505 3750 551 sum,

629 574 758 640 ries,
786 583 913 638 etc.,
950 588 1114 642 usque
1155 570 1224 626 ad
1262 571 1342 625 sic
1381 585 1475 624 cor
1513 569 1643 624 fatui
1689 569 1896 639 spernit
1931 567 2195 624 scelerum

627 667 1054 722 recordationem
1083 680 1184 721 nec
1211 680 1396 736 poenas
1427 665 1580 719 timet
1605 672 1854 720 aeternas.

697 757 861 811 Vens.
885 755 975 810 25.
1001 787 1072 797 —
1096 755 1307 811 Mittens
1341 756 1584 828 lapidem.
1623 755 1868 812 Ostendit
1893 757 2022 828 quid
2058 755 2194 810 ami-

628 863 747 903 cum
791 849 991 903 bonum
1037 856 1334 913 conservet,
1374 849 1457 928 vel
1493 849 1671 919 potius
1719 848 1934 904 alienet.
1984 847 2196 902 Mittens

626 936 870 1008 lapidem.
915 936 1068 993 Sicut
1098 938 1291 1008 lapidis
1324 939 1436 994 ictu
1479 938 1688 993 volatus
1720 939 1898 992 avium
1927 937 2194 1008 dejicitur,

626 1028 701 1082 ita
723 1029 950 1083 convicii
971 1028 1134 1083 verbo
1156 1029 1236 1085 vis
1261 1029 1510 1085 amicitiae
1535 1029 1864 1084 dissolvitur.

695 1116 861 1173 Vsus.
888 1118 977 1176 26.
1005 1150 1074 1160 —
1098 1119 1221 1173 Non
1243 1119 1497 1191 desperes.
1526 1119 1601 1175 De
1634 1118 1872 1174 amicitia
1895 1117 2034 1188 ejus,
2069 1117 2198 1188 quia

626 1213 807 1284 agnita
835 1212 1188 1268 correctionis
1211 1211 1444 1269 utilitate
1470 1213 1775 1285 regreditur
1807 1213 1874 1266 ad
1889 1212 1979 1284 jus
2007 1211 2194 1282 pristi-

623 1319 707 1360 nae
733 1305 1000 1360 amicitiae.

691 1396 856 1451 Vens.
885 1396 972 1450 27.
999 1425 1074 1440 -
1097 1395 1326 1468 E/fugiet
1369 1397 1589 1452 amicus.
1617 1396 1733 1452 Non
1767 1396 2060 1459 rediturus,
2093 1411 2196 1452 nec

620 1495 741 1557 post
776 1487 1296 1553 reconciliationem;
1328 1487 1472 1543 unde
1496 1505 1510 1543 :
1538 1487 1728 1544 Amico
1755 1485 2194 1542 reconciliatione

620 1579 806 1634 credas
841 1579 892 1633 in
922 1588 1204 1634 aeternum.

689 1671 855 1726 Vens.
892 1670 983 1726 29.
1006 1702 1076 1710 —
1102 1670 1170 1725 In
1208 1679 1433 1744 tempore
1461 1663 1832 1726 tribulationis.
1863 1671 1923 1726 In
1959 1670 2194 1726 adversi-

619 1773 728 1818 tatc
753 1763 926 1834 magis
945 1762 1206 1833 probatur
1229 1764 1454 1818 amicus.
1486 1763 1636 1817 Multi
1673 1765 1816 1818 enim
1841 1763 2000 1818 amici
2041 1778 2191 1819 men-

617 1873 709 1922 saz,
736 1867 790 1912 et
819 1874 922 1913 non
944 1866 1264 1928 permanent
1285 1859 1340 1912 in
1366 1857 1450 1912 die
1474 1858 1832 1914 necessitatis.

689 1950 852 2005 Vens.
881 1950 970 2005 50.
997 1981 1068 1990 ——
1089 1950 1220 2004 Ante
1243 1951 1433 2021 ignem,
1473 1959 1577 2005 etc.
1608 1949 1760 2005 Sicut
1787 1949 1964 2004 l‘umus
1988 1964 2187 2019 prace-

614 2042 695 2098 dit
742 2043 882 2114 ignis
928 2042 1256 2108 incendium,
1309 2042 1388 2097 sic
1416 2041 1550 2097 dura
1596 2043 1758 2097 verba
1801 2041 2182 2108 homicidium;

613 2139 774 2204 unde,
827 2136 1008 2192 Sermo
1063 2136 1226 2191 durus
1275 2137 1491 2191 suscitat
1533 2137 1680 2191 rixas
1731 2133 1913 2209 (Prov.
1959 2135 2072 2207 xv).
2119 2135 2186 2190 Et

612 2232 738 2287 alibi
775 2231 919 2298 :Qui
970 2231 1217 2286 irascitur
1267 2230 1422 2299 fratri
1463 2246 1596 2296 suo,
1647 2245 1766 2285 reus
1829 2229 1928 2284 erit
1977 2220 2183 2299 judicio

615 2323 826 2396 (Matth.
857 2323 950 2397 Ὗ).

682 2417 845 2472 Vsus.
884 2415 972 2472 51.
998 2447 1066 2457 -
1085 2416 1322 2471 Amicum
1343 2416 1594 2472 salutare.
1615 2414 1782 2470 Multa
1809 2415 1951 2470 bona
1981 2420 2108 2468 sunt
2126 2413 2183 2469 in

614 2510 850 2565 amicitia
877 2526 1005 2566 vera
1035 2530 1047 2564 :
1075 2510 1372 2580 congaudet
1395 2510 1537 2566 enim
1575 2524 1736 2565 verus
1764 2508 1970 2564 amicus
1997 2507 2052 2562 in
2081 2507 2180 2562 bo-

613 2601 699 2656 nis
726 2601 849 2666 tuis,
873 2611 929 2656 et
949 2602 1302 2657 contristatur
1323 2601 1376 2656 in
1401 2600 1578 2656 malis.

682 2691 845 2746 Vens.
876 2691 966 2746 52.
987 2722 1060 2732 -
1087 2690 1270 2747 Omnis
1289 2694 1377 2764 qui
1407 2693 1605 2749 audiet.
1633 2691 1691 2748 ld
1711 2699 1814 2757 est,
1853 2691 1946 2762 qui
1982 2703 2182 2762 cogno-

611 2782 712 2838 scit
740 2791 937 2852 quanta
969 2785 1110 2838 bona
1153 2785 1260 2839 sint
1305 2785 1360 2838 in
1390 2784 1628 2839 amicitia
1670 2798 1818 2848 vera,
1860 2781 2072 2838 cavebit
2113 2795 2182 2838 ne

612 2872 828 2942 injuria,
859 2875 944 2930 vel
976 2874 1220 2932 convicio
1247 2875 1479 2930 amicum
1505 2875 1682 2931 laedat.

1167 3008 1394 3066 CAPUT
1431 3009 1615 3066 XXII].

679 3141 844 3198 Vens.
871 3143 923 3198 1.
953 3173 1024 3185 -
1046 3145 1268 3201 Domine
1289 3156 1454 3218 pater.
1485 3145 1668 3220 (ΗΑΒ.)
1697 3146 1859 3216 Quasi
1885 3165 1898 3202 :
1923 3147 2040 3204 Tuo
2067 3164 2181 3206 mu-

609 3249 736 3290 nere
766 3235 1025 3292 defendar
1045 3252 1077 3292 a
1102 3238 1359 3309 voragine
1388 3238 1662 3294 vitiorum.

679 3326 840 3391 Vens.
871 3328 926 3381 2.
949 3359 1018 3368 —-
1043 3328 1172 3395 Quis
1195 3340 1522 3401 superponet.
1549 3329 1835 3386 Desiderat
1857 3331 1912 3412 in
1938 3332 2177 3400 cogitatu

607 3434 704 3476 suo
750 3417 958 3490 ﬂagella
993 3420 1308 3491 disciplinae,
1359 3431 1414 3476 et
1461 3422 1516 3476 in
1549 3422 1713 3478 corde
1741 3422 2046 3480 doctrinam
2089 3439 2178 3480 sa-

603 3511 855 3583 pientiae:
883 3527 952 3568 ne
994 3512 1133 3568 forte
1166 3530 1265 3584 per
1289 3515 1644 3587 ignorantiam
1674 3531 1783 3572 non
1805 3524 2062 3586 agnoscat
2081 3515 2177 3572 de-

604 3603 854 3661 lictorum
877 3606 1134 3676 pericula,
1177 3616 1231 3662 et
1259 3608 1680 3680 multiplicentur
1705 3610 1757 3665 ei
1785 3609 2036 3676 crimina,
2074 3623 2177 3680 pro

605 3696 800 3766 quibus
825 3697 982 3752 cadat
1009 3697 1063 3752 in
1094 3713 1288 3755 manus
1308 3701 1760 3757 adversariorum.

673 3787 837 3843 Vsus.
881 3789 934 3844 8.
980 3788 1139 3843 —In
1177 3792 1420 3846 vanitate.
1459 3791 1580 3864 (In.)
1624 3792 1760 3862 Quia
1798 3792 1944 3849 illam
1973 3807 2177 3864 prapo-

602 3881 688 3935 uit
705 3881 874 3934 amori
903 3881 997 3936 Dei
1021 3890 1076 3936 et
1100 3882 1369 3938 desiderio
1390 3895 1605 3939 aeternae
1627 3885 1995 3941 beatitudinis.

675 3969 834 4024 Vens.
881 3971 933 4035 9,
983 3971 1069 4027 10.
1099 3973 1490 4040 ——Jurationi,
1548 3985 1652 4030 etc.
1705 3975 1865 4034 Vetat
1898 3979 2178 4050 juramen-

603 4073 741 4130 tum,
782 4077 850 4117 ne
885 4061 980 4116 ﬁat
1006 4061 1336 4133 perjurium;
1367 4065 1540 4120 unde:
1573 4063 1751 4120 Nolite
1771 4067 1978 4137 jurare,
2013 4086 2177 4141 neque

601 4172 694 4226 per
713 4154 899 4209 caelum
928 4171 1091 4226 neque
1123 4171 1215 4225 per
1238 4164 1431 4210 terram
1461 4154 1666 4228 (Iacob.
1698 4156 1774 4228 v).

673 4248 834 4302 Vens.
880 4247 965 4300 15.
995 4277 1064 4287 -
1103 4245 1410 4318 Dupliciter.
1452 4247 1572 4319 (11).)
1627 4246 1762 4316 Quia
1809 4263 1908 4320 per
1951 4249 2173 4304 simula-

601 4341 802 4396 tionem
831 4340 970 4396 celat
989 4339 1305 4408 veritatem,
1337 4348 1392 4395 et
1413 4339 1548 4396 alios
1575 4355 1672 4411 per
1695 4340 1984 4398 falsitatem
2009 4341 2176 4398 mittit

599 4434 654 4488 in
679 4447 940 4488 errorem.

670 4523 836 4578 Vens.
881 4523 970 4578 15.
1000 4554 1071 4564 -
1097 4521 1197 4577 Est
1241 4522 1350 4578 alia
1377 4523 1602 4595 loquela.
1636 4522 1973 4594 Blasphemia
1992 4567 2008 4592 ,
2051 4541 2170 4598 qua:

599 4616 919 4687 supradictis
944 4615 1096 4686 pejor
1126 4624 1208 4670 est
1239 4635 1252 4668 :
1289 4615 1431 4670 unde
1469 4625 1684 4686 oportet
1715 4625 1777 4672 ut
1801 4633 1906 4672 non
1932 4618 2172 4674 invenia-

599 4719 688 4765 tur
715 4708 770 4762 in
801 4707 1105 4762 hwreditate
1127 4705 1294 4762 Jacob
1310 4749 1324 4774 ,
1356 4709 1408 4762 id
1431 4717 1533 4770 est,
1557 4708 1750 4778 populo
1773 4708 2045 4776 Ecclesia),
2076 4711 2170 4780 qui

599 4801 908 4872 supplantat
937 4799 1087 4864 vitia,
1119 4807 1173 4854 et
1199 4799 1253 4853 in
1283 4798 1572 4854 virtutibus
1600 4800 1766 4854 servit
1795 4799 1924 4855 Deo.

667 4892 830 4947 Vens.
871 4891 957 4944 17.
986 4921 1058 4930 --
1085 4889 1519 4960 Indisciplinatte.
1553 4890 1716 4958 Quasi
1766 4909 1779 4945 :
1820 4891 2170 4961 Disciplinam

596 4999 666 5039 ne
688 4983 925 5044 deseras.
958 4990 1014 5038 et
1055 4980 1450 5051 indisciplinatn
1478 4997 1572 5037 ore
1610 4997 1888 5039 sermones
1936 4991 2056 5038 tuos
2101 4997 2169 5038 ne

595 5073 864 5149 proferas.
890 5103 902 5113 ι

666 5168 828 5222 Vens.
877 5165 970 5221 22.
1015 5196 1088 5207 —
1125 5165 1315 5218 Anima
1360 5163 1573 5219 callida.
1621 5163 1772 5238 (ιν.)
1817 5164 2064 5220 Ηωτθῑίοἰ
2114 5173 2170 5221 et

597 5257 933 5316 schismatici
955 5257 1234 5311 ardentem
1263 5255 1497 5309 animam
1526 5254 1744 5322 habent,
1765 5267 1893 5322 etc.,
1917 5271 2079 5326 usque
2098 5255 2168 5309 ad

597 5354 690 5411 sed
716 5354 895 5409 virum
933 5354 1167 5424 priorem
1202 5353 1760 5428 relinquentes,_cum
1807 5354 1964 5410 idolis
1995 5353 2166 5410 forni-

596 5452 703 5508 cati
731 5459 872 5507 sunt.

665 5543 829 5599 Vens.
853 5542 945 5598 26.
971 5573 1042 5585 --
1065 5541 1308 5600 Tenebrae
1337 5545 1680 5601 circumdant.
1705 5546 1844 5618 (ln.).
1865 5546 1965 5615 Qui
1997 5548 2163 5604 casti-

599 5634 723 5690 tatis
750 5635 1002 5690 virtutem
1041 5635 1250 5704 perdit,
1278 5645 1402 5700 etc.,
1432 5655 1594 5710 usque
1617 5637 1686 5692 ad
1713 5652 1833 5694 cum
1859 5640 2036 5695 vultus
2064 5641 2168 5694 Do-

596 5724 730 5779 mini
753 5725 822 5778 sit
845 5740 1003 5794 super
1027 5725 1284 5781 facientes
1305 5728 1462 5781 mala.

668 5811 830 5868 Vna.
861 5815 947 5867 28.
978 5844 1046 5854 —
1069 5813 1222 5868 Oculi
1253 5815 1480 5872 Domini.
1504 5819 1634 5885 Quia
1673 5821 1746 5876 illi
1784 5820 1917 5876 nihil
1943 5829 2165 5890 praeter-

2370 565 2531 623 Vens.
2563 567 2650 623 50.
2699 599 2768 608 -
2798 568 2898 623 Hic
2937 570 2992 623 in
3022 568 3225 640 plateis.
3261 570 3466 626 Adulter
3497 574 3752 652 libidinosus,

2300 656 2365 711 de
2389 671 2494 726 quo
2515 659 2760 728 superius
2780 659 2980 714 dictum
3005 668 3108 724 est,
3133 658 3223 728 qui
3245 661 3388 728 quasi
3402 677 3550 732 equus
3565 676 3609 721 et
3629 673 3753 730 mulus

2298 745 2626 802 lasciviendo
2650 749 2904 804 discurrit
2941 765 3038 820 per
3064 748 3222 804 latam
3263 757 3317 806 et
3359 753 3608 822 spatiosam
3627 761 3751 831 viam,

2297 851 2415 906 quae
2444 837 2588 892 ducit
2613 839 2680 893 ad
2710 848 2957 894 mortem.

2367 927 2529 984 Vsus.
2551 929 2640 984 52.
2667 961 2734 970 -
2764 929 2852 986 Sic
2877 942 2926 985 et
2949 930 3154 986 mulier.
3179 929 3464 1002 Equaliter
3483 947 3529 992 et
3556 939 3598 993 in
3619 943 3754 1002 viroet

2296 1017 2352 1073 in
2400 1018 2598 1074 femina
2638 1021 2926 1076 damnatur
2950 1022 3297 1090 adulterium,
3336 1033 3387 1079 et
3427 1044 3610 1097 germen
3646 1033 3754 1103 hujus

2296 1110 2497 1180 ecpulte
2527 1113 2885 1170 abominabile
2921 1123 3004 1170 est
3047 1114 3176 1169 Deo.
3211 1115 3417 1187 Mystice
3459 1129 3608 1176 autem
3638 1125 3753 1183 bet-e-

2296 1202 2523 1258 ticorum
2551 1204 2830 1277 Syuagoga
2848 1247 2862 1272 ,
2886 1207 2971 1261 vel
2993 1208 3172 1263 anima
3195 1208 3432 1265 haeretica
3461 1216 3674 1282 pravitate
3694 1220 3754 1276 de-

2294 1305 2470 1365 cepta,
2509 1298 2884 1354 abominabilis
2913 1309 2996 1355 est
3045 1301 3186 1365 Deo,
3237 1303 3355 1370 quia
3397 1305 3614 1376 relinquit
3635 1311 3755 1366 virum

2293 1387 2526 1456 priorem
2549 1427 2564 1452 ,
2615 1389 2706 1460 qui
2739 1389 2838 1444 sibi
2869 1405 2988 1444 eam
3039 1391 3091 1444 in
3123 1391 3432 1463 baptismate
3473 1397 3702 1468 copulavit,
3721 1410 3756 1456 et

2292 1487 2612 1535 ornamento
2639 1481 2900 1536 virtutum
2927 1482 3220 1538 decoravit.

2362 1569 2528 1625 Vens.
2561 1571 2650 1626 54.
2687 1603 2757 1612 -
2786 1572 2914 1628 Haec
2943 1576 2996 1628 in
3028 1574 3283 1631 Ecclesia.
3330 1577 3456 1645 Quia
3483 1579 3582 1648 ejus
3609 1598 3758 1654 perver-

2292 1661 2425 1717 sitas
2451 1663 2504 1717 in
2531 1672 2796 1720 conventu
2837 1664 3070 1722 ﬁdelium
3088 1708 3104 1732 ,
3150 1683 3246 1737 per
3275 1669 3527 1727 solertiam
3556 1675 3757 1732 doctorum

2291 1753 2617 1809 declaratur.

2213 1853 2262 1913 Β
2361 1846 2524 1903 Vens.
2549 1848 2638 1904 55.
2661 1881 2730 1890 -
2756 1849 2825 1905 Et
2856 1853 3009 1907 rami.
3034 1852 3170 1920 Quia
3203 1862 3340 1908 secta
3367 1853 3496 1909 illius
3531 1855 3759 1912 fundamen-

2288 1947 2399 1995 tum
2434 1941 2678 1997 veritatis
2707 1959 2814 1998 non
2854 1945 3035 2009 habet,
3078 1943 3313 2000 fructum
3347 1947 3582 2002 bonorum
3606 1964 3760 2019 operum

2287 2031 2507 2104 gignere
2529 2049 2634 2088 non
2658 2043 2856 2104 potest.

2358 2125 2519 2184 Vens.
2559 2126 2646 2183 58.
2665 2157 2739 2168 -
2765 2127 3076 2200 Longitudo,
3103 2138 3212 2185 etc.
3239 2130 3372 2198 Quia
3408 2131 3458 2186 in
3493 2141 3656 2187 aeterna
3678 2133 3761 2186 bea-

2285 2219 2516 2276 titudine
2574 2221 2631 2274 in
2668 2228 2930 2276 aeternum
2984 2223 3381 2292 permanebunt
3429 2224 3510 2296 qui
3550 2235 3761 2294 sequuntur

2283 2313 2474 2369 Deum.

2830 2385 3057 2443 CAPUT
3093 2385 3262 2441 XXIV

2359 2501 2520 2558 Vens.
2558 2502 2614 2568 2,
2637 2502 2689 2557 5.
2713 2534 2784 2544 -
2812 2501 2879 2557 Et
2902 2504 2958 2556 in
2982 2502 3151 2556 medio
3180 2501 3376 2574 populi,
3401 2510 3496 2558 etc.
3514 2501 3658 2573 (Rm)
3675 2501 3761 2568 Quia

2285 2596 2340 2651 in
2363 2596 2672 2651 ostensione
2698 2594 3084 2650 miraculorum
3121 2596 3193 2649 ad
3236 2595 3436 2649 laudem
3473 2594 3556 2650 Dei
3579 2609 3762 2665 provoca-

2282 2688 2376 2742 bat
2393 2688 2668 2760 populum.
2712 2685 2930 2742 Virtutis
2963 2686 3127 2754 illius,
3150 2695 3259 2742 etc.
3283 2686 3596 2757 Angelorum,
3613 2685 3760 2755 religio-

2284 2795 2490 2835 eorum.

2355 2870 2521 2926 Vens.
2553 2868 2606 2924 5.
2626 2899 2701 2910 —
2719 2867 2833 2942 Ego
2853 2886 2917 2925 ea:
2943 2887 3050 2925 ore.
3079 2870 3220 2938 Quia
3248 2871 3472 2927 Verbum
3497 2869 3762 2925 consubstan-

2283 2959 2432 3027 tiale,
2475 2968 2822 3015 coarternum.
2867 2959 3002 3028 Quia
3046 2976 3156 3016 non
3204 2977 3322 3016 sum
3364 2970 3598 3016 creatura.
3624 2960 3760 3013 Dicitur

2281 3059 2462 3107 tamen
2508 3052 2894 3125 primogenitus
2931 3053 3106 3109 omnis
3141 3063 3420 3119 creaturae,
3453 3069 3545 3109 non
3580 3065 3758 3122 tempore,

2285 3146 2514 3213 scilicet,
2539 3147 2634 3202 sed
2670 3148 2874 3203 honore
2906 3146 3102 3219 (Exod.
3137 3147 3240 3218 tv).

2207 3212 2254 3278 ο
2356 3237 2519 3294 Vens.
2557 3238 2608 3294 6.
2639 3271 2710 3281 —
2733 3239 2848 3310 Ego
2871 3212 2969 3310 feci
2991 3241 3045 3294 in
3081 3212 3247 3295 cmlis.
3279 3239 3451 3313 (ΗΑΒ.)
3481 3241 3530 3296 In
3554 3241 3674 3296 etatis
3695 3239 3762 3291 ori—

2281 3338 2371 3385 tur
2391 3331 2594 3396 lumen,
2624 3331 2820 3388 nebula
2843 3332 3040 3403 tegitur
3083 3347 3236 3397 caro,
3278 3333 3397 3402 quia
3428 3333 3552 3387 sicut
3592 3331 3761 3387 claritate

2280 3437 2377 3478 sua
2425 3422 2688 3493 praecellit
2736 3423 3127 3479 obscuritatem
3181 3422 3404 3489 nebulae,
3451 3423 3522 3478 sic
3553 3418 3760 3494 spiritualis

2281 3524 2534 3570 creatura
2566 3517 2901 3588 corporalem
2925 3523 3190 3589 praecellit
3217 3525 3534 3595 dignitatem.

2351 3605 2514 3661 Vens.
2543 3606 2596 3660 7.
2617 3638 2690 3649 —
2713 3607 2952 3665 Thr-onus
2975 3629 3142 3668 meus.
3187 3615 3309 3687 (ιη.)
3333 3614 3604 3670 Humanum
3631 3619 3760 3675 corpus

2279 3701 2426 3757 nullo
2444 3703 2682 3774 pondere
2711 3706 2918 3774 peccati
2949 3719 3367 3779 praegravatum,
3402 3708 3489 3764 sed
3519 3705 3598 3760 Dei
3624 3702 3759 3756 virtute

2281 3792 2648 3860 sublimatum,
2679 3795 2735 3850 in
2779 3812 2886 3868 quo
2913 3800 3157 3870 potentia
3188 3801 3477 3857 divinitatis
3508 3795 3670 3872 judicia
3699 3805 3759 3845 sua

2278 3890 2538 3945 exercuit.

2347 3980 2512 4037 Vens.
2543 3982 2628 4037 12.
2653 4014 2726 4024 -
2749 3968 2955 4039 creavit
2981 3999 3083 4052 me,
3105 3993 3212 4043 etc.
3260 3985 3546 4043 Secundum
3579 3974 3757 4037 humani-

2281 4080 2446 4128 tatem
2460 4073 2717 4144 singulari
2741 4076 2978 4145 puritate
2997 4077 3064 4132 de
3089 4074 3297 4148 Spiritu
3313 4085 3490 4133 sancto
3509 4078 3755 4141 conceptam.

2277 4162 2342 4218 de
2357 4163 2580 4236 Virgine
2602 4165 2826 4220 editam.

2345 4254 2510 4311 Vens.
2551 4258 2638 4312 15.
2679 4287 2749 4298 -
2785 4257 2854 4314 In
2892 4259 3078 4316 Jacob.
3129 4260 3495 4318 Incarnatione
3543 4250 3757 4313 Salvatoris

2276 4344 2582 4413 specialiter
2611 4344 2812 4402 Judaeis
2837 4349 2914 4404 uti
2940 4366 3264 4407 concessum
3296 4359 3399 4417 est,
3443 4357 3492 4404 et
3532 4342 3756 4417 specialth

2275 4437 2341 4492 ad
2361 4437 2575 4494 Judaeos
2607 4440 2774 4495 venit.
2807 4440 2959 4498 Unde
2991 4459 3087 4513 per
3124 4441 3294 4499 Iacob
3321 4443 3593 4515 ﬁgurantur
3613 4431 3752 4493 Judai;

2272 4544 2369 4600 per
2389 4527 2558 4585 Israel
2588 4545 2738 4597 vero,
2778 4531 3034 4591 Gentiles.

2345 4621 2509 4678 Vens.
2535 4623 2623 4678 M.
2645 4653 2716 4664 —
2736 4624 2814 4677 Ab
2833 4624 3002 4680 initio.
3034 4625 3437 4684 Sacramentum
3458 4614 3754 4681 incarnationis

2273 4723 2398 4771 ante
2426 4714 2621 4770 saecula
2654 4717 2959 4785 praescitum
2990 4727 3045 4773 et
3068 4721 3517 4788 praedestinatum,
3551 4711 3750 4786 permanet

2274 4806 2330 4861 in
2375 4806 2629 4862 saeculum
2664 4808 2864 4862 saeculi.
2902 4809 2969 4863 Et
3007 4811 3419 4867 inhabitationes
3463 4802 3684 4864 Ecclesiae,
3718 4794 3750 4848 id

2269 4903 2353 4952 est
2381 4896 2548 4951 ritum
2577 4912 2719 4952 verae
2751 4897 3025 4967 religionis
3049 4900 3310 4972 disposuit

2341 4985 2504 5042 Vsus.
2537 4987 2624 5042 15.
2652 5019 2720 5028 -
2748 4985 2816 5040 Et
2835 4989 2910 5043 sic
2938 4991 2991 5043 in
3023 4988 3168 5045 Sion.
3205 4990 3385 5062 (ΗΑΒ.)
3415 4989 3530 5044 Sion
3562 4976 3748 5039 Ecclesit.

2225 5081 2230 5086 “
2275 5094 2394 5148 qua:
2423 5087 2478 5134 et
2506 5077 2826 5146 Jerusalem,
2856 5095 2974 5150 quae
3002 5097 3033 5136 a
3076 5083 3250 5152 primo
3268 5083 3412 5153 justo
3452 5090 3600 5146 usque
3620 5069 3670 5125 ad
3688 5079 3747 5119 no-

2273 5171 2553 5225 vissimum
2601 5171 2918 5238 aediﬁcatur,
2965 5181 3020 5228 et
3066 5173 3120 5227 in
3161 5189 3262 5243 qua
3310 5169 3550 5242 sapientia
3580 5155 3746 5234 quotidie

2271 5263 2579 5320 l'ructilicat.

2343 5353 2507 5410 Vens.
2536 5355 2620 5410 17.
2647 5386 2718 5396 -
2748 5353 2818 5409 In
2851 5354 3068 5410 Libano.
3109 5355 3288 5428 (ΗΑΒ.)
3322 5354 3531 5408 Libones
3559 5355 3678 5402 mons
3693 5342 3748 5389 65‘

2273 5447 2567 5512 Phoenicis,
2604 5456 2732 5511 etc.,
2773 5462 2935 5517 usque
2984 5447 3051 5500 ad
3095 5445 3442 5501 constantiam
3480 5445 3528 5494 et
3551 5431 3745 5490 actionem

2273 5555 2459 5596 eorum
2503 5541 2830 5611 exprimens,
2877 5540 2967 5610 qui
3009 5539 3283 5594 altioribus
3321 5533 3586 5592 Ecclesiam
3607 5523 3744 5580 ornant

2275 5635 2583 5690 virtutibus.
3634 5711 3648 5717 _

2347 5729 2509 5786 Vens.
2547 5732 2633 5786 18.
2660 5763 2730 5773 —-
2757 5731 2922 5799 Quasi
2943 5732 3140 5803 palma.
3169 5730 3343 5786 Arbor
3362 5728 3609 5783 diuturnus
3629 5708 3741 5764 loliis.

2277 5833 2333 5879 et
2357 5825 2608 5881 suavibus
2634 5827 2840 5897 pomis;
2867 5827 3040 5896 palma
3070 5827 3208 5884 dicta
3230 5823 3352 5896 quia
3378 5812 3585 5873 victricis
3606 5810 3741 5860 manus
