4028 6332
307 416 445 476 1209

1360 425 1626 482 GLOSSA
1662 423 2054 483 ORDINARIA.
2095 461 2166 474 —
2202 431 2329 488 LIB.
2367 433 2583 491 ECCLI.

3402 423 3540 502 tato

305 540 390 586 est
427 537 647 584 ornatus
687 545 702 583 :
745 533 826 586 vel
862 534 985 604 quia
1031 535 1084 590 in
1125 534 1342 591 modum
1387 537 1635 592 humanas
1681 535 1869 607 palmae
1893 535 1948 596 Δ
1976 556 2136 612 usque
2160 545 2229 597 ad
2266 553 2321 599 et
2342 545 2529 601 salutis
2565 558 2903 605 sacramenta
2951 550 3202 620 profudit.
3257 552 3430 620 Unde,
3472 551 3539 612 Et

305 635 486 674 ramus
529 622 801 692 expandit,
851 624 988 681 hanc
1031 625 1202 680 Grteci
1243 629 1451 700 φοινίκον
1500 627 1704 694 dicunt,
1743 629 1866 698 quia

304 711 528 767 Phoenix
555 712 670 766 avis
699 714 865 769 multo
899 717 1322 788 temporej'ivit.
1355 719 1490 774 IIuic
1524 729 1869 790 comparatur

305 802 570 868 Ecclesia,
608 819 726 874 quae
775 806 1044 864 incurvari
1079 811 1144 864 ad
1185 818 1412 867 terrena-
1443 813 1766 882 despicicns,
1800 812 1869 867 ad

305 893 539 949 coelestia
564 910 623 950 se
649 895 879 952 sustollit
909 916 922 952 :
961 907 1018 954 ut
1043 899 1194 954 ﬂnito
1229 915 1398 972 agone
1440 901 1710 958 cmlestem
1756 901 1870 972 pal-

306 1002 445 1042 mam
468 987 744 1058 suscipiat,
775 997 830 1044 et
855 991 1005 1060 quasi
1035 990 1159 1047 folia
1190 993 1472 1060 diuturna,
1512 994 1675 1049 verba
1707 1002 1868 1049 recta:

303 1077 650 1134 confessionis
675 1089 934 1152 perpetuo
955 1093 1254 1140 conservat.

369 1167 530 1225 Vsus.
561 1171 647 1227 l9.
680 1203 751 1212 —
790 1173 953 1240 Quasi
998 1175 1155 1232 oliva.
1203 1176 1389 1233 Graece
1434 1176 1613 1245 ἓλαῖον,
1660 1176 1868 1237 fructus

301 1261 550 1320 scilicet:
582 1265 720 1322 ἐλαία
760 1267 903 1322 enim
952 1269 1114 1324 arbor
1153 1270 1376 1335 dicitur,
1428 1287 1621 1326 succus
1668 1271 1864 1328 oleum.

297 1355 393 1411 Est
420 1365 599 1413 autem
627 1360 787 1414 arbor
825 1361 974 1430 pacis
1017 1361 1278 1432 insignis:
1321 1378 1419 1433 per
1445 1364 1585 1420 hanc
1632 1364 1866 1420 Ecclesia

297 1447 560 1517 signatur,
583 1466 702 1520 quae
726 1466 946 1521 campos
981 1453 1146 1507 totius
1175 1455 1356 1510 mundi
1385 1456 1577 1512 decore
1617 1457 1863 1523 illustrat,

295 1541 592 1612 et'speciali
621 1544 792 1613 gratia
836 1560 935 1614 per
972 1546 1280 1602 unctionem
1323 1548 1633 1604 chrismatis
1662 1551 1864 1604 sancti-

294 1614 441 1688 ficat.
478 1631 642 1699 Quasi
679 1635 943 1706 platanus.
970 1637 1227 1694 Platanus
1269 1641 1337 1696 ab
1383 1641 1666 1696 altitudine
1695 1641 1862 1706 dicta,

293 1726 376 1781 vel
407 1727 530 1796 quia
560 1727 741 1798 patula
765 1737 819 1784 et
837 1729 1030 1798 ampla.
1063 1729 1200 1786 Nam
1222 1731 1408 1795 πλατός
1434 1733 1606 1788 Grzeci
1629 1733 1863 1804 amplum

289 1830 505 1876 vocant.
541 1821 747 1878 Nomen
783 1839 933 1895 ergo,
978 1833 1034 1879 et
1076 1823 1302 1881 formam
1345 1827 1556 1882 arboris
1595 1829 1864 1898 expressit

1969 632 2118 702 quasi
2141 632 2430 689 balsamum
2453 651 2556 690 non
2585 639 2792 694 mistum
2829 639 2959 694 odor
2985 657 3149 698 meus.

2039 719 2199 778 Vens.
2231 723 2321 778 2'2.
2339 755 2409 766 —
2426 723 2784 796 Terebinthus,
2807 739 2914 786 etc.
2939 732 3060 805 (In.)
3080 733 3256 789 Arbor
3279 744 3382 802 est,
3405 743 3540 807 etc.,

1967 827 2128 884 usque
2159 813 2227 867 ad
2263 823 2320 869 et
2348 814 2464 871 sine
2491 819 2698 874 macula
2726 830 2854 876 sunt
2884 831 3009 876 ante
3029 823 3281 879 thronum
3311 824 3430 882 Dei.

2040 905 2202 960 Vens.
2245 905 2336 962 29.
2368 937 2441 948 --
2480 907 2585 974 Qui
2627 911 2800 970 edunt.
2834 930 2944 979 me,
2993 924 3098 970 etc.
3153 915 3274 988 (11).)
3317 916 3540 974 Edimus

1969 997 2308 1067 sapientiam,
2322 1008 2452 1064 etc.,
2476 1017 2637 1072 usque
2659 1004 2727 1056 ad
2748 1019 2766 1057 :
2791 1001 3005 1060 Gustate
3025 1015 3074 1060 et
3093 1007 3275 1074 videte,
3291 1010 3536 1080 quoniam

1967 1089 2140 1144 suavis
2169 1099 2242 1144 est
2270 1088 2522 1146 Dominus
2551 1090 2722 1164 (Psal.
2749 1096 2963 1168 xum),
2992 1107 3097 1153 etc.

2039 1180 2200 1235 Vsus.
2237 1180 2326 1236 54.
2352 1212 2424 1222 -
2458 1179 2644 1237 Posuit
2695 1183 2883 1240 David.
2933 1187 3054 1260 (11).)
3103 1188 3344 1257 Quatuor
3387 1204 3542 1261 para-

1969 1271 2067 1326 disi
2096 1270 2334 1336 ﬂumina,
2383 1281 2516 1340 etc.,
2548 1291 2711 1345 usque
2741 1277 2810 1330 ad
2854 1277 2945 1347 qui
2982 1279 3147 1334 mittit
3189 1280 3534 1352 disciplinam

1966 1361 2108 1416 sicut
2153 1362 2345 1428 lucem,
2373 1365 2498 1434 quia
2531 1375 2796 1437 praecepta
2823 1368 2934 1438 ejus
2967 1369 3130 1424 vitam
3155 1380 3414 1426 aeternam
3443 1373 3540 1426 tri-

1965 1452 2157 1520 buunt,
2188 1454 2365 1508 unde:
2395 1454 2584 1510 Docete
2605 1474 2782 1513 omnes
2802 1469 2996 1529 gentes,
3026 1461 3346 1532 baptizantes
3367 1481 3450 1518 eos
3481 1465 3536 1519 in

1967 1545 2174 1600 nomine
2215 1544 2416 1612 Patris,
2446 1557 2493 1602 et
2533 1546 2682 1615 Filii,
2727 1560 2775 1604 et
2804 1549 3029 1622 Spiritus
3056 1555 3261 1620 sancti;
3299 1555 3540 1611 docentes

1964 1650 2167 1689 seruare
2211 1637 2385 1691 omnia
2445 1655 2765 1712 quiscunque
2829 1643 3077 1698 mandavi
3127 1645 3268 1700 nobis
3317 1644 3534 1717 (Matth.

1963 1725 2154 1798 xxvn).

2035 1818 2196 1876 Vens.
2233 1821 2322 1876 55.
2359 1853 2430 1862 ——
2473 1821 2638 1889 Quasi
2681 1823 2895 1878 Phison.
2946 1825 3070 1896 (11).)
3107 1826 3338 1893 Phison,
3367 1828 3457 1897 qui
3485 1835 3542 1882 et

290 1914 472 1969 dicens
500 1932 514 1969 ε
543 1914 705 1983 Quasi
739 1916 988 1986 platanus
1011 1917 1232 1974 dilatata
1273 1933 1390 1973 sum
1427 1919 1482 1973 in
1513 1919 1725 1988 plateis.
1762 1920 1857 1974 Est
1885 1911 1935 1974 Β
1958 1909 2192 1982 GangeS.
2223 1920 2351 1978 θῑεο,
2394 1929 2555 1984 usque
2596 1915 2666 1968 ad
2710 1924 2765 1970 ει
2810 1915 2984 1970 fertur
3017 1917 3157 1971 Sicut
3187 1905 3338 1972 Nilus
3377 1932 3539 1989 super

289 2017 468 2062 autem
493 2009 804 2075 tenerrima,
839 2018 894 2064 et
922 2011 1100 2068 mollis
1127 2011 1288 2076 foliis,
1334 2018 1389 2065 et
1417 2011 1618 2066 vitibus
1652 2011 1862 2075 similis,

287 2106 342 2154 et
367 2097 637 2154 Christum
665 2099 956 2170 significat,
989 2103 1079 2174 qui
1108 2102 1480 2175 permembra
1513 2118 1610 2158 sua
1646 2104 1700 2158 in
1738 2107 1870 2158 orbe

289 2188 544 2245 dilatatur
571 2190 718 2245 mitis
747 2200 802 2246 et
835 2203 1169 2248 mansuetus.

357 2277 518 2333 Vnus.
547 2279 636 2334 20.
660 2309 730 2320 —
762 2280 906 2336 Sicut
935 2283 1340 2338 cinnamomum.
1367 2283 1779 2341 Cinnamomum
1812 2295 1868 2343 et

287 2369 585 2428 balsamum
611 2373 918 2428 aromaticae
942 2375 1165 2430 arbores
1183 2384 1328 2430 sunt.
1358 2375 1765 2432 Cinnamomum
1788 2377 1870 2432 di-

285 2469 451 2527 ctum,
483 2463 608 2531 quia
635 2472 820 2518 cortex
849 2465 966 2535 ejus
993 2465 1044 2519 in
1073 2466 1288 2520 modum
1318 2481 1502 2522 cannae
1533 2467 1794 2522 rotundus
1813 2475 1868 2522 et

285 2556 520 2628 gracilis.
549 2555 796 2629 Gignitur
823 2559 875 2612 in
905 2558 1055 2613 India
1093 2567 1148 2613 et
1175 2559 1442 2631 Ethiopia,
1490 2559 1684 2616 frutice
1716 2560 1864 2616 brevi

283 2649 508 2704 duorum
554 2657 762 2705 tantum
803 2650 1105 2706 cubitorum
1125 2691 1140 2717 ,
1173 2650 1352 2706 colore
1379 2651 1634 2721 subnigro
1662 2651 1747 2707 vel
1784 2651 1862 2706 ci-

282 2755 463 2806 nereo,
493 2742 931 2798 tenuissimarum
957 2742 1252 2815 virgarum.
1287 2741 1422 2798 Nam
1443 2744 1587 2813 quod
1619 2759 1866 2800 crassum

279 2839 365 2885 est
388 2829 712 2900 despicitur;
753 2832 1008 2904 gracilius
1049 2847 1175 2887 vero
1222 2832 1444 2889 charius
1492 2848 1507 2887 :
1553 2833 1696 2903 quod
1740 2849 1864 2890 cum

283 2920 567 2991 frangitur,
612 2922 824 2976 visibile
865 2922 1252 2992 spiramentum
1301 2923 1500 2977 emittit
1541 2924 1594 2977 in
1639 2923 1860 2978 modum

281 3012 490 3070 nebulae
520 3012 604 3068 vel
628 3012 882 3083 pulveris.

351 3102 514 3159 Vnus.
562 3105 652 3159 21.
701 3134 770 3147 -
818 3104 1141 3160 Balsamum.
1191 3104 1374 3177 (1111).)
1421 3105 1702 3176 Aspaltum
1736 3107 1867 3164 dicit

283 3195 518 3262 Plinius,
571 3196 626 3250 in
686 3197 874 3252 eodem
923 3197 1193 3253 curriculo
1239 3197 1363 3254 coeli
1415 3198 1686 3265 nascitur,
1732 3208 1858 3265 etc.,

1972 2001 2206 2059 Orientis
2227 2011 2400 2058 terras
2422 2005 2715 2061 exundare.
2751 2005 2900 2062 Sicut
2937 2006 3133 2077 Tigris,
3165 2016 3270 2062 etc.
3307 2007 3428 2079 (In.)
3452 2008 3544 2063 Ti-

1969 2098 2080 2167 gris
2107 2097 2300 2153 ﬂuvius
2351 2098 2765 2172 Mesopotamiae,
2793 2108 2924 2167 etc.,
2963 2117 3127 2172 usque
3149 2102 3219 2156 ad
3249 2102 3372 2172 quia
3402 2103 3545 2160 sicut

1971 2187 2147 2260 Tigris
2181 2189 2353 2244 bestia
2396 2189 2655 2245 velociter
2681 2189 2872 2245 fertur.

2041 2277 2204 2332 Vens.
2232 2279 2321 2335 '56.
2363 2309 2434 2320 —
2486 2279 2650 2346 Quasi
2703 2278 3014 2352 Euphrates.
3070 2279 3191 2352 (11).)
3239 2281 3545 2352 Euphrates

1969 2371 2164 2427 ﬂuvius
2208 2369 2627 2442 Mesopotamiae,
2663 2380 2792 2438 etc.,
2836 2391 2998 2446 usque
3029 2374 3098 2428 ad
3141 2382 3390 2445 terraque
3420 2389 3542 2444 quae

1971 2466 2036 2521 ab
2071 2467 2202 2537 ipsis
2247 2466 2924 2537 ambitur,_Mesopotamia
2966 2466 3181 2522 dicitur.
3220 2466 3386 2534 Quasi
3411 2465 3540 2522 Jor-

1969 2555 2139 2609 danis.
2193 2553 2442 2610 Jordanis
2492 2554 2686 2611 ﬂuvius
2741 2554 2960 2621 .Iudzeae,
2992 2572 3022 2610 a
3053 2555 3260 2612 duobus
3305 2555 3544 2614 fontibus

1969 2648 2307 2702 nominatur:
2329 2648 2448 2713 lor,
2463 2649 2665 2704 scilicet
2681 2659 2735 2704 et
2750 2649 2887 2712 Dan,
2911 2649 3106 2719 quibus
3130 2648 3409 2705 foederatis
3431 2637 3539 2704 col-

1968 2739 2168 2810 Iigitur.
2199 2737 2384 2796 Oritur
2421 2742 2519 2796 sub
2544 2740 2749 2796 Libano
2777 2749 2980 2806 monte,
3011 2748 3067 2796 et
3087 2740 3276 2796 dividit
3298 2741 3540 2796 Iudaeam

1968 2839 2021 2886 et
2041 2831 2318 2898 Arabiam,
2346 2840 2399 2887 et
2419 2831 2574 2900 juxta
2593 2830 2811 2888 Iericho
2837 2831 3011 2888 inﬂuit
3037 2834 3174 2888 mari
3200 2833 3430 2889 Mortuo.

1967 2937 1974 2944 ν
2038 2925 2198 2980 Vens.
2230 2925 2416 2979 57.—
2445 2924 2608 2990 Quasi
2660 2924 2824 2980 Geon.
2877 2923 3024 2980 Geon
3072 2925 3160 2980 hic
3208 2923 3540 2994 Ethiopians

1967 3014 2162 3085 cingit,
2197 3016 2274 3069 sic
2313 3024 2536 3070 vocatus
2566 3016 2691 3086 quia
2733 3015 2921 3086 irrigat
2958 3024 3158 3072 terram
3184 3013 3423 3088 Egypti.
3468 3013 3544 3068 Ge

1967 3105 2109 3161 enim
2140 3105 2328 3160 Graece
2367 3115 2565 3160 terram
2594 3105 2860 3176 significat
2892 3126 2904 3160 :
2953 3106 3045 3175 qui
3077 3106 3215 3175 apud
3260 3104 3542 3176 Egyptios

1967 3193 2117 3248 Nilus
2138 3203 2362 3249 vocatur
2386 3202 2604 3268 propter
2637 3193 2825 3248 limum
2847 3208 3007 3263 quem
3035 3193 3216 3255 trahit,
3240 3193 3333 3262 qui
3360 3192 3535 3248 fecun-

281 3303 440 3356 usque
465 3288 534 3342 ad
561 3303 826 3344 memores
859 3288 1152 3348 Dominicze
1191 3291 1459 3362 passionis
1493 3307 1593 3362 pro
1635 3293 1863 3349 Domino
1893 3291 1936 3354 ς
1967 3285 2192 3340 ditatem
2216 3283 2394 3348 eﬂlcit,
2425 3285 2566 3339 unde
2596 3292 2651 3339 et
2680 3282 2829 3338 Nilus
2861 3283 3034 3338 dictus
3062 3291 3162 3338 est.

281 3379 456 3449 parati
477 3387 605 3435 sunt
628 3381 760 3450 pati.
787 3380 952 3448 Quasi
979 3383 1213 3453 myrrha.
1240 3382 1456 3454 Myrrha
1478 3392 1560 3439 est
1588 3385 1644 3438 in
1664 3384 1863 3442 Arabia

284 3471 448 3526 arbor
487 3471 726 3544 quinque
777 3474 973 3529 cubitis
1019 3473 1159 3541 alta,
1207 3477 1376 3546 spinae
1411 3479 1606 3534 similis
1634 3521 1650 3546 ,
1702 3494 1865 3550 quam

281 3560 491 3619 ἄκανθαν
519 3572 718 3619 vocant
749 3563 941 3628 Graeci,
977 3563 1129 3634 cujus
1152 3575 1302 3636 gutta
1337 3568 1528 3624 viridis
1553 3577 1606 3624 et
1652 3585 1860 3638 amara,

278 3655 418 3710 unde
467 3663 523 3710 et
567 3671 763 3710 nomen
811 3657 1020 3726 accepit
1064 3674 1077 3711 :
1131 3672 1251 3728 quae
1304 3660 1485 3714 omnia
1537 3661 1864 3718 conveniunt

279 3745 683 3802 mortificationi
706 3747 904 3812 carnis,
933 3763 1052 3818 qua
1073 3764 1258 3805 amara
1281 3751 1347 3806 ad
1371 3761 1580 3822 tempus
1606 3755 1858 3821 sentitur,

277 3837 370 3893 sed
396 3838 448 3892 in
475 3853 569 3910 spe
593 3852 808 3902 semper
830 3839 1052 3896 virentis
1071 3843 1262 3912 patrias
1296 3843 1527 3900 libenter
1552 3846 1860 3918 suscipitur.

278 3927 460 4000 Spinas
501 3937 677 3985 autem
730 3939 1106 4002 comparatur,
1142 3933 1267 4003 quia
1310 3942 1370 3989 ut
1408 3945 1642 3992 mentem
1694 3936 1863 3994 salvet

274 4032 470 4088 corpus
495 4017 706 4095 afﬂigit.
747 4019 913 4076 Gutta
945 4031 1135 4092 sponte
1173 4039 1400 4081 manans
1433 4026 1724 4096 pretiosior
1747 4037 1859 4095 est;

274 4108 450 4164 elicita
481 4111 701 4167 corticis
728 4111 950 4167 vulnere
978 4113 1156 4179 vilior,
1209 4117 1334 4186 quia
1366 4119 1592 4188 majoris
1621 4129 1707 4198 est
1755 4120 1864 4174 vir-

273 4203 407 4257 tutis
435 4217 633 4274 corpus
659 4219 849 4259 sanum
897 4205 1007 4276 (cui
1045 4209 1252 4263 arridet
1291 4211 1447 4280 copia
1477 4210 1682 4284 rerum)
1718 4228 1861 4268 mor-

274 4291 499 4358 tilicare,
534 4309 694 4363 quam
719 4305 1000 4366 aegrotum,
1029 4297 1112 4353 vel
1140 4310 1454 4370 paupertate
1479 4301 1753 4358 afﬂictum.

345 4381 509 4448 Quasi
533 4393 732 4438 storax.
777 4384 900 4457 (In.)
944 4385 1162 4455 Storax,
1207 4390 1494 4461 galbanus,
1537 4400 1669 4457 etc.,
1705 4409 1863 4464 usque

271 4475 339 4528 ad
390 4483 574 4530 storax
619 4475 795 4542 dicta,
838 4478 962 4546 quia
1009 4487 1092 4534 est
1140 4487 1292 4550 gutta
1332 4481 1544 4537 arboris
1595 4479 1864 4550 proﬂuens

270 4573 324 4619 et
381 4564 696 4635 congelata,
743 4581 866 4620 nam
909 4566 1080 4622 Graeci
1131 4574 1363 4640 στακτήμ.
1411 4578 1617 4639 guttam
1656 4569 1858 4623 dicunt.

269 4656 339 4712 Et
371 4657 644 4729 galbanus.
695 4657 993 4713 Galbanum
1033 4659 1156 4731 (11).)
1198 4670 1329 4725 etc.,
1371 4677 1532 4731 usque
1572 4661 1642 4714 ad
1683 4661 1748 4716 ad
1792 4661 1865 4717 si-

269 4748 624 4805 militudinem
666 4751 990 4806 ammoniaci
1035 4750 1363 4821 minimeque
1413 4751 1700 4822 lignosum.
1747 4750 1862 4807 Un-

268 4844 409 4915 gula.
476 4841 684 4911 Ungula
746 4853 828 4899 est
875 4860 994 4914 quae
1045 4844 1098 4899 in
1140 4843 1326 4898 Exodo
1383 4844 1593 4915 onycba
1643 4844 1860 4900 dicitur.

268 4935 453 4991 Graece
479 4935 622 4991 enim
649 4938 788 5002 ὀνύξ,
809 4935 1004 4990 Latine
1033 4935 1251 5007 ungula,
1281 4934 1407 5006 quia
1436 4935 1674 4992 humano
1697 4937 1860 5008 ungui

270 5028 620 5085 assimilatur.
666 5025 844 5082 Gutta.
887 5028 1008 5100 (11).)
1048 5028 1210 5084 Gutta
1257 5043 1378 5098 qua:
1427 5037 1482 5082 et
1523 5029 1861 5084 ammoniaca

270 5123 486 5187 dicitur,
510 5130 642 5187 etc.,
669 5137 833 5192 usque
853 5121 923 5175 ad
949 5129 1152 5191 quanto
1177 5121 1351 5175 virtus
1376 5119 1560 5174 virtuti
1589 5119 1856 5192 jungitur,

271 5221 419 5268 tanto
460 5213 740 5267 incensum
789 5209 1056 5265 sincerius
1101 5211 1408 5266 exhibetur.
1457 5208 1710 5265 Libanus.
1767 5210 1858 5265 Li-

268 5303 459 5367 banus,
490 5308 548 5355 ut
570 5301 741 5366 aiunt,
783 5298 946 5354 arbor
974 5305 1058 5354 est
1082 5297 1205 5370 (11).)
1232 5309 1364 5365 etc.,
1389 5315 1550 5371 usque
1573 5300 1643 5353 ad
1670 5299 1857 5356 incisis

269 5391 556 5447 arboribus
584 5391 823 5463 lacryma
862 5388 1002 5456 ﬂuit,
1035 5390 1160 5459 quia
1200 5399 1524 5461 compuncta
1566 5391 1854 5447 humilium

267 5486 428 5541 corda
469 5499 661 5555 puram
698 5484 808 5539 Deo
841 5483 1145 5539 orationem
1183 5484 1456 5538 emittunt.
1511 5483 1751 5538 Libanus
1791 5482 1845 5538 in

267 5577 491 5633 Hebraeo
516 5577 800 5632 candorem
827 5575 1134 5646 signiﬁcat:
1164 5575 1222 5630 in
1263 5574 1471 5640 Graeco,
1501 5576 1637 5636 θοῦς.
1692 5574 1846 5630 Unde

209 5725 214 5732 ,
267 5667 320 5722 in
347 5667 603 5733 Canticis,
642 5667 736 5721 ubi
772 5665 998 5737 legimus
1020 5666 1089 5719 ad
1113 5665 1294 5720 collem
1317 5666 1483 5718 thuris
1509 5664 1686 5736 (Cant.
1719 5666 1839 5737 1v.),

265 5757 480 5828 quidam
508 5757 721 5813 codices
748 5756 948 5811 habent
979 5755 1048 5809 ad
1084 5755 1264 5810 collem
1301 5755 1484 5810 libani.
1531 5754 1841 5810 Balsamum

266 5862 370 5902 non
413 5848 640 5901 mistum.
685 5845 832 5921 (11).)
881 5843 1112 5900 Balsami
1155 5847 1316 5904 arbor
1348 5848 1401 5903 in
1441 5846 1662 5910 Iudaea,
1708 5856 1837 5903 etc..

2037 3376 2199 3432 Vsus.
2232 3375 2320 3431 38.
2345 3406 2414 3416 --
2445 3374 2567 3430 Νοη
2595 3373 2938 3445 investigabit.
2967 3371 3148 3444 (111111.)
3173 3370 3417 3428 Christus
3444 3388 3534 3426 au-

1965 3478 2084 3524 ctor
2101 3475 2186 3524 est
2199 3467 2494 3538 sapientiae,
2520 3474 2651 3532 etc.,
2679 3482 2837 3538 usque
2857 3465 2926 3520 ad
2946 3480 2963 3517 :
2987 3464 3156 3519 Nemo
3178 3465 3314 3520 novit
3336 3463 3536 3518 Filiam

1965 3559 2066 3612 nisi
2092 3557 2270 3623 Pater,
2299 3573 2390 3612 nec
2413 3555 2626 3611 Patrem
2653 3556 2769 3627 quis
2807 3555 2968 3619 novit,
2999 3555 3098 3610 nisi
3123 3552 3174 3608 F
3175 3553 3298 3608 ilius
3320 3552 3534 3625 (Matth.

1966 3648 2065 3719 ξι),
2090 3656 2194 3702 etc.

2037 3759 2198 3814 Vsus.
2236 3759 2325 3812 59.
2345 3789 2418 3798 —
2436 3757 2479 3810 A
2508 3759 2642 3812 mari
2673 3758 2829 3812 enim.
2863 3757 3010 3813 Mare
3037 3756 3302 3829 signiﬁcat
3325 3755 3540 3828 profun-

1966 3849 2185 3906 ditatem
2229 3849 2505 3918 sapientia:
2540 3848 2988 3916 inaestimabilem,
3036 3858 3090 3904 et
3126 3849 3535 3919 incomprehen-

1965 3941 2174 3996 sibilem
2211 3955 2370 3996 esse:
2413 3941 2666 4011 quoniam
2703 3956 2861 3996 nemo
2907 3948 3190 4010 penetrare
3227 3949 3404 4012 potest
3434 3939 3540 3997 nisi

1963 4048 2104 4090 unus
2127 4041 2178 4089 et
2207 4032 2352 4088 solus
2381 4032 2524 4089 Deus
2557 4031 2718 4088 Pater
2745 4041 2800 4090 et
2847 4031 3014 4090 Filius
3051 4042 3108 4090 et
3151 4033 3384 4106 Spiritus
3420 4047 3542 4088 san-

1964 4133 2102 4191 ctus,
2132 4125 2221 4195 qui
2253 4124 2487 4196 seipsum
2511 4139 2638 4179 vere
2666 4124 2839 4190 novit,
2867 4133 2923 4181 et
2947 4124 3226 4180 consilium
3273 4139 3451 4188 suum,
3484 4130 3541 4180 et

1965 4217 2057 4272 dat
2085 4225 2292 4272 tantum
2324 4232 2482 4272 nosse
2503 4224 2770 4273 creaturae
2793 4232 2926 4282 suas,
2950 4225 3210 4286 quantum
3229 4214 3464 4284 expedit.

2035 4335 2200 4389 Vsus.
2242 4332 2332 4385 H.
2371 4359 2449 4373 -ι
2477 4330 2644 4398 Quasi
2696 4341 2907 4386 trames.
2945 4331 3068 4402 (11).)
3105 4329 3240 4397 Quia
3284 4328 3428 4385 Deus
3470 4329 3540 4386 de

1966 4427 2096 4488 Deo,
2131 4423 2312 4478 lumen
2337 4422 2406 4477 de
2442 4422 2664 4477 lumine.
2713 4421 2941 4492 Tropice
2977 4420 3176 4476 dicitur
3199 4419 3364 4474 Pater
3386 4418 3539 4490 origo

1965 4516 2314 4573 Divinitatis:
2354 4515 2479 4586 quia
2531 4515 2597 4570 de
2645 4515 2807 4570 Patre
2849 4514 3085 4586 gignitur
3130 4513 3302 4569 Filius
3329 4521 3384 4569 et
3416 4528 3540 4584 pro-

1966 4610 2111 4665 cedit
2141 4609 2374 4680 Spiritus
2401 4614 2644 4672 sanctus,
2674 4607 2767 4676 qui
2801 4620 2900 4676 per
2941 4620 3134 4676 aquam
3159 4604 3492 4676 signiﬁcatur
3519 4621 3533 4658 :

1965 4702 2128 4768 unde,
2178 4699 2429 4756 Flumina
2489 4701 2553 4754 de
2599 4709 2770 4754 ventre
2827 4699 2941 4769 ejus
2995 4700 3160 4769 ﬂuent
3211 4715 3362 4770 aqua
3409 4699 3537 4753 vivis

1967 4793 2111 4868 (Job.
2137 4793 2256 4865 vn).
2320 4795 2469 4863 Aqua
2528 4791 2798 4862 sapientia:
2851 4789 3098 4846 salutaris
3138 4791 3332 4860 potavit
3387 4788 3535 4843 illum

1968 4885 2155 4958 (Eccli.
2183 4884 2298 4955 xv).
2323 4883 2436 4956 Ego
2469 4898 2619 4950 quasi
2653 4881 2842 4952 ﬂuvius
2874 4881 3058 4936 Doris.
3088 4879 3364 4951 Sapientia
3391 4892 3537 4932 com-

1964 4989 2185 5053 paratur
2215 4977 2376 5034 ﬂuvio
2400 4977 2764 5048 rapidissimo,
2805 4985 2938 5042 etc.,
2968 4991 3131 5047 usque
3162 4973 3232 5028 ad
3255 4972 3398 5028 unde
3428 4981 3538 5029 ter-

1966 5075 2038 5129 tia
2063 5074 2242 5145 lingua
2270 5071 2581 5130 Graecorum
2606 5069 2800 5126 Dorica
2823 5069 3037 5124 dicitur.

2031 5185 2195 5240 Vens.
2223 5182 2314 5238 46.
2345 5182 2619 5236 ——Adhuc
2663 5181 2975 5234 doctrinam.
3022 5174 3204 5248 (BAL)
3251 5173 3536 5247 Signiﬁcat

1959 5275 2118 5346 hujus
2145 5275 2323 5346 operis
2349 5273 2580 5344 scriptor
2605 5272 2802 5326 librum
2856 5283 2973 5324 esse
3003 5267 3314 5339 mysticum,
3342 5273 3398 5322 et
3426 5266 3533 5320 uti-

1958 5368 2088 5424 lem‘
2107 5368 2174 5422 ad
2221 5365 2526 5437 legendum.
2568 5363 2837 5420 Historice
2869 5361 3014 5416 enim
3043 5358 3406 5416 moralitatem
3443 5359 3537 5414 do-

1959 5459 2062 5522 cet,
2101 5465 2154 5513 et
2177 5455 2460 5528 allegorice
2497 5454 2621 5510 fidei
2659 5459 3078 5508 sacramentum.

2017 5573 2180 5630 Vens.
2208 5572 2296 5628 47.
2326 5603 2395 5612 -
2423 5571 2620 5635 Videte,
2653 5578 2757 5626 etc.
2783 5567 3195 5625 Ecclesiasticus
3213 5565 3404 5624 doctor
3428 5582 3534 5621 non

1945 5665 2118 5721 solum
2181 5665 2329 5732 sibi,
2387 5664 2480 5719 sed
2541 5671 2597 5718 et
2655 5661 2775 5716 aliis
2831 5661 3115 5716 scribendo
3175 5669 3230 5717 et
3295 5660 3538 5715 docendo

1942 5757 2205 5825 proficit:
2257 5756 2416 5817 unde,
2477 5753 2580 5819 Qui
2619 5754 2761 5808 docti
2813 5753 3034 5824 fuerint,
3081 5752 3349 5824 fulgebunt
3397 5753 3536 5811 sicut

1943 5849 2190 5916 splendor
2244 5848 2582 5914 firmamenti,
2636 5857 2684 5902 et
2743 5847 2832 5918 qui
2876 5846 2944 5900 ad
2981 5847 3241 5916 justitiam
3285 5844 3533 5899 erudiun-
