4028 6332
593 431 730 490 1215
1095 425 1484 484 WALAFRIDI
1523 425 1766 482 STRAB.
1803 423 2008 480 FULD.
2045 418 2212 479 MON.
2254 418 2405 478 OPP.
2442 421 2624 478 PARS
2657 422 2701 478 1.
2737 452 2808 464 -
2845 420 3298 478 THEOLOGICA.
3642 433 3742 492 ωδ

593 547 857 611 relaxent,
896 559 964 600 ne
1004 542 1203 598 cadant
1259 543 1312 598 in
1363 541 1745 612 turpitudinem
1780 541 2059 602 vitiorum,
2109 541 2164 591 et
2189 535 2242 595 Α
2265 549 2369 605 pus
2389 537 2708 607 perdamus,
2729 537 2865 593 bene
2894 551 3201 609 operemur,
3231 544 3290 591 ut
3312 539 3542 595 mandata
3571 541 3649 600 Dei
3676 562 3744 602 cu-

594 639 695 711 ipsi
725 635 1071 710 ignominiam
1107 635 1408 690 sustineant
1434 634 1838 705 sempiternam.
2265 629 2560 686 stodientes
2595 629 2836 700 requiem
2869 627 3204 682 inveniamus
3230 628 3496 685 animabus
3516 635 3694 690 nostris.

663 733 824 787 Vnus.
852 729 940 785 M.
970 759 1040 769 —-
1065 727 1258 782 Melior
1287 736 1361 782 est
1381 744 1598 798 pauper.
1622 725 1800 781 Dulcis
1827 733 1911 780 est
1944 737 2164 780 somnus
2335 720 2500 778 Vnus.
2531 721 2622 778 28.
2675 752 2744 764 υ-
2790 719 3158 792 Splendidam.
3184 717 3266 773 Ad
3289 718 3510 776 litteram
3539 725 3626 779 :ad
3647 727 3746 784 cleo.

593 821 860 894 operanti,
889 820 1007 877 sive
1033 818 1260 874 multum
1290 819 1554 880 comedat,
1583 816 1695 872 sive
1713 832 1920 888 parum.
1953 813 2164 870 Saturi-
2263 831 2544 888 mosynam
2590 815 2783 872 invitat
2819 832 2831 868 :
2873 813 3007 881 Quia
3035 814 3124 884 qui
3163 814 3380 867 seminat
3413 815 3463 869 in
3499 816 3746 875 benedictio-

592 923 676 970 tas
711 913 854 970 enim
897 913 1079 969 divitis
1104 927 1210 967 non
1236 911 1367 967 sinit
1390 910 1626 967 dormire
1655 925 1796 965 eum.
2264 909 2436 974 nibus,
2461 908 2524 962 de
2554 905 2989 962 benedictionibus
3018 915 3065 958 et
3107 913 3257 958 metet
3284 902 3366 976 (11
3411 903 3523 972 Cor,
3556 909 3637 978 ix).
3669 910 3746 986 ily.

662 1006 827 1062 Vsus.
862 1006 948 1061 15.
999 1036 1069 1046 —
1119 1004 1280 1059 Salus
1321 1006 1533 1059 animte.
1571 1003 1712 1058 Vera
1769 1003 1914 1059 salus
1969 1002 2164 1057 anima:
2264 1003 2397 1059 stice
2433 1011 2611 1058 autem
2640 1002 2732 1071 qui
2760 1015 2952 1072 panem
2979 997 3128 1052 verbi
3169 997 3392 1054 ﬁdeliter
3435 999 3680 1069 dispensat,
3711 1017 3748 1062 et

588 1098 796 1170 iustitia
843 1105 964 1163 est,
1001 1096 1088 1152 cui
1155 1111 1345 1150 aurum
1389 1103 1445 1150 et
1492 1103 1776 1165 argentum
1825 1109 1930 1149 non
1985 1091 2165 1146 valent
2264 1093 2632 1149 testimonium
2679 1091 2926 1147 veritatis
2971 1105 3079 1146 non
3105 1088 3353 1155 occultat,
3383 1089 3432 1144 in
3455 1095 3681 1162 presenti,
3713 1105 3749 1151 et

591 1191 917 1263 comparari,
965 1189 1090 1260 quia
1125 1203 1231 1244 non
1281 1189 1578 1258 proderunt
1613 1186 1812 1242 divitia:
1846 1186 1901 1240 in
1953 1186 2038 1240 die
2083 1183 2164 1238 ul-
2264 1185 2318 1240 in
2343 1185 2521 1240 futuro
2543 1184 2916 1242 benedicetur.

592 1284 772 1339 tionis.
798 1280 1012 1337 Justitia
1041 1279 1476 1358 autemanimam
1513 1278 1764 1333 liberabit
1807 1293 1837 1331 a
1859 1284 2050 1331 morte.
2335 1279 2495 1334 Vnus.
2525 1277 2613 1332 50.
2642 1307 2713 1317 -
2733 1275 2932 1331 Multos
2957 1275 3116 1340 enim,
3140 1281 3246 1329 etc.
3272 1273 3447 1347 (ΗΑΒ.)
3470 1274 3522 1330 ld
3545 1285 3614 1333 est
3631 1278 3750 1334 ebrie-

661 1377 826 1432 Vnas.
871 1376 956 1431 l8.
979 1374 1220 1430 —Bona
1254 1375 1578 1429 abscondita.
1631 1372 1812 1443 (ΒΑιι.)
1842 1370 2042 1426 Contra
2067 1384 2162 1426 eos
2262 1379 2346 1427 tas
2380 1370 2580 1426 multos
2618 1368 2901 1431 subvertit,
2935 1382 3054 1442 quae
3082 1381 3300 1421 sensum
3337 1366 3536 1432 minuit,
3550 1367 3658 1422 iram
3686 1385 3748 1424 ex-

589 1467 847 1539 loquitur,
877 1467 967 1536 qui
1025 1466 1282 1522 talentum
1319 1466 1469 1520 verbi
1516 1464 1852 1520 abscondunt
1881 1480 1895 1529 ;
1930 1477 2161 1533 quorum
2263 1465 2413 1529 citat,
2440 1463 2717 1519 libidinem
2744 1460 3061 1525 inﬂammat,
3092 1459 3260 1514 animi
3291 1468 3490 1514 secreta
3511 1460 3688 1515 revelat.

590 1563 814 1619 scientia
843 1560 1134 1617 virtutibus
1162 1559 1388 1627 inutilis,
1433 1559 1574 1615 sicut
1622 1558 1790 1630 epulae
1835 1558 2061 1614 mortuis
2107 1563 2162 1614 et
2336 1555 2500 1612 Vnus.
2523 1557 2610 1611 51.
2630 1586 2701 1596 -
2721 1555 2890 1626 Ignis.
2915 1553 2970 1608 ld
2993 1562 3079 1610 est
3103 1554 3244 1608 sicut
3266 1552 3400 1623 ignis
3427 1552 3543 1607 ferri
3567 1555 3749 1610 duritiam

588 1655 894 1711 thesaurus.
2263 1649 2456 1716 mollit,
2486 1657 2542 1704 et
2570 1649 2897 1703 candescere
2930 1645 3094 1710 facit;
3127 1645 3210 1700 sic
3247 1646 3427 1699 vinum
3454 1644 3595 1700 corda
3619 1660 3751 1716 super-

659 1745 823 1800 Vsns.
847 1745 937 1798 21.
967 1743 1203 1799 —Sicut
1228 1744 1412 1815 spado.
1441 1743 1557 1799 Non
1581 1743 1709 1798 facit.
1731 1743 1797 1797 ad
1826 1743 2162 1813 complexum
2262 1741 2454 1796 borum
2487 1738 2847 1803 inflammatis,
2875 1738 2941 1792 ad
2973 1735 3186 1791 facinus
3216 1735 3451 1807 impellit.

587 1836 834 1906 virginis,
880 1836 961 1891 sic
1003 1835 1245 1890 adoratio
1291 1834 1439 1900 idoli,
1472 1833 1822 1890 adorantibus
1866 1834 2159 1905 incongrua
2336 1833 2498 1888 Vens.
2533 1831 2622 1886 52.
2651 1861 2724 1872 —
2753 1829 2938 1903 liqua
2978 1831 3104 1886 vita.
3148 1830 3345 1886 Vinum
3384 1829 3546 1885 sobrie
3575 1837 3750 1901 potatun

589 1936 646 1984 et
669 1928 896 1983 inutilis.
1568 1947 1572 1952 ·
2189 1912 2238 1974 Β
2265 1924 2432 1980 vitam
2453 1923 2724 1994 aequitatis
2749 1937 2858 1979 non
2888 1921 3044 1987 tollit;
3064 1921 3160 1977 sed
3183 1921 3534 1987 sobrietatem,
3552 1930 3599 1976 et
3615 1931 3751 1976 cateia

519 2093 522 2096 ,
659 2025 820 2082 Vnus.
851 2027 944 2082 25.
975 2057 1048 2068 —-
1069 2025 1386 2082 Jucunditas
1415 2023 1608 2078 cordis.
1640 2021 1776 2090 Quia
1821 2019 1966 2075 nulla
1988 2018 2162 2073 virtus
2263 2021 2522 2075 virtutum
2569 2024 2887 2073 ornamenta
2923 2016 3164 2072 adducit.
3209 2013 3412 2070 Vinum.
3447 2014 3583 2070 Patet
3620 2014 3751 2069 irrita-

585 2121 703 2176 sine
727 2135 788 2174 ea
821 2118 1088 2174 consistit.
1129 2116 1309 2188 Major
1353 2124 1528 2171 autem
1571 2115 1759 2169 horum
1799 2123 1874 2168 est
1931 2111 2162 2166 charitas
2263 2113 2462 2168 tionem
2487 2151 2502 2174 ,
2537 2111 2674 2166 iram
2701 2150 2717 2176 ,
2746 2118 2802 2165 et
2828 2111 3013 2165 ruinas
3039 2108 3240 2165 multas
3267 2109 3515 2164 ebrietate
3537 2107 3686 2171 nasci,
3716 2115 3752 2161 et

585 2209 639 2284 (I
663 2209 783 2264 Cor.
820 2211 964 2282 xm).
1059 2211 1064 2213 ’
2262 2205 2678 2260 amaritudinem
2717 2203 2942 2270 animae,
2981 2210 3038 2258 et
3084 2201 3351 2258 scelerum
3392 2200 3591 2256 vulnera
3625 2197 3752 2253 multi-

661 2303 826 2358 Vnns.
849 2301 938 2357 26.
985 2333 1059 2344 -—
1087 2301 1336 2357 Minuunt
1366 2301 1499 2367 dies,
1532 2309 1638 2356 etc.
1695 2297 1810 2354 Viri
1845 2297 2161 2368 sanguinunt
2261 2297 2468 2369 plicari.

584 2413 687 2450 non
727 2395 1074 2450 dimidiabunt
1108 2395 1220 2450 dies
1257 2409 1380 2448 suos
1415 2363 1589 2464 (Psal.
1632 2390 1762 2463 LIV).
1801 2363 2014 2462 (ln.)—Id
2056 2396 2161 2455 est,
2262 2363 2280 2369 -
2828 2363 3054 2422 CAPUT
3081 2363 3301 2420 ΧΧΧΠ·

583 2489 1012 2560 prosperitatem,
1029 2503 1189 2558 quam
1213 2487 1315 2543 sibi
1337 2486 1675 2558 promittunt,
1696 2499 1803 2540 non
1821 2490 2048 2554 possunt
2066 2482 2163 2538 ha-
2335 2485 2497 2540 Vens.
2524 2485 2574 2539 1.
2596 2513 2667 2524 ——
2681 2482 2970 2537 Rectorem.
2998 2479 3185 2554 (ΚΑΒ.)
3211 2479 3310 2548 Qui
3335 2478 3570 2550 dignitate
3594 2486 3748 2548 penest,

584 2579 711 2634 bere
740 2579 793 2634 in
821 2586 1159 2652 perpetuum.
2265 2595 2374 2635 non
2425 2579 2583 2634 debet
2635 2576 2913 2647 superbire
2959 2592 2973 2629 :
3016 2572 3122 2641 Qui
3164 2573 3341 2646 major
3369 2581 3442 2629 est
3463 2580 3668 2636 uestrum,
3689 2569 3751 2638 ﬁat

1154 2709 1382 2766 CAPUT
1405 2708 1596 2764 XXXL
2263 2675 2394 2766 sicut
2417 2673 2608 2766 minor,
2641 2679 2756 2766 etc:
2779 2668 2994 2766 (Mattlt.
3020 2667 3098 2739 κ).
3130 2758 3144 2766 -
3308 2757 3340 2766 η

2331 2763 2495 2819 Vnus.
2529 2763 2584 2816 7.
2615 2791 2686 2803 —-
2714 2759 2986 2816 Gemmula
3029 2757 3356 2815 carbunculi.
3405 2754 3568 2828 (Rm)
3603 2753 3752 2808 Arden-

633 2847 814 2902 ’Vnns.
875 2850 928 2902 1.
978 2877 1051 2888 -
1107 2846 1330 2918 Lignum
1390 2845 1714 2915 o/fensionis.
1775 2842 1957 2913 (ΗΑΒ.)
2011 2840 2163 2896 Sicut

2158 2860 2163 2894 ι
2266 2857 2398 2913 tium
2433 2869 2767 2927 gemmarum
2820 2852 3187 2924 principatum
3230 2859 3392 2917 tenet,
3419 2857 3536 2916 etc.,
3561 2844 3749 2918 usquead

580 2937 752 2994 Adam
782 2938 836 2993 in
866 2938 1013 3008 ligno
1050 2937 1241 3004 vetito,
1273 2945 1400 3000 etc.,
1449 2953 1610 3008 usque
1636 2936 1705 2990 ad
1734 2950 1854 3007 qua:
1876 2933 2161 3005 splendore

2160 2963 2161 2966 ‘
2261 2959 2318 3005 et
2344 2948 2602 3022 mysteria
2626 2947 2921 3004 Dominicae
2948 2946 3223 3017 passionis
3253 2945 3411 3018 digno
3436 2949 3678 2999 veneratur
3697 2952 3751 2993 sa-

583 3029 904 3100 eloquentite
930 3030 1086 3094 nitet,
1119 3029 1443 3085 etscuriosos
1477 3027 1706 3084 seducit.

971 3030 1086 3094 itet,
1119 3029 1443 3085 etscuriosos
1477 3027 1706 3084 seducit.
2259 3048 2559 3096 (gl-amento.

653 3118 927 3176 VERS.12.
961 3151 1033 3161 -
1073 3117 1245 3191 Supra
1292 3137 1544 3175 mensam.
1596 3119 1718 3192 (ln.)
1767 3119 1849 3176 Ad
1895 3117 2155 3184 litteram,

2332 3132 2496 3186 Vnus.
2523 3130 2694 3185 11.-
2733 3129 2867 3184 Ante
2904 3129 3240 3199 grandinem.
3283 3128 3404 3201 (ln.)
3446 3126 3618 3195 Fulgor
3643 3137 3751 3178 corn-

581 3212 993 3280 εοιηίηθηιίεων
1041 3220 1172 3277 etc»
1201 3229 1364 3283 αεηαε
1385 3213 1456 3267 ad
1497 3212 1592 3271 Sed
1619 3219 1929 3268 εθηειοηιηι
1973 3212 2158 3266 ἀοοῑο·
2190 3275 2230 3294 η
2263 3223 2520 3280 scationis
2547 3222 2760 3294 pratibit
2790 3225 3002 3292 pondus
3026 3224 3312 3293 grandinis
3336 3240 3350 3290 ;
3381 3223 3454 3278 sic
3477 3222 3602 3277 nitor
3622 3215 3751 3286 gratiae

581 3321 697 3359 rum
724 3305 864 3358 viam
905 3313 1203 3361 teneamus.
2187 3275 2232 3341 Ο
2262 3275 2664 3373 γθιθειιιιὰἰέιηι.

652 3392 815 3449 Vens.
838 3395 927 3449 15.
975 3423 1048 3433 —
1094 3391 1219 3448 Non
1253 3393 1423 3460 dicas,
1473 3402 1578 3450 etc.
1627 3393 1752 3465 (ln.)
1798 3393 1961 3460 Quasi
2013 3392 2158 3447 dice-

2333 3414 2496 3469 Vnns.
2531 3412 2618 3468 l5.
2640 3443 2711 3454 -—
2734 3411 2884 3467 Hora
2914 3415 3170 3484 surgenti.
3221 3411 3345 3486 (ln.)
3376 3411 3612 3466 Admonet
3632 3420 3683 3459 ne
3705 3403 3750 3458 si-

579 3495 702 3543 ret:
739 3485 816 3542 Ne
856 3487 1274 3558 praesumptione
1305 3487 1509 3558 aliquid
1548 3503 1700 3559 agas,
1736 3486 1822 3542 vel
1868 3495 2157 3558 antequam

2156 3533 2157 3540 η
2261 3523 2384 3563 mus
2407 3507 2614 3571 tristes,
2636 3513 2767 3571 etc.,
2797 3522 2962 3578 usque
2984 3506 3054 3560 ad
3075 3505 3170 3576 qui
3196 3485 3295 3576 per
3318 3504 3531 3576 gratiam
3551 3515 3632 3556 nos
3649 3496 3747 3558 fecit,

580 3580 759 3674 disfas
796 3582 865 3638 ad
893 3581 1238 3674 εθτίδξθηάυῐη
1287 3597 1506 3637 manum
1535 3583 1740 3674 n‘lms-
1993 3673 2002 3674 ί
2032 3672 2060 3674 μ
2261 3610 2316 3657 et
2339 3601 2495 3656 bonis
2519 3598 2816 3674 [operibus]
2837 3600 3090 3655 omnibus
3109 3599 3357 3670 replevit.

649 3671 812 3729 Vens.
843 3674 927 3731 19.
950 3705 1020 3714 -
1040 3672 1212 3742 Utere,
1239 3682 1344 3730 etc.
1368 3674 1566 3742 Quasi:
1593 3673 1955 3731 Sobrietatem
1975 3672 2154 3748 dilige,

2331 3691 2496 3749 Vnus.
2522 3671 2618 3748 22.
2647 3723 2719 3733 -
2755 3671 2851 3745 Vir
2874 3690 3098 3746 consilii.
3123 3691 3340 3758 Quanto
3358 3689 3472 3760 quis
3493 3682 3745 3760 prudentior.

580 3773 947 3856 ξθωρθτθξηθτ
995 3781 1112 3838 θεον
1153 3775 1208 3822 ει
1252 3782 1321 3822 ηε
1349 3766 1478 3856 quid
1505 3766 1685 3831 nimis,
1726 3781 1794 3822 ne
1832 3767 1888 3856 ill
1931 3766 2160 3822 scanda‘
2262 3796 2415 3843 tanto
2449 3787 2619 3841 utitur
2653 3786 3024 3856 proximorum
3063 3784 3328 3850 consilio,
3356 3791 3414 3838 ut
3438 3775 3748 3836 addatsibiin-

579 3852 689 3908 lum
719 3853 1052 3911 confusionis
1081 3857 1306 3911 incidas.
1347 3855 1612 3912 Convenit
1665 3872 1794 3928 ergo
1849 3855 2158 3912 Christiano

1038 3857 1306 3911 sincidas.
1347 3855 1612 3912 Convenit
1665 3872 1794 3928 ergo
1849 3855 2158 3912 Christiano
2264 3880 2629 3952 ιειιίεθηιίεηη,

579 3954 706 4002 ante
743 3947 924 4001 omnia
954 3947 1312 4004 humilitatem
1348 3950 1590 4022 diligere,
1631 3950 1686 4005 in
1732 3950 1960 4007 lectione
2009 3950 2156 4007 Scri-
2332 3947 2494 4028 vi“.
2524 3971 2616 4026 24,
2639 4003 2710 4013 .__
2737 3969 2872 4036 ινδιξ,
2923 3970 3034 4025 sine
3071 3969 3310 4025 εοηεξιῑο,
3347 3968 3558 4024 possunt
3597 3963 3684 4017 haec
3706 3956 3748 4011 de

579 4045 751 4144 Pu"?
792 4045 1010 4144 cfmum
1057 4052 1196 4103 esse!
1243 4039 1655 4144 fecfa'wﬁfjem
1697 4053 1902 4144 teperet
1936 4043 2156 4098 mOdum
2259 4053 2526 4123 cathOlico
2551 4071 2606 4119 et
2630 4064 2888 4119 haeretico
2923 4064 3114 4133 accipi.
3164 4062 3466 4119 Catholicus
3485 4058 3606 4114 enim
3630 4053 3747 4109 Deum

579 4131 635 4226 in
661 4131 885 4226 scientia
925 4145 1164 4226 servare,
1209 4139 1263 4186 et
1305 4131 1587 4226 charitatis
1614 4131 1876 4204 regulam,
1927 4141 1986 4188 ut
2031 4149 2156 4206 pro-
2259 4160 2458 4214 timens
2483 4158 2664 4213 omnia
2706 4156 2819 4226 agit
2853 4131 3134 4212 doctam“,
3180 4154 3404 4211 consilio
3430 4160 3480 4207 ει
3519 4145 3748 4216 δοήρίηη.

581 4224 737 4280 batus
761 4225 833 4280 sit
859 4239 1044 4280 coram
1082 4225 1193 4282 Deo
1224 4234 1280 4281 et
1325 4225 1654 4282 hominibus.

2257 4269 2380 4308 rum
2412 4254 2754 4308 documento.
2793 4250 3087 4305 llazreticus
3137 4264 3269 4305 vero
3307 4245 3510 4321 propria
3547 4238 3747 4297 conﬁdens

648 4318 813 4375 Vens.
845 4319 934 4374 22.
959 4351 1030 4360 —
1059 4319 1228 4387 Quam
1263 4320 1539 4392 suﬁiciens.
1581 4320 1782 4376 Tenuis
1817 4322 1990 4378 victus
2044 4330 2154 4378 tam

2153 4371 2154 4374 η
2259 4347 2542 4420 sapientia,
2575 4353 2630 4400 et
2655 4345 2887 4416 propriis
2909 4345 3075 4399 instat
3105 4318 3532 4400 inventionibus:
3559 4333 3634 4390 sed
3665 4341 3744 4384 cum

578 4411 773 4467 animi”
825 4427 986 4508 quiin
1036 4413 1248 4508 θθηπξτί
1303 4413 1468 4508 “mi:
1497 4420 1583 4470 θδί
1607 4454 1623 4481 ν
1675 4413 2156 4508 δυνθτθυυξγνθῗθ
2257 4411 2483 4496 stultitia
2523 4411 3019 4508 ejus-apparuerit,
3055 4449 3152 4506 per
3191 4443 3404 4490 sanctos
3450 4426 3746 4502 ρι’ωάἰεέιῑοτθδ

577 4517 612 4559 e
633 4511 844 4558 contra.
887 4501 1079 4602 Vinum
1109 4505 1374 4602 exiguum.
1410 4503 1604 4561 Vinum
1635 4521 1848 4578 quoque
1879 4507 2156 4577 spirituale
2260 4530 2457 4588 divinis
2485 4501 3054 4602 πὲυειυζεοηιθηιίίε

579 4604 851 4666 sumptum
911 4595 1206 4662 moderate,
1267 4597 1402 4652 utile
1445 4605 1528 4652 est
1557 4605 1666 4652 tam
1727 4599 1939 4670 corpori
1991 4615 2154 4670 quam
2180 4630 2232 4691 ι)

579 4657 776 4741 animm
806 4699 824 4740 :
854 4657 1206 4742 immoderate
1238 4689 1383 4744 enim
1432 4689 1668 4745 insanire
1700 4657 1848 4757 facit:
1876 4699 1932 4746 et
1970 4657 2152 4748 a-Deo
2185 4657 2232 4691 υ
2579 4681 2583 4688 ’
2789 4659 3016 4718 CAPUT
3053 4657 3288 4716 ΧΧΧῙῙῙο

579 4775 856 4848 disiungit,
885 4777 1027 4833 unde
1053 4778 1214 4834 anxia
1241 4794 1390 4845 cura,
1423 4788 1480 4834 et
1523 4781 1760 4836 turbatio
1807 4782 2065 4850 maxima,
2098 4792 2152 4839 et
2330 4794 2494 4850 vus.
2537 4793 2591 4848 5.
2614 4824 2684 4834 —
2728 4792 3032 4848 Praecordia
3079 4793 3234 4864 fatui.
3285 4789 3457 4864 (Ii/tn.)
3505 4786 3631 4842 Sicut
3664 4783 3742 4864 rota

578 4877 836 4942 Perpetua
859 4877 1083 4925 “mum-
1790 4883 1800 4888 ’
2257 4887 2398 4944 carri
2428 4895 2482 4941 et
2505 4884 2644 4949 axis,
2671 4893 2801 4951 etc.,
2831 4899 2993 4954 usque
3019 4861 3088 4936 ad
3105 4899 3124 4938 :
3146 4880 3251 4937 Cor
3275 4861 3534 4937 stultorum
3559 4861 3742 4927 dissimile

652 4958 816 5016 Vnus.
847 4960 938 5016 24.
968 4991 1039 5001 -
1068 4959 1294 5016 Somnus
1315 4963 1577 5019 sanitatis.
1610 4961 1872 5021 Subtilior
1907 4971 1991 5021 est
2008 4980 2155 5021 som-
2253 4978 2348 5034 erit
2384 4974 2567 5048 (Ρτου.
2593 4975 2705 5045 xv).

577 5069 681 5111 nus
723 5054 774 5108 in
804 5069 972 5124 parvo
1001 5054 1162 5110 victu.
1199 5053 1420 5126 Mystice
1456 5065 1636 5113 autem
1679 5060 1772 5130 qui
1818 5059 2032 5116 sobrius
2068 5072 2153 5117 est
2327 5043 2493 5123 Vnus.
2527 5065 2580 5120 6.
2607 5043 2675 5106 -ὲ
2695 5064 2899 5136 Equus,
2935 5075 3042 5122 etc.
3079 5063 3201 5139 (ln.)
3240 5063 3388 5121 Sicut
3411 5060 3622 5130 iumento
3641 5043 3737 5104 ml"?—

578 5143 635 5202 in
675 5145 941 5216 spirituali
966 5147 1113 5212 vino,
1143 5147 1197 5201 in
1223 5149 1678 5220 contemplatione
1724 5151 1970 5208 veritatis
1997 5153 2150 5224 quie-
2255 5164 2340 5212 est
2363 5157 2523 5223 ratio,
2548 5163 2681 5222 etc.,
2710 5173 2871 5226 usque
2893 5155 2962 5210 ad
2985 5156 3077 5211 sed
3093 5138 3203 5226 per
3221 5155 3331 5210 oris
3355 5150 3513 5208 ollicia
3532 5138 3738 5214 mutili“?r

579 5238 684 5293 scit
709 5253 880 5310 usque
908 5239 962 5294 in
989 5254 1147 5295 mane
1172 5243 1599 5299 resurrectionis.
1835 5232 1841 5239 ’
2256 5247 2474 5318 utrique
2501 5245 2688 5318 pandit
2717 5254 2943 5301 secreta.

651 5329 814 5388 Vnus.
866 5333 959 5388 25.
1008 5364 1078 5375 —
1130 5333 1198 5389 Et
1235 5352 1401 5403 vome,
1431 5346 1537 5392 etc.
1571 5336 1738 5394 Aiunt
1761 5339 1976 5407 medici,
2008 5343 2154 5413 quod
2328 5315 2578 5395 vnus.v7.
2611 5370 2684 5379 —
2715 5339 2893 5406 Quare
2920 5341 3048 5396 dies.
3081 5339 3201 5414 (ln.)
3241 5337 3372 5406 Quia
3409 5329 3617 5405 superius
3647 5315 3735 5376 stul-

581 5423 814 5479 vomitus
885 5426 1224 5482 stomachum
1294 5438 1490 5500 purgat
1536 5449 1550 5484 :
1595 5431 1867 5488 choleram
1935 5434 2150 5491 minuit.
2259 5444 2369 5490 tum
2400 5433 2756 5506 vituperavit,
2785 5443 2917 5499 etc.,
2955 5451 3117 5506 usque
3147 5432 3216 5488 ad
3260 5440 3318 5487 ut
3362 5429 3463 5484 sint
3487 5426 3531 5480 in
3565 5415 3734 5488 signa“

580 5513 804 5586 Mystice
827 5524 1006 5571 autem
1035 5517 1125 5587 qui
1147 5520 1539 5589 transgreditur
1560 5536 1864 5578 mensuram
1891 5533 1946 5579 et
1965 5541 2154 5596 grava-
2261 5536 2524 5598 tempora,
2554 5535 2610 5582 et
2633 5527 2770 5594 dies,
2797 5535 2853 5582 et
2879 5542 3067 5582 annos.

581 5612 672 5664 tur
689 5607 997 5664 carnalibus
1017 5609 1250 5676 delictis,
1277 5627 1374 5681 per
1397 5611 1793 5670 confessionem
1825 5621 2030 5686 peccati
2053 5619 2152 5677 ἰαι-
2332 5596 2495 5676 Vens.
2527 5619 2581 5675 8.
2596 5651 2666 5660 —
2681 5617 2848 5674 Facto
2875 5618 3002 5673 sole.
3027 5618 3150 5691 (ln.)
3171 5613 3420 5684 Praecepit
3439 5611 3560 5665 Deus
3577 5602 3619 5656 in
3637 5596 3732 5663 lese.

580 5699 802 5756 ditatem
851 5708 1085 5767 evomat,
1128 5709 1184 5758 et
1215 5717 1312 5774 per
1359 5706 1602 5776 corporis
1651 5707 2057 5778 castigationem
2084 5711 2152 5766 ad
2259 5721 2389 5775 etc.,
2417 5727 2582 5783 usque
2609 5710 2678 5764 ad
2707 5719 2762 5764 et
2787 5709 3021 5764 maxime
3046 5709 3257 5780 placere
3275 5703 3408 5776 quod
3432 5697 3592 5756 ordine
3612 5696 3653 5742 et
3674 5695 3734 5737 ra-

583 5792 874 5848 sanitatem
895 5792 1100 5848 redeat.

916 5792 1100 5848 'edeat.
2261 5804 2406 5860 tione
2431 5803 2507 5858 ﬁt.

659 5881 821 5936 Vnus.
848 5883 940 5936 27.
982 5913 1054 5924 -—
1077 5883 1146 5939 In
1166 5887 1401 5943 omnibus
1425 5890 1682 5959 operibus.
1715 5891 1895 5947 Monet
1919 5906 1989 5946 ne
2017 5900 2153 5948 tem-
2331 5895 2494 5950 Vnus.
2540 5895 2626 5949 10.
2651 5925 2718 5936 --
2743 5894 2828 5950 Ea:
2855 5895 2981 5965 ipsis
3007 5894 3270 5951 exultavit.
3307 5886 3430 5964 (ln.)
3465 5883 3512 5938 ltl
3545 5883 3632 5936 est.
3663 5876 3729 5921 5"“
