  <div class='ocr_page' id='page_1' title='image "/cluster/home/n/w/nwhite01/storage/ocr_20150623/113/hvd.32044018909572/614.png"; bbox 0 0 4028 6332; ppageno 0'>
   <div class='ocr_carea' id='block_1_1' title="bbox 288 419 416 478">
    <p class='ocr_par' dir='ltr' id='par_1_1' title="bbox 288 419 416 478">
     <span class='ocr_line' id='line_1_1' title="bbox 288 419 416 478; baseline -0.016 -2"><span class='ocrx_word' id='word_1_1' title='bbox 288 419 416 478; x_wconf 71' lang='grc'><strong>121³1</strong></span> 
     </span>
    </p>
   </div>
   <div class='ocr_carea' id='block_1_2' title="bbox 1292 409 2520 477">
    <p class='ocr_par' dir='ltr' id='par_1_2' title="bbox 1292 409 2520 477">
     <span class='ocr_line' id='line_1_2' title="bbox 1292 409 2520 477; baseline -0.008 0"><span class='ocrx_word' id='word_1_2' title='bbox 1292 415 1556 477; x_wconf 80' lang='lat' dir='ltr'><strong>GLOSSA</strong></span> <span class='ocrx_word' id='word_1_3' title='bbox 1592 412 1988 476; x_wconf 74' lang='lat' dir='ltr'><strong>ORDINARIA.</strong></span> <span class='ocrx_word' id='word_1_4' title='bbox 2027 443 2097 458; x_wconf 88' lang='lat'><strong>--</strong></span> <span class='ocrx_word' id='word_1_5' title='bbox 2135 413 2262 472; x_wconf 82' lang='lat' dir='ltr'><strong>LIB.</strong></span> <span class='ocrx_word' id='word_1_6' title='bbox 2302 409 2520 472; x_wconf 82' lang='lat' dir='ltr'><strong>ECCLI.</strong></span> 
     </span>
    </p>
   </div>
   <div class='ocr_carea' id='block_1_3' title="bbox 3378 409 3516 469">
    <p class='ocr_par' dir='ltr' id='par_1_3' title="bbox 3378 409 3516 469">
     <span class='ocr_line' id='line_1_3' title="bbox 3378 409 3516 469; baseline 0.007 -1"><span class='ocrx_word' id='word_1_7' title='bbox 3378 409 3516 469; x_wconf 65' lang='grc'><strong>1218</strong></span> 
     </span>
    </p>
   </div>
   <div class='ocr_carea' id='block_1_4' title="bbox 284 525 3525 602">
    <p class='ocr_par' dir='ltr' id='par_1_4' title="bbox 284 525 3525 602">
     <span class='ocr_line' id='line_1_4' title="bbox 284 525 3525 602; baseline -0.002 -17"><span class='ocrx_word' id='word_1_8' title='bbox 284 527 601 585; x_wconf 72' lang='lat' dir='ltr'><strong>discretione</strong></span> <span class='ocrx_word' id='word_1_9' title='bbox 629 527 749 585; x_wconf 87' lang='lat' dir='ltr'><strong>illos</strong></span> <span class='ocrx_word' id='word_1_10' title='bbox 771 529 1032 595; x_wconf 71' lang='lat' dir='ltr'><strong>distinxit,</strong></span> <span class='ocrx_word' id='word_1_11' title='bbox 1059 545 1194 600; x_wconf 91' lang='lat' dir='ltr'><strong>quos</strong></span> <span class='ocrx_word' id='word_1_12' title='bbox 1217 547 1317 602; x_wconf 93' lang='lat' dir='ltr'><strong>pro</strong></span> <span class='ocrx_word' id='word_1_13' title='bbox 1339 529 1633 587; x_wconf 75' lang='lat' dir='ltr'><strong>benefactis</strong></span> <span class='ocrx_word' id='word_1_14' title='bbox 1663 544 1845 585; x_wconf 91' lang='lat' dir='ltr'><strong>remu-</strong></span> <span class='ocrx_word' id='word_1_15' title='bbox 1872 535 1918 596; x_wconf 83' lang='grc' dir='ltr'><strong>Α</strong></span> <span class='ocrx_word' id='word_1_16' title='bbox 1951 537 2054 584; x_wconf 89' lang='lat' dir='ltr'><strong>tur.</strong></span> <span class='ocrx_word' id='word_1_17' title='bbox 2083 528 2312 596; x_wconf 86' lang='lat' dir='ltr'><strong>Quidam</strong></span> <span class='ocrx_word' id='word_1_18' title='bbox 2339 533 2570 598; x_wconf 80' lang='lat' dir='ltr'><strong>pensant</strong></span> <span class='ocrx_word' id='word_1_19' title='bbox 2596 532 2796 596; x_wconf 88' lang='lat' dir='ltr'><strong>quanta</strong></span> <span class='ocrx_word' id='word_1_20' title='bbox 2829 525 3090 593; x_wconf 88' lang='lat' dir='ltr'><strong>tribuunt,</strong></span> <span class='ocrx_word' id='word_1_21' title='bbox 3115 532 3170 582; x_wconf 87' lang='lat' dir='ltr'><strong>et</strong></span> <span class='ocrx_word' id='word_1_22' title='bbox 3193 541 3301 582; x_wconf 87' lang='lat' dir='ltr'><strong>non</strong></span> <span class='ocrx_word' id='word_1_23' title='bbox 3321 534 3525 598; x_wconf 88' lang='lat' dir='ltr'><strong>quanta</strong></span> 
     </span>
    </p>
   </div>
   <div class='ocr_carea' id='block_1_5' title="bbox 285 619 1854 696">
    <p class='ocr_par' dir='ltr' id='par_1_5' title="bbox 285 619 1854 696">
     <span class='ocr_line' id='line_1_5' title="bbox 285 619 1854 696; baseline 0.002 -20"><span class='ocrx_word' id='word_1_24' title='bbox 285 619 508 684; x_wconf 89' lang='lat' dir='ltr'><strong>neravit,</strong></span> <span class='ocrx_word' id='word_1_25' title='bbox 545 628 601 676; x_wconf 93' lang='lat' dir='ltr'><strong>et</strong></span> <span class='ocrx_word' id='word_1_26' title='bbox 631 621 826 691; x_wconf 83' lang='lat' dir='ltr'><strong>quibus</strong></span> <span class='ocrx_word' id='word_1_27' title='bbox 855 639 954 694; x_wconf 92' lang='lat' dir='ltr'><strong>pro</strong></span> <span class='ocrx_word' id='word_1_28' title='bbox 982 622 1282 679; x_wconf 78' lang='lat' dir='ltr'><strong>malefactis</strong></span> <span class='ocrx_word' id='word_1_29' title='bbox 1310 624 1527 696; x_wconf 88' lang='lat' dir='ltr'><strong>dignam</strong></span> <span class='ocrx_word' id='word_1_30' title='bbox 1551 624 1854 680; x_wconf 87' lang='lat' dir='ltr'><strong>mercedem</strong></span> 
     </span>
    </p>
   </div>
   <div class='ocr_carea' id='block_1_6' title="bbox 283 709 1858 784">
    <p class='ocr_par' dir='ltr' id='par_1_6' title="bbox 283 709 1858 784">
     <span class='ocr_line' id='line_1_6' title="bbox 283 709 1858 784; baseline 0.001 -18"><span class='ocrx_word' id='word_1_31' title='bbox 283 709 550 767; x_wconf 80' lang='lat' dir='ltr'><strong>retribuit.</strong></span> <span class='ocrx_word' id='word_1_32' title='bbox 596 710 666 764; x_wconf 85' lang='lat' dir='ltr'><strong>Et</strong></span> <span class='ocrx_word' id='word_1_33' title='bbox 693 729 869 768; x_wconf 85' lang='lat' dir='ltr'><strong>omnes</strong></span> <span class='ocrx_word' id='word_1_34' title='bbox 897 714 1150 768; x_wconf 85' lang='lat' dir='ltr'><strong>homines.</strong></span> <span class='ocrx_word' id='word_1_35' title='bbox 1185 714 1314 770; x_wconf 88' lang='lat' dir='ltr'><strong>Post</strong></span> <span class='ocrx_word' id='word_1_36' title='bbox 1345 713 1750 784; x_wconf 88' lang='lat' dir='ltr'><strong>dispositionem</strong></span> <span class='ocrx_word' id='word_1_37' title='bbox 1784 714 1858 768; x_wconf 88' lang='lat' dir='ltr'><strong>si-</strong></span> 
     </span>
    </p>
   </div>
   <div class='ocr_carea' id='block_1_7' title="bbox 284 803 1859 878">
    <p class='ocr_par' dir='ltr' id='par_1_7' title="bbox 284 803 1859 878">
     <span class='ocr_line' id='line_1_7' title="bbox 284 803 1859 878; baseline 0.002 -20"><span class='ocrx_word' id='word_1_38' title='bbox 284 803 496 867; x_wconf 90' lang='lat' dir='ltr'><strong>derum,</strong></span> <span class='ocrx_word' id='word_1_39' title='bbox 529 812 659 869; x_wconf 88' lang='lat' dir='ltr'><strong>etc.,</strong></span> <span class='ocrx_word' id='word_1_40' title='bbox 690 821 850 876; x_wconf 88' lang='lat' dir='ltr'><strong>usque</strong></span> <span class='ocrx_word' id='word_1_41' title='bbox 888 805 956 860; x_wconf 85' lang='lat' dir='ltr'><strong>ad</strong></span> <span class='ocrx_word' id='word_1_42' title='bbox 995 806 1188 878; x_wconf 89' lang='lat' dir='ltr'><strong>impios</strong></span> <span class='ocrx_word' id='word_1_43' title='bbox 1224 822 1350 862; x_wconf 91' lang='lat' dir='ltr'><strong>vero</strong></span> <span class='ocrx_word' id='word_1_44' title='bbox 1395 815 1592 863; x_wconf 68' lang='lat' dir='ltr'><strong>aeterna</strong></span> <span class='ocrx_word' id='word_1_45' title='bbox 1639 805 1859 862; x_wconf 87' lang='lat' dir='ltr'><strong>maledi-</strong></span> 
     </span>
    </p>
   </div>
   <div class='ocr_carea' id='block_1_8' title="bbox 284 895 784 952">
    <p class='ocr_par' dir='ltr' id='par_1_8' title="bbox 284 895 784 952">
     <span class='ocr_line' id='line_1_8' title="bbox 284 895 784 952; baseline 0.004 -2"><span class='ocrx_word' id='word_1_46' title='bbox 284 895 460 950; x_wconf 89' lang='lat' dir='ltr'><strong>ctione</strong></span> <span class='ocrx_word' id='word_1_47' title='bbox 489 896 784 952; x_wconf 84' lang='lat' dir='ltr'><strong>damnavit.</strong></span> 
     </span>
    </p>
   </div>
   <div class='ocr_carea' id='block_1_9' title="bbox 349 985 1858 1064">
    <p class='ocr_par' dir='ltr' id='par_1_9' title="bbox 349 985 1858 1064">
     <span class='ocr_line' id='line_1_9' title="bbox 349 985 1858 1064; baseline 0.003 -24"><span class='ocrx_word' id='word_1_48' title='bbox 349 985 513 1042; x_wconf 88' lang='lat' dir='ltr'><strong>Vens.</strong></span> <span class='ocrx_word' id='word_1_49' title='bbox 545 988 632 1042; x_wconf 82' lang='grc'><strong>15.</strong></span> <span class='ocrx_word' id='word_1_50' title='bbox 653 986 903 1054; x_wconf 87' lang='lat' dir='ltr'><strong>—Quasi</strong></span> <span class='ocrx_word' id='word_1_51' title='bbox 929 987 1254 1062; x_wconf 84' lang='lat' dir='ltr'><strong>Iutum,_etc.</strong></span> <span class='ocrx_word' id='word_1_52' title='bbox 1284 989 1462 1064; x_wconf 51' lang='lat' dir='ltr'><strong>(Rue)</strong></span> <span class='ocrx_word' id='word_1_53' title='bbox 1481 991 1541 1046; x_wconf 89' lang='lat' dir='ltr'><strong>In</strong></span> <span class='ocrx_word' id='word_1_54' title='bbox 1569 1007 1731 1046; x_wconf 89' lang='lat' dir='ltr'><strong>manu</strong></span> <span class='ocrx_word' id='word_1_55' title='bbox 1761 1005 1858 1045; x_wconf 90' lang='lat' dir='ltr'><strong>sua</strong></span> 
     </span>
    </p>
   </div>
   <div class='ocr_carea' id='block_1_10' title="bbox 284 1076 1859 1155">
    <p class='ocr_par' dir='ltr' id='par_1_10' title="bbox 284 1076 1859 1155">
     <span class='ocr_line' id='line_1_10' title="bbox 284 1076 1859 1155; baseline 0.004 -23"><span class='ocrx_word' id='word_1_56' title='bbox 284 1076 441 1133; x_wconf 85' lang='lat' dir='ltr'><strong>habet</strong></span> <span class='ocrx_word' id='word_1_57' title='bbox 467 1078 715 1135; x_wconf 92' lang='lat' dir='ltr'><strong>conditor</strong></span> <span class='ocrx_word' id='word_1_58' title='bbox 739 1095 977 1136; x_wconf 88' lang='lat' dir='ltr'><strong>massam</strong></span> <span class='ocrx_word' id='word_1_59' title='bbox 1011 1082 1232 1138; x_wconf 89' lang='lat' dir='ltr'><strong>humani</strong></span> <span class='ocrx_word' id='word_1_60' title='bbox 1267 1083 1504 1155; x_wconf 75' lang='lat' dir='ltr'><strong>generis,</strong></span> <span class='ocrx_word' id='word_1_61' title='bbox 1533 1091 1665 1149; x_wconf 88' lang='lat' dir='ltr'><strong>etc.,</strong></span> <span class='ocrx_word' id='word_1_62' title='bbox 1698 1099 1859 1154; x_wconf 87' lang='lat' dir='ltr'><strong>usque</strong></span> 
     </span>
    </p>
   </div>
   <div class='ocr_carea' id='block_1_11' title="bbox 283 1169 1748 1266">
    <p class='ocr_par' dir='ltr' id='par_1_11' title="bbox 283 1169 1748 1266">
     <span class='ocr_line' id='line_1_11' title="bbox 283 1169 1748 1266; baseline 0.003 -43"><span class='ocrx_word' id='word_1_63' title='bbox 283 1169 349 1223; x_wconf 85' lang='lat' dir='ltr'><strong>ad</strong></span> <span class='ocrx_word' id='word_1_64' title='bbox 372 1177 428 1225; x_wconf 91' lang='lat' dir='ltr'><strong>et</strong></span> <span class='ocrx_word' id='word_1_65' title='bbox 455 1185 615 1240; x_wconf 89' lang='lat' dir='ltr'><strong>quem</strong></span> <span class='ocrx_word' id='word_1_66' title='bbox 645 1171 838 1228; x_wconf 85' lang='lat' dir='ltr'><strong>debeat</strong></span> <span class='ocrx_word' id='word_1_67' title='bbox 870 1172 1122 1228; x_wconf 88' lang='lat' dir='ltr'><strong>indurare</strong></span> <span class='ocrx_word' id='word_1_68' title='bbox 1147 1175 1441 1229; x_wconf 90' lang='lat' dir='ltr'><strong>secundum</strong></span> <span class='ocrx_word' id='word_1_69' title='bbox 1463 1171 1748 1266; x_wconf 78' lang='lat' dir='ltr'><strong>justitiam.</strong></span> 
     </span>
    </p>
   </div>
   <div class='ocr_carea' id='block_1_12' title="bbox 347 1260 1856 1337">
    <p class='ocr_par' dir='ltr' id='par_1_12' title="bbox 347 1260 1856 1337">
     <span class='ocr_line' id='line_1_12' title="bbox 347 1260 1856 1337; baseline 0.003 -21"><span class='ocrx_word' id='word_1_70' title='bbox 347 1260 515 1318; x_wconf 83' lang='lat' dir='ltr'><strong>Vens.</strong></span> <span class='ocrx_word' id='word_1_71' title='bbox 545 1263 634 1318; x_wconf 83' lang='grc'><strong>15.</strong></span> <span class='ocrx_word' id='word_1_72' title='bbox 667 1294 742 1305; x_wconf 89' lang='grc'><strong>-</strong></span> <span class='ocrx_word' id='word_1_73' title='bbox 777 1262 972 1320; x_wconf 83' lang='lat' dir='ltr'><strong>Contra</strong></span> <span class='ocrx_word' id='word_1_74' title='bbox 997 1265 1215 1320; x_wconf 89' lang='lat' dir='ltr'><strong>malum.</strong></span> <span class='ocrx_word' id='word_1_75' title='bbox 1257 1260 1856 1337; x_wconf 68' lang='lat' dir='ltr'><strong>Investigatorooperum</strong></span> 
     </span>
    </p>
   </div>
   <div class='ocr_carea' id='block_1_13' title="bbox 284 1353 1858 1427">
    <p class='ocr_par' dir='ltr' id='par_1_13' title="bbox 284 1353 1858 1427">
     <span class='ocr_line' id='line_1_13' title="bbox 284 1353 1858 1427; baseline 0 -17"><span class='ocrx_word' id='word_1_76' title='bbox 284 1353 374 1410; x_wconf 85' lang='lat' dir='ltr'><strong>Dei</strong></span> <span class='ocrx_word' id='word_1_77' title='bbox 411 1354 615 1409; x_wconf 83' lang='lat' dir='ltr'><strong>invenit</strong></span> <span class='ocrx_word' id='word_1_78' title='bbox 657 1355 712 1410; x_wconf 88' lang='lat' dir='ltr'><strong>in</strong></span> <span class='ocrx_word' id='word_1_79' title='bbox 751 1355 881 1427; x_wconf 86' lang='lat' dir='ltr'><strong>ipsis</strong></span> <span class='ocrx_word' id='word_1_80' title='bbox 915 1356 1205 1426; x_wconf 90' lang='lat' dir='ltr'><strong>quamdam</strong></span> <span class='ocrx_word' id='word_1_81' title='bbox 1245 1357 1718 1422; x_wconf 86' lang='lat' dir='ltr'><strong>contrarietatem,</strong></span> <span class='ocrx_word' id='word_1_82' title='bbox 1761 1355 1858 1411; x_wconf 87' lang='lat' dir='ltr'><strong>sed</strong></span> 
     </span>
    </p>
   </div>
   <div class='ocr_carea' id='block_1_14' title="bbox 284 1445 1860 1518">
    <p class='ocr_par' dir='ltr' id='par_1_14' title="bbox 284 1445 1860 1518">
     <span class='ocr_line' id='line_1_14' title="bbox 284 1445 1860 1518; baseline -0.001 -16"><span class='ocrx_word' id='word_1_83' title='bbox 284 1446 598 1502; x_wconf 85' lang='lat' dir='ltr'><strong>mirabiliter</strong></span> <span class='ocrx_word' id='word_1_84' title='bbox 625 1463 655 1500; x_wconf 89' lang='lat' dir='ltr'><strong>a</strong></span> <span class='ocrx_word' id='word_1_85' title='bbox 685 1446 796 1502; x_wconf 89' lang='lat' dir='ltr'><strong>Deo</strong></span> <span class='ocrx_word' id='word_1_86' title='bbox 819 1448 1142 1506; x_wconf 90' lang='lat' dir='ltr'><strong>ordinatam.</strong></span> <span class='ocrx_word' id='word_1_87' title='bbox 1174 1445 1292 1502; x_wconf 84' lang='lat' dir='ltr'><strong>Non</strong></span> <span class='ocrx_word' id='word_1_88' title='bbox 1313 1455 1397 1501; x_wconf 86' lang='lat' dir='ltr'><strong>est</strong></span> <span class='ocrx_word' id='word_1_89' title='bbox 1423 1446 1699 1518; x_wconf 41' lang='lat' dir='ltr'><strong>ergo&#39;,mali</strong></span> <span class='ocrx_word' id='word_1_90' title='bbox 1731 1460 1860 1501; x_wconf 90' lang='lat' dir='ltr'><strong>con-</strong></span> 
     </span>
    </p>
   </div>
   <div class='ocr_carea' id='block_1_15' title="bbox 283 1537 1856 1609">
    <p class='ocr_par' dir='ltr' id='par_1_15' title="bbox 283 1537 1856 1609">
     <span class='ocr_line' id='line_1_15' title="bbox 283 1537 1856 1609; baseline -0.003 -15"><span class='ocrx_word' id='word_1_91' title='bbox 283 1538 423 1594; x_wconf 92' lang='lat' dir='ltr'><strong>ditor</strong></span> <span class='ocrx_word' id='word_1_92' title='bbox 446 1537 606 1604; x_wconf 89' lang='lat' dir='ltr'><strong>Deus,</strong></span> <span class='ocrx_word' id='word_1_93' title='bbox 639 1539 728 1609; x_wconf 89' lang='lat' dir='ltr'><strong>qui</strong></span> <span class='ocrx_word' id='word_1_94' title='bbox 759 1537 887 1594; x_wconf 91' lang='lat' dir='ltr'><strong>fecit</strong></span> <span class='ocrx_word' id='word_1_95' title='bbox 915 1554 1100 1595; x_wconf 79' lang='lat' dir='ltr'><strong>omnia</strong></span> <span class='ocrx_word' id='word_1_96' title='bbox 1126 1539 1264 1594; x_wconf 91' lang='lat' dir='ltr'><strong>bona</strong></span> <span class='ocrx_word' id='word_1_97' title='bbox 1291 1538 1472 1603; x_wconf 88' lang='lat' dir='ltr'><strong>valde;</strong></span> <span class='ocrx_word' id='word_1_98' title='bbox 1501 1553 1602 1592; x_wconf 91' lang='lat' dir='ltr'><strong>nec</strong></span> <span class='ocrx_word' id='word_1_99' title='bbox 1628 1545 1856 1592; x_wconf 90' lang='lat' dir='ltr'><strong>mortem</strong></span> 
     </span>
    </p>
   </div>
   <div class='ocr_carea' id='block_1_16' title="bbox 284 1628 1856 1702">
    <p class='ocr_par' dir='ltr' id='par_1_16' title="bbox 284 1628 1856 1702">
     <span class='ocr_line' id='line_1_16' title="bbox 284 1628 1856 1702; baseline -0.001 -17"><span class='ocrx_word' id='word_1_100' title='bbox 284 1630 429 1699; x_wconf 87' lang='lat' dir='ltr'><strong>fecit,</strong></span> <span class='ocrx_word' id='word_1_101' title='bbox 460 1647 561 1687; x_wconf 90' lang='lat' dir='ltr'><strong>nec</strong></span> <span class='ocrx_word' id='word_1_102' title='bbox 587 1631 801 1686; x_wconf 64' lang='lat' dir='ltr'><strong>laetatur</strong></span> <span class='ocrx_word' id='word_1_103' title='bbox 826 1631 879 1686; x_wconf 92' lang='lat' dir='ltr'><strong>in</strong></span> <span class='ocrx_word' id='word_1_104' title='bbox 908 1633 1211 1702; x_wconf 85' lang='lat' dir='ltr'><strong>perditione</strong></span> <span class='ocrx_word' id='word_1_105' title='bbox 1237 1638 1595 1696; x_wconf 91' lang='lat' dir='ltr'><strong>mortuorum,</strong></span> <span class='ocrx_word' id='word_1_106' title='bbox 1619 1631 1714 1685; x_wconf 90' lang='lat' dir='ltr'><strong>sed</strong></span> <span class='ocrx_word' id='word_1_107' title='bbox 1734 1628 1856 1684; x_wconf 90' lang='lat' dir='ltr'><strong>uni-</strong></span> 
     </span>
    </p>
   </div>
   <div class='ocr_carea' id='block_1_17' title="bbox 282 1720 1859 1792">
    <p class='ocr_par' dir='ltr' id='par_1_17' title="bbox 282 1720 1859 1792">
     <span class='ocr_line' id='line_1_17' title="bbox 282 1720 1859 1792; baseline 0.001 -18"><span class='ocrx_word' id='word_1_108' title='bbox 282 1721 551 1778; x_wconf 85' lang='lat' dir='ltr'><strong>versitatis</strong></span> <span class='ocrx_word' id='word_1_109' title='bbox 575 1731 660 1778; x_wconf 89' lang='lat' dir='ltr'><strong>est</strong></span> <span class='ocrx_word' id='word_1_110' title='bbox 685 1722 947 1778; x_wconf 87' lang='lat' dir='ltr'><strong>mirabilis</strong></span> <span class='ocrx_word' id='word_1_111' title='bbox 975 1723 1274 1779; x_wconf 91' lang='lat' dir='ltr'><strong>ordinator.</strong></span> <span class='ocrx_word' id='word_1_112' title='bbox 1308 1721 1525 1778; x_wconf 64' lang='lat' dir='ltr'><strong>Natura:</strong></span> <span class='ocrx_word' id='word_1_113' title='bbox 1551 1735 1679 1792; x_wconf 90' lang='lat' dir='ltr'><strong>ergo</strong></span> <span class='ocrx_word' id='word_1_114' title='bbox 1705 1720 1859 1776; x_wconf 72' lang='lat' dir='ltr'><strong>bona:</strong></span> 
     </span>
    </p>
   </div>
   <div class='ocr_carea' id='block_1_18' title="bbox 284 1811 1606 1880">
    <p class='ocr_par' dir='ltr' id='par_1_18' title="bbox 284 1811 1606 1880">
     <span class='ocr_line' id='line_1_18' title="bbox 284 1811 1606 1880; baseline -0.004 -11"><span class='ocrx_word' id='word_1_115' title='bbox 284 1823 426 1880; x_wconf 82' lang='lat' dir='ltr'><strong>sunt,</strong></span> <span class='ocrx_word' id='word_1_116' title='bbox 462 1821 516 1868; x_wconf 88' lang='lat' dir='ltr'><strong>et</strong></span> <span class='ocrx_word' id='word_1_117' title='bbox 539 1829 569 1868; x_wconf 90' lang='lat' dir='ltr'><strong>a</strong></span> <span class='ocrx_word' id='word_1_118' title='bbox 602 1813 711 1868; x_wconf 92' lang='lat' dir='ltr'><strong>Deo</strong></span> <span class='ocrx_word' id='word_1_119' title='bbox 741 1823 867 1870; x_wconf 86' lang='lat' dir='ltr'><strong>sunt</strong></span> <span class='ocrx_word' id='word_1_120' title='bbox 892 1831 905 1867; x_wconf 89' lang='lat'><strong>:</strong></span> <span class='ocrx_word' id='word_1_121' title='bbox 934 1814 1062 1869; x_wconf 88' lang='lat' dir='ltr'><strong>vitia</strong></span> <span class='ocrx_word' id='word_1_122' title='bbox 1094 1828 1222 1869; x_wconf 90' lang='lat' dir='ltr'><strong>vero</strong></span> <span class='ocrx_word' id='word_1_123' title='bbox 1250 1829 1355 1868; x_wconf 92' lang='lat' dir='ltr'><strong>non</strong></span> <span class='ocrx_word' id='word_1_124' title='bbox 1381 1827 1449 1867; x_wconf 76' lang='lat' dir='ltr'><strong>ex</strong></span> <span class='ocrx_word' id='word_1_125' title='bbox 1474 1811 1606 1868; x_wconf 92' lang='lat' dir='ltr'><strong>Deo.</strong></span> 
     </span>
    </p>
   </div>
   <div class='ocr_carea' id='block_1_19' title="bbox 1959 617 3531 690">
    <p class='ocr_par' dir='ltr' id='par_1_19' title="bbox 1959 617 3531 690">
     <span class='ocr_line' id='line_1_19' title="bbox 1959 617 3531 690; baseline -0.002 -15"><span class='ocrx_word' id='word_1_126' title='bbox 1959 621 2191 690; x_wconf 88' lang='lat' dir='ltr'><strong>rapiunt.</strong></span> <span class='ocrx_word' id='word_1_127' title='bbox 2232 619 2300 674; x_wconf 89' lang='lat' dir='ltr'><strong>Et</strong></span> <span class='ocrx_word' id='word_1_128' title='bbox 2329 624 2655 689; x_wconf 76' lang='lat' dir='ltr'><strong>congregant</strong></span> <span class='ocrx_word' id='word_1_129' title='bbox 2683 617 2979 684; x_wconf 88' lang='lat' dir='ltr'><strong>mercedes,</strong></span> <span class='ocrx_word' id='word_1_130' title='bbox 3015 626 3071 672; x_wconf 91' lang='lat' dir='ltr'><strong>et</strong></span> <span class='ocrx_word' id='word_1_131' title='bbox 3105 617 3326 674; x_wconf 92' lang='lat' dir='ltr'><strong>mittunt</strong></span> <span class='ocrx_word' id='word_1_132' title='bbox 3353 631 3447 674; x_wconf 85' lang='lat' dir='ltr'><strong>eas</strong></span> <span class='ocrx_word' id='word_1_133' title='bbox 3473 618 3531 672; x_wconf 91' lang='lat' dir='ltr'><strong>in</strong></span> 
     </span>
    </p>
   </div>
   <div class='ocr_carea' id='block_1_20' title="bbox 1957 709 3532 782">
    <p class='ocr_par' dir='ltr' id='par_1_20' title="bbox 1957 709 3532 782">
     <span class='ocr_line' id='line_1_20' title="bbox 1957 709 3532 782; baseline -0.001 -15"><span class='ocrx_word' id='word_1_134' title='bbox 1957 727 2173 767; x_wconf 89' lang='lat' dir='ltr'><strong>saccum</strong></span> <span class='ocrx_word' id='word_1_135' title='bbox 2201 719 2501 782; x_wconf 89' lang='lat' dir='ltr'><strong>pertusum.</strong></span> <span class='ocrx_word' id='word_1_136' title='bbox 2533 709 2592 765; x_wconf 92' lang='lat' dir='ltr'><strong>ln</strong></span> <span class='ocrx_word' id='word_1_137' title='bbox 2621 725 2779 767; x_wconf 92' lang='lat' dir='ltr'><strong>sacco</strong></span> <span class='ocrx_word' id='word_1_138' title='bbox 2803 717 3024 781; x_wconf 86' lang='lat' dir='ltr'><strong>pertuso</strong></span> <span class='ocrx_word' id='word_1_139' title='bbox 3052 710 3282 776; x_wconf 91' lang='lat' dir='ltr'><strong>videtur,</strong></span> <span class='ocrx_word' id='word_1_140' title='bbox 3312 709 3532 781; x_wconf 88' lang='lat' dir='ltr'><strong>quando</strong></span> 
     </span>
    </p>
   </div>
   <div class='ocr_carea' id='block_1_21' title="bbox 1956 803 3531 877">
    <p class='ocr_par' dir='ltr' id='par_1_21' title="bbox 1956 803 3531 877">
     <span class='ocr_line' id='line_1_21' title="bbox 1956 803 3531 877; baseline 0.001 -17"><span class='ocrx_word' id='word_1_141' title='bbox 1956 805 2184 876; x_wconf 89' lang='lat' dir='ltr'><strong>pecunia</strong></span> <span class='ocrx_word' id='word_1_142' title='bbox 2204 804 2457 871; x_wconf 89' lang='lat' dir='ltr'><strong>mittitur,</strong></span> <span class='ocrx_word' id='word_1_143' title='bbox 2480 805 2575 860; x_wconf 87' lang='lat' dir='ltr'><strong>sed</strong></span> <span class='ocrx_word' id='word_1_144' title='bbox 2596 819 2702 859; x_wconf 91' lang='lat' dir='ltr'><strong>non</strong></span> <span class='ocrx_word' id='word_1_145' title='bbox 2725 804 2941 874; x_wconf 90' lang='lat' dir='ltr'><strong>quando</strong></span> <span class='ocrx_word' id='word_1_146' title='bbox 2962 803 3245 860; x_wconf 88' lang='lat' dir='ltr'><strong>amittitur.</strong></span> <span class='ocrx_word' id='word_1_147' title='bbox 3271 803 3374 871; x_wconf 93' lang='lat' dir='ltr'><strong>Qui</strong></span> <span class='ocrx_word' id='word_1_148' title='bbox 3398 819 3531 877; x_wconf 87' lang='lat' dir='ltr'><strong>ergo</strong></span> 
     </span>
    </p>
   </div>
   <div class='ocr_carea' id='block_1_22' title="bbox 1957 894 3527 968">
    <p class='ocr_par' dir='ltr' id='par_1_22' title="bbox 1957 894 3527 968">
     <span class='ocr_line' id='line_1_22' title="bbox 1957 894 3527 968; baseline -0.001 -18"><span class='ocrx_word' id='word_1_149' title='bbox 1957 904 2156 966; x_wconf 89' lang='lat' dir='ltr'><strong>quanta</strong></span> <span class='ocrx_word' id='word_1_150' title='bbox 2179 895 2483 968; x_wconf 88' lang='lat' dir='ltr'><strong>largiuntur</strong></span> <span class='ocrx_word' id='word_1_151' title='bbox 2504 895 2796 965; x_wconf 88' lang='lat' dir='ltr'><strong>aspiciunt,</strong></span> <span class='ocrx_word' id='word_1_152' title='bbox 2828 895 2921 950; x_wconf 89' lang='lat' dir='ltr'><strong>sed</strong></span> <span class='ocrx_word' id='word_1_153' title='bbox 2944 909 3048 950; x_wconf 92' lang='lat' dir='ltr'><strong>non</strong></span> <span class='ocrx_word' id='word_1_154' title='bbox 3071 902 3273 965; x_wconf 88' lang='lat' dir='ltr'><strong>quanta</strong></span> <span class='ocrx_word' id='word_1_155' title='bbox 3295 894 3527 964; x_wconf 89' lang='lat' dir='ltr'><strong>rapiunt,</strong></span> 
     </span>
    </p>
   </div>
   <div class='ocr_carea' id='block_1_23' title="bbox 1957 983 3532 1056">
    <p class='ocr_par' dir='ltr' id='par_1_23' title="bbox 1957 983 3532 1056">
     <span class='ocr_line' id='line_1_23' title="bbox 1957 983 3532 1056; baseline 0 -17"><span class='ocrx_word' id='word_1_156' title='bbox 1957 983 2012 1039; x_wconf 91' lang='lat' dir='ltr'><strong>in</strong></span> <span class='ocrx_word' id='word_1_157' title='bbox 2041 984 2256 1041; x_wconf 87' lang='lat' dir='ltr'><strong>sacculo</strong></span> <span class='ocrx_word' id='word_1_158' title='bbox 2287 993 2505 1056; x_wconf 90' lang='lat' dir='ltr'><strong>pertuso</strong></span> <span class='ocrx_word' id='word_1_159' title='bbox 2546 984 2823 1040; x_wconf 88' lang='lat' dir='ltr'><strong>mercedes</strong></span> <span class='ocrx_word' id='word_1_160' title='bbox 2866 984 3118 1050; x_wconf 90' lang='lat' dir='ltr'><strong>mittunt,</strong></span> <span class='ocrx_word' id='word_1_161' title='bbox 3168 984 3292 1054; x_wconf 90' lang='lat' dir='ltr'><strong>quia</strong></span> <span class='ocrx_word' id='word_1_162' title='bbox 3335 999 3430 1040; x_wconf 89' lang='lat' dir='ltr'><strong>eas</strong></span> <span class='ocrx_word' id='word_1_163' title='bbox 3477 985 3532 1039; x_wconf 91' lang='lat' dir='ltr'><strong>in</strong></span> 
     </span>
    </p>
   </div>
   <div class='ocr_carea' id='block_1_24' title="bbox 1958 1077 3536 1148">
    <p class='ocr_par' dir='ltr' id='par_1_24' title="bbox 1958 1077 3536 1148">
     <span class='ocr_line' id='line_1_24' title="bbox 1958 1077 3536 1148; baseline 0.001 -16"><span class='ocrx_word' id='word_1_164' title='bbox 1958 1091 2108 1148; x_wconf 88' lang='lat' dir='ltr'><strong>spem</strong></span> <span class='ocrx_word' id='word_1_165' title='bbox 2135 1077 2346 1134; x_wconf 68' lang='lat' dir='ltr'><strong>fiduciae</strong></span> <span class='ocrx_word' id='word_1_166' title='bbox 2374 1093 2485 1134; x_wconf 68' lang='lat' dir='ltr'><strong>sua:</strong></span> <span class='ocrx_word' id='word_1_167' title='bbox 2513 1077 2786 1134; x_wconf 90' lang='lat' dir='ltr'><strong>intuentes</strong></span> <span class='ocrx_word' id='word_1_168' title='bbox 2811 1086 3143 1148; x_wconf 76' lang='lat' dir='ltr'><strong>congerunt,</strong></span> <span class='ocrx_word' id='word_1_169' title='bbox 3188 1078 3282 1134; x_wconf 88' lang='lat' dir='ltr'><strong>sed</strong></span> <span class='ocrx_word' id='word_1_170' title='bbox 3322 1093 3430 1134; x_wconf 92' lang='lat' dir='ltr'><strong>non</strong></span> <span class='ocrx_word' id='word_1_171' title='bbox 3476 1090 3536 1134; x_wconf 85' lang='lat' dir='ltr'><strong>se</strong></span> 
     </span>
    </p>
   </div>
   <div class='ocr_carea' id='block_1_25' title="bbox 1959 1165 2700 1238">
    <p class='ocr_par' dir='ltr' id='par_1_25' title="bbox 1959 1165 2700 1238">
     <span class='ocr_line' id='line_1_25' title="bbox 1959 1165 2700 1238; baseline 0.001 -16"><span class='ocrx_word' id='word_1_172' title='bbox 1959 1167 2232 1225; x_wconf 87' lang='lat' dir='ltr'><strong>intuentes</strong></span> <span class='ocrx_word' id='word_1_173' title='bbox 2263 1169 2512 1238; x_wconf 89' lang='lat' dir='ltr'><strong>perdunt.</strong></span> <span class='ocrx_word' id='word_1_174' title='bbox 2681 1165 2700 1179; x_wconf 76' lang='lat'><strong>‘</strong></span> 
     </span>
    </p>
   </div>
   <div class='ocr_carea' id='block_1_26' title="bbox 2029 1259 3534 1332">
    <p class='ocr_par' dir='ltr' id='par_1_26' title="bbox 2029 1259 3534 1332">
     <span class='ocr_line' id='line_1_26' title="bbox 2029 1259 3534 1332; baseline 0.003 -18"><span class='ocrx_word' id='word_1_175' title='bbox 2029 1259 2196 1316; x_wconf 88' lang='lat' dir='ltr'><strong>Vens.</strong></span> <span class='ocrx_word' id='word_1_176' title='bbox 2223 1260 2314 1315; x_wconf 78' lang='lat'><strong>26.</strong></span> <span class='ocrx_word' id='word_1_177' title='bbox 2335 1290 2409 1302; x_wconf 91' lang='lat'><strong>—</strong></span> <span class='ocrx_word' id='word_1_178' title='bbox 2436 1259 2540 1327; x_wconf 93' lang='lat' dir='ltr'><strong>Qui</strong></span> <span class='ocrx_word' id='word_1_179' title='bbox 2574 1261 2766 1331; x_wconf 83' lang='lat' dir='ltr'><strong>aufert.</strong></span> <span class='ocrx_word' id='word_1_180' title='bbox 2808 1261 2999 1332; x_wconf 66' lang='lat' dir='ltr'><strong>(Rite)</strong></span> <span class='ocrx_word' id='word_1_181' title='bbox 3032 1259 3091 1315; x_wconf 85' lang='lat' dir='ltr'><strong>In</strong></span> <span class='ocrx_word' id='word_1_182' title='bbox 3131 1261 3324 1318; x_wconf 84' lang='lat' dir='ltr'><strong>sudore</strong></span> <span class='ocrx_word' id='word_1_183' title='bbox 3351 1260 3534 1319; x_wconf 86' lang='lat' dir='ltr'><strong>vultus</strong></span> 
     </span>
    </p>
   </div>
   <div class='ocr_carea' id='block_1_27' title="bbox 1959 1350 3534 1422">
    <p class='ocr_par' dir='ltr' id='par_1_27' title="bbox 1959 1350 3534 1422">
     <span class='ocr_line' id='line_1_27' title="bbox 1959 1350 3534 1422; baseline -0.001 -14"><span class='ocrx_word' id='word_1_184' title='bbox 1959 1350 2041 1408; x_wconf 89' lang='lat' dir='ltr'><strong>sui</strong></span> <span class='ocrx_word' id='word_1_185' title='bbox 2066 1365 2272 1422; x_wconf 89' lang='lat' dir='ltr'><strong>pauper</strong></span> <span class='ocrx_word' id='word_1_186' title='bbox 2300 1351 2534 1422; x_wconf 87' lang='lat' dir='ltr'><strong>acquirit</strong></span> <span class='ocrx_word' id='word_1_187' title='bbox 2559 1367 2774 1422; x_wconf 89' lang='lat' dir='ltr'><strong>panem.</strong></span> <span class='ocrx_word' id='word_1_188' title='bbox 2799 1351 2903 1418; x_wconf 90' lang='lat' dir='ltr'><strong>Qui</strong></span> <span class='ocrx_word' id='word_1_189' title='bbox 2926 1351 3070 1407; x_wconf 85' lang='lat' dir='ltr'><strong>hunc</strong></span> <span class='ocrx_word' id='word_1_190' title='bbox 3091 1350 3352 1407; x_wconf 88' lang='lat' dir='ltr'><strong>violenter</strong></span> <span class='ocrx_word' id='word_1_191' title='bbox 3373 1351 3534 1418; x_wconf 93' lang='lat' dir='ltr'><strong>tollit,</strong></span> 
     </span>
    </p>
   </div>
   <div class='ocr_carea' id='block_1_28' title="bbox 1959 1441 2994 1513">
    <p class='ocr_par' dir='ltr' id='par_1_28' title="bbox 1959 1441 2994 1513">
     <span class='ocr_line' id='line_1_28' title="bbox 1959 1441 2994 1513; baseline -0.001 -17"><span class='ocrx_word' id='word_1_192' title='bbox 1959 1441 2115 1511; x_wconf 86' lang='lat' dir='ltr'><strong>quasi</strong></span> <span class='ocrx_word' id='word_1_193' title='bbox 2141 1441 2234 1512; x_wconf 91' lang='lat' dir='ltr'><strong>qui</strong></span> <span class='ocrx_word' id='word_1_194' title='bbox 2259 1442 2457 1498; x_wconf 85' lang='lat' dir='ltr'><strong>occidit</strong></span> <span class='ocrx_word' id='word_1_195' title='bbox 2483 1441 2788 1513; x_wconf 80' lang='lat' dir='ltr'><strong>proximum</strong></span> <span class='ocrx_word' id='word_1_196' title='bbox 2815 1457 2994 1497; x_wconf 89' lang='lat' dir='ltr'><strong>suum.</strong></span> 
     </span>
    </p>
   </div>
   <div class='ocr_carea' id='block_1_29' title="bbox 2031 1530 3536 1604">
    <p class='ocr_par' dir='ltr' id='par_1_29' title="bbox 2031 1530 3536 1604">
     <span class='ocr_line' id='line_1_29' title="bbox 2031 1530 3536 1604; baseline 0.005 -21"><span class='ocrx_word' id='word_1_197' title='bbox 2031 1530 2193 1588; x_wconf 89' lang='lat' dir='ltr'><strong>Vens.</strong></span> <span class='ocrx_word' id='word_1_198' title='bbox 2231 1533 2321 1588; x_wconf 72' lang='lat'><strong>28.</strong></span> <span class='ocrx_word' id='word_1_199' title='bbox 2345 1563 2417 1576; x_wconf 91' lang='lat'><strong>-—</strong></span> <span class='ocrx_word' id='word_1_200' title='bbox 2443 1531 2592 1588; x_wconf 84' lang='lat' dir='ltr'><strong>Unus</strong></span> <span class='ocrx_word' id='word_1_201' title='bbox 2621 1534 2912 1603; x_wconf 76' lang='lat' dir='ltr'><strong>wdiﬁcans.</strong></span> <span class='ocrx_word' id='word_1_202' title='bbox 2945 1532 3058 1589; x_wconf 82' lang='lat' dir='ltr'><strong>Hoc</strong></span> <span class='ocrx_word' id='word_1_203' title='bbox 3091 1541 3174 1590; x_wconf 87' lang='lat' dir='ltr'><strong>est</strong></span> <span class='ocrx_word' id='word_1_204' title='bbox 3203 1533 3348 1604; x_wconf 92' lang='lat' dir='ltr'><strong>quod</strong></span> <span class='ocrx_word' id='word_1_205' title='bbox 3371 1548 3536 1604; x_wconf 80' lang='lat' dir='ltr'><strong>supra</strong></span> 
     </span>
    </p>
   </div>
   <div class='ocr_carea' id='block_1_30' title="bbox 1961 1621 3534 1696">
    <p class='ocr_par' dir='ltr' id='par_1_30' title="bbox 1961 1621 3534 1696">
     <span class='ocr_line' id='line_1_30' title="bbox 1961 1621 3534 1696; baseline 0.002 -19"><span class='ocrx_word' id='word_1_206' title='bbox 1961 1621 2119 1689; x_wconf 84' lang='lat' dir='ltr'><strong>dixit,</strong></span> <span class='ocrx_word' id='word_1_207' title='bbox 2165 1623 2493 1680; x_wconf 85' lang='lat' dir='ltr'><strong>sacrificium</strong></span> <span class='ocrx_word' id='word_1_208' title='bbox 2541 1625 2610 1680; x_wconf 91' lang='lat' dir='ltr'><strong>de</strong></span> <span class='ocrx_word' id='word_1_209' title='bbox 2645 1625 2834 1696; x_wconf 88' lang='lat' dir='ltr'><strong>rapina</strong></span> <span class='ocrx_word' id='word_1_210' title='bbox 2877 1641 2985 1681; x_wconf 92' lang='lat' dir='ltr'><strong>non</strong></span> <span class='ocrx_word' id='word_1_211' title='bbox 3027 1639 3148 1682; x_wconf 88' lang='lat' dir='ltr'><strong>esse</strong></span> <span class='ocrx_word' id='word_1_212' title='bbox 3183 1623 3534 1696; x_wconf 88' lang='lat' dir='ltr'><strong>acceptabile.</strong></span> 
     </span>
    </p>
   </div>
   <div class='ocr_carea' id='block_1_31' title="bbox 1961 1715 3538 1788">
    <p class='ocr_par' dir='ltr' id='par_1_31' title="bbox 1961 1715 3538 1788">
     <span class='ocr_line' id='line_1_31' title="bbox 1961 1715 3538 1788; baseline 0.001 -18"><span class='ocrx_word' id='word_1_213' title='bbox 1961 1715 2061 1784; x_wconf 92' lang='lat' dir='ltr'><strong>Qui</strong></span> <span class='ocrx_word' id='word_1_214' title='bbox 2091 1715 2250 1773; x_wconf 71' lang='lat' dir='ltr'><strong>offert</strong></span> <span class='ocrx_word' id='word_1_215' title='bbox 2270 1717 2337 1773; x_wconf 87' lang='lat' dir='ltr'><strong>de</strong></span> <span class='ocrx_word' id='word_1_216' title='bbox 2366 1719 2574 1788; x_wconf 90' lang='lat' dir='ltr'><strong>rapina,</strong></span> <span class='ocrx_word' id='word_1_217' title='bbox 2599 1717 2812 1773; x_wconf 89' lang='lat' dir='ltr'><strong>videtur</strong></span> <span class='ocrx_word' id='word_1_218' title='bbox 2837 1719 2938 1773; x_wconf 90' lang='lat' dir='ltr'><strong>sibi</strong></span> <span class='ocrx_word' id='word_1_219' title='bbox 2964 1719 3250 1774; x_wconf 60' lang='lat' dir='ltr'><strong>aedificium</strong></span> <span class='ocrx_word' id='word_1_220' title='bbox 3276 1719 3538 1772; x_wconf 92' lang='lat' dir='ltr'><strong>virtutum</strong></span> 
     </span>
    </p>
   </div>
   <div class='ocr_carea' id='block_1_32' title="bbox 1960 1810 3536 1882">
    <p class='ocr_par' dir='ltr' id='par_1_32' title="bbox 1960 1810 3536 1882">
     <span class='ocr_line' id='line_1_32' title="bbox 1960 1810 3536 1882; baseline 0.001 -18"><span class='ocrx_word' id='word_1_221' title='bbox 1960 1823 2286 1880; x_wconf 72' lang='lat' dir='ltr'><strong>praeparere,</strong></span> <span class='ocrx_word' id='word_1_222' title='bbox 2318 1824 2426 1865; x_wconf 87' lang='lat' dir='ltr'><strong>non</strong></span> <span class='ocrx_word' id='word_1_223' title='bbox 2456 1810 2658 1865; x_wconf 88' lang='lat' dir='ltr'><strong>crimen</strong></span> <span class='ocrx_word' id='word_1_224' title='bbox 2687 1811 2928 1866; x_wconf 81' lang='lat' dir='ltr'><strong>avaritiae</strong></span> <span class='ocrx_word' id='word_1_225' title='bbox 2961 1811 3188 1866; x_wconf 89' lang='lat' dir='ltr'><strong>attendit</strong></span> <span class='ocrx_word' id='word_1_226' title='bbox 3222 1820 3276 1868; x_wconf 91' lang='lat' dir='ltr'><strong>et</strong></span> <span class='ocrx_word' id='word_1_227' title='bbox 3313 1811 3536 1882; x_wconf 69' lang='lat' dir='ltr'><strong>rapinae.</strong></span> 
     </span>
    </p>
   </div>
   <div class='ocr_carea' id='block_1_33' title="bbox 352 1900 3538 1977">
    <p class='ocr_par' dir='ltr' id='par_1_33' title="bbox 352 1900 3538 1977">
     <span class='ocr_line' id='line_1_33' title="bbox 352 1900 3538 1977; baseline 0.001 -19"><span class='ocrx_word' id='word_1_228' title='bbox 352 1905 515 1962; x_wconf 87' lang='lat' dir='ltr'><strong>Vens.</strong></span> <span class='ocrx_word' id='word_1_229' title='bbox 545 1906 630 1963; x_wconf 87' lang='grc'><strong>18.</strong></span> <span class='ocrx_word' id='word_1_230' title='bbox 652 1936 724 1948; x_wconf 95' lang='grc'><strong><em>-</em></strong></span> <span class='ocrx_word' id='word_1_231' title='bbox 747 1905 1020 1977; x_wconf 82' lang='lat' dir='ltr'><strong>Respicite.</strong></span> <span class='ocrx_word' id='word_1_232' title='bbox 1051 1906 1250 1963; x_wconf 88' lang='lat' dir='ltr'><strong>Omnes</strong></span> <span class='ocrx_word' id='word_1_233' title='bbox 1275 1905 1634 1962; x_wconf 88' lang='lat' dir='ltr'><strong>communiter</strong></span> <span class='ocrx_word' id='word_1_234' title='bbox 1665 1906 1853 1960; x_wconf 82' lang='lat' dir='ltr'><strong>admo—</strong></span> <span class='ocrx_word' id='word_1_235' title='bbox 1883 1903 1934 1965; x_wconf 84' lang='lat' dir='ltr'><strong>B</strong></span> <span class='ocrx_word' id='word_1_236' title='bbox 2029 1900 2194 1958; x_wconf 86' lang='lat' dir='ltr'><strong>Vens.</strong></span> <span class='ocrx_word' id='word_1_237' title='bbox 2225 1901 2312 1956; x_wconf 83' lang='grc'><strong>50.</strong></span> <span class='ocrx_word' id='word_1_238' title='bbox 2348 1931 2418 1942; x_wconf 93' lang='grc'><strong><em>-</em></strong></span> <span class='ocrx_word' id='word_1_239' title='bbox 2441 1901 2546 1968; x_wconf 87' lang='lat' dir='ltr'><strong>Qui</strong></span> <span class='ocrx_word' id='word_1_240' title='bbox 2574 1902 2890 1974; x_wconf 76' lang='lat' dir='ltr'><strong>baptizatur.</strong></span> <span class='ocrx_word' id='word_1_241' title='bbox 2922 1903 3044 1974; x_wconf 76' lang='lat'><strong>(10.)</strong></span> <span class='ocrx_word' id='word_1_242' title='bbox 3078 1903 3380 1971; x_wconf 89' lang='lat' dir='ltr'><strong>Lavamini,</strong></span> <span class='ocrx_word' id='word_1_243' title='bbox 3405 1912 3538 1973; x_wconf 89' lang='lat' dir='ltr'><strong>etc.,</strong></span> 
     </span>
    </p>
   </div>
   <div class='ocr_carea' id='block_1_34' title="bbox 284 1996 1860 2068">
    <p class='ocr_par' dir='ltr' id='par_1_34' title="bbox 284 1996 1860 2068">
     <span class='ocr_line' id='line_1_34' title="bbox 284 1996 1860 2068; baseline -0.001 -16"><span class='ocrx_word' id='word_1_244' title='bbox 284 2005 393 2064; x_wconf 91' lang='lat' dir='ltr'><strong>net,</strong></span> <span class='ocrx_word' id='word_1_245' title='bbox 425 2005 484 2052; x_wconf 93' lang='lat' dir='ltr'><strong>ut</strong></span> <span class='ocrx_word' id='word_1_246' title='bbox 512 1998 652 2068; x_wconf 85' lang='lat' dir='ltr'><strong>juris</strong></span> <span class='ocrx_word' id='word_1_247' title='bbox 691 1998 773 2053; x_wconf 90' lang='lat' dir='ltr'><strong>sui</strong></span> <span class='ocrx_word' id='word_1_248' title='bbox 814 1998 1078 2052; x_wconf 90' lang='lat' dir='ltr'><strong>rationem</strong></span> <span class='ocrx_word' id='word_1_249' title='bbox 1117 2013 1224 2053; x_wconf 91' lang='lat' dir='ltr'><strong>non</strong></span> <span class='ocrx_word' id='word_1_250' title='bbox 1262 1997 1546 2061; x_wconf 90' lang='lat' dir='ltr'><strong>omittant,</strong></span> <span class='ocrx_word' id='word_1_251' title='bbox 1591 1996 1717 2066; x_wconf 89' lang='lat' dir='ltr'><strong>quia</strong></span> <span class='ocrx_word' id='word_1_252' title='bbox 1751 2011 1860 2051; x_wconf 92' lang='lat' dir='ltr'><strong>non</strong></span> 
     </span>
    </p>
   </div>
   <div class='ocr_carea' id='block_1_35' title="bbox 287 2087 1862 2160">
    <p class='ocr_par' dir='ltr' id='par_1_35' title="bbox 287 2087 1862 2160">
     <span class='ocr_line' id='line_1_35' title="bbox 287 2087 1862 2160; baseline -0.002 -17"><span class='ocrx_word' id='word_1_253' title='bbox 287 2089 443 2144; x_wconf 82' lang='lat' dir='ltr'><strong>aliter</strong></span> <span class='ocrx_word' id='word_1_254' title='bbox 470 2097 649 2160; x_wconf 86' lang='lat' dir='ltr'><strong>potest</strong></span> <span class='ocrx_word' id='word_1_255' title='bbox 669 2089 871 2145; x_wconf 87' lang='lat' dir='ltr'><strong>habere</strong></span> <span class='ocrx_word' id='word_1_256' title='bbox 902 2105 1088 2160; x_wconf 91' lang='lat' dir='ltr'><strong>pacem</strong></span> <span class='ocrx_word' id='word_1_257' title='bbox 1109 2097 1162 2145; x_wconf 89' lang='lat' dir='ltr'><strong>et</strong></span> <span class='ocrx_word' id='word_1_258' title='bbox 1181 2089 1438 2160; x_wconf 92' lang='lat' dir='ltr'><strong>quietem.</strong></span> <span class='ocrx_word' id='word_1_259' title='bbox 1463 2087 1565 2154; x_wconf 91' lang='lat' dir='ltr'><strong>Qui</strong></span> <span class='ocrx_word' id='word_1_260' title='bbox 1586 2087 1728 2142; x_wconf 91' lang='lat' dir='ltr'><strong>enim</strong></span> <span class='ocrx_word' id='word_1_261' title='bbox 1751 2087 1862 2157; x_wconf 85' lang='lat' dir='ltr'><strong>pri-</strong></span> 
     </span>
    </p>
   </div>
   <div class='ocr_carea' id='block_1_36' title="bbox 287 2179 1864 2252">
    <p class='ocr_par' dir='ltr' id='par_1_36' title="bbox 287 2179 1864 2252">
     <span class='ocr_line' id='line_1_36' title="bbox 287 2179 1864 2252; baseline -0.001 -17"><span class='ocrx_word' id='word_1_262' title='bbox 287 2189 460 2236; x_wconf 89' lang='lat' dir='ltr'><strong>matus</strong></span> <span class='ocrx_word' id='word_1_263' title='bbox 479 2181 561 2236; x_wconf 90' lang='lat' dir='ltr'><strong>sui</strong></span> <span class='ocrx_word' id='word_1_264' title='bbox 583 2181 957 2236; x_wconf 88' lang='lat' dir='ltr'><strong>auctoritatem</strong></span> <span class='ocrx_word' id='word_1_265' title='bbox 978 2181 1174 2252; x_wconf 90' lang='lat' dir='ltr'><strong>perdit,</strong></span> <span class='ocrx_word' id='word_1_266' title='bbox 1199 2180 1253 2234; x_wconf 92' lang='lat' dir='ltr'><strong>in</strong></span> <span class='ocrx_word' id='word_1_267' title='bbox 1278 2179 1674 2250; x_wconf 90' lang='lat' dir='ltr'><strong>despectionem</strong></span> <span class='ocrx_word' id='word_1_268' title='bbox 1693 2186 1750 2234; x_wconf 90' lang='lat' dir='ltr'><strong>et</strong></span> <span class='ocrx_word' id='word_1_269' title='bbox 1769 2195 1864 2233; x_wconf 89' lang='lat' dir='ltr'><strong>an-</strong></span> 
     </span>
    </p>
   </div>
   <div class='ocr_carea' id='block_1_37' title="bbox 287 2271 1864 2344">
    <p class='ocr_par' dir='ltr' id='par_1_37' title="bbox 287 2271 1864 2344">
     <span class='ocr_line' id='line_1_37' title="bbox 287 2271 1864 2344; baseline 0 -18"><span class='ocrx_word' id='word_1_270' title='bbox 287 2272 514 2344; x_wconf 89' lang='lat' dir='ltr'><strong>gustiam</strong></span> <span class='ocrx_word' id='word_1_271' title='bbox 545 2288 606 2329; x_wconf 91' lang='lat' dir='ltr'><strong>se</strong></span> <span class='ocrx_word' id='word_1_272' title='bbox 634 2273 800 2328; x_wconf 88' lang='lat' dir='ltr'><strong>mittit</strong></span> <span class='ocrx_word' id='word_1_273' title='bbox 825 2291 838 2328; x_wconf 90' lang='lat'><strong>:</strong></span> <span class='ocrx_word' id='word_1_274' title='bbox 869 2272 960 2344; x_wconf 91' lang='lat' dir='ltr'><strong>qui</strong></span> <span class='ocrx_word' id='word_1_275' title='bbox 991 2282 1174 2329; x_wconf 89' lang='lat' dir='ltr'><strong>autem</strong></span> <span class='ocrx_word' id='word_1_276' title='bbox 1201 2272 1378 2328; x_wconf 91' lang='lat' dir='ltr'><strong>locum</strong></span> <span class='ocrx_word' id='word_1_277' title='bbox 1401 2288 1556 2327; x_wconf 91' lang='lat' dir='ltr'><strong>suum</strong></span> <span class='ocrx_word' id='word_1_278' title='bbox 1590 2271 1864 2342; x_wconf 89' lang='lat' dir='ltr'><strong>sapienter</strong></span> 
     </span>
    </p>
   </div>
   <div class='ocr_carea' id='block_1_38' title="bbox 285 2363 1754 2436">
    <p class='ocr_par' dir='ltr' id='par_1_38' title="bbox 285 2363 1754 2436">
     <span class='ocr_line' id='line_1_38' title="bbox 285 2363 1754 2436; baseline -0.001 -18"><span class='ocrx_word' id='word_1_279' title='bbox 285 2363 538 2431; x_wconf 80' lang='lat' dir='ltr'><strong>custodit,</strong></span> <span class='ocrx_word' id='word_1_280' title='bbox 566 2379 623 2420; x_wconf 89' lang='lat' dir='ltr'><strong>se</strong></span> <span class='ocrx_word' id='word_1_281' title='bbox 651 2373 706 2420; x_wconf 91' lang='lat' dir='ltr'><strong>et</strong></span> <span class='ocrx_word' id='word_1_282' title='bbox 729 2380 855 2421; x_wconf 89' lang='lat' dir='ltr'><strong>suos</strong></span> <span class='ocrx_word' id='word_1_283' title='bbox 883 2368 949 2421; x_wconf 90' lang='lat' dir='ltr'><strong>ad</strong></span> <span class='ocrx_word' id='word_1_284' title='bbox 979 2364 1277 2436; x_wconf 84' lang='lat' dir='ltr'><strong>profectum</strong></span> <span class='ocrx_word' id='word_1_285' title='bbox 1310 2364 1527 2419; x_wconf 88' lang='lat' dir='ltr'><strong>virtutis</strong></span> <span class='ocrx_word' id='word_1_286' title='bbox 1551 2363 1754 2436; x_wconf 86' lang='lat' dir='ltr'><strong>dirigit.</strong></span> 
     </span>
    </p>
   </div>
   <div class='ocr_carea' id='block_1_39' title="bbox 357 2457 1864 2530">
    <p class='ocr_par' dir='ltr' id='par_1_39' title="bbox 357 2457 1864 2530">
     <span class='ocr_line' id='line_1_39' title="bbox 357 2457 1864 2530; baseline -0.001 -18"><span class='ocrx_word' id='word_1_287' title='bbox 357 2457 520 2514; x_wconf 86' lang='lat' dir='ltr'><strong>Vens.</strong></span> <span class='ocrx_word' id='word_1_288' title='bbox 560 2457 646 2514; x_wconf 90' lang='grc'><strong>19.</strong></span> <span class='ocrx_word' id='word_1_289' title='bbox 669 2489 738 2499; x_wconf 94' lang='lat'><strong>—</strong></span> <span class='ocrx_word' id='word_1_290' title='bbox 760 2458 971 2514; x_wconf 79' lang='lat' dir='ltr'><strong>Audite.</strong></span> <span class='ocrx_word' id='word_1_291' title='bbox 1003 2457 1084 2514; x_wconf 87' lang='lat' dir='ltr'><strong>Ad</strong></span> <span class='ocrx_word' id='word_1_292' title='bbox 1108 2459 1343 2515; x_wconf 89' lang='lat' dir='ltr'><strong>litteram</strong></span> <span class='ocrx_word' id='word_1_293' title='bbox 1373 2467 1556 2530; x_wconf 88' lang='lat' dir='ltr'><strong>patres</strong></span> <span class='ocrx_word' id='word_1_294' title='bbox 1585 2459 1771 2523; x_wconf 85' lang='lat' dir='ltr'><strong>docet,</strong></span> <span class='ocrx_word' id='word_1_295' title='bbox 1805 2465 1864 2511; x_wconf 92' lang='lat' dir='ltr'><strong>ut</strong></span> 
     </span>
    </p>
   </div>
   <div class='ocr_carea' id='block_1_40' title="bbox 287 2548 1862 2622">
    <p class='ocr_par' dir='ltr' id='par_1_40' title="bbox 287 2548 1862 2622">
     <span class='ocr_line' id='line_1_40' title="bbox 287 2548 1862 2622; baseline 0 -19"><span class='ocrx_word' id='word_1_296' title='bbox 287 2548 424 2604; x_wconf 82' lang='lat' dir='ltr'><strong>filios</strong></span> <span class='ocrx_word' id='word_1_297' title='bbox 449 2558 669 2620; x_wconf 87' lang='lat' dir='ltr'><strong>regant,</strong></span> <span class='ocrx_word' id='word_1_298' title='bbox 703 2558 757 2605; x_wconf 91' lang='lat' dir='ltr'><strong>et</strong></span> <span class='ocrx_word' id='word_1_299' title='bbox 783 2566 907 2605; x_wconf 91' lang='lat' dir='ltr'><strong>cum</strong></span> <span class='ocrx_word' id='word_1_300' title='bbox 944 2550 1226 2622; x_wconf 88' lang='lat' dir='ltr'><strong>disciplina</strong></span> <span class='ocrx_word' id='word_1_301' title='bbox 1255 2550 1536 2616; x_wconf 90' lang='lat' dir='ltr'><strong>nutriant,</strong></span> <span class='ocrx_word' id='word_1_302' title='bbox 1573 2551 1743 2606; x_wconf 92' lang='lat' dir='ltr'><strong>donec</strong></span> <span class='ocrx_word' id='word_1_303' title='bbox 1768 2563 1862 2603; x_wconf 89' lang='lat' dir='ltr'><strong>ve-</strong></span> 
     </span>
    </p>
   </div>
   <div class='ocr_carea' id='block_1_41' title="bbox 284 2628 1863 2713">
    <p class='ocr_par' dir='ltr' id='par_1_41' title="bbox 284 2628 1863 2713">
     <span class='ocr_line' id='line_1_41' title="bbox 284 2628 1863 2713; baseline 0.001 -19"><span class='ocrx_word' id='word_1_304' title='bbox 284 2640 434 2695; x_wconf 87' lang='lat' dir='ltr'><strong>niant</strong></span> <span class='ocrx_word' id='word_1_305' title='bbox 459 2641 526 2695; x_wconf 91' lang='lat' dir='ltr'><strong>ad</strong></span> <span class='ocrx_word' id='word_1_306' title='bbox 551 2628 764 2697; x_wconf 72' lang='lat' dir='ltr'><strong>aetatem</strong></span> <span class='ocrx_word' id='word_1_307' title='bbox 789 2641 1109 2713; x_wconf 88' lang='lat' dir='ltr'><strong>perfectam,</strong></span> <span class='ocrx_word' id='word_1_308' title='bbox 1133 2649 1193 2696; x_wconf 91' lang='lat' dir='ltr'><strong>ut</strong></span> <span class='ocrx_word' id='word_1_309' title='bbox 1214 2641 1360 2712; x_wconf 88' lang='lat' dir='ltr'><strong>digni</strong></span> <span class='ocrx_word' id='word_1_310' title='bbox 1385 2642 1626 2697; x_wconf 64' lang='lat' dir='ltr'><strong>hatredes</strong></span> <span class='ocrx_word' id='word_1_311' title='bbox 1646 2648 1863 2711; x_wconf 87' lang='lat' dir='ltr'><strong>patrum</strong></span> 
     </span>
    </p>
   </div>
   <div class='ocr_carea' id='block_1_42' title="bbox 287 2730 1864 2802">
    <p class='ocr_par' dir='ltr' id='par_1_42' title="bbox 287 2730 1864 2802">
     <span class='ocr_line' id='line_1_42' title="bbox 287 2730 1864 2802; baseline 0 -18"><span class='ocrx_word' id='word_1_312' title='bbox 287 2746 505 2786; x_wconf 84' lang='lat' dir='ltr'><strong>suorum</strong></span> <span class='ocrx_word' id='word_1_313' title='bbox 534 2731 747 2802; x_wconf 81' lang='lat' dir='ltr'><strong>possint</strong></span> <span class='ocrx_word' id='word_1_314' title='bbox 776 2747 912 2788; x_wconf 89' lang='lat' dir='ltr'><strong>esse.</strong></span> <span class='ocrx_word' id='word_1_315' title='bbox 947 2730 1315 2802; x_wconf 89' lang='lat' dir='ltr'><strong>Spiritualiter</strong></span> <span class='ocrx_word' id='word_1_316' title='bbox 1354 2746 1486 2786; x_wconf 90' lang='lat' dir='ltr'><strong>vero</strong></span> <span class='ocrx_word' id='word_1_317' title='bbox 1521 2730 1738 2786; x_wconf 86' lang='lat' dir='ltr'><strong>instruit</strong></span> <span class='ocrx_word' id='word_1_318' title='bbox 1775 2745 1864 2784; x_wconf 90' lang='lat' dir='ltr'><strong>re-</strong></span> 
     </span>
    </p>
   </div>
   <div class='ocr_carea' id='block_1_43' title="bbox 288 2823 1864 2895">
    <p class='ocr_par' dir='ltr' id='par_1_43' title="bbox 288 2823 1864 2895">
     <span class='ocr_line' id='line_1_43' title="bbox 288 2823 1864 2895; baseline -0.003 -14"><span class='ocrx_word' id='word_1_319' title='bbox 288 2834 468 2881; x_wconf 89' lang='lat' dir='ltr'><strong>ctores</strong></span> <span class='ocrx_word' id='word_1_320' title='bbox 495 2824 770 2888; x_wconf 77' lang='lat' dir='ltr'><strong>Ecclesiae,</strong></span> <span class='ocrx_word' id='word_1_321' title='bbox 799 2833 860 2880; x_wconf 92' lang='lat' dir='ltr'><strong>ut</strong></span> <span class='ocrx_word' id='word_1_322' title='bbox 889 2825 1207 2895; x_wconf 82' lang='lat' dir='ltr'><strong>dignitatem</strong></span> <span class='ocrx_word' id='word_1_323' title='bbox 1235 2839 1387 2880; x_wconf 91' lang='lat' dir='ltr'><strong>suam</strong></span> <span class='ocrx_word' id='word_1_324' title='bbox 1414 2839 1582 2894; x_wconf 89' lang='lat' dir='ltr'><strong>usque</strong></span> <span class='ocrx_word' id='word_1_325' title='bbox 1607 2823 1676 2878; x_wconf 90' lang='lat' dir='ltr'><strong>ad</strong></span> <span class='ocrx_word' id='word_1_326' title='bbox 1701 2823 1864 2878; x_wconf 89' lang='lat' dir='ltr'><strong>finem</strong></span> 
     </span>
    </p>
   </div>
   <div class='ocr_carea' id='block_1_44' title="bbox 289 2912 1864 2983">
    <p class='ocr_par' dir='ltr' id='par_1_44' title="bbox 289 2912 1864 2983">
     <span class='ocr_line' id='line_1_44' title="bbox 289 2912 1864 2983; baseline -0.001 -16"><span class='ocrx_word' id='word_1_327' title='bbox 289 2921 509 2968; x_wconf 88' lang='lat' dir='ltr'><strong>teneant</strong></span> <span class='ocrx_word' id='word_1_328' title='bbox 539 2923 593 2968; x_wconf 91' lang='lat' dir='ltr'><strong>et</strong></span> <span class='ocrx_word' id='word_1_329' title='bbox 621 2913 912 2983; x_wconf 89' lang='lat' dir='ltr'><strong>discipulos</strong></span> <span class='ocrx_word' id='word_1_330' title='bbox 939 2929 1065 2968; x_wconf 90' lang='lat' dir='ltr'><strong>suos</strong></span> <span class='ocrx_word' id='word_1_331' title='bbox 1097 2914 1236 2969; x_wconf 90' lang='lat' dir='ltr'><strong>bene</strong></span> <span class='ocrx_word' id='word_1_332' title='bbox 1257 2913 1490 2967; x_wconf 88' lang='lat' dir='ltr'><strong>nutritos</strong></span> <span class='ocrx_word' id='word_1_333' title='bbox 1514 2913 1759 2967; x_wconf 70' lang='lat' dir='ltr'><strong>hazredes</strong></span> <span class='ocrx_word' id='word_1_334' title='bbox 1780 2912 1864 2966; x_wconf 90' lang='lat' dir='ltr'><strong>sui</strong></span> 
     </span>
    </p>
   </div>
   <div class='ocr_carea' id='block_1_45' title="bbox 286 3002 1867 3085">
    <p class='ocr_par' dir='ltr' id='par_1_45' title="bbox 286 3002 1867 3085">
     <span class='ocr_line' id='line_1_45' title="bbox 286 3002 1867 3085; baseline -0.001 -27"><span class='ocrx_word' id='word_1_335' title='bbox 286 3003 490 3061; x_wconf 90' lang='lat' dir='ltr'><strong>laboris</strong></span> <span class='ocrx_word' id='word_1_336' title='bbox 521 3004 847 3085; x_wconf 79' lang='lat' dir='ltr'><strong>relinquant.</strong></span> <span class='ocrx_word' id='word_1_337' title='bbox 891 3002 1098 3059; x_wconf 89' lang='lat' dir='ltr'><strong>Tenere</strong></span> <span class='ocrx_word' id='word_1_338' title='bbox 1131 3005 1328 3058; x_wconf 88' lang='lat' dir='ltr'><strong>debent</strong></span> <span class='ocrx_word' id='word_1_339' title='bbox 1363 3010 1604 3058; x_wconf 90' lang='lat' dir='ltr'><strong>rectores</strong></span> <span class='ocrx_word' id='word_1_340' title='bbox 1630 3002 1867 3057; x_wconf 81' lang='lat' dir='ltr'><strong>exterius</strong></span> 
     </span>
    </p>
   </div>
   <div class='ocr_carea' id='block_1_46' title="bbox 289 3095 1846 3168">
    <p class='ocr_par' dir='ltr' id='par_1_46' title="bbox 289 3095 1846 3168">
     <span class='ocr_line' id='line_1_46' title="bbox 289 3095 1846 3168; baseline -0.002 -17"><span class='ocrx_word' id='word_1_341' title='bbox 289 3097 434 3167; x_wconf 90' lang='lat' dir='ltr'><strong>quod</strong></span> <span class='ocrx_word' id='word_1_342' title='bbox 461 3112 562 3168; x_wconf 90' lang='lat' dir='ltr'><strong>pro</strong></span> <span class='ocrx_word' id='word_1_343' title='bbox 588 3096 814 3152; x_wconf 89' lang='lat' dir='ltr'><strong>aliorum</strong></span> <span class='ocrx_word' id='word_1_344' title='bbox 843 3096 1074 3152; x_wconf 89' lang='lat' dir='ltr'><strong>utilitate</strong></span> <span class='ocrx_word' id='word_1_345' title='bbox 1102 3095 1421 3167; x_wconf 89' lang='lat' dir='ltr'><strong>suscipiunt.</strong></span> <span class='ocrx_word' id='word_1_346' title='bbox 1839 3145 1846 3148; x_wconf 94' lang='lat'>_</span> 
     </span>
    </p>
   </div>
   <div class='ocr_carea' id='block_1_47' title="bbox 361 3184 1867 3259">
    <p class='ocr_par' dir='ltr' id='par_1_47' title="bbox 361 3184 1867 3259">
     <span class='ocr_line' id='line_1_47' title="bbox 361 3184 1867 3259; baseline 0.001 -18"><span class='ocrx_word' id='word_1_347' title='bbox 361 3187 526 3242; x_wconf 87' lang='lat' dir='ltr'><strong>Vens.</strong></span> <span class='ocrx_word' id='word_1_348' title='bbox 553 3186 646 3242; x_wconf 75' lang='grc'><strong>25.</strong></span> <span class='ocrx_word' id='word_1_349' title='bbox 669 3217 738 3228; x_wconf 93' lang='grc'><strong>--</strong></span> <span class='ocrx_word' id='word_1_350' title='bbox 759 3184 971 3241; x_wconf 85' lang='lat' dir='ltr'><strong>Cibaria</strong></span> <span class='ocrx_word' id='word_1_351' title='bbox 993 3197 1041 3242; x_wconf 87' lang='lat' dir='ltr'><strong>et</strong></span> <span class='ocrx_word' id='word_1_352' title='bbox 1071 3187 1238 3258; x_wconf 85' lang='lat' dir='ltr'><strong>virga,</strong></span> <span class='ocrx_word' id='word_1_353' title='bbox 1266 3195 1374 3242; x_wconf 87' lang='lat' dir='ltr'><strong>etc.</strong></span> <span class='ocrx_word' id='word_1_354' title='bbox 1415 3185 1598 3259; x_wconf 71' lang='grc' dir='ltr'><strong>(ΗΔΒ.)</strong></span> <span class='ocrx_word' id='word_1_355' title='bbox 1633 3185 1867 3243; x_wconf 82' lang='lat' dir='ltr'><strong>Necesse</strong></span> 
     </span>
    </p>
   </div>
   <div class='ocr_carea' id='block_1_48' title="bbox 1964 1992 3130 2063">
    <p class='ocr_par' dir='ltr' id='par_1_48' title="bbox 1964 1992 3130 2063">
     <span class='ocr_line' id='line_1_48' title="bbox 1964 1992 3130 2063; baseline 0.003 -17"><span class='ocrx_word' id='word_1_356' title='bbox 1964 2007 2127 2063; x_wconf 83' lang='lat' dir='ltr'><strong>usque</strong></span> <span class='ocrx_word' id='word_1_357' title='bbox 2152 1993 2220 2047; x_wconf 86' lang='lat' dir='ltr'><strong>ad</strong></span> <span class='ocrx_word' id='word_1_358' title='bbox 2248 2001 2304 2049; x_wconf 89' lang='lat' dir='ltr'><strong>et</strong></span> <span class='ocrx_word' id='word_1_359' title='bbox 2329 2009 2542 2049; x_wconf 86' lang='lat' dir='ltr'><strong>rursum</strong></span> <span class='ocrx_word' id='word_1_360' title='bbox 2567 1992 2742 2049; x_wconf 83' lang='lat' dir='ltr'><strong>flenda</strong></span> <span class='ocrx_word' id='word_1_361' title='bbox 2771 1995 3130 2050; x_wconf 88' lang='lat' dir='ltr'><strong>committunt.</strong></span> 
     </span>
    </p>
   </div>
   <div class='ocr_carea' id='block_1_49' title="bbox 2513 2149 2998 2208">
    <p class='ocr_par' dir='ltr' id='par_1_49' title="bbox 2513 2149 2998 2208">
     <span class='ocr_line' id='line_1_49' title="bbox 2513 2149 2998 2208; baseline 0.004 -2"><span class='ocrx_word' id='word_1_362' title='bbox 2513 2149 2742 2208; x_wconf 78' lang='lat' dir='ltr'><strong>CAPUT</strong></span> <span class='ocrx_word' id='word_1_363' title='bbox 2780 2151 2998 2208; x_wconf 84' lang='lat' dir='ltr'><strong>XXXV.</strong></span> 
     </span>
    </p>
   </div>
   <div class='ocr_carea' id='block_1_50' title="bbox 2036 2282 3541 2357">
    <p class='ocr_par' dir='ltr' id='par_1_50' title="bbox 2036 2282 3541 2357">
     <span class='ocr_line' id='line_1_50' title="bbox 2036 2282 3541 2357; baseline 0.002 -18"><span class='ocrx_word' id='word_1_364' title='bbox 2036 2282 2200 2339; x_wconf 86' lang='lat' dir='ltr'><strong>Vens.</strong></span> <span class='ocrx_word' id='word_1_365' title='bbox 2233 2284 2284 2338; x_wconf 92' lang='grc'><strong>1.</strong></span> <span class='ocrx_word' id='word_1_366' title='bbox 2309 2313 2380 2324; x_wconf 91' lang='lat'><strong>—-</strong></span> <span class='ocrx_word' id='word_1_367' title='bbox 2403 2283 2506 2350; x_wconf 86' lang='lat' dir='ltr'><strong>Qui</strong></span> <span class='ocrx_word' id='word_1_368' title='bbox 2531 2295 2821 2338; x_wconf 80' lang='lat' dir='ltr'><strong>conservat.</strong></span> <span class='ocrx_word' id='word_1_369' title='bbox 2855 2284 3037 2357; x_wconf 71' lang='grc' dir='ltr'><strong>(ΗΑΒ.)</strong></span> <span class='ocrx_word' id='word_1_370' title='bbox 3064 2285 3208 2342; x_wconf 90' lang='lat' dir='ltr'><strong>Bene</strong></span> <span class='ocrx_word' id='word_1_371' title='bbox 3233 2293 3374 2353; x_wconf 91' lang='lat' dir='ltr'><strong>orat,</strong></span> <span class='ocrx_word' id='word_1_372' title='bbox 3409 2296 3541 2356; x_wconf 90' lang='lat' dir='ltr'><strong>etc.,</strong></span> 
     </span>
    </p>
   </div>
   <div class='ocr_carea' id='block_1_51' title="bbox 1964 2375 3372 2447">
    <p class='ocr_par' dir='ltr' id='par_1_51' title="bbox 1964 2375 3372 2447">
     <span class='ocr_line' id='line_1_51' title="bbox 1964 2375 3372 2447; baseline 0.001 -17"><span class='ocrx_word' id='word_1_373' title='bbox 1964 2393 2127 2447; x_wconf 81' lang='lat' dir='ltr'><strong>usque</strong></span> <span class='ocrx_word' id='word_1_374' title='bbox 2153 2375 2225 2430; x_wconf 82' lang='lat' dir='ltr'><strong>ad</strong></span> <span class='ocrx_word' id='word_1_375' title='bbox 2253 2375 2378 2446; x_wconf 89' lang='lat' dir='ltr'><strong>quia</strong></span> <span class='ocrx_word' id='word_1_376' title='bbox 2409 2375 2548 2430; x_wconf 90' lang='lat' dir='ltr'><strong>bene</strong></span> <span class='ocrx_word' id='word_1_377' title='bbox 2573 2375 2847 2446; x_wconf 88' lang='lat' dir='ltr'><strong>operando</strong></span> <span class='ocrx_word' id='word_1_378' title='bbox 2883 2385 3066 2431; x_wconf 87' lang='lat' dir='ltr'><strong>servat</strong></span> <span class='ocrx_word' id='word_1_379' title='bbox 3085 2376 3372 2447; x_wconf 87' lang='lat' dir='ltr'><strong>justitiam.</strong></span> 
     </span>
    </p>
   </div>
   <div class='ocr_carea' id='block_1_52' title="bbox 2035 2462 3543 2539">
    <p class='ocr_par' dir='ltr' id='par_1_52' title="bbox 2035 2462 3543 2539">
     <span class='ocr_line' id='line_1_52' title="bbox 2035 2462 3543 2539; baseline 0.002 -19"><span class='ocrx_word' id='word_1_380' title='bbox 2035 2464 2198 2521; x_wconf 86' lang='lat' dir='ltr'><strong>Vens.</strong></span> <span class='ocrx_word' id='word_1_381' title='bbox 2227 2467 2281 2522; x_wconf 94' lang='grc'><strong>5.</strong></span> <span class='ocrx_word' id='word_1_382' title='bbox 2307 2495 2378 2505; x_wconf 89' lang='grc'><strong>--</strong></span> <span class='ocrx_word' id='word_1_383' title='bbox 2401 2462 2865 2536; x_wconf 84' lang='lat' dir='ltr'><strong>Propitiationum.</strong></span> <span class='ocrx_word' id='word_1_384' title='bbox 2898 2465 3040 2522; x_wconf 84' lang='lat' dir='ltr'><strong>Inter</strong></span> <span class='ocrx_word' id='word_1_385' title='bbox 3067 2466 3218 2522; x_wconf 82' lang='lat' dir='ltr'><strong>litare</strong></span> <span class='ocrx_word' id='word_1_386' title='bbox 3255 2477 3303 2522; x_wconf 92' lang='lat' dir='ltr'><strong>et</strong></span> <span class='ocrx_word' id='word_1_387' title='bbox 3332 2467 3543 2539; x_wconf 80' lang='lat' dir='ltr'><strong>sacriﬁ-</strong></span> 
     </span>
    </p>
   </div>
   <div class='ocr_carea' id='block_1_53' title="bbox 1965 2553 3540 2628">
    <p class='ocr_par' dir='ltr' id='par_1_53' title="bbox 1965 2553 3540 2628">
     <span class='ocr_line' id='line_1_53' title="bbox 1965 2553 3540 2628; baseline 0.003 -19"><span class='ocrx_word' id='word_1_388' title='bbox 1965 2572 2085 2610; x_wconf 86' lang='lat' dir='ltr'><strong>care</strong></span> <span class='ocrx_word' id='word_1_389' title='bbox 2109 2555 2213 2611; x_wconf 88' lang='lat' dir='ltr'><strong>hoc</strong></span> <span class='ocrx_word' id='word_1_390' title='bbox 2237 2555 2420 2611; x_wconf 91' lang='lat' dir='ltr'><strong>distat.</strong></span> <span class='ocrx_word' id='word_1_391' title='bbox 2455 2553 2588 2610; x_wconf 86' lang='lat' dir='ltr'><strong>Nam</strong></span> <span class='ocrx_word' id='word_1_392' title='bbox 2618 2556 2888 2612; x_wconf 87' lang='lat' dir='ltr'><strong>sacrificat</strong></span> <span class='ocrx_word' id='word_1_393' title='bbox 2911 2556 3002 2628; x_wconf 88' lang='lat' dir='ltr'><strong>qui</strong></span> <span class='ocrx_word' id='word_1_394' title='bbox 3032 2556 3358 2613; x_wconf 81' lang='lat' dir='ltr'><strong>sacriﬁcium</strong></span> <span class='ocrx_word' id='word_1_395' title='bbox 3388 2557 3540 2613; x_wconf 89' lang='lat' dir='ltr'><strong>facit.</strong></span> 
     </span>
    </p>
   </div>
   <div class='ocr_carea' id='block_1_54' title="bbox 1964 2642 3544 2718">
    <p class='ocr_par' dir='ltr' id='par_1_54' title="bbox 1964 2642 3544 2718">
     <span class='ocr_line' id='line_1_54' title="bbox 1964 2642 3544 2718; baseline 0.002 -19"><span class='ocrx_word' id='word_1_396' title='bbox 1964 2643 2112 2700; x_wconf 89' lang='lat' dir='ltr'><strong>Litat</strong></span> <span class='ocrx_word' id='word_1_397' title='bbox 2139 2645 2230 2714; x_wconf 90' lang='lat' dir='ltr'><strong>qui</strong></span> <span class='ocrx_word' id='word_1_398' title='bbox 2263 2644 2590 2701; x_wconf 88' lang='lat' dir='ltr'><strong>sacrificium</strong></span> <span class='ocrx_word' id='word_1_399' title='bbox 2621 2642 2768 2711; x_wconf 85' lang='lat' dir='ltr'><strong>facit,</strong></span> <span class='ocrx_word' id='word_1_400' title='bbox 2813 2653 2868 2702; x_wconf 91' lang='lat' dir='ltr'><strong>et</strong></span> <span class='ocrx_word' id='word_1_401' title='bbox 2895 2647 3038 2715; x_wconf 89' lang='lat' dir='ltr'><strong>quod</strong></span> <span class='ocrx_word' id='word_1_402' title='bbox 3073 2645 3340 2702; x_wconf 86' lang='lat' dir='ltr'><strong>sacrificio</strong></span> <span class='ocrx_word' id='word_1_403' title='bbox 3365 2647 3544 2718; x_wconf 89' lang='lat' dir='ltr'><strong>petiit,</strong></span> 
     </span>
    </p>
   </div>
   <div class='ocr_carea' id='block_1_55' title="bbox 1964 2733 2241 2804">
    <p class='ocr_par' dir='ltr' id='par_1_55' title="bbox 1964 2733 2241 2804">
     <span class='ocr_line' id='line_1_55' title="bbox 1964 2733 2241 2804; baseline 0 -16"><span class='ocrx_word' id='word_1_404' title='bbox 1964 2733 2241 2804; x_wconf 87' lang='lat' dir='ltr'><strong>impetrat.</strong></span> 
     </span>
    </p>
   </div>
   <div class='ocr_carea' id='block_1_56' title="bbox 2037 2822 3547 2896">
    <p class='ocr_par' dir='ltr' id='par_1_56' title="bbox 2037 2822 3547 2896">
     <span class='ocr_line' id='line_1_56' title="bbox 2037 2822 3547 2896; baseline 0.001 -18"><span class='ocrx_word' id='word_1_405' title='bbox 2037 2822 2202 2880; x_wconf 85' lang='lat' dir='ltr'><strong>Vens.</strong></span> <span class='ocrx_word' id='word_1_406' title='bbox 2231 2823 2285 2879; x_wconf 73' lang='grc'><strong>4.</strong></span> <span class='ocrx_word' id='word_1_407' title='bbox 2308 2853 2380 2864; x_wconf 92' lang='lat'><strong><em>—</em></strong></span> <span class='ocrx_word' id='word_1_408' title='bbox 2400 2823 2686 2890; x_wconf 74' lang='lat' dir='ltr'><strong>Retribuat,</strong></span> <span class='ocrx_word' id='word_1_409' title='bbox 2716 2831 2822 2880; x_wconf 91' lang='lat' dir='ltr'><strong>etc.</strong></span> <span class='ocrx_word' id='word_1_410' title='bbox 2848 2823 3166 2894; x_wconf 90' lang='lat' dir='ltr'><strong>Utrumque,</strong></span> <span class='ocrx_word' id='word_1_411' title='bbox 3191 2822 3403 2879; x_wconf 89' lang='lat' dir='ltr'><strong>scilicet</strong></span> <span class='ocrx_word' id='word_1_412' title='bbox 3421 2840 3547 2896; x_wconf 86' lang='lat' dir='ltr'><strong>gra-</strong></span> 
     </span>
    </p>
   </div>
   <div class='ocr_carea' id='block_1_57' title="bbox 1966 2917 3544 2988">
    <p class='ocr_par' dir='ltr' id='par_1_57' title="bbox 1966 2917 3544 2988">
     <span class='ocr_line' id='line_1_57' title="bbox 1966 2917 3544 2988; baseline 0 -16"><span class='ocrx_word' id='word_1_413' title='bbox 1966 2925 2081 2972; x_wconf 91' lang='lat' dir='ltr'><strong>tum</strong></span> <span class='ocrx_word' id='word_1_414' title='bbox 2131 2917 2264 2982; x_wconf 89' lang='lat' dir='ltr'><strong>Deo,</strong></span> <span class='ocrx_word' id='word_1_415' title='bbox 2303 2926 2360 2971; x_wconf 91' lang='lat' dir='ltr'><strong>et</strong></span> <span class='ocrx_word' id='word_1_416' title='bbox 2397 2918 2541 2988; x_wconf 91' lang='lat' dir='ltr'><strong>quod</strong></span> <span class='ocrx_word' id='word_1_417' title='bbox 2579 2919 2634 2971; x_wconf 92' lang='lat' dir='ltr'><strong>in</strong></span> <span class='ocrx_word' id='word_1_418' title='bbox 2673 2918 2830 2973; x_wconf 88' lang='lat' dir='ltr'><strong>altari</strong></span> <span class='ocrx_word' id='word_1_419' title='bbox 2875 2918 2931 2973; x_wconf 91' lang='lat' dir='ltr'><strong>in</strong></span> <span class='ocrx_word' id='word_1_420' title='bbox 2980 2917 3544 2975; x_wconf 89' lang='lat' dir='ltr'><strong>commemorationem</strong></span> 
     </span>
    </p>
   </div>
   <div class='ocr_carea' id='block_1_58' title="bbox 1967 3004 3547 3079">
    <p class='ocr_par' dir='ltr' id='par_1_58' title="bbox 1967 3004 3547 3079">
     <span class='ocr_line' id='line_1_58' title="bbox 1967 3004 3547 3079; baseline 0.001 -17"><span class='ocrx_word' id='word_1_421' title='bbox 1967 3007 2094 3062; x_wconf 82' lang='lat' dir='ltr'><strong>Jesu</strong></span> <span class='ocrx_word' id='word_1_422' title='bbox 2114 3005 2314 3062; x_wconf 86' lang='lat' dir='ltr'><strong>Christi</strong></span> <span class='ocrx_word' id='word_1_423' title='bbox 2337 3004 2580 3073; x_wconf 71' lang='lat' dir='ltr'><strong>offertur,</strong></span> <span class='ocrx_word' id='word_1_424' title='bbox 2607 3017 2662 3061; x_wconf 88' lang='lat' dir='ltr'><strong>et</strong></span> <span class='ocrx_word' id='word_1_425' title='bbox 2680 3008 2823 3077; x_wconf 86' lang='lat' dir='ltr'><strong>quod</strong></span> <span class='ocrx_word' id='word_1_426' title='bbox 2843 3021 2940 3078; x_wconf 91' lang='lat' dir='ltr'><strong>per</strong></span> <span class='ocrx_word' id='word_1_427' title='bbox 2962 3009 3280 3064; x_wconf 88' lang='lat' dir='ltr'><strong>cbaritatem</strong></span> <span class='ocrx_word' id='word_1_428' title='bbox 3303 3008 3547 3079; x_wconf 78' lang='lat' dir='ltr'><strong>proximo</strong></span> 
     </span>
    </p>
   </div>
   <div class='ocr_carea' id='block_1_59' title="bbox 1968 3096 2246 3152">
    <p class='ocr_par' dir='ltr' id='par_1_59' title="bbox 1968 3096 2246 3152">
     <span class='ocr_line' id='line_1_59' title="bbox 1968 3096 2246 3152; baseline 0 -2"><span class='ocrx_word' id='word_1_429' title='bbox 1968 3096 2246 3152; x_wconf 88' lang='lat' dir='ltr'><strong>tribuitur.</strong></span> 
     </span>
    </p>
   </div>
   <div class='ocr_carea' id='block_1_60' title="bbox 2040 3187 3545 3262">
    <p class='ocr_par' dir='ltr' id='par_1_60' title="bbox 2040 3187 3545 3262">
     <span class='ocr_line' id='line_1_60' title="bbox 2040 3187 3545 3262; baseline 0.005 -21"><span class='ocrx_word' id='word_1_430' title='bbox 2040 3187 2203 3244; x_wconf 86' lang='lat' dir='ltr'><strong>Vens.</strong></span> <span class='ocrx_word' id='word_1_431' title='bbox 2256 3189 2344 3244; x_wconf 88' lang='grc'><strong>10.</strong></span> <span class='ocrx_word' id='word_1_432' title='bbox 2387 3218 2458 3231; x_wconf 90' lang='lat'><strong><em>-—</em></strong></span> <span class='ocrx_word' id='word_1_433' title='bbox 2502 3187 2652 3242; x_wconf 89' lang='lat' dir='ltr'><strong>Bono</strong></span> <span class='ocrx_word' id='word_1_434' title='bbox 2696 3189 2892 3243; x_wconf 88' lang='lat' dir='ltr'><strong>animo.</strong></span> <span class='ocrx_word' id='word_1_435' title='bbox 2936 3188 3056 3262; x_wconf 79' lang='lat' dir='ltr'><strong>(ln.)</strong></span> <span class='ocrx_word' id='word_1_436' title='bbox 3095 3189 3361 3260; x_wconf 75' lang='lat' dir='ltr'><strong>Quidquid</strong></span> <span class='ocrx_word' id='word_1_437' title='bbox 3401 3191 3545 3248; x_wconf 70' lang='lat' dir='ltr'><strong>bono</strong></span> 
     </span>
    </p>
   </div>
   <div class='ocr_carea' id='block_1_61' title="bbox 291 3266 3543 3354">
    <p class='ocr_par' dir='ltr' id='par_1_61' title="bbox 291 3266 3543 3354">
     <span class='ocr_line' id='line_1_61' title="bbox 291 3266 3543 3354; baseline 0.002 -19"><span class='ocrx_word' id='word_1_438' title='bbox 291 3287 372 3336; x_wconf 86' lang='lat' dir='ltr'><strong>est</strong></span> <span class='ocrx_word' id='word_1_439' title='bbox 398 3288 457 3334; x_wconf 91' lang='lat' dir='ltr'><strong>ut</strong></span> <span class='ocrx_word' id='word_1_440' title='bbox 482 3279 652 3350; x_wconf 90' lang='lat' dir='ltr'><strong>iniqui</strong></span> <span class='ocrx_word' id='word_1_441' title='bbox 677 3281 840 3347; x_wconf 89' lang='lat' dir='ltr'><strong>servi,</strong></span> <span class='ocrx_word' id='word_1_442' title='bbox 872 3288 1000 3346; x_wconf 88' lang='lat' dir='ltr'><strong>etc.,</strong></span> <span class='ocrx_word' id='word_1_443' title='bbox 1042 3296 1203 3350; x_wconf 85' lang='lat' dir='ltr'><strong>usque</strong></span> <span class='ocrx_word' id='word_1_444' title='bbox 1233 3279 1300 3333; x_wconf 85' lang='lat' dir='ltr'><strong>ad</strong></span> <span class='ocrx_word' id='word_1_445' title='bbox 1330 3288 1391 3334; x_wconf 92' lang='lat' dir='ltr'><strong>ut</strong></span> <span class='ocrx_word' id='word_1_446' title='bbox 1416 3279 1682 3348; x_wconf 89' lang='lat' dir='ltr'><strong>habeant,</strong></span> <span class='ocrx_word' id='word_1_447' title='bbox 1722 3279 1868 3336; x_wconf 63' lang='lat' dir='ltr'><strong>sciliv</strong></span> <span class='ocrx_word' id='word_1_448' title='bbox 1895 3266 1940 3330; x_wconf 83' lang='lat' dir='ltr'><strong>C</strong></span> <span class='ocrx_word' id='word_1_449' title='bbox 1971 3281 2155 3338; x_wconf 90' lang='lat' dir='ltr'><strong>animo</strong></span> <span class='ocrx_word' id='word_1_450' title='bbox 2178 3297 2288 3338; x_wconf 91' lang='lat' dir='ltr'><strong>non</strong></span> <span class='ocrx_word' id='word_1_451' title='bbox 2314 3283 2493 3349; x_wconf 89' lang='lat' dir='ltr'><strong>datur,</strong></span> <span class='ocrx_word' id='word_1_452' title='bbox 2517 3283 2658 3354; x_wconf 89' lang='lat' dir='ltr'><strong>apud</strong></span> <span class='ocrx_word' id='word_1_453' title='bbox 2684 3283 2852 3338; x_wconf 89' lang='lat' dir='ltr'><strong>Deum</strong></span> <span class='ocrx_word' id='word_1_454' title='bbox 2878 3283 3106 3353; x_wconf 90' lang='lat' dir='ltr'><strong>gratiam</strong></span> <span class='ocrx_word' id='word_1_455' title='bbox 3143 3301 3251 3340; x_wconf 86' lang='lat' dir='ltr'><strong>non</strong></span> <span class='ocrx_word' id='word_1_456' title='bbox 3285 3299 3543 3354; x_wconf 79' lang='lat' dir='ltr'><strong>mere,ur.</strong></span> 
     </span>
    </p>
   </div>
   <div class='ocr_carea' id='block_1_62' title="bbox 290 3369 1586 3442">
    <p class='ocr_par' dir='ltr' id='par_1_62' title="bbox 290 3369 1586 3442">
     <span class='ocr_line' id='line_1_62' title="bbox 290 3369 1586 3442; baseline -0.001 -14"><span class='ocrx_word' id='word_1_457' title='bbox 290 3380 376 3428; x_wconf 90' lang='lat' dir='ltr'><strong>cet</strong></span> <span class='ocrx_word' id='word_1_458' title='bbox 400 3371 597 3427; x_wconf 90' lang='lat' dir='ltr'><strong>victum</strong></span> <span class='ocrx_word' id='word_1_459' title='bbox 626 3378 684 3426; x_wconf 91' lang='lat' dir='ltr'><strong>et</strong></span> <span class='ocrx_word' id='word_1_460' title='bbox 701 3369 985 3437; x_wconf 90' lang='lat' dir='ltr'><strong>vestitum,</strong></span> <span class='ocrx_word' id='word_1_461' title='bbox 1010 3387 1118 3426; x_wconf 92' lang='lat' dir='ltr'><strong>non</strong></span> <span class='ocrx_word' id='word_1_462' title='bbox 1145 3370 1370 3442; x_wconf 86' lang='lat' dir='ltr'><strong>vagandi</strong></span> <span class='ocrx_word' id='word_1_463' title='bbox 1392 3369 1586 3427; x_wconf 91' lang='lat' dir='ltr'><strong>otium.</strong></span> 
     </span>
    </p>
   </div>
   <div class='ocr_carea' id='block_1_63' title="bbox 366 3459 1869 3534">
    <p class='ocr_par' dir='ltr' id='par_1_63' title="bbox 366 3459 1869 3534">
     <span class='ocr_line' id='line_1_63' title="bbox 366 3459 1869 3534; baseline 0.001 -18"><span class='ocrx_word' id='word_1_464' title='bbox 366 3463 526 3518; x_wconf 84' lang='lat' dir='ltr'><strong>Vens.</strong></span> <span class='ocrx_word' id='word_1_465' title='bbox 558 3461 646 3517; x_wconf 88' lang='grc'><strong>51.</strong></span> <span class='ocrx_word' id='word_1_466' title='bbox 668 3491 740 3503; x_wconf 89' lang='grc'><strong><em>-</em></strong></span> <span class='ocrx_word' id='word_1_467' title='bbox 759 3459 817 3516; x_wconf 87' lang='lat' dir='ltr'><strong>Si</strong></span> <span class='ocrx_word' id='word_1_468' title='bbox 839 3471 914 3516; x_wconf 89' lang='lat' dir='ltr'><strong>est</strong></span> <span class='ocrx_word' id='word_1_469' title='bbox 937 3462 1029 3516; x_wconf 88' lang='lat' dir='ltr'><strong>tibi</strong></span> <span class='ocrx_word' id='word_1_470' title='bbox 1059 3461 1250 3530; x_wconf 81' lang='lat' dir='ltr'><strong>ﬁdelis,</strong></span> <span class='ocrx_word' id='word_1_471' title='bbox 1281 3471 1388 3517; x_wconf 93' lang='lat' dir='ltr'><strong>etc.</strong></span> <span class='ocrx_word' id='word_1_472' title='bbox 1420 3461 1544 3534; x_wconf 76' lang='grc'><strong>(11).)</strong></span> <span class='ocrx_word' id='word_1_473' title='bbox 1574 3463 1708 3517; x_wconf 91' lang='lat' dir='ltr'><strong>Boni</strong></span> <span class='ocrx_word' id='word_1_474' title='bbox 1727 3462 1869 3518; x_wconf 87' lang='lat' dir='ltr'><strong>servi</strong></span> 
     </span>
    </p>
   </div>
   <div class='ocr_carea' id='block_1_64' title="bbox 289 3554 1870 3626">
    <p class='ocr_par' dir='ltr' id='par_1_64' title="bbox 289 3554 1870 3626">
     <span class='ocr_line' id='line_1_64' title="bbox 289 3554 1870 3626; baseline 0 -15"><span class='ocrx_word' id='word_1_475' title='bbox 289 3554 464 3626; x_wconf 84' lang='lat' dir='ltr'><strong>legem</strong></span> <span class='ocrx_word' id='word_1_476' title='bbox 504 3555 754 3622; x_wconf 88' lang='lat' dir='ltr'><strong>tradidit,</strong></span> <span class='ocrx_word' id='word_1_477' title='bbox 794 3563 899 3611; x_wconf 91' lang='lat' dir='ltr'><strong>etc.</strong></span> <span class='ocrx_word' id='word_1_478' title='bbox 919 3595 934 3620; x_wconf 95' lang='lat'><strong>,</strong></span> <span class='ocrx_word' id='word_1_479' title='bbox 981 3570 1146 3626; x_wconf 89' lang='lat' dir='ltr'><strong>usque</strong></span> <span class='ocrx_word' id='word_1_480' title='bbox 1177 3554 1246 3608; x_wconf 83' lang='lat' dir='ltr'><strong>ad</strong></span> <span class='ocrx_word' id='word_1_481' title='bbox 1280 3569 1389 3610; x_wconf 90' lang='lat' dir='ltr'><strong>non</strong></span> <span class='ocrx_word' id='word_1_482' title='bbox 1414 3563 1502 3611; x_wconf 86' lang='lat' dir='ltr'><strong>est</strong></span> <span class='ocrx_word' id='word_1_483' title='bbox 1530 3555 1676 3611; x_wconf 91' lang='lat' dir='ltr'><strong>enim</strong></span> <span class='ocrx_word' id='word_1_484' title='bbox 1708 3555 1870 3612; x_wconf 90' lang='lat' dir='ltr'><strong>homo</strong></span> 
     </span>
    </p>
   </div>
   <div class='ocr_carea' id='block_1_65' title="bbox 290 3646 1022 3726">
    <p class='ocr_par' dir='ltr' id='par_1_65' title="bbox 290 3646 1022 3726">
     <span class='ocr_line' id='line_1_65' title="bbox 290 3646 1022 3726; baseline -0.005 -22"><span class='ocrx_word' id='word_1_485' title='bbox 290 3647 716 3726; x_wconf 60' lang='lat' dir='ltr'><strong>persequendus,</strong></span> <span class='ocrx_word' id='word_1_486' title='bbox 746 3646 843 3704; x_wconf 89' lang='lat' dir='ltr'><strong>sed</strong></span> <span class='ocrx_word' id='word_1_487' title='bbox 870 3646 1022 3701; x_wconf 89' lang='lat' dir='ltr'><strong>vitia.</strong></span> 
     </span>
    </p>
   </div>
   <div class='ocr_carea' id='block_1_66' title="bbox 821 3797 1323 3858">
    <p class='ocr_par' dir='ltr' id='par_1_66' title="bbox 821 3797 1323 3858">
     <span class='ocr_line' id='line_1_66' title="bbox 821 3797 1323 3858; baseline -0.002 -2"><span class='ocrx_word' id='word_1_488' title='bbox 821 3797 1047 3856; x_wconf 89' lang='lat' dir='ltr'><strong>CAPUT</strong></span> <span class='ocrx_word' id='word_1_489' title='bbox 1083 3798 1323 3858; x_wconf 80' lang='lat' dir='ltr'><strong>XXXIV.</strong></span> 
     </span>
    </p>
   </div>
   <div class='ocr_carea' id='block_1_67' title="bbox 365 3934 1873 4008">
    <p class='ocr_par' dir='ltr' id='par_1_67' title="bbox 365 3934 1873 4008">
     <span class='ocr_line' id='line_1_67' title="bbox 365 3934 1873 4008; baseline 0.001 -18"><span class='ocrx_word' id='word_1_490' title='bbox 365 3935 532 3991; x_wconf 88' lang='lat' dir='ltr'><strong>Vens.</strong></span> <span class='ocrx_word' id='word_1_491' title='bbox 567 3935 622 3993; x_wconf 78' lang='lat'><strong>2.</strong></span> <span class='ocrx_word' id='word_1_492' title='bbox 647 3965 718 3976; x_wconf 94' lang='lat'><strong>—</strong></span> <span class='ocrx_word' id='word_1_493' title='bbox 744 3934 911 4000; x_wconf 76' lang='lat' dir='ltr'><strong>Quasi</strong></span> <span class='ocrx_word' id='word_1_494' title='bbox 935 3936 1024 4006; x_wconf 86' lang='lat' dir='ltr'><strong>qui</strong></span> <span class='ocrx_word' id='word_1_495' title='bbox 1047 3935 1408 4007; x_wconf 82' lang='lat' dir='ltr'><strong>apprehendit.</strong></span> <span class='ocrx_word' id='word_1_496' title='bbox 1438 3935 1620 4008; x_wconf 67' lang='grc' dir='ltr'><strong>(ειη.)</strong></span> <span class='ocrx_word' id='word_1_497' title='bbox 1653 3935 1873 4008; x_wconf 78' lang='lat' dir='ltr'><strong>Signin-</strong></span> 
     </span>
    </p>
   </div>
   <div class='ocr_carea' id='block_1_68' title="bbox 293 4023 1875 4098">
    <p class='ocr_par' dir='ltr' id='par_1_68' title="bbox 293 4023 1875 4098">
     <span class='ocr_line' id='line_1_68' title="bbox 293 4023 1875 4098; baseline 0.002 -18"><span class='ocrx_word' id='word_1_498' title='bbox 293 4023 423 4080; x_wconf 89' lang='lat' dir='ltr'><strong>flcat</strong></span> <span class='ocrx_word' id='word_1_499' title='bbox 447 4023 654 4080; x_wconf 86' lang='lat' dir='ltr'><strong>somnia</strong></span> <span class='ocrx_word' id='word_1_500' title='bbox 680 4023 917 4090; x_wconf 89' lang='lat' dir='ltr'><strong>fallacia,</strong></span> <span class='ocrx_word' id='word_1_501' title='bbox 944 4033 1077 4091; x_wconf 91' lang='lat' dir='ltr'><strong>etc.,</strong></span> <span class='ocrx_word' id='word_1_502' title='bbox 1112 4042 1274 4098; x_wconf 87' lang='lat' dir='ltr'><strong>usque</strong></span> <span class='ocrx_word' id='word_1_503' title='bbox 1298 4027 1369 4082; x_wconf 86' lang='lat' dir='ltr'><strong>ad</strong></span> <span class='ocrx_word' id='word_1_504' title='bbox 1393 4035 1454 4082; x_wconf 89' lang='lat' dir='ltr'><strong>ut</strong></span> <span class='ocrx_word' id='word_1_505' title='bbox 1481 4027 1656 4083; x_wconf 86' lang='lat' dir='ltr'><strong>sciant</strong></span> <span class='ocrx_word' id='word_1_506' title='bbox 1687 4028 1816 4097; x_wconf 90' lang='lat' dir='ltr'><strong>quid</strong></span> <span class='ocrx_word' id='word_1_507' title='bbox 1842 4044 1875 4084; x_wconf 82' lang='lat' dir='ltr'><strong>a</strong></span> 
     </span>
    </p>
   </div>
   <div class='ocr_carea' id='block_1_69' title="bbox 293 4116 1874 4190">
    <p class='ocr_par' dir='ltr' id='par_1_69' title="bbox 293 4116 1874 4190">
     <span class='ocr_line' id='line_1_69' title="bbox 293 4116 1874 4190; baseline 0.001 -17"><span class='ocrx_word' id='word_1_508' title='bbox 293 4116 438 4174; x_wconf 89' lang='lat' dir='ltr'><strong>bono</strong></span> <span class='ocrx_word' id='word_1_509' title='bbox 483 4117 675 4189; x_wconf 81' lang='lat' dir='ltr'><strong>spiritu</strong></span> <span class='ocrx_word' id='word_1_510' title='bbox 719 4116 1042 4190; x_wconf 87' lang='lat' dir='ltr'><strong>percipiant,</strong></span> <span class='ocrx_word' id='word_1_511' title='bbox 1089 4116 1171 4174; x_wconf 85' lang='lat' dir='ltr'><strong>vel</strong></span> <span class='ocrx_word' id='word_1_512' title='bbox 1219 4117 1348 4190; x_wconf 89' lang='lat' dir='ltr'><strong>quid</strong></span> <span class='ocrx_word' id='word_1_513' title='bbox 1384 4119 1453 4174; x_wconf 87' lang='lat' dir='ltr'><strong>ab</strong></span> <span class='ocrx_word' id='word_1_514' title='bbox 1488 4117 1738 4175; x_wconf 88' lang='lat' dir='ltr'><strong>illusione</strong></span> <span class='ocrx_word' id='word_1_515' title='bbox 1775 4135 1874 4190; x_wconf 87' lang='lat' dir='ltr'><strong>pa-</strong></span> 
     </span>
    </p>
   </div>
   <div class='ocr_carea' id='block_1_70' title="bbox 293 4207 520 4264">
    <p class='ocr_par' dir='ltr' id='par_1_70' title="bbox 293 4207 520 4264">
     <span class='ocr_line' id='line_1_70' title="bbox 293 4207 520 4264; baseline 0 -1"><span class='ocrx_word' id='word_1_516' title='bbox 293 4207 520 4264; x_wconf 84' lang='lat' dir='ltr'><strong>tiantur.</strong></span> 
     </span>
    </p>
   </div>
   <div class='ocr_carea' id='block_1_71' title="bbox 369 4299 1878 4373">
    <p class='ocr_par' dir='ltr' id='par_1_71' title="bbox 369 4299 1878 4373">
     <span class='ocr_line' id='line_1_71' title="bbox 369 4299 1878 4373; baseline 0.003 -17"><span class='ocrx_word' id='word_1_517' title='bbox 369 4301 533 4358; x_wconf 83' lang='lat' dir='ltr'><strong>Vens.</strong></span> <span class='ocrx_word' id='word_1_518' title='bbox 564 4301 618 4358; x_wconf 89' lang='lat'><strong>8.</strong></span> <span class='ocrx_word' id='word_1_519' title='bbox 643 4332 712 4342; x_wconf 95' lang='lat'><strong>—</strong></span> <span class='ocrx_word' id='word_1_520' title='bbox 735 4299 858 4357; x_wconf 88' lang='lat' dir='ltr'><strong>Sine</strong></span> <span class='ocrx_word' id='word_1_521' title='bbox 893 4302 1184 4359; x_wconf 84' lang='lat' dir='ltr'><strong>mendacio.</strong></span> <span class='ocrx_word' id='word_1_522' title='bbox 1225 4301 1464 4373; x_wconf 81' lang='lat' dir='ltr'><strong>Abjectis</strong></span> <span class='ocrx_word' id='word_1_523' title='bbox 1502 4305 1728 4360; x_wconf 87' lang='lat' dir='ltr'><strong>somniis</strong></span> <span class='ocrx_word' id='word_1_524' title='bbox 1751 4305 1878 4361; x_wconf 86' lang='lat' dir='ltr'><strong>hor-</strong></span> 
     </span>
    </p>
   </div>
   <div class='ocr_carea' id='block_1_72' title="bbox 298 4392 1876 4466">
    <p class='ocr_par' dir='ltr' id='par_1_72' title="bbox 298 4392 1876 4466">
     <span class='ocr_line' id='line_1_72' title="bbox 298 4392 1876 4466; baseline 0 -16"><span class='ocrx_word' id='word_1_525' title='bbox 298 4401 448 4450; x_wconf 89' lang='lat' dir='ltr'><strong>tatur</strong></span> <span class='ocrx_word' id='word_1_526' title='bbox 494 4392 820 4450; x_wconf 88' lang='lat' dir='ltr'><strong>credendum</strong></span> <span class='ocrx_word' id='word_1_527' title='bbox 865 4407 986 4449; x_wconf 88' lang='lat' dir='ltr'><strong>esse</strong></span> <span class='ocrx_word' id='word_1_528' title='bbox 1025 4393 1288 4450; x_wconf 71' lang='lat' dir='ltr'><strong>doctrina:</strong></span> <span class='ocrx_word' id='word_1_529' title='bbox 1331 4394 1628 4466; x_wconf 67' lang='lat' dir='ltr'><strong>sapientiae,</strong></span> <span class='ocrx_word' id='word_1_530' title='bbox 1669 4409 1790 4465; x_wconf 67' lang='lat' dir='ltr'><strong>quae</strong></span> <span class='ocrx_word' id='word_1_531' title='bbox 1820 4395 1876 4450; x_wconf 90' lang='lat' dir='ltr'><strong>in</strong></span> 
     </span>
    </p>
   </div>
   <div class='ocr_carea' id='block_1_73' title="bbox 297 4482 1879 4554">
    <p class='ocr_par' dir='ltr' id='par_1_73' title="bbox 297 4482 1879 4554">
     <span class='ocr_line' id='line_1_73' title="bbox 297 4482 1879 4554; baseline -0.003 -12"><span class='ocrx_word' id='word_1_532' title='bbox 297 4500 398 4542; x_wconf 91' lang='lat' dir='ltr'><strong>ore</strong></span> <span class='ocrx_word' id='word_1_533' title='bbox 428 4482 602 4539; x_wconf 86' lang='lat' dir='ltr'><strong>fidelis</strong></span> <span class='ocrx_word' id='word_1_534' title='bbox 627 4483 730 4540; x_wconf 88' lang='lat' dir='ltr'><strong>viri</strong></span> <span class='ocrx_word' id='word_1_535' title='bbox 761 4482 1122 4554; x_wconf 87' lang='lat' dir='ltr'><strong>oomplantata</strong></span> <span class='ocrx_word' id='word_1_536' title='bbox 1163 4485 1282 4541; x_wconf 89' lang='lat' dir='ltr'><strong>sine</strong></span> <span class='ocrx_word' id='word_1_537' title='bbox 1317 4485 1599 4540; x_wconf 86' lang='lat' dir='ltr'><strong>mendacio</strong></span> <span class='ocrx_word' id='word_1_538' title='bbox 1627 4498 1879 4540; x_wconf 85' lang='lat' dir='ltr'><strong>consum—</strong></span> 
     </span>
    </p>
   </div>
   <div class='ocr_carea' id='block_1_74' title="bbox 300 4573 685 4630">
    <p class='ocr_par' dir='ltr' id='par_1_74' title="bbox 300 4573 685 4630">
     <span class='ocr_line' id='line_1_74' title="bbox 300 4573 685 4630; baseline -0.016 0"><span class='ocrx_word' id='word_1_539' title='bbox 300 4581 416 4630; x_wconf 84' lang='lat' dir='ltr'><strong>mat</strong></span> <span class='ocrx_word' id='word_1_540' title='bbox 441 4573 685 4628; x_wconf 90' lang='lat' dir='ltr'><strong>verbum.</strong></span> 
     </span>
    </p>
   </div>
   <div class='ocr_carea' id='block_1_75' title="bbox 1904 4609 1956 4669">
    <p class='ocr_par' dir='ltr' id='par_1_75' title="bbox 1904 4609 1956 4669">
     <span class='ocr_line' id='line_1_75' title="bbox 1904 4609 1956 4669; baseline 0 0"><span class='ocrx_word' id='word_1_541' title='bbox 1904 4609 1956 4669; x_wconf 91' lang='lat' dir='ltr'><strong>D</strong></span> 
     </span>
    </p>
   </div>
   <div class='ocr_carea' id='block_1_76' title="bbox 1970 3331 3546 3442">
    <p class='ocr_par' dir='ltr' id='par_1_76' title="bbox 1970 3331 3546 3442">
     <span class='ocr_line' id='line_1_76' title="bbox 1972 3331 3543 3354; baseline 0.003 -16"><span class='ocrx_word' id='word_1_542' title='bbox 1972 3331 2150 3338; x_wconf 54' lang='grc' dir='ltr'><strong>ηπ-</strong></span> <span class='ocrx_word' id='word_1_543' title='bbox 2179 3331 2288 3338; x_wconf 58' lang='grc' dir='ltr'><strong>..-π</strong></span> <span class='ocrx_word' id='word_1_544' title='bbox 2318 3331 2493 3349; x_wconf 76' lang='lat'><strong>__-_-,</strong></span> <span class='ocrx_word' id='word_1_545' title='bbox 2518 3331 2658 3354; x_wconf 60' lang='grc' dir='ltr'><strong>,τη</strong></span> <span class='ocrx_word' id='word_1_546' title='bbox 2684 3331 2852 3338; x_wconf 73' lang='lat'>_-__</span> <span class='ocrx_word' id='word_1_547' title='bbox 2879 3331 3106 3353; x_wconf 51' lang='grc' dir='ltr'><strong>,νη-κ--</strong></span> <span class='ocrx_word' id='word_1_548' title='bbox 3143 3331 3251 3340; x_wconf 71' lang='grc' dir='ltr'><strong>-.-η</strong></span> <span class='ocrx_word' id='word_1_549' title='bbox 3285 3331 3432 3340; x_wconf 73' lang='lat'><strong>-_-.-</strong></span> 
     </span>
     <span class='ocr_line' id='line_1_77' title="bbox 1970 3331 3546 3442; baseline 0.001 -10"><span class='ocrx_word' id='word_1_550' title='bbox 1970 3377 2144 3433; x_wconf 86' lang='lat' dir='ltr'><strong>Homo</strong></span> <span class='ocrx_word' id='word_1_551' title='bbox 2167 3377 2310 3433; x_wconf 89' lang='lat' dir='ltr'><strong>enim</strong></span> <span class='ocrx_word' id='word_1_552' title='bbox 2336 3376 2482 3432; x_wconf 87' lang='lat' dir='ltr'><strong>videt</strong></span> <span class='ocrx_word' id='word_1_553' title='bbox 2509 3377 2562 3431; x_wconf 91' lang='lat' dir='ltr'><strong>in</strong></span> <span class='ocrx_word' id='word_1_554' title='bbox 2592 3375 2751 3442; x_wconf 87' lang='lat' dir='ltr'><strong>facie,</strong></span> <span class='ocrx_word' id='word_1_555' title='bbox 2777 3376 2919 3432; x_wconf 89' lang='lat' dir='ltr'><strong>Deus</strong></span> <span class='ocrx_word' id='word_1_556' title='bbox 2954 3385 3133 3431; x_wconf 90' lang='lat' dir='ltr'><strong>autem</strong></span> <span class='ocrx_word' id='word_1_557' title='bbox 3174 3377 3229 3431; x_wconf 91' lang='lat' dir='ltr'><strong>in</strong></span> <span class='ocrx_word' id='word_1_558' title='bbox 3259 3331 3460 3435; x_wconf 43' lang='lat' dir='ltr'><strong>corde}</strong></span> <span class='ocrx_word' id='word_1_559' title='bbox 3475 3377 3546 3434; x_wconf 87' lang='lat' dir='ltr'><strong>Et</strong></span> 
     </span>
    </p>
   </div>
   <div class='ocr_carea' id='block_1_77' title="bbox 1971 3467 3548 3539">
    <p class='ocr_par' dir='ltr' id='par_1_77' title="bbox 1971 3467 3548 3539">
     <span class='ocr_line' id='line_1_78' title="bbox 1971 3467 3548 3539; baseline 0 -15"><span class='ocrx_word' id='word_1_560' title='bbox 1971 3487 2075 3524; x_wconf 86' lang='lat' dir='ltr'><strong>non</strong></span> <span class='ocrx_word' id='word_1_561' title='bbox 2097 3471 2330 3535; x_wconf 88' lang='lat' dir='ltr'><strong>minuas,</strong></span> <span class='ocrx_word' id='word_1_562' title='bbox 2360 3477 2464 3524; x_wconf 91' lang='lat' dir='ltr'><strong>etc.</strong></span> <span class='ocrx_word' id='word_1_563' title='bbox 2495 3467 2737 3539; x_wconf 84' lang='lat' dir='ltr'><strong>Mystice.</strong></span> <span class='ocrx_word' id='word_1_564' title='bbox 2763 3467 3021 3522; x_wconf 68' lang='lat' dir='ltr'><strong>Primitiae</strong></span> <span class='ocrx_word' id='word_1_565' title='bbox 3048 3467 3282 3538; x_wconf 81' lang='lat' dir='ltr'><strong>frugum,</strong></span> <span class='ocrx_word' id='word_1_566' title='bbox 3306 3478 3437 3536; x_wconf 89' lang='lat' dir='ltr'><strong>etc.,</strong></span> <span class='ocrx_word' id='word_1_567' title='bbox 3464 3485 3548 3524; x_wconf 85' lang='lat' dir='ltr'><strong>us-</strong></span> 
     </span>
    </p>
   </div>
   <div class='ocr_carea' id='block_1_78' title="bbox 1971 3559 3546 3634">
    <p class='ocr_par' dir='ltr' id='par_1_78' title="bbox 1971 3559 3546 3634">
     <span class='ocr_line' id='line_1_79' title="bbox 1971 3559 3546 3634; baseline 0.002 -18"><span class='ocrx_word' id='word_1_568' title='bbox 1971 3578 2070 3634; x_wconf 89' lang='lat' dir='ltr'><strong>que</strong></span> <span class='ocrx_word' id='word_1_569' title='bbox 2095 3561 2164 3616; x_wconf 81' lang='lat' dir='ltr'><strong>ad</strong></span> <span class='ocrx_word' id='word_1_570' title='bbox 2195 3577 2224 3616; x_wconf 90' lang='lat' dir='ltr'><strong>a</strong></span> <span class='ocrx_word' id='word_1_571' title='bbox 2252 3577 2360 3632; x_wconf 93' lang='lat' dir='ltr'><strong>quo</strong></span> <span class='ocrx_word' id='word_1_572' title='bbox 2382 3569 2439 3616; x_wconf 90' lang='lat' dir='ltr'><strong>et</strong></span> <span class='ocrx_word' id='word_1_573' title='bbox 2466 3559 2592 3616; x_wconf 90' lang='lat' dir='ltr'><strong>boni</strong></span> <span class='ocrx_word' id='word_1_574' title='bbox 2621 3559 2801 3631; x_wconf 89' lang='lat' dir='ltr'><strong>operis</strong></span> <span class='ocrx_word' id='word_1_575' title='bbox 2845 3559 3056 3615; x_wconf 90' lang='lat' dir='ltr'><strong>initium</strong></span> <span class='ocrx_word' id='word_1_576' title='bbox 3081 3568 3136 3616; x_wconf 92' lang='lat' dir='ltr'><strong>et</strong></span> <span class='ocrx_word' id='word_1_577' title='bbox 3161 3559 3421 3630; x_wconf 90' lang='lat' dir='ltr'><strong>perfectio</strong></span> <span class='ocrx_word' id='word_1_578' title='bbox 3447 3561 3546 3620; x_wconf 32' lang='lat' dir='ltr'><strong>dos</strong></span> 
     </span>
    </p>
   </div>
   <div class='ocr_carea' id='block_1_79' title="bbox 1971 3663 3307 3712">
    <p class='ocr_par' dir='ltr' id='par_1_79' title="bbox 1971 3663 3307 3712">
     <span class='ocr_line' id='line_1_80' title="bbox 1971 3663 3307 3712; baseline 0.002 -3"><span class='ocrx_word' id='word_1_579' title='bbox 1971 3663 2152 3710; x_wconf 90' lang='lat' dir='ltr'><strong>natur.</strong></span> <span class='ocrx_word' id='word_1_580' title='bbox 3300 3705 3307 3712; x_wconf 93' lang='lat'><strong>.</strong></span> 
     </span>
    </p>
   </div>
   <div class='ocr_carea' id='block_1_80' title="bbox 2045 3745 3552 3818">
    <p class='ocr_par' dir='ltr' id='par_1_80' title="bbox 2045 3745 3552 3818">
     <span class='ocr_line' id='line_1_81' title="bbox 2045 3745 3552 3818; baseline 0.003 -16"><span class='ocrx_word' id='word_1_581' title='bbox 2045 3747 2208 3804; x_wconf 91' lang='lat' dir='ltr'><strong>Vens.</strong></span> <span class='ocrx_word' id='word_1_582' title='bbox 2253 3747 2338 3802; x_wconf 89' lang='grc'><strong>15.</strong></span> <span class='ocrx_word' id='word_1_583' title='bbox 2375 3777 2445 3787; x_wconf 90' lang='grc'><strong><em>-</em></strong></span> <span class='ocrx_word' id='word_1_584' title='bbox 2478 3746 2680 3818; x_wconf 85' lang='lat' dir='ltr'><strong>Septies</strong></span> <span class='ocrx_word' id='word_1_585' title='bbox 2708 3756 2932 3802; x_wconf 86' lang='lat' dir='ltr'><strong>tantum.</strong></span> <span class='ocrx_word' id='word_1_586' title='bbox 2977 3745 3301 3815; x_wconf 79' lang='lat' dir='ltr'><strong>Perfectatn,</strong></span> <span class='ocrx_word' id='word_1_587' title='bbox 3345 3748 3552 3806; x_wconf 88' lang='lat' dir='ltr'><strong>scilicet</strong></span> 
     </span>
    </p>
   </div>
   <div class='ocr_carea' id='block_1_81' title="bbox 1975 3837 3552 3912">
    <p class='ocr_par' dir='ltr' id='par_1_81' title="bbox 1975 3837 3552 3912">
     <span class='ocr_line' id='line_1_82' title="bbox 1975 3837 3552 3912; baseline 0.001 -18"><span class='ocrx_word' id='word_1_588' title='bbox 1975 3839 2487 3895; x_wconf 90' lang='lat' dir='ltr'><strong>remunerationem.</strong></span> <span class='ocrx_word' id='word_1_589' title='bbox 2529 3837 2881 3910; x_wconf 89' lang='lat' dir='ltr'><strong>Septenarius</strong></span> <span class='ocrx_word' id='word_1_590' title='bbox 2915 3839 3082 3905; x_wconf 89' lang='lat' dir='ltr'><strong>enim,</strong></span> <span class='ocrx_word' id='word_1_591' title='bbox 3109 3847 3238 3904; x_wconf 90' lang='lat' dir='ltr'><strong>etc.,</strong></span> <span class='ocrx_word' id='word_1_592' title='bbox 3282 3856 3443 3912; x_wconf 86' lang='lat' dir='ltr'><strong>usque</strong></span> <span class='ocrx_word' id='word_1_593' title='bbox 3482 3839 3552 3896; x_wconf 82' lang='lat' dir='ltr'><strong>ad</strong></span> 
     </span>
    </p>
   </div>
   <div class='ocr_carea' id='block_1_82' title="bbox 1975 3927 3552 4004">
    <p class='ocr_par' dir='ltr' id='par_1_82' title="bbox 1975 3927 3552 4004">
     <span class='ocr_line' id='line_1_83' title="bbox 1975 3927 3552 4004; baseline 0.002 -16"><span class='ocrx_word' id='word_1_594' title='bbox 1975 3933 2069 3988; x_wconf 90' lang='lat' dir='ltr'><strong>sed</strong></span> <span class='ocrx_word' id='word_1_595' title='bbox 2097 3933 2260 3988; x_wconf 91' lang='lat' dir='ltr'><strong>etiam</strong></span> <span class='ocrx_word' id='word_1_596' title='bbox 2299 3940 2531 4002; x_wconf 87' lang='lat' dir='ltr'><strong>quatuor</strong></span> <span class='ocrx_word' id='word_1_597' title='bbox 2567 3927 2946 4002; x_wconf 78' lang='lat' dir='ltr'><strong>principalium</strong></span> <span class='ocrx_word' id='word_1_598' title='bbox 2978 3931 3240 3988; x_wconf 87' lang='lat' dir='ltr'><strong>virtutum</strong></span> <span class='ocrx_word' id='word_1_599' title='bbox 3277 3933 3552 4004; x_wconf 85' lang='lat' dir='ltr'><strong>operatio-</strong></span> 
     </span>
    </p>
   </div>
   <div class='ocr_carea' id='block_1_83' title="bbox 1974 4025 2349 4096">
    <p class='ocr_par' dir='ltr' id='par_1_83' title="bbox 1974 4025 2349 4096">
     <span class='ocr_line' id='line_1_84' title="bbox 1974 4025 2349 4096; baseline -0.005 -14"><span class='ocrx_word' id='word_1_600' title='bbox 1974 4041 2101 4082; x_wconf 88' lang='lat' dir='ltr'><strong>nem</strong></span> <span class='ocrx_word' id='word_1_601' title='bbox 2127 4025 2349 4096; x_wconf 66' lang='lat' dir='ltr'><strong>praebet.</strong></span> 
     </span>
    </p>
   </div>
   <div class='ocr_carea' id='block_1_84' title="bbox 2048 4113 3550 4187">
    <p class='ocr_par' dir='ltr' id='par_1_84' title="bbox 2048 4113 3550 4187">
     <span class='ocr_line' id='line_1_85' title="bbox 2048 4113 3550 4187; baseline 0.001 -17"><span class='ocrx_word' id='word_1_602' title='bbox 2048 4115 2211 4172; x_wconf 86' lang='lat' dir='ltr'><strong>Vens.</strong></span> <span class='ocrx_word' id='word_1_603' title='bbox 2244 4115 2331 4170; x_wconf 73' lang='grc' dir='ltr'><strong>1ι1.</strong></span> <span class='ocrx_word' id='word_1_604' title='bbox 2355 4146 2423 4155; x_wconf 94' lang='grc'><strong><em>-</em></strong></span> <span class='ocrx_word' id='word_1_605' title='bbox 2446 4113 2574 4170; x_wconf 83' lang='lat' dir='ltr'><strong>Noli</strong></span> <span class='ocrx_word' id='word_1_606' title='bbox 2597 4115 2788 4186; x_wconf 71' lang='lat' dir='ltr'><strong>offerre</strong></span> <span class='ocrx_word' id='word_1_607' title='bbox 2809 4131 3047 4181; x_wconf 88' lang='lat' dir='ltr'><strong>munera,</strong></span> <span class='ocrx_word' id='word_1_608' title='bbox 3076 4124 3181 4171; x_wconf 91' lang='lat' dir='ltr'><strong>etc.</strong></span> <span class='ocrx_word' id='word_1_609' title='bbox 3205 4115 3360 4187; x_wconf 88' lang='lat' dir='ltr'><strong>Apud</strong></span> <span class='ocrx_word' id='word_1_610' title='bbox 3382 4115 3550 4172; x_wconf 89' lang='lat' dir='ltr'><strong>Deum</strong></span> 
     </span>
    </p>
   </div>
   <div class='ocr_carea' id='block_1_85' title="bbox 1978 4206 3554 4280">
    <p class='ocr_par' dir='ltr' id='par_1_85' title="bbox 1978 4206 3554 4280">
     <span class='ocr_line' id='line_1_86' title="bbox 1978 4206 3554 4280; baseline 0 -16"><span class='ocrx_word' id='word_1_611' title='bbox 1978 4223 2084 4265; x_wconf 90' lang='lat' dir='ltr'><strong>non</strong></span> <span class='ocrx_word' id='word_1_612' title='bbox 2132 4217 2216 4264; x_wconf 90' lang='lat' dir='ltr'><strong>est</strong></span> <span class='ocrx_word' id='word_1_613' title='bbox 2261 4208 2536 4280; x_wconf 89' lang='lat' dir='ltr'><strong>quantitas</strong></span> <span class='ocrx_word' id='word_1_614' title='bbox 2575 4206 2846 4271; x_wconf 90' lang='lat' dir='ltr'><strong>muneris;</strong></span> <span class='ocrx_word' id='word_1_615' title='bbox 2901 4220 3001 4261; x_wconf 93' lang='lat' dir='ltr'><strong>nec</strong></span> <span class='ocrx_word' id='word_1_616' title='bbox 3043 4221 3272 4276; x_wconf 87' lang='lat' dir='ltr'><strong>persona</strong></span> <span class='ocrx_word' id='word_1_617' title='bbox 3319 4209 3554 4279; x_wconf 91' lang='lat' dir='ltr'><strong>potentis</strong></span> 
     </span>
    </p>
   </div>
   <div class='ocr_carea' id='block_1_86' title="bbox 1979 4296 3550 4371">
    <p class='ocr_par' dir='ltr' id='par_1_86' title="bbox 1979 4296 3550 4371">
     <span class='ocr_line' id='line_1_87' title="bbox 1979 4296 3550 4371; baseline -0.001 -15"><span class='ocrx_word' id='word_1_618' title='bbox 1979 4300 2278 4371; x_wconf 83' lang='lat' dir='ltr'><strong>aSpicitur:</strong></span> <span class='ocrx_word' id='word_1_619' title='bbox 2307 4299 2400 4355; x_wconf 89' lang='lat' dir='ltr'><strong>sed</strong></span> <span class='ocrx_word' id='word_1_620' title='bbox 2431 4297 2645 4352; x_wconf 89' lang='lat' dir='ltr'><strong>dilectio</strong></span> <span class='ocrx_word' id='word_1_621' title='bbox 2668 4306 2722 4351; x_wconf 92' lang='lat' dir='ltr'><strong>et</strong></span> <span class='ocrx_word' id='word_1_622' title='bbox 2754 4296 3030 4351; x_wconf 90' lang='lat' dir='ltr'><strong>humilitas</strong></span> <span class='ocrx_word' id='word_1_623' title='bbox 3058 4298 3253 4354; x_wconf 87' lang='lat' dir='ltr'><strong>cordis.</strong></span> <span class='ocrx_word' id='word_1_624' title='bbox 3293 4298 3418 4355; x_wconf 78' lang='lat' dir='ltr'><strong>ideo</strong></span> <span class='ocrx_word' id='word_1_625' title='bbox 3444 4316 3550 4356; x_wconf 90' lang='lat' dir='ltr'><strong>non</strong></span> 
     </span>
    </p>
   </div>
   <div class='ocr_carea' id='block_1_87' title="bbox 1979 4387 3553 4461">
    <p class='ocr_par' dir='ltr' id='par_1_87' title="bbox 1979 4387 3553 4461">
     <span class='ocr_line' id='line_1_88' title="bbox 1979 4387 3553 4461; baseline -0.001 -13"><span class='ocrx_word' id='word_1_626' title='bbox 1979 4393 2138 4448; x_wconf 88' lang='lat' dir='ltr'><strong>debet</strong></span> <span class='ocrx_word' id='word_1_627' title='bbox 2166 4390 2348 4446; x_wconf 72' lang='lat' dir='ltr'><strong>offerri</strong></span> <span class='ocrx_word' id='word_1_628' title='bbox 2381 4388 2705 4444; x_wconf 81' lang='lat' dir='ltr'><strong>sacrificium</strong></span> <span class='ocrx_word' id='word_1_629' title='bbox 2734 4387 2800 4442; x_wconf 90' lang='lat' dir='ltr'><strong>de</strong></span> <span class='ocrx_word' id='word_1_630' title='bbox 2827 4388 3128 4458; x_wconf 86' lang='lat' dir='ltr'><strong>iniquitate,</strong></span> <span class='ocrx_word' id='word_1_631' title='bbox 3175 4390 3267 4446; x_wconf 89' lang='lat' dir='ltr'><strong>sed</strong></span> <span class='ocrx_word' id='word_1_632' title='bbox 3309 4391 3374 4448; x_wconf 91' lang='lat' dir='ltr'><strong>de</strong></span> <span class='ocrx_word' id='word_1_633' title='bbox 3402 4389 3553 4461; x_wconf 85' lang='lat' dir='ltr'><strong>justo</strong></span> 
     </span>
    </p>
   </div>
   <div class='ocr_carea' id='block_1_88' title="bbox 1980 4480 2182 4536">
    <p class='ocr_par' dir='ltr' id='par_1_88' title="bbox 1980 4480 2182 4536">
     <span class='ocr_line' id='line_1_89' title="bbox 1980 4480 2182 4536; baseline 0 -2"><span class='ocrx_word' id='word_1_634' title='bbox 1980 4480 2182 4536; x_wconf 90' lang='lat' dir='ltr'><strong>labore.</strong></span> 
     </span>
    </p>
   </div>
   <div class='ocr_carea' id='block_1_89' title="bbox 2051 4571 3553 4648">
    <p class='ocr_par' dir='ltr' id='par_1_89' title="bbox 2051 4571 3553 4648">
     <span class='ocr_line' id='line_1_90' title="bbox 2051 4571 3553 4648; baseline 0.006 -23"><span class='ocrx_word' id='word_1_635' title='bbox 2051 4571 2216 4628; x_wconf 86' lang='lat' dir='ltr'><strong>Vens.</strong></span> <span class='ocrx_word' id='word_1_636' title='bbox 2255 4572 2344 4626; x_wconf 76' lang='lat' dir='ltr'><strong>2L</strong></span> <span class='ocrx_word' id='word_1_637' title='bbox 2369 4572 2528 4626; x_wconf 88' lang='lat' dir='ltr'><strong>—-Et</strong></span> <span class='ocrx_word' id='word_1_638' title='bbox 2564 4573 2727 4627; x_wconf 86' lang='lat' dir='ltr'><strong>donec</strong></span> <span class='ocrx_word' id='word_1_639' title='bbox 2763 4573 3090 4644; x_wconf 84' lang='lat' dir='ltr'><strong>propinquet,</strong></span> <span class='ocrx_word' id='word_1_640' title='bbox 3136 4583 3239 4630; x_wconf 89' lang='lat' dir='ltr'><strong>etc.</strong></span> <span class='ocrx_word' id='word_1_641' title='bbox 3279 4575 3360 4634; x_wconf 78' lang='lat' dir='ltr'><strong>Ad</strong></span> <span class='ocrx_word' id='word_1_642' title='bbox 3397 4591 3553 4648; x_wconf 88' lang='lat' dir='ltr'><strong>supc-</strong></span> 
     </span>
    </p>
   </div>
   <div class='ocr_carea' id='block_1_90' title="bbox 375 4659 3551 4735">
    <p class='ocr_par' dir='ltr' id='par_1_90' title="bbox 375 4659 3551 4735">
     <span class='ocr_line' id='line_1_91' title="bbox 375 4659 3551 4735; baseline 0.002 -17"><span class='ocrx_word' id='word_1_643' title='bbox 375 4660 538 4718; x_wconf 84' lang='lat' dir='ltr'><strong>Vens.</strong></span> <span class='ocrx_word' id='word_1_644' title='bbox 574 4661 628 4716; x_wconf 89' lang='lat'><strong>9.</strong></span> <span class='ocrx_word' id='word_1_645' title='bbox 651 4660 1028 4715; x_wconf 85' lang='lat' dir='ltr'><strong>—Enarrabit</strong></span> <span class='ocrx_word' id='word_1_646' title='bbox 1056 4661 1392 4716; x_wconf 86' lang='lat' dir='ltr'><strong>intellectum.</strong></span> <span class='ocrx_word' id='word_1_647' title='bbox 1441 4659 1575 4717; x_wconf 88' lang='lat' dir='ltr'><strong>Aliis</strong></span> <span class='ocrx_word' id='word_1_648' title='bbox 1604 4662 1878 4718; x_wconf 84' lang='lat' dir='ltr'><strong>instruen-</strong></span> <span class='ocrx_word' id='word_1_649' title='bbox 1904 4659 1950 4669; x_wconf 78' lang='grc'><strong>”</strong></span> <span class='ocrx_word' id='word_1_650' title='bbox 1983 4665 2126 4720; x_wconf 90' lang='lat' dir='ltr'><strong>riora</strong></span> <span class='ocrx_word' id='word_1_651' title='bbox 2157 4664 2407 4735; x_wconf 89' lang='lat' dir='ltr'><strong>respicit,</strong></span> <span class='ocrx_word' id='word_1_652' title='bbox 2453 4663 2751 4726; x_wconf 79' lang='lat' dir='ltr'><strong>afﬁrmans,</strong></span> <span class='ocrx_word' id='word_1_653' title='bbox 2799 4664 2923 4734; x_wconf 86' lang='lat' dir='ltr'><strong>quia</strong></span> <span class='ocrx_word' id='word_1_654' title='bbox 2963 4665 3220 4723; x_wconf 90' lang='lat' dir='ltr'><strong>Dominus</strong></span> <span class='ocrx_word' id='word_1_655' title='bbox 3252 4669 3551 4725; x_wconf 90' lang='lat' dir='ltr'><strong>orationem</strong></span> 
     </span>
    </p>
   </div>
   <div class='ocr_carea' id='block_1_91' title="bbox 303 4750 1878 4825">
    <p class='ocr_par' dir='ltr' id='par_1_91' title="bbox 303 4750 1878 4825">
     <span class='ocr_line' id='line_1_92' title="bbox 303 4750 1878 4825; baseline -0.002 -14"><span class='ocrx_word' id='word_1_656' title='bbox 303 4754 430 4812; x_wconf 87' lang='lat' dir='ltr'><strong>dis:</strong></span> <span class='ocrx_word' id='word_1_657' title='bbox 461 4753 624 4819; x_wconf 88' lang='lat' dir='ltr'><strong>unde,</strong></span> <span class='ocrx_word' id='word_1_658' title='bbox 669 4750 982 4807; x_wconf 84' lang='lat' dir='ltr'><strong>Benedictus</strong></span> <span class='ocrx_word' id='word_1_659' title='bbox 1018 4751 1194 4820; x_wconf 85' lang='lat' dir='ltr'><strong>Deus,</strong></span> <span class='ocrx_word' id='word_1_660' title='bbox 1234 4753 1323 4825; x_wconf 86' lang='lat' dir='ltr'><strong>qui</strong></span> <span class='ocrx_word' id='word_1_661' title='bbox 1361 4752 1658 4808; x_wconf 80' lang='lat' dir='ltr'><strong>consolatur</strong></span> <span class='ocrx_word' id='word_1_662' title='bbox 1690 4771 1783 4809; x_wconf 92' lang='lat' dir='ltr'><strong>nos</strong></span> <span class='ocrx_word' id='word_1_663' title='bbox 1821 4753 1878 4808; x_wconf 91' lang='lat' dir='ltr'><strong>in</strong></span> 
     </span>
    </p>
   </div>
   <div class='ocr_carea' id='block_1_92' title="bbox 303 4844 1876 4916">
    <p class='ocr_par' dir='ltr' id='par_1_92' title="bbox 303 4844 1876 4916">
     <span class='ocr_line' id='line_1_93' title="bbox 303 4844 1876 4916; baseline -0.001 -13"><span class='ocrx_word' id='word_1_664' title='bbox 303 4847 448 4903; x_wconf 89' lang='lat' dir='ltr'><strong>omni</strong></span> <span class='ocrx_word' id='word_1_665' title='bbox 485 4844 818 4900; x_wconf 70' lang='lat' dir='ltr'><strong>tribulatione</strong></span> <span class='ocrx_word' id='word_1_666' title='bbox 846 4855 1056 4910; x_wconf 88' lang='lat' dir='ltr'><strong>nostra,</strong></span> <span class='ocrx_word' id='word_1_667' title='bbox 1101 4855 1157 4898; x_wconf 91' lang='lat' dir='ltr'><strong>ut</strong></span> <span class='ocrx_word' id='word_1_668' title='bbox 1201 4844 1456 4916; x_wconf 82' lang='lat' dir='ltr'><strong>possimus</strong></span> <span class='ocrx_word' id='word_1_669' title='bbox 1492 4844 1753 4900; x_wconf 87' lang='lat' dir='ltr'><strong>consolari</strong></span> <span class='ocrx_word' id='word_1_670' title='bbox 1791 4861 1876 4901; x_wconf 84' lang='lat' dir='ltr'><strong>eos</strong></span> 
     </span>
    </p>
   </div>
   <div class='ocr_carea' id='block_1_93' title="bbox 187 4934 1460 5010">
    <p class='ocr_par' dir='ltr' id='par_1_93' title="bbox 187 4934 1460 5010">
     <span class='ocr_line' id='line_1_94' title="bbox 187 4934 1460 5010; baseline -0.003 -16"><span class='ocrx_word' id='word_1_671' title='bbox 187 4979 198 4985; x_wconf 83' lang='grc'><strong>.</strong></span> <span class='ocrx_word' id='word_1_672' title='bbox 302 4939 395 5010; x_wconf 88' lang='lat' dir='ltr'><strong>qui</strong></span> <span class='ocrx_word' id='word_1_673' title='bbox 421 4938 478 4992; x_wconf 85' lang='lat' dir='ltr'><strong>in</strong></span> <span class='ocrx_word' id='word_1_674' title='bbox 501 4953 641 4992; x_wconf 76' lang='lat' dir='ltr'><strong>omni</strong></span> <span class='ocrx_word' id='word_1_675' title='bbox 669 4952 914 5007; x_wconf 82' lang='lat' dir='ltr'><strong>pressura</strong></span> <span class='ocrx_word' id='word_1_676' title='bbox 939 4947 1058 4991; x_wconf 87' lang='lat' dir='ltr'><strong>sunt</strong></span> <span class='ocrx_word' id='word_1_677' title='bbox 1083 4935 1167 5006; x_wconf 88' lang='lat' dir='ltr'><strong>(II</strong></span> <span class='ocrx_word' id='word_1_678' title='bbox 1195 4934 1316 4990; x_wconf 86' lang='lat' dir='ltr'><strong>Cor.</strong></span> <span class='ocrx_word' id='word_1_679' title='bbox 1341 4935 1460 5007; x_wconf 79' lang='lat' dir='ltr'><strong>xu).</strong></span> 
     </span>
    </p>
   </div>
   <div class='ocr_carea' id='block_1_94' title="bbox 377 5026 1878 5094">
    <p class='ocr_par' dir='ltr' id='par_1_94' title="bbox 377 5026 1878 5094">
     <span class='ocr_line' id='line_1_95' title="bbox 377 5026 1878 5094; baseline -0.001 -9"><span class='ocrx_word' id='word_1_680' title='bbox 377 5028 543 5085; x_wconf 78' lang='lat' dir='ltr'><strong>Vens.</strong></span> <span class='ocrx_word' id='word_1_681' title='bbox 577 5027 668 5094; x_wconf 87' lang='grc'><strong>10,</strong></span> <span class='ocrx_word' id='word_1_682' title='bbox 697 5029 782 5081; x_wconf 88' lang='grc'><strong>11.</strong></span> <span class='ocrx_word' id='word_1_683' title='bbox 805 5057 876 5067; x_wconf 94' lang='grc'><strong><em>-</em></strong></span> <span class='ocrx_word' id='word_1_684' title='bbox 903 5026 1006 5094; x_wconf 87' lang='lat' dir='ltr'><strong>Qui</strong></span> <span class='ocrx_word' id='word_1_685' title='bbox 1034 5036 1208 5082; x_wconf 86' lang='lat' dir='ltr'><strong>autem</strong></span> <span class='ocrx_word' id='word_1_686' title='bbox 1244 5028 1298 5081; x_wconf 85' lang='lat' dir='ltr'><strong>in</strong></span> <span class='ocrx_word' id='word_1_687' title='bbox 1336 5027 1532 5091; x_wconf 87' lang='lat' dir='ltr'><strong>multis,</strong></span> <span class='ocrx_word' id='word_1_688' title='bbox 1561 5036 1667 5084; x_wconf 86' lang='lat' dir='ltr'><strong>etc.</strong></span> <span class='ocrx_word' id='word_1_689' title='bbox 1707 5028 1878 5085; x_wconf 83' lang='lat' dir='ltr'><strong>Muta-</strong></span> 
     </span>
    </p>
   </div>
   <div class='ocr_carea' id='block_1_95' title="bbox 308 5119 1879 5191">
    <p class='ocr_par' dir='ltr' id='par_1_95' title="bbox 308 5119 1879 5191">
     <span class='ocr_line' id='line_1_96' title="bbox 308 5119 1879 5191; baseline -0.003 -12"><span class='ocrx_word' id='word_1_690' title='bbox 308 5121 464 5187; x_wconf 85' lang='lat' dir='ltr'><strong>bilis,</strong></span> <span class='ocrx_word' id='word_1_691' title='bbox 494 5119 702 5176; x_wconf 90' lang='lat' dir='ltr'><strong>scilicet</strong></span> <span class='ocrx_word' id='word_1_692' title='bbox 730 5128 931 5186; x_wconf 90' lang='lat' dir='ltr'><strong>mente,</strong></span> <span class='ocrx_word' id='word_1_693' title='bbox 961 5119 1231 5176; x_wconf 89' lang='lat' dir='ltr'><strong>instabilis</strong></span> <span class='ocrx_word' id='word_1_694' title='bbox 1252 5127 1337 5176; x_wconf 91' lang='lat' dir='ltr'><strong>est</strong></span> <span class='ocrx_word' id='word_1_695' title='bbox 1367 5120 1595 5176; x_wconf 87' lang='lat' dir='ltr'><strong>actione.</strong></span> <span class='ocrx_word' id='word_1_696' title='bbox 1624 5121 1753 5187; x_wconf 89' lang='lat' dir='ltr'><strong>Vel,</strong></span> <span class='ocrx_word' id='word_1_697' title='bbox 1787 5120 1879 5191; x_wconf 88' lang='lat' dir='ltr'><strong>qui</strong></span> 
     </span>
    </p>
   </div>
   <div class='ocr_carea' id='block_1_96' title="bbox 310 5210 1878 5283">
    <p class='ocr_par' dir='ltr' id='par_1_96' title="bbox 310 5210 1878 5283">
     <span class='ocr_line' id='line_1_97' title="bbox 310 5210 1878 5283; baseline -0.002 -14"><span class='ocrx_word' id='word_1_698' title='bbox 310 5212 436 5269; x_wconf 82' lang='lat' dir='ltr'><strong>fidei</strong></span> <span class='ocrx_word' id='word_1_699' title='bbox 465 5211 672 5267; x_wconf 90' lang='lat' dir='ltr'><strong>unitate</strong></span> <span class='ocrx_word' id='word_1_700' title='bbox 711 5211 920 5282; x_wconf 87' lang='lat' dir='ltr'><strong>perdita</strong></span> <span class='ocrx_word' id='word_1_701' title='bbox 959 5210 1281 5283; x_wconf 88' lang='lat' dir='ltr'><strong>multiplices</strong></span> <span class='ocrx_word' id='word_1_702' title='bbox 1315 5212 1558 5283; x_wconf 90' lang='lat' dir='ltr'><strong>sequitur</strong></span> <span class='ocrx_word' id='word_1_703' title='bbox 1595 5211 1878 5268; x_wconf 63' lang='lat' dir='ltr'><strong>haeretico-</strong></span> 
     </span>
    </p>
   </div>
   <div class='ocr_carea' id='block_1_97' title="bbox 311 5300 1480 5371">
    <p class='ocr_par' dir='ltr' id='par_1_97' title="bbox 311 5300 1480 5371">
     <span class='ocr_line' id='line_1_98' title="bbox 311 5300 1480 5371; baseline -0.002 -13"><span class='ocrx_word' id='word_1_704' title='bbox 311 5317 432 5358; x_wconf 90' lang='lat' dir='ltr'><strong>rum</strong></span> <span class='ocrx_word' id='word_1_705' title='bbox 459 5310 658 5368; x_wconf 86' lang='lat' dir='ltr'><strong>sectas,</strong></span> <span class='ocrx_word' id='word_1_706' title='bbox 688 5300 869 5356; x_wconf 90' lang='lat' dir='ltr'><strong>multis</strong></span> <span class='ocrx_word' id='word_1_707' title='bbox 896 5301 1261 5371; x_wconf 83' lang='lat' dir='ltr'><strong>irnpietatibus</strong></span> <span class='ocrx_word' id='word_1_708' title='bbox 1294 5302 1480 5360; x_wconf 89' lang='lat' dir='ltr'><strong>servit.</strong></span> 
     </span>
    </p>
   </div>
   <div class='ocr_carea' id='block_1_98' title="bbox 384 5391 1886 5466">
    <p class='ocr_par' dir='ltr' id='par_1_98' title="bbox 384 5391 1886 5466">
     <span class='ocr_line' id='line_1_99' title="bbox 384 5391 1886 5466; baseline -0.001 -18"><span class='ocrx_word' id='word_1_709' title='bbox 384 5391 547 5448; x_wconf 88' lang='lat' dir='ltr'><strong>Vens.</strong></span> <span class='ocrx_word' id='word_1_710' title='bbox 581 5391 1048 5448; x_wconf 70' lang='lat' dir='ltr'><strong>12.—Plurintas</strong></span> <span class='ocrx_word' id='word_1_711' title='bbox 1087 5391 1375 5447; x_wconf 79' lang='lat' dir='ltr'><strong>verborum.</strong></span> <span class='ocrx_word' id='word_1_712' title='bbox 1417 5393 1598 5466; x_wconf 66' lang='grc' dir='ltr'><strong>(Πρω.)</strong></span> <span class='ocrx_word' id='word_1_713' title='bbox 1643 5391 1886 5464; x_wconf 87' lang='lat' dir='ltr'><strong>Scriptu-</strong></span> 
     </span>
    </p>
   </div>
   <div class='ocr_carea' id='block_1_99' title="bbox 310 5483 1887 5558">
    <p class='ocr_par' dir='ltr' id='par_1_99' title="bbox 310 5483 1887 5558">
     <span class='ocr_line' id='line_1_100' title="bbox 310 5483 1887 5558; baseline 0 -16"><span class='ocrx_word' id='word_1_714' title='bbox 310 5499 434 5542; x_wconf 76' lang='lat' dir='ltr'><strong>ram</strong></span> <span class='ocrx_word' id='word_1_715' title='bbox 454 5483 749 5558; x_wconf 85' lang='lat' dir='ltr'><strong>significat;</strong></span> <span class='ocrx_word' id='word_1_716' title='bbox 779 5484 869 5553; x_wconf 88' lang='lat' dir='ltr'><strong>qui</strong></span> <span class='ocrx_word' id='word_1_717' title='bbox 901 5483 1104 5540; x_wconf 91' lang='lat' dir='ltr'><strong>intente</strong></span> <span class='ocrx_word' id='word_1_718' title='bbox 1132 5485 1464 5556; x_wconf 84' lang='lat' dir='ltr'><strong>Scripturam</strong></span> <span class='ocrx_word' id='word_1_719' title='bbox 1498 5487 1806 5554; x_wconf 89' lang='lat' dir='ltr'><strong>meditatur,</strong></span> <span class='ocrx_word' id='word_1_720' title='bbox 1830 5493 1887 5542; x_wconf 90' lang='lat' dir='ltr'><strong>et</strong></span> 
     </span>
    </p>
   </div>
   <div class='ocr_carea' id='block_1_100' title="bbox 316 5574 1887 5646">
    <p class='ocr_par' dir='ltr' id='par_1_100' title="bbox 316 5574 1887 5646">
     <span class='ocr_line' id='line_1_101' title="bbox 316 5574 1887 5646; baseline -0.001 -11"><span class='ocrx_word' id='word_1_721' title='bbox 316 5576 589 5634; x_wconf 87' lang='lat' dir='ltr'><strong>humiliter</strong></span> <span class='ocrx_word' id='word_1_722' title='bbox 611 5574 894 5630; x_wconf 89' lang='lat' dir='ltr'><strong>Dominum</strong></span> <span class='ocrx_word' id='word_1_723' title='bbox 925 5575 1267 5646; x_wconf 90' lang='lat' dir='ltr'><strong>deprecatur,</strong></span> <span class='ocrx_word' id='word_1_724' title='bbox 1298 5585 1353 5632; x_wconf 92' lang='lat' dir='ltr'><strong>et</strong></span> <span class='ocrx_word' id='word_1_725' title='bbox 1390 5593 1571 5632; x_wconf 74' lang='lat' dir='ltr'><strong>rerum</strong></span> <span class='ocrx_word' id='word_1_726' title='bbox 1605 5585 1662 5634; x_wconf 91' lang='lat' dir='ltr'><strong>et</strong></span> <span class='ocrx_word' id='word_1_727' title='bbox 1696 5577 1887 5634; x_wconf 86' lang='lat' dir='ltr'><strong>verbo-</strong></span> 
     </span>
    </p>
   </div>
   <div class='ocr_carea' id='block_1_101' title="bbox 317 5666 1103 5737">
    <p class='ocr_par' dir='ltr' id='par_1_101' title="bbox 317 5666 1103 5737">
     <span class='ocr_line' id='line_1_102' title="bbox 317 5666 1103 5737; baseline -0.005 -11"><span class='ocrx_word' id='word_1_728' title='bbox 317 5684 440 5727; x_wconf 90' lang='lat' dir='ltr'><strong>rum</strong></span> <span class='ocrx_word' id='word_1_729' title='bbox 464 5667 743 5725; x_wconf 90' lang='lat' dir='ltr'><strong>scientiam</strong></span> <span class='ocrx_word' id='word_1_730' title='bbox 772 5666 1103 5737; x_wconf 89' lang='lat' dir='ltr'><strong>adipiscitur.</strong></span> 
     </span>
    </p>
   </div>
   <div class='ocr_carea' id='block_1_102' title="bbox 394 5755 1890 5830">
    <p class='ocr_par' dir='ltr' id='par_1_102' title="bbox 394 5755 1890 5830">
     <span class='ocr_line' id='line_1_103' title="bbox 394 5755 1890 5830; baseline 0.003 -17"><span class='ocrx_word' id='word_1_731' title='bbox 394 5758 552 5815; x_wconf 88' lang='lat' dir='ltr'><strong>Vens.</strong></span> <span class='ocrx_word' id='word_1_732' title='bbox 589 5757 680 5814; x_wconf 71' lang='grc'><strong>25.</strong></span> <span class='ocrx_word' id='word_1_733' title='bbox 706 5787 774 5798; x_wconf 91' lang='grc'><strong><em>-</em></strong></span> <span class='ocrx_word' id='word_1_734' title='bbox 817 5755 970 5812; x_wconf 85' lang='lat' dir='ltr'><strong>Dona</strong></span> <span class='ocrx_word' id='word_1_735' title='bbox 1008 5759 1323 5830; x_wconf 85' lang='lat' dir='ltr'><strong>iniquorum.</strong></span> <span class='ocrx_word' id='word_1_736' title='bbox 1367 5761 1532 5818; x_wconf 87' lang='lat' dir='ltr'><strong>Valde</strong></span> <span class='ocrx_word' id='word_1_737' title='bbox 1573 5755 1890 5818; x_wconf 87' lang='lat' dir='ltr'><strong>detestabile</strong></span> 
     </span>
    </p>
   </div>
   <div class='ocr_carea' id='block_1_103' title="bbox 320 5849 1887 5925">
    <p class='ocr_par' dir='ltr' id='par_1_103' title="bbox 320 5849 1887 5925">
     <span class='ocr_line' id='line_1_104' title="bbox 320 5849 1887 5925; baseline 0.001 -18"><span class='ocrx_word' id='word_1_738' title='bbox 320 5861 406 5908; x_wconf 83' lang='lat' dir='ltr'><strong>cst</strong></span> <span class='ocrx_word' id='word_1_739' title='bbox 433 5849 778 5918; x_wconf 84' lang='lat' dir='ltr'><strong>sacrificium,</strong></span> <span class='ocrx_word' id='word_1_740' title='bbox 815 5849 958 5921; x_wconf 83' lang='lat' dir='ltr'><strong>quod</strong></span> <span class='ocrx_word' id='word_1_741' title='bbox 995 5851 1171 5908; x_wconf 89' lang='lat' dir='ltr'><strong>orbati</strong></span> <span class='ocrx_word' id='word_1_742' title='bbox 1204 5852 1373 5923; x_wconf 86' lang='lat' dir='ltr'><strong>patris</strong></span> <span class='ocrx_word' id='word_1_743' title='bbox 1408 5852 1577 5910; x_wconf 85' lang='lat' dir='ltr'><strong>dolori</strong></span> <span class='ocrx_word' id='word_1_744' title='bbox 1606 5869 1887 5925; x_wconf 84' lang='lat' dir='ltr'><strong>compara-</strong></span> 
     </span>
    </p>
   </div>
   <div class='ocr_carea' id='block_1_104' title="bbox 1982 4754 3552 4827">
    <p class='ocr_par' dir='ltr' id='par_1_104' title="bbox 1982 4754 3552 4827">
     <span class='ocr_line' id='line_1_105' title="bbox 1982 4754 3552 4827; baseline 0.003 -17"><span class='ocrx_word' id='word_1_745' title='bbox 1982 4754 2264 4810; x_wconf 89' lang='lat' dir='ltr'><strong>humilium</strong></span> <span class='ocrx_word' id='word_1_746' title='bbox 2292 4754 2716 4810; x_wconf 88' lang='lat' dir='ltr'><strong>misericorditer</strong></span> <span class='ocrx_word' id='word_1_747' title='bbox 2739 4755 2986 4821; x_wconf 84' lang='lat' dir='ltr'><strong>exaudit,</strong></span> <span class='ocrx_word' id='word_1_748' title='bbox 3040 4756 3131 4827; x_wconf 93' lang='lat' dir='ltr'><strong>qui</strong></span> <span class='ocrx_word' id='word_1_749' title='bbox 3169 4773 3277 4814; x_wconf 93' lang='lat' dir='ltr'><strong>non</strong></span> <span class='ocrx_word' id='word_1_750' title='bbox 3317 4767 3552 4826; x_wconf 88' lang='lat' dir='ltr'><strong>cessant,</strong></span> 
     </span>
    </p>
   </div>
   <div class='ocr_carea' id='block_1_105' title="bbox 1981 4846 2932 4918">
    <p class='ocr_par' dir='ltr' id='par_1_105' title="bbox 1981 4846 2932 4918">
     <span class='ocr_line' id='line_1_106' title="bbox 1981 4846 2932 4918; baseline -0.001 -15"><span class='ocrx_word' id='word_1_751' title='bbox 1981 4847 2154 4904; x_wconf 73' lang='lat' dir='ltr'><strong>donec</strong></span> <span class='ocrx_word' id='word_1_752' title='bbox 2189 4846 2611 4904; x_wconf 88' lang='lat' dir='ltr'><strong>consolationem</strong></span> <span class='ocrx_word' id='word_1_753' title='bbox 2645 4846 2932 4918; x_wconf 88' lang='lat' dir='ltr'><strong>accipiant.</strong></span> 
     </span>
    </p>
   </div>
   <div class='ocr_carea' id='block_1_106' title="bbox 2508 4978 3013 5036">
    <p class='ocr_par' dir='ltr' id='par_1_106' title="bbox 2508 4978 3013 5036">
     <span class='ocr_line' id='line_1_107' title="bbox 2508 4978 3013 5036; baseline 0 0"><span class='ocrx_word' id='word_1_754' title='bbox 2508 4978 2734 5036; x_wconf 81' lang='lat' dir='ltr'><strong>CAPUT</strong></span> <span class='ocrx_word' id='word_1_755' title='bbox 2774 4979 3013 5036; x_wconf 84' lang='lat' dir='ltr'><strong>XXXVI.</strong></span> 
     </span>
    </p>
   </div>
   <div class='ocr_carea' id='block_1_107' title="bbox 2054 5113 3550 5188">
    <p class='ocr_par' dir='ltr' id='par_1_107' title="bbox 2054 5113 3550 5188">
     <span class='ocr_line' id='line_1_108' title="bbox 2054 5113 3550 5188; baseline 0 -16"><span class='ocrx_word' id='word_1_756' title='bbox 2054 5115 2218 5172; x_wconf 87' lang='lat' dir='ltr'><strong>Vens.</strong></span> <span class='ocrx_word' id='word_1_757' title='bbox 2258 5116 2310 5170; x_wconf 91' lang='grc'><strong>1.</strong></span> <span class='ocrx_word' id='word_1_758' title='bbox 2345 5146 2414 5155; x_wconf 89' lang='grc'><strong><em>-</em></strong></span> <span class='ocrx_word' id='word_1_759' title='bbox 2451 5115 2700 5172; x_wconf 76' lang='lat' dir='ltr'><strong>Miserere</strong></span> <span class='ocrx_word' id='word_1_760' title='bbox 2741 5117 2925 5171; x_wconf 91' lang='lat' dir='ltr'><strong>nostri.</strong></span> <span class='ocrx_word' id='word_1_761' title='bbox 2961 5113 3162 5188; x_wconf 70' lang='grc' dir='ltr'><strong>(ΚΑΒ.)</strong></span> <span class='ocrx_word' id='word_1_762' title='bbox 3207 5114 3286 5170; x_wconf 82' lang='lat' dir='ltr'><strong>Ex</strong></span> <span class='ocrx_word' id='word_1_763' title='bbox 3324 5130 3550 5186; x_wconf 86' lang='lat' dir='ltr'><strong>persona</strong></span> 
     </span>
    </p>
   </div>
   <div class='ocr_carea' id='block_1_108' title="bbox 1985 5209 3555 5280">
    <p class='ocr_par' dir='ltr' id='par_1_108' title="bbox 1985 5209 3555 5280">
     <span class='ocr_line' id='line_1_109' title="bbox 1985 5209 3555 5280; baseline 0 -13"><span class='ocrx_word' id='word_1_764' title='bbox 1985 5210 2224 5266; x_wconf 90' lang='lat' dir='ltr'><strong>fidelium</strong></span> <span class='ocrx_word' id='word_1_765' title='bbox 2243 5209 2424 5280; x_wconf 90' lang='lat' dir='ltr'><strong>dirigit</strong></span> <span class='ocrx_word' id='word_1_766' title='bbox 2443 5210 2742 5265; x_wconf 87' lang='lat' dir='ltr'><strong>orationem</strong></span> <span class='ocrx_word' id='word_1_767' title='bbox 2769 5211 2836 5266; x_wconf 91' lang='lat' dir='ltr'><strong>ad</strong></span> <span class='ocrx_word' id='word_1_768' title='bbox 2863 5209 3046 5270; x_wconf 90' lang='lat' dir='ltr'><strong>Deum.</strong></span> <span class='ocrx_word' id='word_1_769' title='bbox 3082 5217 3142 5263; x_wconf 94' lang='lat' dir='ltr'><strong>ut</strong></span> <span class='ocrx_word' id='word_1_770' title='bbox 3163 5209 3283 5266; x_wconf 91' lang='lat' dir='ltr'><strong>illos</strong></span> <span class='ocrx_word' id='word_1_771' title='bbox 3303 5211 3555 5268; x_wconf 86' lang='lat' dir='ltr'><strong>defendat</strong></span> 
     </span>
    </p>
   </div>
   <div class='ocr_carea' id='block_1_109' title="bbox 1984 5300 3555 5372">
    <p class='ocr_par' dir='ltr' id='par_1_109' title="bbox 1984 5300 3555 5372">
     <span class='ocr_line' id='line_1_110' title="bbox 1984 5300 3555 5372; baseline 0.001 -15"><span class='ocrx_word' id='word_1_772' title='bbox 1984 5309 2040 5358; x_wconf 91' lang='lat' dir='ltr'><strong>et</strong></span> <span class='ocrx_word' id='word_1_773' title='bbox 2065 5300 2316 5355; x_wconf 90' lang='lat' dir='ltr'><strong>inimicos</strong></span> <span class='ocrx_word' id='word_1_774' title='bbox 2337 5300 2619 5369; x_wconf 90' lang='lat' dir='ltr'><strong>deprimat,</strong></span> <span class='ocrx_word' id='word_1_775' title='bbox 2643 5309 2702 5356; x_wconf 94' lang='lat' dir='ltr'><strong>ut</strong></span> <span class='ocrx_word' id='word_1_776' title='bbox 2727 5301 2884 5372; x_wconf 90' lang='lat' dir='ltr'><strong>digne</strong></span> <span class='ocrx_word' id='word_1_777' title='bbox 2913 5300 3145 5356; x_wconf 91' lang='lat' dir='ltr'><strong>correcti</strong></span> <span class='ocrx_word' id='word_1_778' title='bbox 3167 5300 3334 5357; x_wconf 88' lang='lat' dir='ltr'><strong>Deum</strong></span> <span class='ocrx_word' id='word_1_779' title='bbox 3361 5304 3555 5359; x_wconf 86' lang='lat' dir='ltr'><strong>iterum</strong></span> 
     </span>
    </p>
   </div>
   <div class='ocr_carea' id='block_1_110' title="bbox 1988 5390 2866 5464">
    <p class='ocr_par' dir='ltr' id='par_1_110' title="bbox 1988 5390 2866 5464">
     <span class='ocr_line' id='line_1_111' title="bbox 1988 5390 2866 5464; baseline -0.006 -17"><span class='ocrx_word' id='word_1_780' title='bbox 1988 5399 2304 5464; x_wconf 85' lang='lat' dir='ltr'><strong>agnoscant,</strong></span> <span class='ocrx_word' id='word_1_781' title='bbox 2341 5398 2396 5445; x_wconf 87' lang='lat' dir='ltr'><strong>et</strong></span> <span class='ocrx_word' id='word_1_782' title='bbox 2423 5390 2562 5445; x_wconf 86' lang='lat' dir='ltr'><strong>idola</strong></span> <span class='ocrx_word' id='word_1_783' title='bbox 2594 5391 2866 5446; x_wconf 90' lang='lat' dir='ltr'><strong>deserant.</strong></span> 
     </span>
    </p>
   </div>
   <div class='ocr_carea' id='block_1_111' title="bbox 2058 5479 3555 5557">
    <p class='ocr_par' dir='ltr' id='par_1_111' title="bbox 2058 5479 3555 5557">
     <span class='ocr_line' id='line_1_112' title="bbox 2058 5479 3555 5557; baseline 0.001 -18"><span class='ocrx_word' id='word_1_784' title='bbox 2058 5483 2222 5540; x_wconf 85' lang='lat' dir='ltr'><strong>Vens.</strong></span> <span class='ocrx_word' id='word_1_785' title='bbox 2263 5484 2314 5538; x_wconf 86' lang='lat'><strong>7.</strong></span> <span class='ocrx_word' id='word_1_786' title='bbox 2361 5513 2429 5523; x_wconf 89' lang='lat'><strong>—</strong></span> <span class='ocrx_word' id='word_1_787' title='bbox 2469 5479 2722 5552; x_wconf 76' lang='lat' dir='ltr'><strong>Gloriﬁca</strong></span> <span class='ocrx_word' id='word_1_788' title='bbox 2773 5498 3018 5546; x_wconf 86' lang='lat' dir='ltr'><strong>manum,</strong></span> <span class='ocrx_word' id='word_1_789' title='bbox 3061 5493 3168 5540; x_wconf 90' lang='lat' dir='ltr'><strong>etc.</strong></span> <span class='ocrx_word' id='word_1_790' title='bbox 3209 5482 3334 5557; x_wconf 79' lang='lat' dir='ltr'><strong>(In)</strong></span> <span class='ocrx_word' id='word_1_791' title='bbox 3372 5481 3555 5555; x_wconf 86' lang='lat' dir='ltr'><strong>Optat,</strong></span> 
     </span>
    </p>
   </div>
   <div class='ocr_carea' id='block_1_112' title="bbox 1989 5574 3560 5645">
    <p class='ocr_par' dir='ltr' id='par_1_112' title="bbox 1989 5574 3560 5645">
     <span class='ocr_line' id='line_1_113' title="bbox 1989 5574 3560 5645; baseline -0.001 -12"><span class='ocrx_word' id='word_1_792' title='bbox 1989 5585 2049 5633; x_wconf 91' lang='lat' dir='ltr'><strong>ut</strong></span> <span class='ocrx_word' id='word_1_793' title='bbox 2091 5576 2275 5631; x_wconf 90' lang='lat' dir='ltr'><strong>divina</strong></span> <span class='ocrx_word' id='word_1_794' title='bbox 2330 5574 2581 5645; x_wconf 87' lang='lat' dir='ltr'><strong>majestas</strong></span> <span class='ocrx_word' id='word_1_795' title='bbox 2634 5589 2732 5644; x_wconf 88' lang='lat' dir='ltr'><strong>per</strong></span> <span class='ocrx_word' id='word_1_796' title='bbox 2773 5589 2990 5630; x_wconf 88' lang='lat' dir='ltr'><strong>manum</strong></span> <span class='ocrx_word' id='word_1_797' title='bbox 3039 5584 3095 5632; x_wconf 91' lang='lat' dir='ltr'><strong>et</strong></span> <span class='ocrx_word' id='word_1_798' title='bbox 3142 5577 3388 5633; x_wconf 83' lang='lat' dir='ltr'><strong>dextrum</strong></span> <span class='ocrx_word' id='word_1_799' title='bbox 3435 5576 3560 5632; x_wconf 30' lang='lat' dir='ltr'><strong>bra.</strong></span> 
     </span>
    </p>
   </div>
   <div class='ocr_carea' id='block_1_113' title="bbox 1987 5664 3555 5742">
    <p class='ocr_par' dir='ltr' id='par_1_113' title="bbox 1987 5664 3555 5742">
     <span class='ocr_line' id='line_1_114' title="bbox 1987 5664 3555 5742; baseline 0.001 -19"><span class='ocrx_word' id='word_1_800' title='bbox 1987 5669 2202 5732; x_wconf 84' lang='lat' dir='ltr'><strong>obium,</strong></span> <span class='ocrx_word' id='word_1_801' title='bbox 2251 5667 2303 5722; x_wconf 91' lang='lat' dir='ltr'><strong>id</strong></span> <span class='ocrx_word' id='word_1_802' title='bbox 2340 5676 2460 5733; x_wconf 91' lang='lat' dir='ltr'><strong>est,</strong></span> <span class='ocrx_word' id='word_1_803' title='bbox 2511 5681 2608 5738; x_wconf 89' lang='lat' dir='ltr'><strong>per</strong></span> <span class='ocrx_word' id='word_1_804' title='bbox 2641 5664 2915 5723; x_wconf 90' lang='lat' dir='ltr'><strong>Christum</strong></span> <span class='ocrx_word' id='word_1_805' title='bbox 2939 5707 2955 5733; x_wconf 91' lang='lat'><strong>,</strong></span> <span class='ocrx_word' id='word_1_806' title='bbox 3001 5683 3098 5738; x_wconf 91' lang='lat' dir='ltr'><strong>per</strong></span> <span class='ocrx_word' id='word_1_807' title='bbox 3137 5685 3294 5741; x_wconf 88' lang='lat' dir='ltr'><strong>quem</strong></span> <span class='ocrx_word' id='word_1_808' title='bbox 3336 5670 3555 5742; x_wconf 87' lang='lat' dir='ltr'><strong>antiqua</strong></span> 
     </span>
    </p>
   </div>
   <div class='ocr_carea' id='block_1_114' title="bbox 1989 5757 3558 5831">
    <p class='ocr_par' dir='ltr' id='par_1_114' title="bbox 1989 5757 3558 5831">
     <span class='ocr_line' id='line_1_115' title="bbox 1989 5757 3558 5831; baseline 0 -17"><span class='ocrx_word' id='word_1_809' title='bbox 1989 5759 2246 5816; x_wconf 86' lang='lat' dir='ltr'><strong>miracula</strong></span> <span class='ocrx_word' id='word_1_810' title='bbox 2289 5760 2430 5815; x_wconf 81' lang='lat' dir='ltr'><strong>facta</strong></span> <span class='ocrx_word' id='word_1_811' title='bbox 2467 5765 2622 5823; x_wconf 88' lang='lat' dir='ltr'><strong>sunt,</strong></span> <span class='ocrx_word' id='word_1_812' title='bbox 2677 5757 2894 5813; x_wconf 88' lang='lat' dir='ltr'><strong>innovet</strong></span> <span class='ocrx_word' id='word_1_813' title='bbox 2944 5767 3185 5830; x_wconf 90' lang='lat' dir='ltr'><strong>tempore</strong></span> <span class='ocrx_word' id='word_1_814' title='bbox 3231 5759 3450 5831; x_wconf 69' lang='lat' dir='ltr'><strong>gratim,</strong></span> <span class='ocrx_word' id='word_1_815' title='bbox 3501 5767 3558 5814; x_wconf 89' lang='lat' dir='ltr'><strong>ut</strong></span> 
     </span>
    </p>
   </div>
   <div class='ocr_carea' id='block_1_115' title="bbox 1988 5851 3517 5925">
    <p class='ocr_par' dir='ltr' id='par_1_115' title="bbox 1988 5851 3517 5925">
     <span class='ocr_line' id='line_1_116' title="bbox 1988 5851 3517 5925; baseline 0.001 -17"><span class='ocrx_word' id='word_1_816' title='bbox 1988 5854 2186 5912; x_wconf 90' lang='lat' dir='ltr'><strong>veteris</strong></span> <span class='ocrx_word' id='word_1_817' title='bbox 2217 5853 2345 5925; x_wconf 79' lang='lat' dir='ltr'><strong>legis</strong></span> <span class='ocrx_word' id='word_1_818' title='bbox 2381 5861 2436 5908; x_wconf 91' lang='lat' dir='ltr'><strong>et</strong></span> <span class='ocrx_word' id='word_1_819' title='bbox 2472 5867 2621 5908; x_wconf 60' lang='lat' dir='ltr'><strong>nov-.9.</strong></span> <span class='ocrx_word' id='word_1_820' title='bbox 2658 5851 2796 5908; x_wconf 86' lang='lat' dir='ltr'><strong>idem</strong></span> <span class='ocrx_word' id='word_1_821' title='bbox 2834 5851 3163 5924; x_wconf 82' lang='lat' dir='ltr'><strong>intelligatur</strong></span> <span class='ocrx_word' id='word_1_822' title='bbox 3198 5869 3320 5912; x_wconf 77' lang='lat' dir='ltr'><strong>esse</strong></span> <span class='ocrx_word' id='word_1_823' title='bbox 3358 5854 3517 5911; x_wconf 80' lang='lat' dir='ltr'><strong>Deus.</strong></span> 
     </span>
    </p>
   </div>
  </div>
