4028 6332
660 435 799 496 ιω

657 633 794 688 datae
821 635 878 691 in
904 637 1312 711 Domino,.etc.,
1340 661 1500 716 usque
1529 647 1598 701 ad
1620 657 1676 703 et
1698 650 1815 706 haec
1853 660 1911 707 et
1933 667 2122 709 omnes
2148 653 2228 708 fa-

654 725 885 783 cultates
925 732 1133 788 mundi.
1541 730 1548 737 ’

723 815 885 874 Vens.
907 820 996 876 50.
1024 854 1095 867 ——
1129 823 1222 879 Vir
1241 829 1540 898 respiciens.
1566 831 1801 889 Stultum
1825 843 1911 890 est
1929 837 2074 892 enim
2093 837 2226 894 otia-

655 909 725 976 ri,
751 919 807 967 et
836 911 902 969 de
929 913 1104 972 alieno
1129 917 1312 974 labore
1334 925 1636 980 mercedem
1663 943 1923 998 quaerere.
1955 930 2224 1002 Percipiet

656 1004 800 1059 enim
829 1010 1196 1080 unusquisque
1222 1017 1518 1086 secundum
1549 1035 1712 1090 opera
1741 1038 1857 1078 sua.

722 1091 886 1149 Vens.
926 1095 1013 1151 52.
1041 1129 1110 1139 —
1137 1099 1206 1154 In
1233 1117 1320 1157 ore
1351 1105 1690 1176 imprudentis
1727 1114 2118 1170 conculcabitur
2143 1119 2224 1174 in-

651 1186 790 1256 opia,
813 1198 919 1246 etc.
943 1191 1039 1246 Cui
1060 1192 1234 1264 placet
1254 1199 1426 1255 otiose
1456 1209 1686 1272 torpere,
1715 1221 1816 1262 nec
1844 1210 2103 1277 proximis
2122 1212 2220 1267 do-

649 1281 820 1336 cendo
861 1283 1136 1353 prodesse,
1185 1290 1400 1347 tandem
1423 1292 1718 1354 doloribus
1751 1299 1946 1356 inferni
1995 1312 2052 1359 et
2099 1319 2221 1361 sera

647 1373 963 1439 poenitentia
1000 1380 1268 1436 aestuabit.

1233 1513 1460 1574 CAPUT
1492 1519 1624 1604 rem.

717 1639 877 1698 Vens.
905 1644 957 1700 1.
987 1677 1058 1686 -
1079 1646 1124 1703 0
1156 1667 1317 1718 mors,
1346 1655 1640 1728 etc.(Ran.)
1671 1658 1772 1726 Qui
1804 1663 2216 1732 prosperitatem

643 1737 826 1792 mundi
867 1747 922 1794 et
959 1739 1175 1798 divitias
1207 1757 1374 1813 amat,
1408 1763 1592 1804 amara
1627 1760 1710 1806 est
1747 1752 1821 1806 illi
1853 1770 2000 1810 mors
2027 1771 2218 1828 corpo-

641 1831 794 1896 ralis,
834 1834 959 1902 quia
992 1835 1187 1892 futurae
1217 1840 1338 1894 vitae
1375 1843 1566 1911 gaudia
1595 1845 1833 1917 negligit.

1145 439 1535 502 WALAFRIDI
1573 444 1819 505 STRABI
1857 449 2061 509 FULD.
2103 450 2267 510 MON.
2308 453 2458 512 OPP.
2496 455 2675 514 PARS
2707 458 2747 514 l.
2789 488 2855 502 --
2904 461 3340 524 I‘HEOLOGICA.
3688 489 3776 548 qm

730 543 894 599 Vens.
919 544 1010 600 26.
1037 576 1108 589 -——
1127 545 1433 608 Facultates
1471 563 1520 608 et
1548 557 1778 614 uirtutes.
1809 559 1992 632 (ΚΑΒ.)
2019 561 2227 618 Divitiae
2253 567 2305 628 Α

2896 573 3120 634 CAPUT
3170 579 3322 636 XLII.

2401 658 2566 715 Vens.
2607 663 2659 717 1.
2693 695 2764 704 --
2792 665 2916 721 Νοη
2940 669 3170 739 duplices
3217 691 3500 746 sermonem,
3523 692 3609 740 etc.
3655 691 3774 762 {ille}

2327 747 2582 807 Prohibet
2609 753 2676 810 de
2705 756 2914 812 occulto
2935 761 3115 816 cordis
3135 762 3331 820 bonum
3375 778 3426 824 et
3474 775 3639 832 malum
3660 747 3774 838 simul

2327 839 2537 909 dicere;
2590 846 2776 901 unde:
2815 847 3064 920 Nunquid
3117 853 3239 910 fons
3283 859 3348 913 de
3389 863 3557 918 eodem
3595 867 3775 929 foramine

2326 944 2542 990 emanat
2566 937 2774 994 dulcem
2803 949 2858 996 et
2881 957 3118 1000 amaram
3165 951 3395 1017 aquam?

2395 1028 2558 1084 Vens.
2583 1029 2637 1084 4.
2661 1062 2730 1071 -
2761 1033 2838 1088 De
2858 1039 3156 1106 requalitate
3187 1049 3418 1109 statera,
3450 1056 3540 1102 etc.
3572 1051 3667 1123 (In)
3691 1055 3772 1113 ubi.

2323 1134 2428 1188 que
2474 1123 2746 1192 sequenda
2797 1133 2882 1179 est
2925 1129 3180 1197 aequitas,
3233 1143 3360 1198 etc.,
3405 1151 3547 1208 usque
3577 1145 3633 1196 ad
3662 1149 3772 1216 subje.

2323 1218 2441 1266 ctos
2463 1228 2676 1282 quoque
2711 1231 2833 1271 cum
2870 1217 3197 1277 discretione
3227 1223 3505 1295 disciplina:
3526 1247 3728 1303 regamus.

2392 1299 2470 1354 De
2487 1305 2784 1373 a‘qualitate
2812 1317 3040 1364 statera.
3067 1311 3336 1378 Quantum
3360 1299 3620 1390 hypocrisis
3656 1339 3693 1384 et
3713 1333 3771 1386 do-

2320 1391 2406 1447 lus
2428 1391 2654 1450 Domino
2673 1395 2956 1468 displiceat
2983 1407 3288 1462 ostenditur
3315 1411 3396 1466 his
3421 1416 3578 1472 verbis
3603 1434 3615 1471 :
3637 1419 3772 1478 Slaters

2319 1483 2502 1540 dolosa
2527 1489 2845 1545 abominatio
2869 1503 2945 1547 est
2975 1499 3117 1566 apud
3140 1498 3327 1556 Deum.
3359 1502 3454 1571 Qui
3479 1507 3611 1564 aliter
3628 1527 3770 1570 causam

2317 1579 2567 1647 pauperis
2593 1596 2754 1650 quam
2817 1588 3052 1655 potentis
3081 1589 3246 1646 librat
3271 1609 3288 1659 ;
3319 1596 3400 1650 vel
3449 1614 3534 1654 sua
3567 1614 3700 1659 emta
3724 1608 3770 1661 lc-

2316 1667 2466 1723 viora
2501 1685 2660 1740 quam
2682 1675 2911 1730 aliorum
2936 1689 3092 1749 putat
3117 1700 3132 1747 ;
3177 1683 3259 1738 vel
3286 1687 3376 1755 qui
3391 1687 3634 1760 imponunt
3657 1697 3695 1750 in
3712 1699 3770 1752 bu-

2317 1771 2494 1814 meros
2531 1760 2806 1820 hominum
2835 1782 2999 1823 onera
3029 1770 3428 1843 importabilia;
3474 1782 3546 1836 vel
3574 1785 3644 1852 qui
3682 1786 3768 1842 bona

2318 1847 2372 1902 in
2391 1850 2624 1919 publico,
2675 1855 2814 1911 mala
2863 1857 2916 1912 in
2962 1862 3179 1918 occulto
3221 1865 3352 1933 agit,
3398 1847 3706 1928 abominabilis
3722 1887 3769 1929 est

714 1919 880 1976 Vens.
927 1923 982 1978 5.
1031 1955 1102 1964 —
1143 1925 1258 1982 Hoc
1301 1929 1584 1998 judicium.
1617 1933 1740 2006 (11).)
1793 1937 2090 1996 Commune
2133 1951 2204 1997 esl

2214 1985 2215 1990 η
2243 1945 2290 2004 Β
2319 1940 2565 1999 Domino.

639 2015 784 2068 omni
812 2017 984 2083 carni,
1016 2034 1117 2074 nec
1154 2021 1436 2092 quisquam
1497 2026 1727 2083 evadere
1775 2039 1971 2100 potest,
2003 2033 2216 2090 etiamsi

639 2112 853 2159 centum
883 2113 978 2160 aut
1001 2107 1146 2164 mille
1187 2111 1358 2168 annos
1407 2114 1601 2170 vixerit
1648 2127 1740 2172 aut
1786 2119 1968 2188 ultra;
2027 2125 2211 2180 unde:

641 2191 768 2259 Quis
791 2206 866 2251 est
890 2197 1044 2254 homo
1067 2203 1158 2272 qui
1182 2204 1327 2272 vivet,
1353 2216 1402 2260 et
1430 2224 1530 2262 non
1556 2209 1738 2266 videbit
1761 2215 2019 2268 mortem?
2039 2213 2210 2288 (Psal.

639 2291 926 2360 Lxxxvru.)

709 2375 873 2433 Vens.
933 2379 985 2435 8.
1012 2412 1081 2422 —
1122 2382 1252 2439 Filii
1294 2386 1757 2447 abominationum.
1813 2393 2214 2454 Abominabiles

638 2475 766 2520 sunt
795 2467 888 2523 filii
915 2481 1284 2542 peccatorum,
1309 2477 1400 2548 qui
1422 2479 1644 2547 scilicet,
1668 2481 1864 2554 impios
1888 2495 2072 2555 patres
2094 2487 2214 2542 imi-

640 2557 737 2610 tati
762 2568 906 2614 sunt.

718 2646 876 2703 Vens.
909 2649 1070 2704 10.-
1098 2651 1177 2707 De
1207 2663 1354 2724 patre
1385 2657 1562 2728 impio.
1602 2660 1704 2727 Qui
1751 2661 1889 2718 male
1947 2663 2085 2720 ﬁlios
2113 2681 2212 2720 nu-

639 2737 754 2802 trit,
785 2739 869 2795 vel
895 2742 1143 2813 exemplo
1171 2747 1366 2814 perdit,
1400 2764 1524 2804 reus
1552 2759 1637 2806 est
1665 2767 1849 2807 eorum
1873 2755 2208 2824 perditionis.

635 2826 752 2893 Vel,
784 2831 875 2899 qui
906 2832 1044 2887 mala
1065 2851 1230 2905 opera
1261 2839 1328 2893 de
1351 2855 1516 2909 prava
1537 2843 1816 2901 voluntate
1840 2847 2031 2918 gignit,
2059 2850 2208 2905 dam-

637 2920 858 2974 nabitur
883 2937 981 2991 pro
1012 2925 1092 2980 eis

705 3009 868 3066 Vens.
895 3015 980 3069 15.
1001 3045 1072 3055 -
1095 3017 1162 3072 In
1188 3021 1547 3090 perditionem.
1581 3025 1962 3098 Superioribus
1983 3047 2206 3103 respon-

633 3099 739 3164 det,
782 3102 834 3157 in
873 3105 1069 3174 quibus
1109 3108 1173 3164 de
1200 3120 1370 3167 morte
1400 3117 1680 3186 temporali
1713 3120 2002 3191 disputavit
2034 3099 2205 3196 :quia

633 3189 773 3245 sicut
804 3193 962 3250 homo
984 3196 1048 3250 de
1079 3205 1222 3253 terra
1254 3212 1468 3260 creatus
1495 3223 1592 3277 pro
1617 3189 1837 3279 peccato
1868 3189 2119 3284 originali
2148 3219 2202 3272 in

693 3558 857 3617 Vens.
889 3563 1050 3618 1ὸ.-
1079 3565 1274 3623 Curam
1327 3572 1458 3627 habe
1504 3575 1567 3629 de
1629 3576 1759 3632 bona
1820 3582 2044 3651 nomine,
2089 3595 2196 3642 etc.

631 3649 701 3706 Ut
730 3652 865 3708 bene
899 3664 953 3710 et
981 3658 1226 3728 religiose
1254 3661 1420 3720 vivas.
1453 3664 1542 3723 Sic
1572 3679 1751 3728 autem
1777 3649 2077 3745 acquiritur
2101 3680 2201 3736 bo-

629 3759 756 3798 num
786 3761 998 3802 nomen.

701 3834 862 3892 Vens.
896 3837 978 3893 18.
1010 3871 1077 3880 —-
1105 3841 1296 3898 Melior
1331 3857 1406 3902 est
1429 3849 1583 3905 homo
1613 3853 1700 3924 qui
1728 3855 1997 3912 abscondit
2021 3861 2198 3917 stulti-

628 3925 756 3978 tiam
785 3944 956 3994 suam,
984 3939 1087 3986 etc.
1119 3933 1222 4001 Qui
1271 3937 1564 3997 abscondet
1591 3943 1942 4016 frumentum,
1973 3951 2195 4008 maledi-

625 4025 777 4070 cetur
798 4017 851 4071 in
875 4020 1105 4090 populis,
1135 4023 1442 4086 benedictio
1465 4041 1645 4088 autem
1677 4051 1838 4108 super
1861 4052 2022 4113 caput
2065 4059 2196 4100 ven-

626 4108 886 4166 dentium.

695 4199 856 4259 Vens.
881 4205 964 4262 l9.
999 4239 1072 4249 —
1107 4207 1470 4271 Verumtamen
1511 4220 1830 4277 revertimini
1861 4225 1916 4279 in
1943 4227 2022 4281 his
2079 4246 2196 4300 qua:

621 4297 928 4364 procedunt.
962 4299 1097 4368 Quia
1126 4303 1324 4360 bonum
1362 4323 1556 4364 nomen
1579 4321 1636 4366 et
1660 4313 1856 4371 bonam
1894 4318 2058 4374 vitam
2089 4297 2197 4377 uti-

622 4383 728 4440 lem
757 4402 876 4442 esse
903 4393 1171 4461 praedixit,
1203 4404 1260 4450 et
1301 4400 1633 4460 occultantes
1678 4407 1958 4466 scientiam
2012 4428 2195 4483 repre-

623 4475 831 4543 hendit,
867 4481 1058 4538 suadet
1101 4493 1162 4539 ut
1197 4499 1540 4546 revertantur
1564 4495 1631 4550 ad
1672 4499 1904 4554 studium
1945 4475 2191 4574 docendi,

620 4568 743 4636 quia
776 4586 882 4625 non
923 4583 1006 4629 est
1033 4575 1230 4632 bonum
1265 4580 1651 4642 irreverentem
1699 4597 1753 4645 et
1797 4591 2188 4653 inobedientem

621 4671 741 4713 esse
775 4676 875 4716 suo
902 4663 1127 4722 doctori.

693 4750 855 4810 Vens.
885 4756 972 4810 20.
998 4787 1068 4798 —-
1093 4758 1214 4817 Non
1249 4774 1324 4820 est
1349 4766 1539 4824 bonum
1581 4788 1783 4828 omnem
1805 4776 2189 4836 irreverentiam

619 4845 909 4904 obseruare.
939 4848 1098 4908 Juxta
1127 4853 1382 4925 litteram,
1412 4877 1510 4918 nos
1537 4864 1755 4922 instruit
1776 4878 1832 4924 ut
1855 4886 1884 4924 a
1915 4872 2060 4928 vitiis
2097 4892 2188 4931 ca-

617 4954 859 5009 veamus,
883 4953 938 4999 et
970 4945 1259 5005 virtutibus
1291 4968 1509 5023 operam
1549 4958 1754 5028 demus,
1805 4971 1860 5017 et
1882 4981 1950 5020 ne
1991 4970 2187 5037 spretis

617 5033 952 5102 melioribus,
981 5039 1243 5112 eligamus
1279 5045 1484 5116 pejora,
1513 5065 1631 5121 qua:
1656 5055 1900 5126 sequitur
1941 5059 2185 5117 confusio

617 5127 967 5198 sempiterna.

692 5216 849 5276 Vens.
877 5222 967 5278 26.
991 5255 1062 5264 —
1102 5225 1225 5281 Non
1253 5244 1457 5287 avertas
1482 5235 1668 5304 facient
1703 5251 1851 5296 tuam
1876 5261 1909 5296 a
1947 5247 2186 5314 proximo

617 5318 728 5376 tuo,
751 5320 857 5368 etc.
884 5314 1063 5389 (ΗΑΒ.)
1087 5317 1218 5374 Cum
1244 5322 1416 5394 angeli
1441 5326 1693 5398 colligent
1717 5331 1782 5387 de
1805 5333 2046 5392 Ecclesia
2065 5351 2184 5392 om-

613 5401 701 5456 nia
729 5405 1000 5473 scandala,
1027 5416 1157 5476 etc.,
1188 5427 1348 5482 usque
1385 5416 1454 5469 ad
1479 5428 1530 5470 et
1577 5419 2022 5483 fornicationibus
2075 5428 2185 5484 hae-

612 5493 900 5552 reticorum
940 5513 1000 5554 se
1025 5500 1260 5580 miscuit,

679 5584 844 5645 Vens.
872 5590 964 5645 27.
988 5621 1058 5631 —
1078 5592 1161 5648 Ne
1187 5598 1431 5666 respicias
1459 5601 1726 5659 mulierem
1751 5605 1908 5663 alieni
1936 5612 2052 5678 viri,
2069 5621 2175 5669 etc.

610 5677 965 5752 Cupiditatem
1005 5687 1276 5745 carnalem
1319 5707 1438 5760 quae
1475 5695 1632 5752 debet
1671 5699 1892 5755 subesse
1940 5705 2174 5773 spiritui,

608 5771 753 5828 hanc
781 5791 886 5830 non
921 5777 1172 5834 debemus
1217 5785 1446 5839 scrutari
1500 5796 1553 5843 et
1600 5791 2030 5864 suggestionibus
2061 5796 2178 5867 ejus

607 5863 819 5936 subjici.

2386 2035 2549 2090 Vens.
2589 2037 2641 2092 5.
2686 2069 2755 2080 -—
2791 2040 2862 2096 Et
2901 2061 3046 2100 seruo
3075 2052 3321 2119 pessimo.
3360 2054 3607 2128 Signiﬁcat
3629 2073 3767 2114 scrtum

2315 2129 2406 2198 qui
2439 2131 2618 2186 verbis
2643 2148 2751 2189 non
2778 2138 3093 2208 corrigitur,
3120 2146 3430 2204 verberibus
3459 2165 3564 2205 esse
3598 2167 3767 2206 coercen-

2314 2220 2462 2276 dum.
2497 2223 2698 2282 Servus
2728 2244 2940 2300 quoque
2966 2234 3224 2292 vitiorum
3251 2253 3430 2295 severa
3451 2242 3677 2313 disciplina
3695 2259 3768 2299 cor-

2313 2313 2569 2386 rigendus
2592 2328 2695 2376 est.

2383 2405 2546 2463 Vens.
2581 2409 2631 2464 7.
2654 2443 2724 2452 —
2747 2411 2847 2468 Ubi
2872 2433 3058 2474 manus
3086 2423 3289 2490 multm,
3327 2433 3431 2480 etc.
3478 2425 3690 2482 Admonet
3714 2429 3767 2482 ubi

2310 2497 2536 2556 diversae
2564 2511 2688 2558 sunt
2723 2507 3026 2566 voluntates
3073 2514 3342 2583 spirituali
3391 2518 3526 2574 lucro
3565 2519 3766 2580 inhiantes,

2310 2598 2470 2645 caute
2514 2607 2632 2648 esse
2661 2594 3105 2667 dispensandum.
3143 2605 3247 2661 Alii
3297 2609 3430 2662 enim
3471 2611 3681 2674 tentandi,
3714 2611 3767 2664 alii

2311 2681 2554 2739 discendi
2589 2697 2714 2743 voto
2743 2703 2991 2760 quaerunt
3011 2697 3264 2767 verbum,
3290 2703 3381 2756 sed
3404 2718 3500 2758 non
3522 2705 3666 2759 omnia
3699 2719 3767 2758 oui-

2308 2773 2469 2830 nibus
2497 2781 2838 2837 conveniunt.

2350 2887 2354 2892 ·
2380 2863 2544 2921 Vens.
2575 2870 2627 2923 8.
2658 2901 2730 2911 --
2755 2873 2831 2929 De
2857 2876 3160 2950 disciplina.
3198 2885 3297 2951 Qui
3326 2903 3539 2960 congrua
3574 2888 3764 2958 disciplina

2307 2973 2741 3033 unumquemque
2787 2973 2986 3039 arguit,
3050 2977 3325 3033 eruditum
3371 2997 3424 3035 se
3455 2991 3503 3036 et
3526 2981 3763 3051 probabilem

2307 3047 2582 3106 doctorem
2600 3053 2655 3108 in
2675 3069 2968 3127 conspectu
2993 3075 3306 3123 sanctorum
3327 3072 3556 3126 ostendit.
3581 3069 3664 3126 Nec
3683 3079 3763 3123 etas

2299 3137 2553 3207 juvenilis
2578 3145 2634 3200 in
2677 3148 2898 3207 doctore
2927 3152 3299 3229 despicienda,
3344 3177 3490 3232 quem
3520 3164 3609 3217 vita
3640 3168 3678 3215 et
3701 3161 3764 3212 dis-

2307 3417 2424 3484 tris,
2450 3429 2581 3488 etc.,
2597 3439 2759 3495 usque
2779 3427 2848 3482 ad
2869 3429 2951 3484 vel
2973 3417 3400 3507 transgrediatur
3421 3417 3568 3512 legem
3591 3443 3661 3497 Dei
3675 3417 3761 3496 lacu

2302 3509 2500 3567 sterilis
2529 3513 2584 3568 in
2611 3518 2861 3574 omnibus
2889 3522 3064 3581 bonis.

2371 3598 2516 3656 Filia
2540 3607 2726 3674 patris.
2754 3609 2939 3678 Docet,
2972 3614 3040 3668 ad
3065 3615 3326 3688 litteram,
3373 3635 3594 3694 parentes
3632 3622 3761 3679 sobolis

2301 3707 2411 3748 suae
2442 3711 2627 3752 curam
2655 3715 2860 3771 gerere,
2887 3713 2943 3760 et
2969 3723 3091 3762 cum
3124 3713 3406 3786 disciplina
3445 3719 3638 3783 nutrire,
3660 3725 3698 3772 et
3715 3729 3755 3768 ne

2299 3781 2532 3841 lasciviae
2557 3797 2612 3843 et
2640 3791 2900 3863 voluptati
2926 3795 3077 3854 frena
3107 3781 3372 3863 relaxent.

2371 3875 2536 3934 Vens.
2570 3880 2655 3935 11.
2686 3913 2757 3925 -
2785 3883 2954 3957 Super
2988 3891 3159 3960 ﬁliam
3194 3896 3521 3966 luxuriosam,
3560 3911 3644 3958 etc.
3681 3900 3759 3966 QuiB

2299 3967 2609 4038 diligentem
2657 3978 2850 4044 quaerit
2905 3986 3227 4044 custodiam.
3283 3990 3338 4046 Si
3386 3994 3515 4048 enim
3557 3993 3759 4048 dimittitur

2299 4077 2410 4117 suae
2441 4065 2728 4135 voluntati,
2755 4070 3033 4132 doctorem
3059 4083 3339 4140 confundit
3361 4095 3414 4142 et
3438 4088 3486 4142 in
3513 4085 3758 4142 multitudini:

2298 4159 2477 4228 populi
2505 4164 2824 4220 erubescere
2861 4167 3009 4227 facit.
3068 4175 3242 4245 Unde,
3279 4181 3555 4252 periculose
3592 4179 3665 4236 tibi
3693 4177 3756 4232 mi-

2299 4247 2512 4316 nistrat,
2539 4253 2690 4322 cujus
2723 4257 2928 4314 vultum
2957 4247 3298 4333 frequenten
3316 4272 3542 4328 attendis.
3571 4269 3672 4323 Nam
3692 4267 3755 4320 in.-

2295 4338 2474 4406 pudici
2504 4343 2643 4397 oculi
2673 4361 2780 4402 non
2806 4362 3006 4407 norunt
3038 4357 3234 4414 animae
3257 4362 3658 4431 pulchritudinem
3674 4374 3752 4414 con-

2297 4427 2558 4498 siderare,
2588 4435 2683 4490 sed
2711 4451 3016 4509 corporum.

2365 4517 2529 4575 Vens.
2565 4523 2650 4578 M.
2685 4553 2758 4568 -—
2787 4529 2977 4586 Melior
3020 4546 3092 4590 est
3133 4540 3269 4593 enim
3321 4542 3546 4612 iniquitas
3569 4538 3658 4600 viri,
3685 4544 3750 4588 εἰει

2214 4663 2267 4722 D
2295 4607 2415 4679 (11).)
2461 4611 2648 4668 Mulier
2688 4626 2780 4672 aut
2831 4635 3018 4678 sexum
3069 4627 3364 4700 significat,
3403 4607 3522 4699 etc.,
3561 4643 3680 4698 usque
3709 4620 3752 4675 ατί

2292 4701 2418 4768 quia
2449 4719 2538 4759 res
2572 4707 2884 4768 confusione
2910 4714 3098 4786 dignas
3125 4723 3278 4790 gerit.

2363 4789 2526 4847 Vens.
2553 4795 2639 4850 l5.
2661 4827 2732 4838 —
2757 4798 2961 4857 Memor
2989 4822 3078 4860 ero
3114 4789 3274 4879 igitur
3312 4827 3535 4882 operum,
3564 4815 3643 4863 etc-
3671 4799 3748 4872 (ιθ-ἶ

2290 4880 2578 4957 [lucusque
2603 4889 2670 4944 de
2701 4892 2929 4950 diversis
2978 4900 3138 4956 rebus
3171 4880 3469 4974 disputavit,
3505 4911 3611 4968 etc.,
3643 4907 3748 4965 “illi

2289 4974 2356 5027 ad
2401 4984 2459 5030 et
2505 4990 2693 5048 postea
2717 4993 2930 5051 patrum
2961 4987 3117 5044 fortia
3145 4991 3280 5048 facta
3311 4993 3556 5049 describit.

2358 5064 2524 5122 Vens.
2555 5070 2642 5124 19.
2675 5103 2744 5112 -
2772 5073 3023 5146 Cognovit
3067 5085 3201 5136 enim
3258 5084 3514 5147 Dominus,
3555 5089 3635 5134 etc.
3657 5072 3743 5139 Qu“

2289 5172 2477 5214 omnes
2504 5172 2692 5219 aetates
2721 5169 2903 5223 mundi
2933 5185 3224 5240 praesentes
3249 5186 3370 5230 sunt
3395 5177 3461 5242 ei,
3505 5170 3618 5242 apud
3637 5175 3742 5237 (1W

2288 5250 2424 5306 nihil
2454 5257 2806 5326 praeteritum,
2840 5261 2974 5316 nihil
3017 5264 3251 5323 futurum
3284 5277 3398 5335 est;
3427 5269 3528 5338 ipse
3557 5260 3667 5317 solus
3686 5267 3740 5308 rc-

2285 5348 2430 5404 velat
2455 5354 2732 5424 mysteria,
2763 5358 2854 5427 qui
2893 5361 2997 5415 scit
3021 5363 3350 5434 singulorum
3378 5362 3541 5427 corda,
3570 5356 3639 5428 qui
3661 5364 3738 5406 om-

2285 5457 2383 5499 nes
2413 5446 2676 5516 cogitatus
2704 5459 2758 5504 et
2782 5467 3058 5513 sermones
3087 5460 3314 5530 inspicit.

2355 5533 2518 5592 Vens.
2545 5539 2634 5594 21.
2665 5572 2737 5581 -
2765 5543 3035 5617 Magnalia
3061 5553 3341 5623 sapientia.
3364 5548 3557 5619 Quando
3577 5535 3736 5631 ΡΓοΡίκῖ

2285 5629 2353 5685 tis
2397 5631 2605 5688 scilicet
2640 5644 2694 5692 et
2739 5643 2997 5708 apostolis
3053 5655 3430 5701 sacramentum
3482 5631 3735 5728 εοηξίξίξηδω

2281 5718 2655 5780 absconditum
2703 5743 2734 5780 a
2785 5731 2992 5789 saeculis
3020 5743 3074 5790 et
3117 5734 3517 5815 generationibus
3561 5719 3733 5780 ﬁdelibus

2282 5811 2558 5869 revelavit.
2590 5817 2708 5887 lpse
2730 5821 2874 5876 enim
2903 5833 2987 5880 est
3006 5837 3131 5884 ante
3155 5812 3355 5893 omnes,
3376 5830 3546 5894 etpost
3584 5827 3686 5868 ounu
3703 5833 3726 5860 ς,

2279 5902 2366 5958 cui
2394 5903 2530 5960 nihil
2554 5907 2789 5978 additur,
2821 5914 2952 5972 nihil
2981 5917 3254 5976 minuitur.
