4028 6332
682 374 818 430 1227

1180 371 1570 430 mmemor
1605 371 1853 436 srntnt
1886 372 2090 432 anno.
2131 371 2297 432 non.
2335 371 2488 430 ore.
2524 372 2704 433 rans
2739 355 2904 433 ei?
2923 375 3369 436 rneoeocrcs.
3703 391 3792 455 ως

679 485 860 544 omnia
891 484 1062 558 ﬁgura
1088 494 1246 542 erant
1271 484 1405 542 Novi
1447 485 1794 554 Testamenti,
1843 494 1896 541 et
1934 484 2049 540 veri
2079 499 2257 542 sacer-
2281 486 2334 548 Α
2359 485 2548 542 decem
2567 487 2740 544 tribus
2757 495 2954 544 seth
2970 498 3094 544 sunt
3111 487 3408 558 Jeroboam,
3427 501 3475 547 et
3493 495 3590 551 dna:
3607 499 3789 574 “mm;

683 579 822 634 dotis
861 574 988 633 Jesu
1033 576 1253 634 Christi.
1283 574 1348 631 Et
1391 576 1580 630 induit.
1621 574 1953 632 Vestimenta
1987 575 2258 648 pontiﬁcis

684 677 807 724 sunt
830 683 993 739 opera
1027 663 1285 722 virtutum
1313 685 1325 720 :
1359 665 1644 736 sapientia,
1675 665 1939 722 doctrina.

755 759 914 813 Vens.
947 757 1336 812 H.——Corona
1362 773 1547 823 aurea,
1569 763 1675 812 etc.
1699 756 1755 812 ln
1783 771 1889 826 qua
1916 765 2036 812 erat
2061 771 2257 814 nomen

683 848 1063 918 omnipotentis
1097 848 1212 912 Dei,
1243 862 1361 916 qua:
1386 847 1653 919 signiﬁcat
1687 847 2152 904 honoriﬁcentiam
2175 848 2258 904 di-

659 933 821 994 vinae
847 939 1165 1009 maiestatis,
1199 939 1453 1008 quoniam
1494 953 1654 1008 super
1682 939 1860 993 omnia
1892 947 2132 994 statuere
2164 939 2257 998 de-

683 1032 891 1094 bemus,
924 1040 982 1088 ut
1006 1032 1057 1085 in
1084 1031 1334 1086 omnibus
1374 1031 1585 1086 actibus
1611 1031 1810 1086 nostris
1835 1041 1888 1086 et
1915 1033 2256 1088 sermonibus

682 1121 1067 1178 honoriﬁcetur
1089 1123 1229 1177 Deus
1256 1139 1347 1193 per
1369 1120 1552 1176 Jesum
1575 1119 1860 1190 Christum,
1885 1121 1976 1193 qui
1997 1130 2072 1176 est
2101 1130 2254 1192 caput

681 1225 914 1269 nostrum
947 1214 998 1286 (Ι
1029 1212 1174 1270 Petr.
1207 1214 1302 1286 ιν).
1893 1273 1895 1278 ,

748 1305 912 1360 Vens.
947 1307 1032 1361 17.
1062 1337 1132 1346 --
1165 1306 1464 1375 Sacriﬁcia.
1499 1305 1680 1380 (ΚΑΒ.)
1727 1302 2004 1374 Quomodo
2043 1301 2254 1373 Moyses

676 1397 879 1461 Aaron,
911 1406 1041 1461 etc.,
1078 1412 1238 1466 usque
1268 1397 1336 1450 ad
1381 1395 1585 1452 Christi
1625 1395 1766 1452 enim
1795 1391 2155 1450 sacerdotium
2197 1401 2255 1450 et

678 1490 813 1543 ritus
843 1489 1231 1544 sacrificiorum
1263 1490 1316 1542 in
1349 1499 1609 1544 aeternum
1632 1488 1890 1544 manebit.

749 1581 910 1635 Vens.
940 1579 1029 1635 28.
1053 1611 1121 1622 ——
1143 1578 1364 1634 Pltinces
1387 1580 1527 1649 ﬁlius
1551 1579 1816 1636 Eleazari.
1848 1576 1970 1649 (10.)
1997 1575 2249 1642 Phinees,

675 1673 817 1727 sicut
843 1672 1102 1742 scriptum
1143 1680 1226 1725 est
1264 1671 1316 1725 in
1366 1670 1502 1726 libro
1527 1668 1882 1724 Numerorum
1915 1665 2067 1739 (Cap.
2096 1664 2250 1735 xxv),

675 1773 801 1826 etc.,
837 1779 998 1832 usque
1026 1761 1096 1814 ad
1127 1761 1194 1816 ad
1221 1771 1459 1816 montem
1495 1759 1858 1824 fortitudinis,
1901 1757 1955 1812 id
1984 1764 2070 1812 est
2093 1754 2252 1812 Chri-

677 1863 838 1914 stum,
871 1853 1100 1907 feliciter
1123 1853 1386 1921 pervenit.

747 1945 909 1998 Vens.
941 1944 1026 1998 5L
1045 1974 1115 1984 —
1135 1942 1202 1997 Et
1233 1952 1594 1998 testamentum
1607 1941 1797 1996 David.
1825 1939 1948 2013 (11).)
1971 1939 2251 2012 Signiﬁcat

673 2037 816 2108 quod
845 2037 1012 2090 David
1034 2037 1088 2090 in
1121 2037 1498 2092 distributione
1523 2036 1942 2094 ministeriorum
1969 2036 2086 2103 Dei,
2113 2045 2248 2104 etc.,

671 2145 833 2199 usque
864 2127 932 2182 ad
962 2138 1017 2183 et
1055 2127 1110 2184 in
1137 2127 1483 2185 tabernacqu
1519 2127 1892 2186 ministrorum
1925 2127 2069 2186 vices
2101 2129 2248 2186 ordi-

673 2219 840 2272 navit.

1237 2305 1463 2362 CAPUT
1494 2304 1677 2362 XLVI.
1765 2267 1770 2272 ”

743 2422 906 2476 Vens.
942 2421 990 2476 1.
1026 2451 1096 2462 -
1128 2418 1305 2474 Fortis
1352 2420 1407 2475 in
1457 2418 1587 2474 bella
1631 2416 1786 2473 Iesus
1831 2417 1997 2472 Nave.
2046 2416 2247 2490 (11η.)

668 2514 827 2570 Jesus
848 2523 902 2571 et
931 2529 1095 2586 opere
1121 2526 1177 2570 et
1205 2529 1454 2572 sermone
1479 2512 1751 2569 Christum
1781 2512 2084 2584 signiﬁcat,
2117 2521 2244 2580 etc.,

669 2625 832 2678 usque
880 2608 949 2662 ad
985 2607 1323 2679 triumphans
1370 2606 1700 2677 principatus
1746 2614 1804 2660 et
1846 2614 2142 2676 potestates
2192 2606 2246 2660 in

669 2699 980 2770 semetipso.

741 2789 904 2844 Vens.
924 2789 980 2843 4.
1005 2821 1076 2832 --
1104 2790 1233 2856 Quis
1263 2801 1381 2846 ante
1406 2791 1577 2856 illum,
1601 2799 1707 2846 etc.
1733 2789 1853 2861 (11)).
1883 2788 2162 2856 Quomodo
2190 2789 2245 2844 in

667 2898 900 2937 occursu
927 2881 1091 2937 Josue
1121 2883 1404 2952 impeditus
1431 2891 1512 2937 est
1535 2885 1644 2948 sol,
1673 2891 1799 2949 etc.,
1827 2899 1990 2948 usque
2020 2882 2089 2936 ad
2117 2884 2244 2938 bre-

666 2977 961 3032 viabuntur
985 2975 1040 3030 in
1069 2983 1309 3045 tempore
1336 2974 1673 3044 perditionis.

740 3065 904 3120 Vens.
938 3066 990 3121 9.
1015 3096 1084 3106 —
1111 3065 1156 3119 A
1181 3066 1426 3136 peccatis.
1461 3065 1880 3136 Desperationis,
1912 3063 2127 3134 quando
2151 3079 2247 3121 ex-

2353 575 2428 634 de
2461 577 2714 646 Ephraim
2759 579 2863 634 fuit
2901 579 3208 647 Jeroboam,
3257 581 3344 652 qui
3383 584 3565 656 primus
3597 592 3640 647 in
3673 597 3792 660 dm

2357 666 2605 723 tribubus
2632 669 2922 725 crudeliter
2948 672 3207 741 regnavit.

2435 759 2594 854 Vens.
2623 761 2713 817 27.
2740 793 2808 804 -—
2829 762 2900 816 Et
2944 763 3216 835 dereliquit
3255 775 3366 835 post
3402 784 3469 835 se,
3500 779 3589 828 etc.
3611 773 3703 846 (in)
3722 777 3792 854 ly.

2357 852 2524 918 stice,
2571 852 2808 908 Rohoam
2829 891 2846 918 ,
2893 854 2983 923 qui
3025 854 3400 925 interpretatur
3441 858 3626 916 latitudo
3658 852 3790 938 ροριίί,

2357 949 2486 1006 etc.,
2519 959 2676 1014 usque
2697 944 2766 997 ad
2791 944 2844 998 in
2873 943 3057 1014 regula
3079 946 3354 1002 catholica:
3379 945 3490 1004 ﬁdei
3507 959 3744 1020 permansit.

2429 1034 2592 1088 Vens.
2622 1033 2709 1088 28.
2739 1065 2809 1074 —
2828 1035 3020 1088 Avertit
3057 1045 3256 1108 gentem
3283 1038 3486 1092 consilio
3522 1057 3618 1096 suo.
3640 1044 3793 1108 Crede”

2357 1123 2562 1180 scilicet
2581 1126 2806 1182 consilio
2825 1124 3102 1194 iuvenum.

2897 1235 3124 1295 CAPUT
3155 1237 3379 1294 XLVII].

2426 1349 2590 1405 Vens.
2623 1351 2672 1404 1.
2703 1381 2776 1392 —-
2821 1351 2890 1405 Et
2937 1354 3165 1408 surrexit
3213 1352 3376 1410 Elius.
3423 1353 3678 1427 (1111).)Ουὶ
3711 1361 3791 1420 duos

2354 1439 2846 1510 quinquagenarios
2871 1443 2939 1496 ab
2981 1441 3113 1498 Ozia
3148 1459 3272 1515 rege
3319 1445 3501 1502 missos
3538 1448 3695 1505 calesti
3721 1453 3791 1523 igne

2355 1533 2651 1588 combussit
2688 1531 2776 1604 (IV
2808 1533 2937 1604 Reg.
2963 1533 3024 1607 ι).

2425 1623 2588 1680 Vens.
2613 1624 2668 1679 2.
2706 1655 2778 1664 —
2824 1624 2927 1692 Qui
2979 1628 3208 1682 induxit.
3266 1627 3383 1702 (10.)
3437 1629 3647 1702 Mystice,
3688 1635 3790 1696 fama

2355 1715 2816 1780 trium,annorum
2853 1717 3000 1772 verbi
3034 1717 3130 1772 Dei
3158 1715 3212 1774 et
3239 1718 3356 1775 ﬁdei
3385 1719 3624 1778 Trinitatis
3645 1725 3789 1785 inednn

2355 1803 2631 1876 ﬁguravit,
2663 1815 2794 1872 etc.,
2821 1822 2982 1876 usque
3010 1806 3080 1860 ad
3124 1815 3183 1862 ut
3220 1817 3400 1878 postea
3447 1812 3621 1866 veniret
3642 1817 3705 1884 qui
3735 1833 3790 1873 litt

2354 1898 2648 1954 translatus
2674 1913 2776 1954 nec
2809 1898 3118 1965 subvectus,
3161 1899 3351 1956 cmlum
3377 1903 3628 1960 aethercum
3646 1921 3711 1962 sua
3729 1909 3789 1964 tir-

2354 1999 2469 2048 tute
2501 2002 2832 2062 penetraret.

2424 2083 2588 2137 Vens.
2628 2085 2715 2139 15.
2743 2114 2813 2123 -
2843 2079 2994 2138 Elius
3022 2083 3232 2156 quidem
3287 2085 3340 2138 in
3389 2085 3588 2152 turbine,
3625 2098 3699 2144 etc.
3723 2088 3790 2160 (In)

2349 2175 2489 2232 Cum
2543 2190 2649 2230 non
2717 2175 2787 2230 sit
2848 2175 3150 2246 discipulus
3205 2192 3363 2246 super
3408 2179 3684 2250 magistrum,
3717 2190 3789 2244 etc.,

2349 2282 2516 2336 usque
2543 2263 2611 2319 ad
2634 2265 2724 2336 qui
2761 2267 2906 2321 enim
2938 2265 3092 2320 ﬁrma
3125 2267 3232 2322 ﬁde
3260 2265 3422 2342 tangit
3447 2278 3636 2324 mortem
3653 2269 3790 2336 Christi,

2350 2356 2622 2426 particeps
2651 2363 2735 2410 est
2762 2356 2878 2428 ejus
2907 2357 3348 2414 resurrectionis.

2418 2446 2487 2500 In
2519 2445 2694 2501 Eliseo
2725 2446 3026 2517 completus.
3054 2448 3160 2515 Qui
3204 2449 3377 2503 oravit
3403 2450 3481 2506 die
3507 2468 3518 2505 :
3542 2447 3640 2504 Fiat
3660 2451 3789 2520 spiritu

2351 2548 2474 2593 tuus
2501 2533 2698 2608 duplex
2723 2537 2776 2589 in
2804 2553 2902 2602 me,
2930 2547 2984 2593 et
3019 2539 3279 2594 obtinuit.
3318 2539 3461 2596 Unde
3485 2541 3530 2594 in
3559 2542 3791 2611 patientiae

2350 2634 2548 2687 virtute
2577 2630 2959 2701 insuperabilis
2995 2631 3116 2698 fuit,
3165 2632 3257 2704 qui
3298 2635 3351 2688 in
3393 2635 3490 2688 vita
3530 2643 3576 2691 et
3617 2633 3658 2688 in
3691 2642 3790 2688 morte

2349 2722 2519 2778 multa
2549 2723 2700 2794 signa
2735 2721 2884 2778 fecit.

2420 2814 2589 2869 Vens.
2616 2816 2704 2870 17.
2720 2814 3008 2870 -—Relicta
3032 2825 3104 2870 est
3133 2833 3256 2888 gens
3277 2831 3536 2888 perpauca.
3559 2813 3664 2884 Quia
3679 2815 3790 2870 domus

2350 2904 2540 2971 David,
2555 2913 2609 2959 et
2632 2906 2802 2960 tribus
2820 2905 2980 2970 Juda,
3005 2914 3060 2961 et
3082 2906 3382 2976 Beniamin,
3407 2923 3502 2963 non
3521 2908 3688 2975 penitus
3703 2904 3785 2974 abie-

2349 3003 2541 3052 cerunt
2580 2995 2846 3050 culturam
2888 2995 3003 3063 Dei,
3044 2998 3140 3052 sed
3170 2997 3261 3052 alii
3292 3009 3464 3054 eorum
3492 2995 3666 3050 fuerunt
3687 2991 3784 3045 idola-

2351 3101 2465 3154 tm,
2499 3087 2638 3143 sicut
2666 3085 2851 3142 Joram
2903 3097 2958 3142 et
3013 3089 3197 3144 Achaz
3233 3108 3244 3144 :
3273 3089 3360 3144 alii
3394 3087 3678 3147 adhzeserunt
3714 3081 3785 3142 Deo.

669 3160 1002 3232 ploratorum
1024 3158 1330 3217 rumoribus
1355 3158 1553 3215 auditis
1583 3161 2005 3224 desperaverunt
2041 3159 2247 3215 intrare
2273 3211 2322 3278 ο
2350 3179 2491 3235 sicut
2513 3177 2776 3233 Ezechias
2807 3185 2862 3234 et
2886 3176 3080 3234 Josias_

665 3259 887 3308 terram.

735 3345 899 3402 Vens.
932 3345 1016 3402 15.
1046 3374 1117 3386 -—-
1141 3343 1210 3398 Et
1247 3344 1454 3414 judices
1501 3342 1716 3414 singuli,
1753 3352 1860 3397 etc.
1904 3340 2086 3414 (Ihm)
2115 3341 2246 3397 Post

666 3435 851 3504 Josue,
881 3444 1257 3492 successerunt
1279 3434 1488 3503 judices
1511 3435 1600 3504 qui
1629 3432 1880 3504 populum
1921 3431 2015 3486 Dei
2046 3433 2118 3488 ab
2142 3433 2242 3488 ho-

665 3530 839 3588 stibus
859 3521 1250 3601 defendebant;
1285 3535 1339 3582 et
1365 3532 1486 3596 post
1509 3525 1709 3581 Christi
1748 3523 2084 3594 passionem,
2110 3540 2244 3596 apo-

668 3620 792 3678 stoli
819 3627 1061 3675 rectores
1085 3617 1342 3674 Ecclesiae
1368 3615 1482 3672 Dei.

737 3709 902 3766 Vens.
929 3709 1020 3766 14.
1045 3739 1112 3750 -
1139 3706 1203 3764 Ut
1243 3709 1310 3762 sit
1337 3706 1588 3764 usernoria
1611 3705 1846 3773 illorum,
1875 3715 1982 3764 etc.
2011 3706 2148 3775 Quia
2187 3707 2250 3762 in.

665 3809 812 3856 recta
843 3800 948 3856 ﬁde
990 3808 1487 3870 perseveraverant.
1524 3807 1584 3853 ut
1618 3801 1875 3856 memoria
1904 3814 2092 3854 eorum
2115 3811 2246 3868 per-

665 3898 825 3960 petua
850 3889 1224 3946 benedictione
1247 3888 1572 3946 ﬁrmaretur.
1598 3885 1752 3942 Ossa.
1776 3886 1962 3944 Robur
1981 3888 2248 3946 bonorum

665 3991 888 4046 operum
911 3975 1155 4031 mercede
1174 3977 1426 4040 donatur,
1441 3986 1500 4030 ut
1524 3976 1782 4031 memoria
1805 3976 2040 4036 nominis
2057 3991 2249 4038 eorum

669 4069 738 4146 ad
765 4075 1013 4138 posteros
1039 4082 1163 4124 cum
1184 4066 1356 4140 gloria
1385 4067 1760 4122 transferatur.

741 4159 903 4226 Vens.
929 4157 1348 4216 iii—Dilectus
1377 4175 1410 4212 a
1439 4157 1684 4224 Domino,
1711 4166 1814 4229 etc.
1848 4157 2032 4229 (Rem).
2050 4157 2250 4218 Narrat

665 4253 894 4310 historia
935 4252 1077 4323 quod
1105 4252 1362 4308 Dominus
1406 4249 1642 4306 Samueli
1683 4250 1895 4316 infanti,
1925 4259 2054 4314 etc.,
2083 4265 2248 4320 usque

668 4346 738 4398 ad
787 4343 1101 4414 pronuntiat
1145 4342 1302 4397 malis
1343 4342 1642 4398 rectoribus
1681 4355 1894 4412 pinnam
1933 4340 2166 4396 futuram
2193 4347 2250 4396 et

667 4446 896 4494 mortem
927 4445 1260 4508 perpetuam.

1213 4571 1443 4630 CAPUT
1489 4571 1692 4628 XLVI].

739 4709 901 4763 Vens.
928 4706 1202 4764 L—Post
1227 4711 1341 4764 hmo
1371 4709 1594 4762 surrexit
1618 4705 1856 4761 Natltoa.
1883 4705 1960 4762 Ad
1988 4705 2238 4772 litteram,

644 4799 813 4854 :facta
840 4799 1007 4854 David
1032 4807 1440 4861 commemorat,
1464 4798 1529 4852 de
1549 4797 1742 4867 quibus
1768 4796 1906 4852 liber
1945 4795 2151 4869 Regum
2187 4806 2245 4854 et

642 4871 1114 4960 iParalipomenon
1142 4889 1450 4960 plenissime
1479 4895 1717 4944 narrant.

743 4985 905 5038 Vens.
939 4982 995 5038 εἰ.
1019 5011 1087 5022 —
1116 4980 1286 5050 Quasi
1332 4982 1512 5054 adeps.
1562 4981 1844 5054 Signiﬁcat
1897 4997 2024 5038 eum
2069 4983 2244 5055 gratia

671 5073 906 5145 Spiritus
933 5075 1104 5132 sancti
1132 5074 1410 5146 repletum,
1443 5091 1476 5130 a
1498 5075 1796 5132 carnalium
1837 5077 2114 5134 consortio
2136 5077 2248 5136 vita

667 5177 725 5222 et
755 5169 996 5222 moribus
1020 5179 1345 5238 separatum.

744 5259 911 5314 Vens.
934 5258 988 5313 5.
1010 5289 1080 5300 -
1103 5259 1233 5314 Cum
1279 5259 1511 5324 leonibus
1559 5259 1708 5313 lusit.
1747 5259 1927 5331 (Ριλιι.)
1957 5260 2126 5316 David
2169 5260 2246 5316 si-

667 5349 887 5422 gniﬁcat
911 5348 1207 5415 Christum,
1231 5359 1358 5414 etc.,
1376 5366 1538 5419 usque
1565 5350 1634 5403 ad
1667 5359 1722 5405 et
1745 5350 1890 5406 dedit
1919 5349 1993 5404 illi
2024 5366 2239 5416 nomen,

667 5440 814 5512 quod
829 5449 918 5496 est
937 5455 1104 5512 super
1118 5455 1280 5497 omne
1298 5455 1515 5496 nomen.

745 5529 905 5588 Vens.
937 5532 1024 5586 14.
1053 5561 1124 5573 -—
1149 5531 1276 5587 Post
1315 5532 1484 5604 ipsum
1527 5534 1758 5588 surrexit
1796 5533 1938 5602 ﬁlius
1979 5546 2238 5590 tensam.

670 5623 796 5699 (11).)
825 5624 1074 5696 Mystice,
1109 5624 1380 5689 Salomon,
1412 5636 1542 5691 etc.,
1567 5641 1729 5696 usque
1763 5625 1832 5678 ad
1868 5625 2007 5680 sicut
2042 5627 2094 5681 in
2133 5643 2240 5682 una

669 5733 795 5774 area
824 5718 992 5773 bonos
1025 5717 1331 5787 signiﬁcant
1355 5733 1544 5788 grana,
1574 5717 1743 5772 malos
1773 5731 1904 5771 vero
1932 5718 2104 5786 palea.

744 5810 908 5862 Vens.
937 5807 1026 5862 23.
1052 5837 1122 5850 --
1150 5807 1215 5861 Ut
1264 5809 1462 5876 faceres
1499 5809 1794 5876 imperium,
1823 5815 1929 5863 etc.
1959 5807 2084 5879 (11).)
2107 5810 2243 5878 Quia

2419 3269 2582 3325 Vens.
2615 3270 2703 3326 19.
2741 3301 2811 3311 -
2869 3270 3122 3326 Ezechias
3177 3273 3384 3327 munivit
3438 3272 3653 3326 civitatem
3687 3280 3785 3318 sm.

2347 3369 2452 3418 etc.
2505 3362 2688 3434 (11η.)
2739 3360 2893 3429 Quod
2947 3361 3210 3420 Ezechias
3258 3364 3447 3420 fontem
3499 3364 3686 3424 obturat,
3713 3365 3785 3418 etc.,

2346 3470 2510 3525 usque
2553 3454 2621 3508 ad
2657 3455 2931 3510 civitatem
2962 3456 3246 3513 exstinctis
3285 3457 3511 3514 hostibus
3541 3447 3785 3509 liberatamin

2345 3545 2794 3618 Paralipomenon
2806 3547 2975 3634 plene
2997 3546 3323 3603 ostenditur.

2903 3678 3131 3760 asper
3172 3679 3354 3738 xux.

2421 3791 2570 3858 Vens
2600 3793 2654 3847 1.
2691 3790 2951 3846 lunaria
2983 3789 3171 3848 Josite.
3220 3790 3398 3864 (nam)
3447 3785 3660 3845 Memoria
3692 3778 3786 3836 lotis

2349 3883 2509 3955 regis,
2539 3891 2672 3950 etc.,
2702 3897 2868 3954 usque
2909 3883 2978 3936 ad
3027 3884 3146 3954 ipse
3191 3885 3308 3941 zelo
3339 3883 3426 3940 Dei
3461 3879 3643 3937 aliudsi
3664 3883 3784 3930 ternm

2347 3972 2500 4030 Iuda:
2522 3982 2579 4028 et
2603 3973 2906 4030 Jerusalem
2929 3974 3000 4029 ab
3023 3975 3280 4031 omnibus
3306 3959 3782 4031 straminationibus,tlui

2349 4065 2428 4120 ait
2455 4080 2467 4117 :
2499 4062 2657 4119 Zelus
2700 4065 2884 4118 domus
2907 4075 3012 4118 tua?
3035 4065 3259 4120 comedit
3290 4081 3392 4120 me.

2421 4155 2587 4211 Vens.
2613 4155 2755 4211 5.-
2776 4154 2982 4211 Praeter
3011 4155 3205 4222 Dasid,
3233 4167 3282 4212 et
3305 4153 3573 4216 Ezechirnn,
3589 4160 3626 4204 et
3644 4145 3781 4203 latim.

2350 4259 2456 4305 etc.
2477 4247 2543 4302 Hi
2571 4258 2682 4304 tres
2709 4248 3110 4318 comparatione
3137 4248 3361 4304 aliorum
3386 4261 3484 4301 non
3507 4244 3783 4328 dicunturpat-

2349 4353 2521 4394 casse.
2586 4337 2740 4404 Quod
2789 4339 2932 4394 enim
2983 4348 3364 4409 peccaverunt,
3418 4334 3640 4402 condigna
3680 4334 3782 4393 pen?

2351 4430 2518 4484 tentia
2561 4429 2897 4496 deleverunt,
2945 4440 3001 4486 et
3036 4431 3322 4486 devotione
3349 4437 3402 4484 et
3419 4428 3592 4498 pietate
3615 4410 3780 4481 0M1”

2349 4529 2599 4578 onerum.

2269 4573 2326 4639 ὕ
2357 4573 2596 4668 "Veiis.
2619 4613 2672 4670 8.
2703 4643 2775 4654 —
2809 4612 3161 4667 Inundarunt
3211 4612 3370 4666 electa
3415 4607 3638 4662 sint“th
3666 4588 3781 4649 Μαί·

2347 4708 2494 4772 tatis,
2525 4715 2634 4761 etc.
2688 4704 2832 4777 (11).)
2879 4703 3106 4772 Quidam
3163 4704 3305 4760 hunc
3355 4703 3518 4757 locum
3560 4696 3605 4750 in
3639 4693 3778 4758 Ws"m

2349 4797 2550 4854 Christi
2573 4795 2909 4866 intelligant,
2933 4804 3063 4862 etc.,
3097 4811 3258 4866 usque
3289 4795 3356 4848 ad
3384 4793 3462 4848 his
3489 4794 3633 4844 autem
3652 4778 3781 4834 ϐοείη·

2348 4890 2470 4952 etis,
2498 4888 2785 4944 aedificavit
2810 4889 3106 4946 Ecclesiam
3135 4888 3249 4944 Dei.
3671 4957 3700 4960 Α
3744 4949 3763 4960 γ,

2422 4982 2586 5040 Vens.
2619 4983 2706 5038 to.
2739 5013 2808 5026 —
2834 4983 3074 5040 Ezechiel
3101 4985 3192 5054 qui
3221 4982 3366 5046 uidit,
3394 4984 3488 5034 etc.
3531 4968 3634 5042 (tu)
3667 4957 3778 5026 "is"

2351 5091 2435 5141 ee,
2489 5076 2773 5141 Ezechiel,
2829 5085 2962 5142 etc.,
3005 5053 3168 5146 usque
3195 5074 3342 5128 ari-et
3367 5053 3776 5141 ρῳωίιωιίδιιερβ

2351 5169 2551 5224 dixisse
2578 5167 2835 5223 remedia.
3589 5227 3594 5236 ν

2373 5295 2380 5302 .
2423 5258 2585 5312 Vens.
2619 5260 2802 5312 11.-ρ-
2831 5257 2902 5311 In
2925 5251 3108 5310 iinbre.
3162 5251 3440 5325 Signiﬁcat—

2348 5351 2490 5416 verit
2521 5363 2688 5420 super
2711 5359 3024 5421 peccatores
3059 5354 3336 5404 venturam
3363 5357 3470 5399 esse
3507 5330 3687 5421 NW
3707 5327 3776 5421 In:

2349 5414 2538 5508 dieue,
2573 5409 2629 5497 et
2808 5443 2952 5497 viam
2982 5442 3352 5498 mandatorum
3389 5432 3472 5490 Dei
3523 5409 3776 5498 gradiendi”

2349 5535 2658 5605 promiserit
2681 5535 3102 5590 consolationem
3127 5526 3501 5588 misericordias.
3607 5603 3614 5605 _
3739 5585 3758 5605 λ

2425 5625 2584 5681 Vens.
2621 5627 2709 5682 15.
2729 5656 2800 5668 --
2823 5625 2966 5680 Nam
2992 5634 3042 5680 et
3064 5628 3172 5696 ipse
3191 5663 3206 5686 .
3234 5631 3335 5677 etc.
3365 5617 3488 5685 Quia

2351 5729 2481 5793 εηίιι
2512 5760 2526 5784 9
2574 5718 2780 5787 quiest
2807 5719 2987 5790 imago
3018 5681 3110 5772 Dei
3145 5734 3157 5771 :
3192 5681 3250 5769 ut
3275 5681 3548 5782 quicunque
3581 5681 3772 5751 crediti“

2351 5812 2406 5867 in
2439 5809 2632 5874 Deum,
2674 5809 2763 5866 hic
2792 5810 2946 5879 quasi
2969 5808 3168 5865 annulo
3189 5807 3432 5876 signetur.
