4028 6332
255 387 400 470 i229

1277 388 1540 462 oroSss
1578 391 1972 460 caninam.
2009 429 2081 442 --
2115 393 2244 457 Lm.
2280 393 2494 457 sucu.

331 523 496 580 Vsus.
539 519 627 577 ﬂ.
675 549 748 562 —
794 517 864 574 Et
914 517 1105 575 Iesum.
1168 517 1336 588 ﬁlium
1387 517 1626 573 Josedec.
1688 516 1825 585 Quia
1851 517 1902 579 Α
1927 515 2246 571 memoriam
2259 515 2481 581 Christi,
2505 513 2750 587 populus,
2778 513 2847 569 ad
2871 511 3086 570 laudern
3103 512 3210 574 Del
3226 517 3489 588 provoca-

257 630 360 688 per
385 613 614 688 gratiam
663 611 788 668 Jesu
837 611 1058 673 Christi,
1089 612 1178 682 qui
1207 619 1288 666 est
1322 626 1414 666 rex
1439 619 1624 665 noster
1651 617 1704 664 et
1731 623 1822 664 sas

257 705 485 774 cer-dos,
548 711 670 777 post
716 703 1084 772 captivitatem
1125 701 1404 758 diabolica!
1435 703 1821 774 oppressionis,

259 789 619 853 aediﬁcatur
647 793 904 850 Ecclesia.

330 883 492 941 Vnus.
525 885 612 940 15.
639 913 710 925 -
738 883 1038 940 Neltemias.
1072 883 1254 956 (Rau)
1283 883 1593 940 Consolator
1639 885 1780 940 Deus
1807 927 1822 952 ,

256 979 344 1037 vel
379 979 674 1036 consolatus
724 996 756 1032 a
796 979 1042 1044 Domino,
1070 988 1196 1044 etc.,
1231 995 1390 1052 usque
1418 980 1488 1033 ad
1523 980 1613 1049 qui
1653 979 1822 1035 aedid-

255 1075 347 1128 c’at
371 1071 645 1126 civitatem
675 1070 790 1136 Dei,
823 1069 877 1125 id
905 1077 990 1126 est
1017 1069 1312 1126 Ecclesium
1344 1112 1358 1137 ,
1407 1079 1464 1126 et
1513 1071 1822 1126 consolatur

255 1171 572 1220 merentes.

326 1251 490 1308 Vsus.
522 1252 609 1306 16.
643 1281 716 1294 -
747 1251 939 1318 Nemo,
971 1259 1075 1307 etc.
1109 1252 1292 1307 Enoch
1326 1293 1340 1319 ,
1391 1252 1668 1307 dedicatio.
1723 1251 1822 1309 Hic

255 1339 528 1399 Christum
581 1341 888 1414 significat,
916 1343 1010 1412 qui
1052 1341 1334 1398 aediﬁcavit
1382 1353 1436 1400 et
1487 1345 1824 1400 consecravit

247 1423 553 1490 Ecclesium
589 1433 849 1506 sanguine
885 1448 1022 1498 suo;
1055 1434 1146 1503 qui
1169 1435 1286 1489 sine
1315 1443 1537 1504 peccato
1570 1435 1717 1488 venit
1765 1435 1822 1488 in

253 1527 530 1593 mundum,
559 1536 614 1581 et
638 1543 761 1582 cum
792 1526 959 1596 gloria
983 1536 1326 1596 suscepturus
1351 1535 1433 1582 est
1463 1527 1516 1580 in
1547 1527 1761 1581 caalum.

323 1615 488 1671 Vsus.
512 1617 598 1672 l7.
621 1647 693 1656 —
731 1616 798 1671 Ut
826 1617 1039 1687 Joseph.
1068 1615 1284 1686 Joscph,
1315 1617 1453 1670 sicut
1477 1615 1643 1670 Jacoh
1665 1624 1822 1686 pater

243 1707 398 1780 ejus,
427 1716 638 1762 torrem
671 1706 1050 1778 promissionis
1095 1705 1474 1773 desiderabat,
1529 1705 1822 1776 Egyptutn

251 1800 658 1866 detestabatur;
694 1800 968 1854 instruens
997 1814 1096 1854 nos
1121 1807 1180 1853 ut
1203 1799 1569 1856 desideremus
1616 1806 1818 1854 terram

247 1894 567 1961 viventium,
594 1901 654 1949 ut
677 1895 1016 1965 quiescamus
1039 1895 1093 1948 in
1117 1909 1270 1964 pace.

319 1983 483 2041 Vens.
519 1986 603 2042 18.
627 2017 697 2026 -
724 1986 793 2041 Et
837 2004 953 2042 ossa
1008 1989 1169 2058 ipsius
1218 1988 1422 2042 visitata
1467 1996 1608 2041 sunt.
1637 1985 1820 2058 (ΕΑΒ.)

249 2075 534 2149 Signiﬁcat
559 2078 701 2148 quod
728 2077 950 2156 Joseph,
976 2087 1106 2144 etc.,
1139 2096 1302 2152 usque
1321 2079 1388 2134 ad
1411 2087 1466 2134 et
1491 2079 1820 2150 sepelierunt

248 2165 305 2222 in
335 2166 574 2233 Sichem,
612 2183 732 2238 quae
758 2177 840 2224 est
868 2168 1137 2240 Neapolis,
1164 2171 1293 2226 urbs
1329 2171 1813 2226 Samaritanorum.

320 2258 486 2314 Vnus.
528 2260 612 2316 19.
636 2291 704 2300 -
735 2259 862 2316 Set/1
893 2272 938 2314 et
966 2260 1106 2328 Sem,
1139 2271 1246 2318 etc.
1285 2261 1415 2318 Seth
1438 2262 1580 2317 ﬁlius
1603 2262 1772 2317 Adam
1800 2301 1816 2330 ,

247 2355 302 2404 et
329 2347 456 2404 Sem
487 2349 880 2419 primogenitus
911 2349 1023 2406 Noe
1047 2392 1062 2417 ,
1111 2359 1221 2405 tam
1255 2351 1358 2408 [ide
1386 2366 1549 2421 quam
1577 2353 1820 2408 moribus

1925 615 2032 674 tus,
2077 609 2370 680 prosternit
2395 624 2456 664 se
2481 609 2536 666 in
2565 608 2780 674 faciem,
2809 607 2866 663 id
2889 615 2992 674 est,
3021 608 3202 664 cordis
3223 609 3308 665 sui
3335 609 3496 668 exitia

1923 704 2014 760 bet
2064 707 2440 762 humilitatem.
2493 705 2632 760 Dare
2689 717 2865 776 preces
2919 703 3295 776 Omnipotenti.
3353 708 3495 776 Quia

1923 795 2180 867 quidquid
2206 805 2396 853 amere
2413 797 2508 853 Dei
2535 799 2714 867 agitur
2738 831 2762 862 ν
2779 805 2958 852 coram
2988 797 3100 853 Deo
3123 806 3210 853 est
3229 800 3404 856 oratio
3435 808 3492 856 et

1922 888 2056 942 odor
2082 888 2392 954 suavitatis;
2411 872 2548 959 [quia
2577 888 2754 943 omnis
2782 887 3021 944 Ecclesia
3047 887 3245 960 satagit
3271 898 3336 945 ut
3367 901 3493 962 per-

1923 987 2134 1035 severet
2171 981 2224 1035 in
2276 991 2434 1051 prece
2481 995 2654 1051 usque
2699 982 2765 1035 ad
2815 981 2980 1036 linem
3025 983 3234 1048 mundi,
3273 986 3492 1054 quando

1921 1085 2118 1140 corpus
2138 1069 2336 1126 Christi
2366 1072 2416 1125 in
2439 1071 2843 1142 incorruptione
2863 1071 3235 1140 honorabitur,
3248 1082 3304 1130 et
3320 1089 3490 1130 mem-

1919 1160 2021 1216 bra
2046 1161 2207 1231 capiti
2239 1177 2338 1217 suo
2357 1162 2766 1233 coniungentur.
3201 1157 3207 1166 ’

1994 1249 2158 1304 Vsus.
2207 1251 2293 1305 21.
2317 1281 2388 1292 -
2408 1250 2475 1304 Et
2505 1253 2701 1322 rogavit
2721 1251 2961 1321 populus,
2991 1259 3096 1307 etc.
3145 1252 3328 1326 (Rem)
3350 1253 3488 1322 Quia

1921 1329 2179 1410 quidquid
2208 1341 2260 1394 in
2289 1342 2494 1395 unitate
2521 1340 2642 1398 fidei
2672 1341 2786 1396 Deo
2809 1341 3052 1408 ollertur,
3088 1345 3227 1414 apud
3255 1361 3377 1400 eum
3404 1361 3492 1401 re-

1923 1431 2149 1502 cipitur;
2201 1431 2457 1502 quidquid
2495 1441 2676 1499 extra,
2724 1433 2983 1503 impietati
3025 1436 3330 1507 deputatur.
3383 1437 3492 1492 Μελ

1921 1535 2060 1592 gnos
2087 1521 2145 1576 Iit
2174 1523 2228 1577 in
2253 1517 2495 1579 Ecclesia
2529 1537 2721 1591 sonus,
2749 1527 2963 1596 quando
2986 1527 3270 1583 orantibus
3305 1544 3489 1585 sacer-

1921 1611 2137 1666 dotibus
2162 1621 2218 1666 et
2241 1615 2680 1671 benedicentibus
2707 1611 2991 1686 respondet
3015 1619 3190 1673 omnis
3217 1619 3442 1691 pupulus
3468 1638 3482 1674 :

1919 1701 2096 1757 Amen
2124 1718 2144 1756 ί
2177 1705 2274 1772 qui
2295 1721 2460 1761 sonus
2485 1715 2600 1764 tam
2621 1709 2692 1764 ad
2719 1707 3014 1766 clamorem
3039 1710 3186 1766 vocis
3221 1726 3384 1780 quam
3417 1711 3485 1766 ad

1923 1794 2260 1851 devotionem
2287 1797 2464 1852 cordis
2491 1799 2744 1872 pertinet.

1845 1877 1896 1937 Β
1991 1887 2154 1942 Vens.
2189 1887 2278 1942 22.
2301 1917 2372 1929 --
2391 1888 2536 1943 Ttutc
2563 1890 2894 1957 descendens,
2926 1900 3026 1946 etc.
3060 1891 3242 1948 Coetus
3273 1904 3488 1950 sancto—

1922 1994 2048 2033 rum
2083 1980 2375 2035 exsultans.
2431 1980 2652 2036 Extulit.
2707 1981 2930 2050 Quando
2982 1984 3184 2054 gratias
3230 1986 3340 2056 agit
3390 2002 3490 2056 pro

1920 2069 2252 2141 perfectione
2286 2071 2487 2128 laboris
2532 2073 2585 2127 in
2625 2073 2796 2130 salute
2839 2074 3074 2129 universi
3123 2075 3322 2146 populi,
3367 2086 3492 2132 tunc

1919 2163 2107 2220 laudes
2149 2164 2483 2236 multiplicat,
2518 2166 2814 2223 orationem
2851 2167 3026 2233 iterat,
3063 2170 3188 2239 quia
3220 2187 3489 2242 nunquam

1919 2261 1952 2308 α
1995 2254 2241 2310 laudibus
2273 2264 2468 2312 cessat.

1941 2395 1956 2400 ..
1991 2344 2155 2406 Vens.
2211 2346 2301 2400 25.
2331 2377 2400 2386 -
2425 2345 2708 2402 Ostendere
2751 2349 2991 2402 virtutem
3033 2347 3150 2404 Dei.
3191 2349 3492 2409 Praedicare

246 2441 555 2498 horninibus
609 2443 691 2496 sui
749 2444 1008 2512 temporis
1051 2443 1256 2514 praalati
1309 2454 1464 2511 sunt;
1525 2445 1584 2500 in
1622 2444 1816 2516 quibus
1855 2487 1857 2489 .
1918 2435 2126 2516 scilicet
2159 2436 2583 2502 misericordiam
2609 2436 2871 2509 ejus,qui
2898 2439 2992 2494 dat
3018 2441 3491 2512 nobisjucundita—

244 2531 494 2590 Christus
522 2531 876 2605 significatur,
907 2535 998 2604 qui
1026 2534 1167 2591 Deus
1199 2544 1255 2590 et
1277 2535 1439 2592 homo
1465 2543 1568 2591 est.

878 2665 1105 2725 CAPUT
1142 2667 1206 2722 L.
1285 2673 1288 2676 ’

1847 2545 1852 2550 ’
1916 2511 2028 2583 {em
2058 2527 2256 2596 cordis,
2282 2539 2337 2586 et
2361 2545 2548 2600 pacem
2580 2527 2636 2585 in
2661 2532 2990 2600 temporibus
3012 2511 3257 2601 aeternis,
3284 2543 3343 2590 ut
3369 2551 3486 2591 om-

1916 2634 2016 2682 nes
2053 2622 2154 2678 viri
2191 2622 2466 2690 Israelita,
2505 2631 2560 2678 et
2591 2632 2859 2679 amatores
2881 2622 3042 2696 Regis
3061 2625 3268 2692 aeterni,
3299 2629 3492 2698 praedi-

1915 2723 2044 2774 cent
2073 2715 2366 2785 potentiam
2414 2723 2470 2770 et
2509 2714 2802 2770 bonitatem
2837 2713 2930 2770 Dei
2958 2715 3011 2771 in
3039 2715 3356 2774 liberatione
3392 2735 3490 2790 po-

314 2807 479 2866 Vsus.
508 2808 560 2864 1.
590 2837 660 2848 -
688 2804 872 2864 Simon
889 2805 1041 2864 Oniw
1061 2805 1225 2876 ﬁlius.
1257 2805 1440 2879 (ΗΔΒ.)
1465 2806 1548 2863 Ad
1569 2806 1814 2863 homines

1917 2809 2026 2882 puli
2074 2810 2175 2864 sui.

241 2893 306 2962 in.
325 2903 570 2967 tempore
593 2912 690 2952 suo
717 2897 964 2967 pervenit
982 2937 998 2963 ,
1027 2904 1130 2952 etc.
1153 2937 1169 2962 ,
1207 2912 1370 2967 usque
1400 2897 1470 2951 ad
1497 2913 1620 2954 cum
1646 2898 1812 2954 vitam

241 2987 489 3044 Simonis
513 2996 568 3042 et
603 3002 781 3042 nores
809 2996 919 3040 tam
948 3001 1206 3056 expresse
1245 2988 1516 3042 describat
1537 2988 1713 3043 Jesus.

1989 2899 2154 2956 Vsus.
2209 2899 2299 2956 27.
2331 2930 2400 2940 -
2429 2898 2574 2956 Duas
2635 2907 2844 2972 gentes,
2893 2905 2996 2958 etc.
3052 2891 3227 2958 Ruina
3275 2897 3488 2977 duplex,

1911 2993 2192 3064 gentilitas
2215 2993 2455 3059 scilicet,
2479 3007 2598 3062 quae
2623 2994 2926 3050 idololatria
2953 2995 3153 3065 polluta
3178 3006 3261 3054 est
3286 3005 3341 3055 et
3366 3014 3494 3056 con-

315 3079 478 3135 Vens.
509 3079 563 3134 5.
593 3097 663 3119 —-'
691 3075 848 3132 Putei
877 3093 1152 3148 aquarum.
1197 3077 1600 3134 Profunditates
1659 3077 1812 3134 Scri-
1915 3081 2228 3138 «ratione
2253 3087 2412 3136 vana.

244 3183 547 3250 pturarum,
583 3186 701 3242 qua:
729 3169 782 3228 in
809 3170 1003 3226 divinis
1045 3169 1198 3226 libris
1242 3171 1341 3226 sub
1370 3167 1560 3243 ﬁguris
1604 3171 1809 3238 latent,

1991 3169 2155 3226 Vens.
2183 3169 2270 3226 29.
2302 3200 2370 3211 -
2394 3169 2696 3225 Doctrinam
2715 3173 3004 3242 sapientite,
3031 3183 3135 3232 etc.
3161 3175 3305 3246 Opus
3336 3187 3489 3236 Suum

243 3239 344 3325 sed
361 3281 465 3322 ore
485 3239 902 3338 praedicatorum
937 3267 1261 3333 redundant,
1282 3239 1435 3337 quasi
1464 3281 1614 3324 mare
1632 3269 1700 3323 ad
1728 3283 1815 3324 sa-
1842 3239 1888 3306 (ἶ
1913 3261 2282 3328 commendat,
2308 3260 2596 3318 ostendens
2621 3239 2785 3332 quam
2811 3263 2940 3318 utile
2964 3264 3036 3319 sit
3060 3239 3288 3342 legenti,
3321 3270 3489 3342 medi.

245 3358 523 3414 turitatem
552 3357 930 3429 plurimorum.

313 3449 478 3508 Vnus.
503 3451 558 3507 5.
585 3482 652 3492 —
675 3449 746 3506 Et
765 3451 1054 3522 ingressum
1084 3451 1268 3507 domus
1303 3452 1428 3508 atrii
1453 3451 1812 3524 amplificavit.

241 3541 382 3610 Quia
420 3543 476 3598 in
505 3543 748 3608 rudibus,
779 3557 916 3612 quos
947 3543 1126 3613 signat
1161 3543 1392 3611 atrium;
1423 3555 1480 3601 et
1531 3546 1586 3600 in
1635 3545 1812 3616 perfe-

245 3633 350 3689 ctis
371 3673 386 3699 ,
435 3633 529 3704 qui
577 3634 862 3705 signantur
891 3647 990 3705 per
1017 3634 1234 3690 domum
1255 3675 1270 3701 ,
1311 3636 1692 3706 magistrorum
1717 3651 1812 3692 ex-

241 3724 442 3782 crescit
465 3725 740 3784 meritum.

315 3817 479 3872 Vnus.
535 3819 620 3872 11.
651 3849 724 3858 -
769 3817 838 3874 In
875 3819 1177 3891 accipiendo
1224 3821 1394 3891 ipsum
1445 3820 1658 3889 stolam,
1706 3831 1812 3878 etc.

243 3905 390 3964 Ordo
434 3907 847 3978 praedicatorum
898 3909 1209 3980 accipiendo
1257 3909 1449 3965 stolam
1503 3909 1709 3982 gloriae,
1762 3915 1820 3967 et

231 3999 520 4072 pvestiendo
565 4014 623 4056 se
667 4001 1134 4056 consummatione
1197 4000 1456 4057 virtutum
1484 4041 1498 4066 ,
1551 4000 1813 4072 judicium

243 4088 524 4160 dignitatis
572 4106 706 4157 smn,
739 4098 792 4144 et
816 4099 1066 4145 ornatum
1093 4087 1238 4157 ﬁdei,
1281 4097 1336 4146 et
1381 4091 1634 4147 vestitum
1663 4095 1817 4148 bona:

243 4182 574 4252 operationis
600 4182 952 4237 demonstrat.
1003 4181 1130 4236 lla-.c
1154 4178 1298 4237 enim
1328 4183 1523 4238 debent
1548 4183 1602 4238 in
1629 4197 1813 4239 sacer-

243 4274 460 4332 dotibus
501 4290 761 4348 apparere
783 4317 798 4342 ,
838 4285 898 4330 ut
929 4275 1088 4347 digne
1115 4277 1325 4348 possint
1359 4277 1572 4332 docere.

315 4367 476 4446 Vens.
510 4369 596 4432 15.
627 4399 698 4409 -
726 4367 794 4422 In
823 4369 1122 4437 accipiendo
1168 4380 1342 4423 autem
1364 4380 1537 4442 partes
1563 4370 1628 4424 de
1655 4387 1814 4424 manu

242 4459 550 4518 sacerdotis.
579 4459 769 4518 Partes
793 4461 987 4530 accipit
1037 4460 1101 4516 de
1150 4475 1312 4515 manu
1359 4460 1676 4526 sacerdotis,
1722 4459 1814 4530 qui

241 4545 398 4610 bona:
426 4553 757 4624 operationis
785 4562 963 4607 actum
989 4551 1156 4622 exigit
1188 4569 1219 4606 a
1245 4545 1527 4607 ministris.

1915 3354 2052 3410 tanti
2081 3362 2136 3409 et
2159 3352 2422 3426 operanti.

2522 3421 2748 3480 CAPUT
2800 3424 2882 3479 LI.

1939 3529 1942 3532 ’
1989 3537 2150 3598 Vens.
2184 3539 2234 3593 1.
2266 3568 2336 3582 ——
2367 3537 2552 3594 Oratio
2573 3536 2704 3594 Iesu
2733 3537 2834 3608 ﬁlii
2864 3537 3073 3596 Sirach.
3106 3539 3293 3600 Melius
3319 3544 3387 3600 ad
3417 3555 3491 3606 to.-

1911 3637 2029 3686 tam
2073 3630 2370 3686 Ecclesiam
2410 3631 2666 3697 refertur,
2693 3646 2858 3702 quam
2895 3633 2960 3686 ad
2992 3649 3155 3690 unam
3182 3650 3490 3706 personam,

1917 3723 2042 3792 quia
2064 3723 2116 3777 in
2143 3737 2205 3777 ea
2235 3721 2414 3777 multa:
2433 3723 2642 3794 species
2671 3723 3073 3790 tribulationum
3095 3735 3150 3781 et
3175 3727 3386 3784 diversa
3408 3744 3493 3796 so-

1918 3811 2047 3866 latia
2075 3811 2476 3868 describuntur.

1989 3901 2282 3973 Conﬁtebor
2311 3905 2424 3970 tibi,
2449 3905 2671 3960 Domine
2708 3922 2817 3960 rex.
2845 3905 3024 3980 (ΚΑΒ.)
3053 3906 3232 3981 Jesus}
3248 3909 3495 3969 Christus

1917 3994 2130 4066 adjutor
2153 4007 2208 4050 et
2230 4003 2505 4066 protector
2533 4004 2616 4051 est
2645 4010 2854 4067 Sponsa!
2886 4011 3016 4063 suae,
3045 3999 3385 4068 quiotradidit
3410 4016 3492 4058 se-

1918 4089 2202 4158 metipsum
2230 4103 2328 4160 pro
2352 4102 2435 4155 ea,
2469 4095 2530 4144 ut
2551 4088 2807 4145 liberaret
2831 4103 2950 4146 eam
2988 4104 3018 4145 a
3053 4091 3352 4164 perditione
3386 4098 3494 4152 ori.

1918 4181 2109 4255 ginalis
2135 4181 2358 4252 peccati.
2932 4203 2936 4207 ·

1993 4273 2149 4328 Vsus.
2186 4270 2532 4328 5.—-Portis
2585 4273 3000 4334 tribulationum.
3055 4271 3179 4329 Hzec
3228 4285 3353 4331 sunt
3397 4292 3489 4332 ora

1915 4364 2221 4436 principum
2255 4371 2309 4417 et
2336 4371 2704 4432 tyrannorum,
2749 4362 2898 4427 unde,
2929 4362 3085 4418 minae
3129 4365 3394 4434 prodeunt
3440 4378 3495 4424 et

1918 4449 2317 4522 fraudulentiae,
2344 4468 2461 4524 quae
2488 4467 2674 4509 servos
2708 4453 3030 4526 Dei’negare
3062 4454 3220 4511 (idem
3255 4460 3488 4529 compel-

1920 4547 2056 4602 lunt.
2797 4557 2800 4562 '

313 4607 590 4708 vuns':l5.
620 4674 690 4684 -—
723 4642 790 4696 Et
830 4607 1274 4697 consummatione
1319 4639 1539 4712 fungens
1589 4641 1645 4696 in
1694 4658 1808 4696 ara.
1837 4607 1902 4668 DV
1992 4638 2154 4696 Vens.
2200 4637 2342 4694 -6.
2377 4637 2515 4691 -Α
2559 4643 2799 4708 pressura
2849 4635 3094 4708 ﬂammea.
3157 4635 3270 4694 Hoc
3324 4640 3495 4698 tribus

241 4731 627 4794 Consummata
683 4735 882 4792 oblatio
929 4736 1087 4790 datur
1135 4733 1349 4790 excelso
1395 4731 1548 4806 Regi,
1599 4734 1814 4806 quando

241 4825 440 4900 corpus
464 4828 665 4884 Christi
695 4826 917 4882 oll'ertur
943 4827 1073 4881 Deo.

313 4917 480 4976 Vens.
530 4919 615 4973 17.
643 4915 937 4988 -Είγαάὶι
981 4918 1040 4971 in
1077 4915 1436 4987 fundamento.
1477 4913 1535 4970 ln
1582 4929 1819 4971 comme-

244 5015 602 5068 morationem
627 5011 852 5076 Christi,
881 5011 974 5082 qui
1003 5019 1086 5065 est
1116 5009 1520 5064 fundamentum
1543 5007 1816 5074 Ecclesiae,

245 5105 408 5175 hujus
449 5104 736 5160 oblationis
776 5111 862 5159 est
908 5103 1041 5158 odor
1089 5100 1441 5156 suavissimus
1479 5100 1589 5156 Deo
1640 5099 1818 5154 omni-

225 5199 472 5268 potenti.

319 5291 484 5346 Vens.
538 5288 624 5345 18.
675 5317 746 5331 --
799 5287 944 5342 Tunc
985 5286 1407 5342 exclamaverunt
1469 5284 1568 5355 ﬁlii
1616 5284 1816 5339 Aaron.

250 5383 449 5440 Christi
493 5382 798 5438 sacerdotes
839 5379 1275 5451 praedicationem
1310 5379 1672 5437 exhibuerunt
1724 5393 1819 5449 per

243 5474 570 5546 passionem
604 5480 1052 5530 censummatam.
1095 5468 1336 5528 Bactilos
1385 5469 1530 5526 tubas
1575 5468 1713 5528 bene
1741 5468 1820 5524 di-

223 5575 449 5624 cuntur
471 5605 494 5631 ,.
517 5566 643 5638 quia
685 5565 1074 5636 prmdicatores-
1113 5571 1264 5620 tanto
1319 5568 1573 5618 «escam
1615 5569 1819 5632 quanto

253 5661 663 5718 tribulationum
693 5659 899 5714 malleis
923 5660 1320 5730 percutiuntur.

247 5817 250 5822 _
329 5755 488 5814 Vsus.
523 5757 610 5812 19.
645 5783 716 5796 -—
745 5751 888 5806 Tunc
915 5751 1078 5806 omnis
1124 5750 1367 5822 populus,
1411 5758 1515 5824 etc.
1546 5747 1680 5805 Cum
1710 5746 1821 5802 olli-

259 5853 402 5907 ciutn
429 5846 849 5906 ecclesiasticum
879 5857 974 5913 per
1000 5842 1275 5900 ministros
1315 5842 1504 5898 altaris
1548 5840 1725 5910 agitur
1767 5840 1821 5894 in

1919 4732 2102 4804 pueris
2147 4729 2371 4802 contigit
2402 4728 2457 4784 in
2497 4727 2711 4783 camino
2765 4727 2903 4798 ignis
2958 4728 3343 4800 corporaliter;
3401 4733 3494 4788 sed

1923 4839 2111 4880 omnes
2139 4823 2313 4880 sancti
2338 4823 2405 4878 ab
2435 4831 2570 4878 aestu
2596 4821 2988 4893 persecutionis
3008 4820 3308 4878 liberantur
3339 4823 3498 4894 spiri-

1926 4919 2166 4976 tualiter.

1995 5013 2158 5068 Vnus.
2201 5009 2347 5066 9.—
2375 5005 2444 5062 Et
2487 5007 2592 5061 vita
2635 5023 2750 5060 mea
2792 5007 3214 5078 appropinquans
3251 5015 3362 5060 erat
3418 5007 3498 5060 in-

1923 5101 2090 5175 ferno.
2143 5101 2278 5170 Quia
2319 5101 2429 5156 vita
2467 5099 2646 5155 carnis
2679 5097 2915 5168 quotidie
2949 5095 3244 5152 deﬁciendo
3266 5096 3330 5151 ad
3353 5110 3498 5150 mor-

1922 5206 2032 5252 tem
2062 5196 2254 5252 tendit.
2304 5193 2529 5249 Mortem
2552 5193 2697 5247 enim
2717 5190 2980 5262 infernum
2999 5198 3173 5256 vocat,
3203 5190 3328 5261 quia
3350 5204 3496 5245 mors

1924 5287 2127 5351 carnis,
2149 5283 2307 5356 primi
2334 5284 2538 5353 peccati
2566 5283 2798 5337 vindicta
2824 5289 2926 5346 est,
2956 5279 3096 5336 sicut
3121 5279 3496 5352 infernuspec-

1925 5376 2163 5434 cautium
2187 5371 2486 5430 animarum
2511 5387 2670 5446 poena
2700 5379 2974 5442 perpetua.

1997 5470 2163 5532 Vanis.
2190 5465 2275 5522 10.
2300 5497 2365 5506 -—
2393 5445 2853 5520 Circumdederunt
2877 5479 2956 5517 me
2980 5463 3221 5534 undique,
3255 5469 3358 5518 etc.
3408 5445 3500 5516 Vi-

1927 5565 2060 5622 d'ens
2084 5560 2323 5617 Ecclesia
2359 5575 2419 5615 se
2449 5558 2518 5612 ab
2551 5553 2792 5612 hostibus
2819 5555 3180 5634 ocirCumdari,
3218 5559 3273 5610 et
3305 5556 3497 5630 huma-

1925 5672 2055 5714 num
2091 5656 2280 5710 deesse
2315 5652 2587 5719 solatium,
2629 5667 2659 5706 a
2693 5651 2803 5708 Deo
2845 5651 3035 5721 quaerit
3065 5649 3387 5723 adjutorium
3410 5689 3426 5716 ,
3468 5665 3499 5705 a

1928 5767 2034 5821 quo
2062 5757 2150 5812 est.
2173 5763 2334 5806 omne
2369 5748 2607 5814 bonum,
2647 5745 2734 5804 cui
2776 5743 3200 5814 attribuitquod
3243 5742 3502 5800 liberatur

1929 5843 1996 5898 ab
2041 5841 2293 5898 inimicis.
