4028 6332
669 358 809 418 1231

1156 354 1549 415 WALAFRIDI
1585 354 1833 414 STRABI
1868 355 2073 417 FULD.
2113 356 2282 417 NON.
2318 356 2470 418 OPP.
2509 355 2690 415 PARS
2726 357 2747 414 I

1775 354 1833 414 BI
1868 355 2073 417 FULD.
2113 356 2282 417 NON.
2318 356 2470 418 OPP.
2509 355 2690 415 PARS
2726 357 2767 414 ι.
2805 385 2878 401 -
2914 356 3366 418 THEOLOGICA.

3692 374 3790 433 ms

693 479 704 487 '
737 477 902 533 Vens.
948 476 1035 534 18.
1054 474 1280 532 -ϐιιπι
1320 476 1492 532 adlisa
1526 476 1714 548 junior
1750 492 1931 532 essem.
1969 474 2152 549 (Rm)
2183 474 2243 533 In
2268 482 2318 544 Α
2346 476 2416 530 ad
2440 476 2521 533 sic
2561 475 2706 532 enim
2738 473 3110 542 conﬁrmatus,
3146 475 3412 547 perveniet
3441 476 3502 536 ad
3528 480 3709 541 fructum
3737 504 3789 546 ει.

664 565 976 637 iuventute,
1017 567 1102 624 vel
1143 567 1372 639 pueritia
1390 606 1407 634 ,
1435 575 1565 633 etc.,
1593 582 1754 640 usque
1779 566 1849 622 ad
1877 566 2145 638 quomodo
2170 567 2240 624 ab
2342 566 2580 639 pientia.

668 657 895 715 infantia
930 658 1205 729 quasicrit
1236 658 1572 730 sapientiam.

739 749 1058 823 Priusquam
1099 751 1415 818 oberrarent,
1451 759 1560 808 etc.
1615 752 1806 824 Signat
1838 767 1898 810 se
1933 760 2061 809 ante
2095 767 2245 809 erro-

666 856 786 898 rem
815 841 1059 915 pueritia
1090 841 1175 897 vel
1202 840 1499 911 iuventutis
1535 843 1873 901 desiderasse
1904 844 2243 915 sapientiam,

667 940 724 990 ct
761 949 793 989 a
836 933 1063 989 Domino
1096 933 1430 1005 postulasse,
1467 942 1523 990 et
1562 950 1735 1006 usque
1782 934 1851 990 ad
1889 934 2245 991 novissimum

666 1036 1066 1096 perseverasse.

740 1115 906 1171 Vens.
948 1114 1402 1187 I9.—Tanquam
1445 1132 1655 1186 priscos:
1693 1132 1814 1171 uva.
1867 1116 2126 1172 Decorem
2164 1129 2247 1170 sa-

668 1206 888 1276 pientia
913 1215 1191 1278 comparat
1218 1222 1516 1279 pracoqua
1539 1222 1679 1273 uva,
1704 1216 1765 1262 ut
1786 1208 2034 1263 ostendat
2054 1206 2248 1276 jucun-

672 1298 893 1354 ditatem
928 1299 1067 1370 apud
1092 1313 1213 1355 eam
1247 1314 1386 1355 esse.
1414 1299 1705 1369 Pracoqua
1745 1299 1890 1354 enim
1921 1314 2023 1354 uva
2049 1296 2247 1353 dicitur

671 1406 737 1446 eo
766 1392 909 1461 quod
934 1393 1043 1446 cito
1064 1399 1411 1447 maturescat.

742 1479 902 1535 Vens.
941 1480 1032 1535 24.
1061 1480 1475 1537 -Οοηεὶιίαειη
1515 1498 1668 1549 sum,
1712 1489 1821 1539 etc.
1863 1478 2046 1553 (Rem)
2088 1477 2249 1536 Prius

671 1569 803 1626 dicit
833 1586 892 1627 se
925 1570 1213 1627 consilium
1242 1571 1410 1628 inisse
1432 1578 1492 1628 ut
1512 1570 1715 1629 faceret
1740 1572 1908 1638 illam,
1933 1578 2066 1637 etc.,
2090 1584 2251 1640 usque

2420 655 2578 714 Vitas.
2622 656 2713 714 29.
2741 687 2811 698 —
2843 654 3033 712 Venter
3071 673 3241 712 meus.
3277 656 3559 717 Commotus
3594 665 3647 718 ad
3677 667 3791 736 peni-

2347 746 2570 803 tentiam
2592 762 2693 817 per
2715 746 2987 818 sapientia
3022 745 3287 801 notitiam.
3320 744 3590 818 Propterea.
3624 751 3685 805 Ad
3714 770 3791 824 ρετ.

2349 840 2635 898 fectionem
2657 840 2933 911 sapientia
2954 839 3237 911 pervenire
3254 853 3356 896 non
3379 849 3456 896 est
3471 841 3652 898 humani
3669 848 3789 915 stadii,

2349 936 2444 993 sed
2472 936 2637 991 divini
2665 935 2921 990 muneris.

2420 1028 2583 1083 Vens.
2615 1026 2705 1081 30.
2745 1056 2817 1067 —
2840 1024 2995 1080 Dedit
3018 1023 3145 1078 mihi
3167 1023 3436 1091 Dominus,
3454 1031 3546 1081 etc.
3570 1025 3684 1083 Bona
3704 1045 3792 1086 mer-

2348 1133 2439 1174 ces
2462 1126 2547 1172 est
2574 1118 2755 1189 lingua
2780 1115 2989 1172 erudita
3007 1156 3023 1182 ,
3056 1129 3176 1186 qua
3202 1113 3328 1171 fecit
3350 1114 3529 1171 fratres
3551 1116 3792 1176 instniereet

2348 1207 2634 1278 corrigere.

2420 1300 2585 1356 Vens.
2636 1299 2724 1355 '57.
2748 1297 3064 1353 —Laetetur
3096 1297 3291 1351 anima.
3337 1294 3510 1368 Magna
3537 1306 3605 1354 est
3628 1297 3792 1368 jucundi-

2353 1401 2437 1449 tas
2474 1391 2671 1458 cordis,
2716 1390 2762 1446 si
2797 1389 3116 1446 recordatur
3148 1387 3547 1444 misericordiam
3571 1388 3794 1459 supernijn-

2354 1484 2511 1541 dicis.

678 1704 3793 1736 Μ

1643 1824 1945 1904 LIBER
2007 1821 2296 1901 [SAUE
2350 1819 2944 1899 PROPHETIE.

2102 1984 2477 2003 ἠ

1322 2074 1729 2141 Ριιοιορυε
1768 2075 1831 2140 S.
1870 2071 2333 2138 HIERONYMI
2374 2073 2457 2134 IN
2491 2072 2772 2135 ISAIAM
2811 2072 3333 2140 PROPHETAM.

1610 2216 1785 2299 (Vide
1809 2214 2076 2280 Hieron.
2110 2212 2181 2274 in
2206 2211 2365 2289 Isa.,
2398 2211 2671 2292 Operam
2698 2222 2846 2278 tam.
2882 2212 3018 2298 ιγ.)

2057 2358 2520 2382 ρ-

1961 2455 2245 2534 νιΤΑ
2297 2453 2614 2532 ιεΑιΔς

1695 2608 1795 2673 (Ex
1814 2608 2109 2676 Epiphanio,
2141 2607 2231 2659 llb.
2251 2607 2320 2661 de
2340 2607 2469 2660 Vitis
2490 2607 2879 2673 prophetarum.)

2120 2737 2513 2757 ﬂ

739 2790 908 2887 Isaias
940 2829 995 2885 in
1036 2826 1332 2885 Jerusalem
1380 2822 1546 2880 nobili
1568 2836 1763 2895 genere
1802 2830 1956 2879 ortus
1999 2833 2104 2891 est,
2151 2824 2249 2881 ibi-
2273 2831 2323 2893 Β

671 2915 778 2971 que
814 2899 1156 2971 prophetavit
1179 2896 1324 2971 :_sub
1348 2895 1607 2971 _Manasse
1646 2907 1792 2971 rege,
1822 2903 2002 2948 sectus
2031 2895 2094 2971 ir_i_
2116 2895 2250 2971 duas

707 2963 874 3035 artes,
900 2963 1170 3044 occubuit.
1200 2965 1559 3037 Sepultusque
1594 2971 1679 3018 est
1706 2963 1807 3044 sub
1829 2963 2247 3044 quercuRogel,

696 3051 824 3097 uxta
869 3040 1153 3119 transitum
1184 3034 1481 3119 aquarum,
1502 3049 1665 3119 “quas
1706 3034 1832 3119 olim
1846 3034 2119 3119 .Ezechias
2146 3034 2247 3119 re}

663 3104 813 3181 iacto
850 3112 1198 3169 obstruxerat
1234 3104 1472 3179 pulvere.
1502 3104 1726 3160 Fontem
1767 3104 1968 3175 quippe
1996 3105 2139 3160 Deus
2162 3106 2247 3161 Si-

668 3183 813 3238 loam
865 3196 1025 3238 causa
1071 3179 1353 3245 Propheta
1390 3174 1580 3237 ellicit,
1632 3175 1884 3244 quoniam
1926 3174 2241 3245 priusquam

668 3183 813 3238 loam
865 3196 1025 3238 causa
1071 3183 1353 3250 Propheta
1390 3183 1580 3237 ellicit,
1632 3183 1884 3244 quoniam
1926 3183 2241 3245 priusquam

668 3260 990 3328 moreretur,
1012 3250 1262 3328 pusillum
1279 3255 1525 3328 precatus
1540 3254 1647 3328 est,
1672 3245 1747 3328 uti
1772 3245 2068 3328 undasillic
2091 3247 2244 3328 ethn-

669 3337 795 3393 gere
844 3315 1176 3397 dignaretur.
1213 3315 1297 3375 Et'
1325 3316 1609 3397 confestim
1658 3315 1876 3397 demisit
2024 3315 2243 3397 caelitus

670 3384 867 3463 aquam
900 3384 1203 3473 “viventem,
1229 3391 1373 3445 unde
1399 3387 1737 3471 sortitusest
1762 3384 1910 3439 locus
1932 3384 2021 3440 ille
2060 3384 2245 3456 appel—

673 3462 929 3518 lationem
960 3460 1183 3525 Siloam,
1210 3459 1354 3525 quod
1387 3474 1433 3514 si
1478 3471 1599 3525 quis
1629 3463 2029 3525 interpretetur,
2088 3463 2244 3511 sonat

673 3460 929 3518 lationem
960 3460 1183 3525 Siloam,
1210 3460 1354 3530 quod
1387 3460 1433 3514 si
1478 3460 1599 3526 quis
1629 3460 2029 3525 interpretetur,
2088 3463 2243 3511 sonat

673 3533 984 3607 demissum.
1002 3531 1126 3607 Sub
1154 3529 1621 3607 Ezechiaquoque
1643 3534 2103 3607 rege,_antequam
2127 3534 2243 3607 sta-

667 3618 836 3675 gnum
881 3602 1225 3673 piscinasque
1259 3594 1599 3662 fabricasset,
1649 3594 1901 3666 precibus
1925 3596 2077 3652 Isaia
2116 3594 2245 3652 ell‘e-

2349 2835 2521 2906 ctum,
2560 2832 2630 2906 ut
2665 2824 2860 2906 exigua
2894 2822 3112 2906 lympha
3152 2822 3447 2906 scaturiret,
3493 2822 3613 2906 quod

2357 2897 2413 2952 in
2458 2896 2738 2951 obsidione
2768 2894 3022 2951 hostium
3074 2903 3366 2962 teneretur,
3387 2902 3439 2950 et
3475 2910 3535 2949 ne
3554 2894 3645 2963 ipsa
3664 2894 3788 2961 periret

2353 2967 2513 3047 undis
2543 2965 2799 3047 destituta
2834 2966 3045 3020 civitas.
3082 2964 3445 3047 Aln_cujus_rei
3480 2973 3787 3047 percunctant-

2351 3037 2601 3108 moriam,
2624 3036 2853 3108 populus
2875 3044 3130 3108 accurate
3152 3031 3461 3108 Prophetam
3481 3031 3614 3108 isthic
3622 3031 3785 3108 solocem

2354 3107 2524 3180 gloria
2554 3103 2852 3180 et'honore
2874 3106 3134 3180 reddidit,
3162 3116 3221 3162 ut
3255 3103 3350 3177 per
3369 3106 3583 3180 ejusdem
3622 3103 3787 3179 interici.

2348 3175 2529 3233 Siones
2556 3178 2611 3233 in
2636 3177 3161 3232 consummationem
3190 3175 3353 3246 insitus
3381 3175 3559 3237 saculi,
3577 3175 3786 3246 aquaejusv

2348 3247 2493 3303 modi
2519 3246 2726 3302 fructus
2755 3247 3092 3317 impetretur,
3151 3248 3237 3303 cui
3271 3239 3470 3302 scilicet
3512 3239 3637 3298 usuin
3666 3239 3786 3318 relen-

2350 3318 2476 3373 bant
2521 3308 3283 3387 acceptumexstat'autem
3322 3322 3669 3387 monumentum
3684 3308 3785 3367 Isaia.

2352 3383 2668 3459 ﬁnitimum'
2689 3387 2991 3459 sepultura,
3021 3389 3345 3459 principum,
3388 3395 3497 3457 post
3529 3383 3787 3459 sepulcris:-

2352 3458 2632 3529 cerdotum
2660 3448 2848 3529 versus
2875 3448 3108 3513 Nothum
3155 3448 3458 3529 partemque
3483 3448 3784 3525 meridionalrn.

2353 3525 2608 3610 Salomon
2629 3528 2771 3610 enim
2793 3525 3198 3610 Jerosolxmaril
3210 3525 3525 3610 construens,
3546 3538 3687 3610 regum
3704 3531 3786 3573 em-

2352 3598 2486 3652 tavit
2506 3597 2799 3665 mausolea,
2825 3607 2986 3670 prout
3006 3597 3099 3654 illa
3160 3599 3325 3655 David
3347 3597 3664 3668 descripserat.

1872 3734 3782 3773 Ἥ

1908 3857 2280 3919 PREFATIO
2322 3861 2392 3919 IN
2439 3862 2693 3921 ISAIAM.

743 4026 994 4099 (Hunos.
1022 4026 1079 4079 in
1109 4023 1247 4096 ιω.)
1270 4022 1458 4090 Isaias,
1478 4024 1565 4079 vir
1588 4025 1784 4082 nobilis
1816 4034 1870 4082 et
1890 4027 2112 4085 urbana
2132 4028 2247 4086 elo-
2270 4033 2317 4100 c
2349 4028 2648 4096 revelante,
2700 4025 3054 4098 intelligimus
3105 4026 3399 4097 quodlibet.
3456 4022 3620 4078 Videre
3652 4026 3783 4085 quoque

672 4122 925 4193 quentia,
961 4118 1094 4174 nihil
1160 4117 1215 4172 in
1255 4117 1471 4186 eloquio
1517 4117 1836 4173 rusticitatis
1866 4120 2092 4186 habens,
2137 4137 2247 4177 non

672 4223 784 4269 tam
825 4211 1088 4282 pr0pheta
1119 4207 1377 4264 dicendus
1418 4214 1503 4263 est
1547 4222 1709 4277 quam
1754 4209 2084 4277 evangelista
2129 4210 2245 4266 τίω

672 4306 820 4359 enim
842 4301 1040 4372 liquide
1066 4296 1269 4355 Christi
1298 4308 1354 4353 et
1387 4297 1642 4354 Ecclesia
1670 4299 1926 4369 mysteria
1966 4302 2249 4372 prosequi-

672 4404 782 4460 tur,
812 4402 874 4448 ut
903 4391 970 4447 de
998 4391 1287 4463 prateritis
1305 4398 1526 4461 putetur
1568 4391 1854 4447 historiam
1885 4400 2088 4450 texere.
2112 4394 2247 4451 Pro-

670 4484 912 4556 phetavit
943 4492 1124 4538 autem
1153 4481 1207 4537 in
1233 4480 1570 4537 Hierusalem
1599 4492 1657 4538 et
1689 4480 1847 4550 Juda,
1878 4487 2118 4542 nondum
2151 4486 2246 4544 de-

648 4590 789 4632 cem
849 4572 1095 4630 tribubus
1149 4572 1435 4644 captivatis
1472 4590 1486 4626 :
1527 4581 1584 4628 et
1650 4574 1718 4629 de
1777 4584 2008 4648 utroque
2076 4593 2243 4647 regno

672 4682 815 4724 nunc
860 4666 1093 4730 mixtim,
1142 4678 1287 4720 nunc
1335 4665 1650 4735 separatim,
1700 4668 1871 4722 texuit
1894 4668 2133 4724 oracula.
2177 4670 2245 4726 Et

672 4773 794 4813 cum
820 4756 1086 4813 interdum
1125 4755 1192 4810 ad
1241 4766 1561 4826 praesentem
1589 4757 1813 4828 reSpicit
1839 4759 2141 4825 historiam,
2191 4769 2246 4817 et

672 4860 794 4921 post
840 4849 1218 4921 Babylonicam
1261 4848 1627 4919 captivitatem
1676 4851 1906 4905 reditum
1962 4852 2143 4922 populi
2173 4854 2247 4909 si-

671 4942 891 5014 gniﬁcet
937 4941 991 4996 in
1031 4937 1290 5003 Judaam,
1330 4940 1384 4993 in
1434 4939 1840 4996 advocationem
1888 4951 2068 4998 tamen
2115 4960 2246 5016 gen-

673 5034 803 5087 tium
835 5040 892 5087 et
931 5030 1131 5085 Christi
1181 5030 1468 5084 adventum
1497 5045 1715 5085 omnem
1761 5031 1991 5088 intendit
2035 5047 2241 5088 curam.

1169 5161 1395 5219 CAPUT
1444 5162 1740 5221 PRIMUM.

626 5300 629 5301 ⁷
744 5297 909 5352 Vens.
942 5296 994 5350 1.
1038 5325 1109 5336 -
1164 5294 1309 5350 Visio
1330 5294 1514 5361 Isaia,
1552 5306 1658 5351 etc.
1701 5295 1826 5351 Tria
1876 5306 2003 5353 sunt
2045 5311 2244 5368 genera

671 5388 936 5444 visionis:
967 5388 1202 5459 primum
1246 5386 1546 5457 corporale,
1595 5402 1706 5457 quo
1760 5388 2005 5445 videmus
2049 5389 2247 5445 calum

672 5486 728 5534 et
776 5487 978 5534 terram
1035 5486 1089 5533 et
1124 5478 1465 5548 huiusmodi;
1497 5479 1789 5535 secundum
1817 5479 2122 5550 spirituale,
2144 5496 2252 5551 quo

673 5570 939 5636 videmus,
971 5569 1112 5625 sicut
1141 5571 1194 5626 in
1214 5571 1437 5637 somnis,
1470 5571 1731 5644 imagines
1755 5574 2036 5629 hominum
2066 5585 2122 5630 et
2150 5574 2253 5630 hu-

668 5661 946 5731 juemodi;
993 5662 1212 5717 tertium
1239 5662 1617 5728 intellectuale,
1641 5664 1784 5735 quod
1808 5673 1893 5719 est
1916 5665 1971 5720 in
2019 5667 2249 5731 ratione,

675 5768 771 5823 per
792 5753 934 5824 quod
965 5751 1276 5809 Creatorem
1302 5754 1800 5823 cognoscimus,.et,
1827 5753 2031 5827 Spiritu
2062 5765 2250 5813 sancto

2353 4136 2495 4192 sape
2521 4136 2621 4193 pro
2644 4119 2943 4191 intelligere
2966 4118 3226 4188 ponitur:
3258 4118 3394 4173 unde
3436 4129 3555 4185 sape
3588 4112 3781 4175 interrege

2352 4227 2489 4277 mus,
2516 4212 2798 4267 dicentes:
2832 4209 3017 4276 Vides,
3068 4209 3121 4264 id
3160 4218 3260 4273 est,
3312 4203 3570 4276 intelligis?
3602 4197 3781 4266 Prophett

2348 4318 2561 4374 quoque
2581 4304 2709 4357 hinc
2730 4302 2974 4357 videntes
3004 4302 3275 4367 dicuntur,
3316 4300 3364 4355 id
3393 4306 3483 4361 est,
3519 4291 3778 4361 intelligente!»

2347 4393 2498 4450 Hanc
2522 4394 2784 4450 visionem
2804 4393 2941 4449 vidit
2982 4391 3153 4449 Isaias
3201 4391 3402 4463 Spiritu
3442 4394 3622 4448 sancto.
3655 4375 3779 4463 κίιίοβ

2348 4485 2649 4550 intimante,
2675 4500 2795 4556 qua
2820 4493 3210 4556 superventura
3244 4462 3401 4540 erant
3443 4475 3669 4536 intellexit
3691 4462 3779 4524 Unde

2351 4578 2406 4634 in
2433 4578 2700 4649 principio
2723 4593 2831 4634 non
2859 4578 3013 4649 ponit
3045 4576 3281 4632 visiones
3307 4575 3439 4631 sicut
3476 4564 3643 4631 Daniel,

2350 4643 2483 4722 dicit
2505 4643 2635 4737 quid
2662 4643 2894 4734 viderit}
2946 4668 3042 4723 sed
3087 4668 3270 4723 statim
3310 4663 3435 4719 dicit
3462 4656 3664 4717 :Audite,
3695 4643 3775 4702 odi.

2350 4768 2405 4814 et
2435 4758 2657 4814 auribus
2682 4759 2919 4830 percipe,
2946 4766 3112 4815 terra.

2421 4871 2601 4942 (lima.
2632 4872 2689 4926 in
2732 4870 2873 4939 Isa.,
2923 4880 3054 4929 tom.
3094 4872 3205 4943 IV).
3229 4871 3341 4929 Non
3374 4868 3527 4926 solum
3545 4858 3774 4943 luissem.

2350 4941 2511 5034 usque
2545 4963 2615 5017 ad
2660 4977 2765 5018 non
2806 4977 2935 5035 ergo
2977 4941 3315 5036 ignorabam,
3364 4954 3612 5017 secundum
3648 4941 3772 5000 lant?

2350 5072 2502 5122 num,
2531 5056 2623 5128 qui
2655 5055 2735 5113 sic
2763 5055 3036 5112 videbant.

2424 5167 2547 5240 (ιω,
2577 5167 2743 5241 Ibid.)
2776 5168 2942 5225 Isaias
2967 5160 3365 5241 interpretatur,
3399 5172 3514 5227 etc.,
3539 5141 3771 5241 αεςααδθξ

2350 5223 2472 5315 cut‘u
2489 5223 2667 5315 omnia
2895 5223 3064 5327 ,‘dicit
3093 5223 3135 5318 ετ
3148 5259 3330 5317 Servus
3351 5223 3536 5312 inutilis
3557 5223 3644 5303 nim
3662 5223 3771 5304 .‘W‘

2352 5350 2507 5405 debui
2542 5351 2735 5420 facere,
2758 5351 2878 5421 feci.

2424 5459 2555 5541 Filii
2579 5461 2755 5517 Amos.
2772 5462 2894 5535 (In.,
2918 5463 3071 5537 ibid.)
3093 5464 3273 5530 Amos,
3294 5468 3436 5534 pater
3452 5450 3591 5513 Isaia.
3608 5431 3771 5541 Wf'f‘f'

2354 5538 2526 5608 decim
2565 5523 2956 5625 Prophetarum
2984 5523 3178 5613 tertius
3201 5523 3311 5620 est;
3328 5560 3446 5614 etc.,
3477 5553 3605 5611 usq“
3622 5528 3671 5587 δέ
3687 5523 3767 5580 Ρη

2352 5647 2544 5717 phetas
2566 5646 2732 5702 fuisse
2760 5648 3110 5704 contendunt.

2426 5757 2591 5827 Super
2616 5757 2648 5813 Ι
2656 5757 2813 5812 udam
2838 5768 2886 5813 et
2911 5756 3223 5816 Jerusalem.
3255 5755 3370 5830 (Im,
3389 5744 3518 5817 ibid.)
3537 5734 3660 5797 Isaias
3678 5719 3765 5795 νῆ’·
