4028 6332
254 473 400 530 1255

1240 464 1510 524 GLOSSA
1542 460 1942 523 OﬂDlNARlA.
1971 490 2039 504 --
2077 459 2208 518 LIB.
2246 455 2472 518 lSAlAi.

3361 457 3503 515 ηδι

253 587 504 659 cipaliter
535 585 603 642 de
631 584 836 641 duabus
853 581 1120 646 tribubus,
1150 588 1284 648 etc.,
1322 596 1487 651 usque
1505 579 1575 633 ad
1595 577 1667 636 ad
1702 591 1827 634 oor-
1853 582 1908 644 Α
1931 575 2099 632 animi
2123 574 2415 646 aliquando
2457 570 2672 630 dolores
2692 571 2938 644 corporis
2965 571 3198 645 mitigat,
3237 581 3369 640 etc.,
3406 591 3498 630 us-

255 677 554 734 rectiouem
582 675 808 731 duarum
835 673 1076 728 tribuum
1109 671 1224 728 hac
1243 669 1496 742 praedicta
1526 683 1669 726 esse.

255 805 264 812 ο
339 768 480 825 Visio
501 768 682 834 Isaia,
709 775 814 822 etc.
845 765 1047 838 (Iliam,
1065 764 1220 836 ibid.)
1248 764 1353 820 Pro
1375 763 1531 831 Juda,
1553 765 1727 835 inquo
1754 762 1829 820 si-

250 865 491 928 gnantur
513 857 632 912 duae
653 856 844 920 tribus,
862 863 992 922 etc.,
1009 871 1170 926 usque
1193 853 1263 908 ad
1292 854 1360 909 de
1379 869 1488 924 qua
1512 871 1526 907 :
1547 851 1740 924 Surge,
1763 850 1831 906 il-

252 949 538 1016 luminare,
558 945 876 1013 Jerusalem,
889 946 1014 1018 quia
1041 946 1175 1001 venit
1195 948 1367 1000 lumen
1389 956 1558 1000 tuum.

327 1037 396 1092 In
425 1037 619 1094 Diebus
666 1035 832 1093 Otia.
863 1035 982 1109 (ln.,
1023 1034 1178 1108 ibid.)
1209 1033 1370 1092 Ozias
1399 1035 1514 1106 ipse
1542 1041 1629 1090 est
1659 1032 1750 1104 qui
1775 1039 1832 1088 et

250 1129 502 1195 Azarias,
529 1138 661 1195 etc.,
699 1145 861 1201 usque
907 1128 978 1184 ad
1024 1135 1087 1184 ut
1135 1137 1335 1186 nostra:
1377 1127 1618 1185 historiae
1660 1141 1827 1198 appa-

253 1229 412 1278 reant
437 1221 770 1291 antiquiores
792 1236 954 1291 quam
979 1218 1227 1288 gentiles.

329 1309 490 1367 Vsus.
539 1309 594 1366 2.
623 1341 693 1352 -
736 1309 949 1375 Audite,
975 1307 1117 1374 caeli,
1167 1317 1272 1364 etc.
1310 1306 1433 1379 (ln.,
1466 1305 1622 1379 ibid.)
1654 1304 1831 1376 Supra

253 1404 381 1474 quis
404 1403 690 1474 Propheta,
719 1410 850 1467 etc.,
876 1417 1037 1472 usque
1055 1399 1125 1454 ad
1153 1415 1276 1456 cum
1301 1399 1402 1455 hoc
1425 1399 1710 1470 potestatis
1729 1397 1826 1454 Dei

254 1497 350 1560 sit,
386 1511 486 1551 nec
511 1504 740 1552 terrena
769 1491 1156 1563 intelligentia.

327 1585 581 1640 Dominus
627 1584 830 1640 locutus
857 1594 955 1638 est.
1009 1583 1136 1654 (11).⁹
1168 1582 1322 1655 ibid.)
1368 1581 1483 1639 Non
1524 1581 1696 1647 vobis,
1730 1579 1827 1636 sed

253 1677 410 1743 mihi,
438 1685 500 1732 ut
541 1677 684 1748 quod
713 1677 768 1732 in
815 1676 1006 1748 spiritu
1038 1675 1218 1730 audivi
1250 1675 1483 1731 referam
1528 1672 1700 1738 vobis,
1737 1671 1831 1742 qui

253 1768 430 1840 ipsum
454 1767 640 1823 audire
683 1782 791 1822 non
809 1764 1117 1823 merentiui.

325 1857 495 1913 Filios
542 1858 786 1913 enutrivi.
835 1857 962 1928 (ln.,
992 1854 1146 1926 ibid.)
1195 1854 1348 1923 Quod
1386 1853 1554 1909 dicit:
1588 1851 1700 1923 Ego
1737 1865 1831 1908 eos

1925 683 2026 740 que
2059 667 2130 721 ad
2162 667 2305 723 unde
2337 683 2352 722 :
2384 667 2430 720 Α
2457 663 2639 738 planta
2666 664 2837 737 pedis,
2863 673 2970 720 etc.
3463 717 3468 728 ,

2001 755 2166 812 Vsus.
2189 755 2241 810 ϐ.
2273 786 2342 798 -—
2386 753 2588 810 Vulnus
2621 764 2671 811 et
2697 754 2848 810 liuor.
2885 753 3008 827 (ln.,
3035 755 3188 826 ibid.)
3211 754 3377 824 Quasi
3415 755 3499 811 di-

1928 853 2040 911 cat,
2065 853 2197 912 etc.,
2226 861 2388 918 usque
2415 844 2485 900 ad
2523 852 2578 902 et
2603 844 2757 917 pium
2782 845 3046 902 medicum
3075 845 3142 900 ad
3177 859 3237 902 se
3272 846 3500 902 missum

1929 937 2264 1002 occiderunt.

2005 1029 2117 1084 Nec
2149 1037 2334 1084 curata
2369 1028 2730 1083 medicamine.
2760 1026 2882 1099 (ln.,
2908 1025 3060 1095 ibid.)
3099 1025 3253 1083 Unde
3281 1043 3296 1080 :
3326 1023 3501 1081 Curu-

1932 1119 2098 1175 uimus
2145 1117 2464 1190 Babylonem
2487 1128 2536 1174 et
2575 1136 2678 1174 non
2706 1129 2780 1175 est
2822 1127 3030 1184 curata,
3057 1116 3266 1182 urbem,
3294 1116 3507 1172 scilioei

1933 1209 2263 1268 confusionis
2285 1219 2342 1266 et
2370 1210 2622 1266 vitiorum
2649 1251 2663 1276 ,
2708 1218 2840 1277 etc.,
2886 1226 3048 1282 usque
3070 1211 3139 1266 ad
3169 1217 3226 1266 et
3272 1210 3475 1267 irreme
3501 1236 3509 1245 -

1933 1299 2186 1356 diabilem
2216 1299 2520 1356 Judteorum
2545 1301 2917 1372 captivitatem
2948 1301 3233 1372 expressit.

2004 1393 2167 1448 Vsus.
2204 1393 2257 1446 7.
2281 1423 2353 1434 -—
2374 1391 2534 1447 Terra
2581 1401 2748 1448 uestra
2791 1391 3017 1456 deserta,
3061 1400 3165 1447 etc.
3193 1391 3320 1463 (ln.,
3347 1389 3504 1464 ibid.)

1932 1481 2060 1539 Haec
2086 1483 2186 1540 sub
2213 1481 2522 1556 Babyloniis
2550 1483 2748 1552 partim
2777 1482 3042 1553 completa
3072 1490 3220 1548 sunt,
3251 1490 3383 1548 etc.,
3413 1498 3509 1536 us-

1930 1592 2030 1646 que
2050 1576 2119 1630 ad
2141 1576 2284 1630 unde
2301 1593 2315 1630 :
2335 1573 2385 1629 Ν
2392 1575 2458 1630 isi
2480 1575 2736 1630 Dominus
2757 1574 3060 1629 custodierit
3080 1573 3358 1642 ciuitatem,
3383 1573 3508 1644 fru-

1931 1683 2044 1729 stra
2065 1670 2260 1741 vigilat,
2294 1679 2399 1726 etc.

2003 1761 2166 1816 Vnus.
2215 1758 2270 1815 8.
2299 1789 2370 1800 —
2397 1757 2542 1814 Filia
2585 1758 2733 1826 Sion,
2774 1768 2905 1825 etc.,
2939 1757 3058 1830 (10.,
3097 1759 3251 1830 ibid.)
3289 1759 3508 1818 Aﬂ'ecttl

1929 1852 2159 1926 piissimi
2180 1851 2369 1922 patris.
2404 1850 2472 1905 Et
2498 1869 2510 1903 :
2555 1848 2745 1906 Omnes
2775 1851 2911 1905 enim
2938 1861 3128 1906 natura
3153 1850 3253 1920 ﬁlii
3284 1851 3379 1905 Dei
3402 1868 3502 1906 su-

253 1949 504 2020 atloptavi
555 1949 608 2003 in
648 1948 809 2014 ﬁlios,
844 1957 977 2012 etc.,
1007 1963 1172 2018 usque
1213 1946 1282 2000 ad
1327 1945 1510 2000 unde:
1543 1943 1700 1998 Dedit
1755 1944 1829 1998 eis
1858 1943 1906 2004 B
1933 1963 2049 2000 mus
2093 1944 2276 2016 (Joan.
2321 1944 2460 2013 XI"),
2491 1943 2585 1998 sed
2625 1951 2811 1998 nostro
2849 1942 2982 1998 vitio
3014 1942 3177 1998 alieni
3215 1941 3500 2002 edicimur.

250 2052 559 2114 potestatem
594 2040 734 2110 ﬁlios
755 2040 855 2096 Dei
877 2040 1016 2110 ﬁeri.

323 2132 488 2188 Vsus.
515 2132 569 2186 5.
591 2163 660 2178 --
692 2130 939 2202 Cognovit
982 2129 1094 2196 bos,
1143 2137 1249 2184 etc.
1289 2127 1411 2198 (ln.,
1446 2126 1600 2196 ibid.)
1630 2122 1823 2180 Unde:

253 2224 379 2279 Non
402 2224 578 2279 arabis
603 2224 658 2279 in
695 2222 854 2280 vitulo
876 2221 1032 2278 simul
1057 2229 1104 2276 et
1130 2221 1279 2276 asino
1303 2218 1480 2290 (Deut.
1510 2216 1670 2288 xxu).
1700 2215 1822 2272 Sic-

251 2323 313 2369 ut
338 2314 532 2380 Ebion,
561 2322 693 2380 etc.,
721 2329 882 2385 usque
920 2311 989 2368 ad
1029 2311 1115 2368 cui
1152 2309 1352 2368 dicitur
1382 2325 1395 2362 :
1433 2306 1615 2363 Venite
1639 2306 1707 2362 ad
1720 2321 1824 2374 me,

249 2403 342 2475 qui
367 2403 618 2458 laboratis
643 2412 697 2458 et
712 2403 912 2458 onerati
936 2401 1080 2456 estis.

323 2496 538 2550 Asinus.
570 2494 796 2551 Geutilis
836 2493 918 2549 vel
946 2507 1243 2549 conversus
1283 2490 1540 2556 lascivus,
1573 2497 1701 2546 ante
1729 2489 1830 2543 im-

252 2585 506 2652 mundus,
578 2586 817 2657 peccatis
887 2593 1162 2649 oneratus,
1230 2583 1334 2662 qui
1401 2580 1828 2637 incarnationem

251 2677 451 2733 Christi
477 2678 729 2745 credidit,
756 2677 848 2748 qui
874 2685 1034 2734 natus
1070 2675 1255 2732 statim
1312 2673 1606 2730 reclinatus
1654 2671 1829 2728 estin

251 2772 530 2841 praesepio,
575 2779 635 2826 ut
668 2772 852 2828 carnis
894 2787 1006 2827 sua:
1048 2769 1203 2826 freno
1243 2769 1490 2824 reﬁceret
1524 2769 1826 2824 universos.

323 2859 512 2915 Israel.
533 2861 738 2932 (litem,
769 2862 847 2917 uti
867 2861 1075 2932 supra.)
1105 2860 1312 2916 Scriba:
1347 2868 1402 2916 et
1426 2859 1686 2916 Pharisai
1715 2858 1828 2915 cla-

256 2969 376 3009 vem
411 2953 652 3010 scientiae
684 2963 740 3008 et
769 2953 904 3024 legis
932 2953 1212 3008 habentes.
1247 2951 1398 3008 Unde
1433 2951 1620 3017 lsrael,
1661 2951 1829 3007 Deum

257 3049 528 3112 videntes,
551 3043 805 3116 appellati
832 3052 978 3098 sunt.

331 3138 453 3194 Non
500 3136 734 3209 cognouit
769 3150 870 3189 me.
902 3132 1068 3204 Cujus
1101 3133 1310 3189 scilicet
1335 3133 1478 3188 diem
1500 3132 1634 3187 vidit
1661 3131 1834 3186 Abra-

258 3236 384 3289 ham
432 3239 488 3285 et
523 3228 735 3284 lzetatus
783 3232 866 3281 est
923 3224 1108 3296 (locu.
1139 3223 1292 3296 vm);
1344 3223 1498 3293 cujus
1543 3224 1832 3278 adventum

258 3325 454 3380 chorus
482 3319 876 3389 Prophetarum
895 3315 1260 3387 exspectando
1287 3315 1607 3370 vaticinatus
1633 3322 1735 3369 est.

329 3413 490 3469 Vsus.
524 3411 579 3467 4.
604 3407 771 3464 -νω
798 3408 960 3481 genti,
988 3417 1095 3465 etc.
1125 3405 1334 3480 (illum,
1354 3406 1507 3477 ibid.)
1534 3405 1592 3460 lu
1631 3406 1736 3462 hoc
1758 3405 1829 3460 ti-

259 3503 393 3570 tulo,
419 3515 727 3574 personam,
772 3513 1014 3565 causam,
1058 3508 1376 3568 tempusque
1399 3504 1827 3562 commemorat;

259 3594 520 3661 secundo,
557 3598 795 3647 attentos
823 3589 991 3656 facit;
1023 3588 1208 3653 tertio,
1234 3597 1420 3644 narrat
1457 3587 1584 3656 quid
1618 3586 1831 3642 locutus

260 3687 560 3751 Dominus;
591 3690 806 3755 quarto,
827 3681 981 3753 quasi
999 3681 1056 3738 in
1084 3680 1395 3738 excessibus
1416 3688 1631 3750 gentem
1658 3678 1834 3733 incre-

259 3787 353 3851 pat
398 3775 776 3848 peccatricem.
815 3771 906 3829 Va:
939 3773 1100 3845 genti.
1131 3780 1236 3828 etc.
1261 3769 1548 3826 Eternum
1583 3771 1730 3825 mina
1744 3777 1833 3824 tur

263 3870 561 3933 interitum,
611 3867 738 3940 quia
769 3871 1027 3937 respuunt
1052 3862 1267 3928 Filium,
1294 3861 1388 3934 qui
1421 3861 1648 3918 salutem
1688 3868 1832 3916 attu-

268 3960 351 4015 lit.

331 4049 637 4121 Iniquitate.
674 4046 772 4119 (lo.
803 4044 955 4117 ibid.)
984 4044 1175 4102 Unde:
1211 4043 1472 4116 Iniquitas
1510 4043 1650 4100 sedet
1681 4057 1838 4112 super

262 4139 513 4195 talentum
551 4138 746 4211 plumbi
799 4136 986 4210 (lucu.
1026 4136 1115 4208 v);
1147 4135 1286 4191 unde
1308 4134 1436 4190 alibi
1465 4152 1479 4188 :
1515 4132 1682 4200 Quasi
1705 4149 1836 4188 onus

262 4250 433 4306 graue,
456 4242 685 4304 grauata:
710 4240 831 4288 sunt
852 4247 1008 4302 super
1021 4247 1101 4286 me
1131 4228 1306 4304 (Psal.
1333 4231 1565 4301 xxxv").

335 4325 594 4398 Nequam.
632 4325 756 4390 Alii,
789 4323 1165 4395 pessimorum,
1206 4331 1392 4378 utnon
1418 4322 1643 4378 seminis
1661 4321 1732 4378 sit
1757 4321 1837 4378 vi-

262 4415 526 4482 tium,sed
549 4413 767 4470 malitia:
784 4429 992 4478 eorum,
1013 4413 1106 4484 qui
1126 4411 1399 4469 voluntate
1429 4415 1645 4485 propria
1670 4413 1837 4470 Deum

264 4509 686 4578 dereliquerunt.
719 4505 836 4562 Non
875 4506 1019 4562 enim
1059 4505 1186 4562 boui
1223 4515 1279 4562 et
1319 4505 1446 4562 mali
1480 4507 1690 4561 diversa
1735 4519 1838 4573 pu-

268 4599 428 4655 tanda
466 4606 552 4652 est
575 4603 792 4651 natura.

1934 2038 2090 2095 Unde
2117 2035 2353 2108 Babylon
2379 2051 2520 2106 saepe
2545 2035 2658 2104 ﬁlia
2679 2044 3039 2106 nuncupatur.

2004 2129 2164 2185 Vsus.
2189 2129 2244 2185 9.
2279 2159 2350 2170 -—
2385 2127 2507 2182 Nisi
2539 2127 2818 2182 Dominus.
2845 2128 2968 2200 (ln.)
3006 2127 3118 2183 Hoc
3162 2142 3228 2184 ex
3269 2141 3508 2196 persona

1926 2220 2228 2292 Propheta,
2249 2228 2337 2277 etc
2365 2260 2382 2288 ,
2409 2235 2572 2293 usque
2597 2219 2668 2275 ad
2689 2219 2768 2277 sic
2789 2219 3159 2292 Omnipotens,
3183 2217 3351 2276 Filius
3373 2218 3510 2278 0m-

1927 2312 2226 2385 nipotentis
2258 2322 2362 2369 est.

1998 2405 2163 2462 Vsus.
2212 2405 2298 2461 10.
2324 2403 2604 2458 —-Audite
2647 2403 2879 2459 verbum.
2924 2402 3049 2476 (ln.)
3095 2403 3328 2460 Salvatis
3370 2401 3513 2462 reli-

1928 2498 2096 2570 quiis,
2118 2505 2246 2561 etc.,
2270 2512 2433 2568 usque
2452 2496 2524 2562 ad
2552 2503 2607 2551 et
2626 2510 2771 2550 nunc
2797 2505 2980 2552 mente
3000 2495 3260 2564 cernitur,
3285 2493 3514 2568 quando

1930 2587 2217 2646 invisibilis
2254 2587 2515 2644 creditur.

2001 2680 2166 2736 Vens.
2200 2681 2288 2736 ll.
2311 2711 2382 2722 —
2410 2676 2608 2735 Plenus
2635 2696 2771 2735 sum.
2807 2675 2932 2750 (ιιι.)
2970 2677 3134 2746 Quasi
3162 2677 3309 2734 dicat
3337 2695 3360 2734 :
3391 2676 3507 2734 Plr-

1930 2775 2061 2830 tatis
2087 2789 2175 2829 me
2201 2772 2442 2844 indigere
2469 2771 2554 2827 his
2589 2771 2674 2826 vel
2698 2771 2994 2827 delectari?
3024 2769 3138 2842 Ego
3164 2778 3341 2826 autem
3381 2769 3499 2841 ple-

1929 2881 2030 2921 nus
2055 2881 2196 2931 sum,
2234 2863 2290 2918 id
2309 2871 2410 2927 est,
2443 2863 2588 2919 nullo
2615 2863 2849 2935 indigeo.
2876 2862 2996 2918 Mea
3021 2862 3159 2918 enim
3181 2871 3255 2918 est
3279 2870 3417 2917 terra
3443 2872 3494 2918 et

1928 2955 2196 3027 plenitudo
2227 2953 2362 3024 ejus.
2403 2952 2502 3008 Vel
2549 2953 2739 3024 plenus
2773 2969 2917 3019 sum,
2957 2954 3011 3010 id
3047 2959 3150 3018 est,
3182 2953 3338 3011 taedio
3369 2951 3514 3010 alle—

1929 3054 2070 3111 ctus,
2095 3046 2219 3116 quia
2246 3060 2352 3100 non
2381 3046 2518 3099 bene
2543 3045 2767 3101 oll'ertis.

2003 3135 2330 3191 Holocausta
2378 3137 2622 3201 arietum,
2650 3143 2776 3203 etc.,
2801 3145 2973 3207 usque
3001 3153 3015 3191 :
3044 3135 3300 3192 ludicare
3332 3139 3513 3212 νηπτ-
3627 3119 3632 3128 ’

1933 3225 2005 3290 lo,
2051 3235 2155 3282 etc.
2195 3223 2474 3280 Sacriﬁcia
2518 3223 2826 3279 Judaeorum
2861 3224 3098 3296 respuit,
3140 3225 3504 3284 obedientiam

1854 3299 1900 3363 (ἶ
1930 3316 2206 3388 Evangelii
2228 3313 2568 3371 commendat
2591 3329 2606 3370 :
2630 3313 2954 3370 Holocausta
2976 3317 3340 3382 arietum,ete.
3368 3317 3505 3372 Ulti-

1932 3423 2076 3465 mam
2118 3405 2301 3477 templi
2332 3405 2753 3462 destructionem
2804 3405 3026 3472 indicat,
3067 3420 3190 3477 quae
3227 3406 3284 3462 in
3311 3421 3504 3478 perpe-

1931 3513 2082 3557 tuum
2126 3507 2453 3570 perseverat.
2481 3498 2609 3554 Post
2641 3498 3021 3570 Babylonicam
3050 3500 3195 3555 enim
3220 3501 3512 3570 captivus-

1933 3601 2061 3654 tem,
2091 3606 2123 3646 a
2155 3587 2452 3646 Zorobabel
2483 3587 2739 3659 templum
2771 3588 3094 3645 aediﬁcatum
3130 3597 3235 3657 est,
3269 3597 3324 3644 et
3351 3589 3404 3646 in
3439 3605 3506 3646 eo

1931 3684 2022 3741 diu
2063 3683 2423 3740 sacriﬁcatum
2448 3693 2552 3738 est.

2005 3775 2127 3848 (lo.)
2156 3773 2480 3830 Holocausla
2512 3774 2754 3829 arietum.
2783 3772 2968 3830 Potest
2997 3781 3052 3830 et
3072 3773 3140 3830 de
3168 3772 3274 3830 illis
3303 3773 3513 3846 accipi,.

1933 3867 2047 3939 qui,
2075 3882 2198 3923 cum
2219 3865 2313 3921 Dei
2337 3873 2606 3937 praecepta
2629 3864 2950 3936 despiciant,
2975 3863 3163 3921 volunt
3187 3863 3337 3920 illum
3359 3864 3517 3920 mul~

1934 3960 2164 4017 titudine
2182 3959 2572 4016 sacriﬁciorum
2595 3958 2831 4029 placare,
2860 3967 2915 4014 et
2949 3959 3204 4030 peccandi
3227 3956 3514 4015 licentiam.

1935 4065 2136 4110 emere.
2167 4051 2263 4107 Vel
2287 4050 2378 4120 qui
2399 4048 2643 4121 rapinam
2665 4057 2724 4105 et
2751 4048 3035 4106 avaritiam
3057 4049 3216 4106 altari
3240 4049 3512 4124 oderunt,

1934 4154 1990 4204 et
2010 4145 2336 4216 pauperibus
2355 4142 2618 4198 tribuunt.

2009 4236 2194 4294 Nolui.
2263 4235 2544 4291 Praeterito
2603 4241 2792 4300 utens,
2855 4231 3095 4288 ostendit
3125 4245 3184 4286 se
3225 4247 3517 4309 nunquam

1935 4332 2242 4388 Judaeorum
2269 4326 2536 4382 sacriﬁcia
2565 4339 2797 4389 amasse,
2842 4322 2936 4378 sed
2973 4331 3192 4392 propter
3231 4322 3524 4396 signiﬁca.

1937 4431 2049 4478 tum
2086 4420 2152 4474 ad
2188 4429 2397 4486 tempus
2424 4414 2744 4470 sustinuisse
2777 4432 2791 4468 :
2833 4421 2888 4469 et
2923 4427 3054 4468 vero
3085 4412 3368 4474 sacriue‘.
3413 4418 3522 4475 im.

1935 4511 2100 4584 pleto,
2136 4523 2236 4580 pro
2260 4507 2428 4563 nihilo
2458 4514 2755 4576 reputasse.

2010 4597 2496 4656 Vens.12.—Cum
2522 4595 2778 4651 veniretis.
2805 4593 2929 4668 (lol)
2953 4593 3083 4653 Haec
3102 4598 3371 4656 Indicia
3399 4615 3515 4658 non

334 4690 851 4760 Blaspltemaoerunt.
897 4686 1150 4743 Dicentes
1181 4701 1196 4740 :
1225 4686 1554 4741 Demonium
1579 4685 1760 4748 habes,
1781 4693 1839 4741 et
1861 4654 1914 4714 D
1940 4654 2189 4762 quaesivit
2215 4688 2379 4758 Deus,
2423 4687 2581 4758 quasi
2615 4654 3032 4756 indigeret;'sed
3080 4654 3524 4750 πράξωσι]ιῶ

267 4783 632 4840 Samaritanus
655 4796 709 4835 es
750 4789 808 4833 tu
840 4777 1021 4852 (Joan.
1043 4786 1196 4846 vni);
1220 4786 1274 4832 et
1308 4776 1432 4832 Non
1461 4777 1710 4831 habemus
1753 4793 1835 4830 re-

266 4891 376 4948 gem
422 4873 524 4928 nisi
563 4869 860 4936 Cazsarem;
909 4878 967 4924 et
997 4868 1185 4924 Nonne
1213 4868 1295 4923 hic
1329 4878 1403 4922 est
1448 4865 1617 4922 Filius
1657 4867 1833 4938 fabri?

333 4964 628 5022 Abalienati
648 4972 787 5018 sunt.
821 4961 1025 5034 (illam,
1060 4961 1214 5033 ibid.)
1241 4960 1342 5028 Qui
1369 4959 1686 5015 dicebantur
1712 4974 1839 5032 pars

274 5069 326 5114 et
365 5056 460 5112 ﬁlii
492 5057 588 5112 Dei
619 5055 801 5128 (Joan.
839 5070 962 5119 xix;
1002 5052 1192 5108 Matth.
1216 5050 1360 5123 xui).
1391 5050 1598 5106 Dicitur
1625 5051 1691 5106 de
1713 5051 1792 5106 eis
1820 5065 1835 5104 :

275 5146 397 5202 Filii
435 5146 592 5202 alieni
620 5145 819 5200 mentiti
857 5153 978 5198 sunt
1025 5141 1152 5196 mihi
1191 5140 1364 5212 (Psal.
1428 5139 1584 5210 xvii),
1637 5139 1779 5194 unde
1819 5157 1833 5194 :

274 5239 438 5295 Nemo
464 5238 668 5293 mittens
685 5252 898 5291 manum
917 5249 1067 5289 suam
1089 5233 1159 5288 ad
1181 5241 1439 5298 aratrum,
1453 5241 1558 5287 etc.
1583 5229 1715 5302 (Luc
1735 5232 1834 5302 rx),

273 5330 410 5385 unde
440 5327 726 5400 Apostolus
749 5343 762 5381 :
787 5325 870 5380 Ad
889 5325 1067 5397 priora
1097 5339 1152 5380 se
1171 5323 1472 5390 extendens,
1494 5322 1838 5394 posteriorum

275 5419 458 5476 oblitus
481 5418 700 5493 (Philip.
734 5417 840 5490 ιιι).

337 5510 503 5568 Vsus.
531 5511 586 5567 5.
631 5539 702 5551 —
754 5508 925 5580 Super
958 5523 1060 5581 quo
1107 5508 1396 5578 percutiam
1431 5523 1541 5573 vos,
1592 5516 1698 5562 etc.
1735 5503 1833 5578 (In.

275 5603 423 5679 ibid.)
445 5604 608 5674 Quasi
635 5605 801 5672 dicat,
835 5613 969 5671 etc.,
1015 5619 1175 5674 usque
1212 5602 1281 5656 ad
1328 5603 1471 5672 quod
1510 5611 1686 5659 autem
1725 5601 1839 5672 jam

280 5714 380 5756 non
416 5700 488 5754 sit
506 5697 658 5753 locus
684 5697 966 5752 medicinae
1020 5705 1178 5766 aptus
1225 5695 1461 5750 ostendit
1503 5695 1584 5751 sic
1626 5713 1638 5750 :
1675 5695 1841 5751 Omne

279 5800 426 5862 caput
453 5787 757 5861 languidum
795 5797 900 5844 etc.

351 5882 514 5938 Omne
563 5892 714 5956 caput
755 5881 1082 5954 languidum.
1108 5879 1231 5954 (10.,
1264 5879 1417 5954 ibid.)
1467 5878 1620 5938 Sicut
1655 5880 1838 5937 laetitia

1941 4780 2305 4846 immolarent,
2343 4786 2400 4834 et
2433 4786 2492 4832 ut
2515 4793 2614 4848 per
2650 4776 2889 4832 carnalia
2932 4786 2987 4832 et
3012 4780 3190 4852 typioa
3235 4782 3302 4836 ad
3352 4784 3524 4854 spiriL.

1939 4873 2086 4930 tuale
2117 4881 2172 4928 et
2191 4887 2380 4928 verum
2408 4869 2738 4927 sacriﬁcium
2767 4867 2984 4926 facilius
3011 4873 3374 4944 pervenirent.

2011 4963 2142 5030 Quis
2180 4961 2416 5034 quasirit
2440 4961 2466 5015 2
2504 4959 2742 5015 Audiam
2774 4958 2878 5016 hoc
2915 4959 3201 5026 Eionitae,
3247 4962 3340 5032 qui
3384 4975 3527 5033 post:

1940 5055 2141 5113 Christi
2169 5053 2475 5125 passionem
2520 5058 2716 5122 putant
2755 5049 2932 5122 legem
2972 5065 3093 5108 esse
3131 5051 3498 5108 servandam:

1941 5146 2162 5202 audiant
2185 5145 2288 5200 hoc
2310 5157 2499 5199 eorum
2522 5141 2672 5207 socii,
2705 5143 2797 5213 qui
2831 5141 3130 5200 lsraelitico
3169 5151 3379 5198 tantum
3409 5155 3516 5214 ges.

1938 5240 2054 5296 neri
2083 5236 2488 5295 custodiendam
2513 5236 2830 5293 decernunt.

2009 5331 2172 5388 Vsus.
2205 5329 2374 5385 l3.—
2395 5327 2756 5393 Neomeniam,
2781 5335 2886 5383 etc.
2913 5325 3132 5384 Festum
3159 5343 3314 5386 nova!
3342 5332 3520 5401 Im,

1938 5422 2082 5495 quod
2111 5421 2530 5479 celebrabantin
2557 5421 2824 5492 principio
2855 5421 3122 5478 mensium
3154 5439 3170 5476 :
3202 5422 3374 5495 Neon,
3407 5442 3517 5483 no-

1939 5527 2086 5580 vum,
2116 5528 2284 5579 mene,
2314 5510 2468 5578 luna;
2497 5509 2640 5566 unde
2666 5529 2680 5566 :
2705 5509 2991 5567 Buccinate
3031 5510 3258 5569 Domino
3296 5517 3364 5572 is:
3382 5531 3522 5572 nec»

1940 5604 2113 5658 menia
2142 5602 2264 5658 tuba
2293 5601 2464 5673 (Psal.
2495 5601 2681 5675 Lux).

2015 5692 2191 5764 Iniqui
2220 5703 2337 5748 sunt
2365 5703 2523 5748 cattus
2549 5691 2726 5757 vestri,
2749 5701 2857 5748 etc.
2883 5691 3006 5765 (ln.)
3031 5691 3177 5762 Quia
3197 5695 3518 5766 spin‘lual'es

1942 5784 2147 5842 hostias
2174 5800 2280 5840 non
2308 5783 2574 5850 oﬂ'erunt;
2599 5785 2741 5842 unde
2765 5802 2779 5838 :
2802 5784 3148 5856 Sacriﬁcium
3167 5777 3511 5846 Deoia-illitis

1943 5877 2319 5936 contribulatus
2342 5873 2564 5950 (Psalm.
2589 5878 2660 5950 ι).
