4028 6332
272 440 412 498 125⁸1

1287 440 1553 500 GLOSSA
1589 441 1985 500 ORDINARIA.
2024 470 2092 482 —-
2129 439 2257 496 LIB.
2296 438 2520 498 lsALIE.

3366 437 3506 494 1238

350 548 476 606 Viae
493 567 640 617 suos,
683 565 824 623 quas
857 551 945 606 alii
990 552 1276 608 triverunt.
1325 552 1583 608 Dominus
1621 567 1835 622 quoque
1857 555 1915 616 Α
2006 550 2168 609 Vsus.
2197 554 2284 608 ll.
2305 584 2375 594 —
2401 553 2553 616 Oculi
2579 552 2838 618 sublimis,
2869 561 2974 608 etc.
3009 551 3214 624 (1111111.)
3238 550 3347 608 Nec
3374 553 3507 607 divi-

269 641 564 696 ascendeus
589 642 644 697 in
668 651 906 697 montem
938 643 1165 697 docebat
1188 642 1481 712 discipulos
1507 658 1652 698 suos.
1677 643 1836 702 Prius

266 745 396 804 ergo
423 734 690 793 discendae
715 735 837 798 viae,
859 741 982 803 post
1009 733 1388 790 ambulandum
1416 734 1470 792 in
1500 735 1726 792 semitis.

297 861 300 864 ~
333 824 414 886 De
447 825 596 882 Sion.
630 824 834 898 (illam)
851 826 968 882 Non
991 827 1062 881 de
1089 825 1217 882 Sina
1242 836 1415 898 petra,
1438 828 1532 886 sed
1559 829 1626 882 de
1652 835 1858 886 monte

267 913 421 980 Sion,
449 916 503 970 in
550 932 657 987 quo
694 915 1014 983 Jerusalem,
1047 918 1100 972 in
1127 932 1232 986 qua
1269 917 1525 988 templum
1555 927 1614 974 et
1642 918 1832 989 religio

264 1006 382 1062 Dei.
406 997 665 1064 Dominus
694 1024 908 1078 quoque
955 1009 1008 1064 in
1063 1009 1260 1079 templo
1303 1009 1485 1066 docuit
1529 1011 1672 1081 quod
1721 1026 1829 1068 non

263 1098 502 1170 oportuit
527 1097 792 1168 Prmheta
831 1099 969 1154 mori
999 1107 1150 1154 extra
1191 1098 1512 1156 Jerusalem.

331 1187 442 1244 Lex
465 1200 514 1244 et
544 1191 775 1244 verbum.
807 1191 956 1246 Sicut
981 1207 1162 1260 supra,
1200 1191 1420 1246 verbum
1451 1201 1506 1247 et
1551 1192 1723 1262 legem
1749 1193 1825 1249 si-

262 1281 371 1338 mul
409 1281 605 1352 posuit,
652 1291 713 1336 ut
761 1283 1033 1353 principes
1087 1284 1336 1338 audirent
1363 1285 1610 1350 verbum,
1653 1285 1827 1355 legem

258 1372 482 1443 populus
508 1388 639 1428 aure
681 1375 1005 1444 perciperet.
1057 1373 1158 1440 Qui
1209 1375 1348 1428 enim
1391 1373 1582 1430 fecerit
1627 1375 1824 1446 legem,

256 1464 532 1534 perveniet
554 1465 620 1518 ad
642 1466 864 1520 verbum
895 1465 1021 1529 Dei;
1047 1465 1215 1521 exibit
1251 1467 1336 1521 lex
1370 1468 1436 1524 de
1465 1467 1628 1523 verbo
1671 1468 1826 1537 quasi

255 1555 326 1612 de
349 1554 520 1622 fonte,
552 1565 612 1612 ut
633 1557 768 1616 alios
796 1558 1002 1629 irriget.

327 1647 492 1704 Vsus.
554 1649 610 1704 4.
665 1679 735 1692 --
783 1649 855 1704 Et
906 1650 1213 1704 constabunt
1253 1650 1454 1721 gladios
1504 1667 1645 1706 suos.
1699 1649 1830 1724 (11).)

250 1737 424 1800 Omne
449 1742 684 1796 studium
705 1740 935 1798 bellandi
980 1749 1221 1798 vertetur
1241 1742 1297 1798 111
1340 1757 1548 1811 pacem,
1573 1750 1704 1806 etc.,
1731 1758 1821 1798 us-

253 1849 352 1904 que
381 1831 448 1885 ad
487 1834 869 1888 manducemus
912 1832 966 1887 in
997 1841 1235 1902 tempore
1267 1833 1572 1897 messionis,
1615 1831 1824 1888 scilicet

250 1923 463 1978 mortis.

323 1998 488 2068 Vens.
513 2013 566 2068 5.
593 2044 667 2054 —
693 2012 891 2068 Domus
913 2011 1102 2080 Iacob,
1147 2023 1252 2069 etc.
1281 2013 1405 2087 (11).)
1433 2015 1560 2070 Post
1590 2015 1822 2072 vocatio-

251 2119 376 2166 nem
394 2105 634 2174 gentium
658 2111 714 2158 et
739 2104 1101 2160 ostensionem
1129 2105 1327 2160 montis
1351 2105 1469 2173 Dei,
1509 2104 1702 2160 invitat
1726 2120 1821 2176 po-

248 2194 432 2266 pulum
455 2209 636 2260 snum,
655 2195 746 2264 qui
777 2202 861 2250 est
889 2196 953 2250 de
972 2194 1161 2260 Jacob,
1187 2203 1265 2261 ut,
1287 2196 1475 2252 exiens
1497 2195 1563 2252 de
1586 2196 1820 2252 tenebris

250 2287 608 2354 inﬁdelitatis,
637 2287 897 2357 suscipiat
916 2286 1096 2342 lumen
1131 2287 1351 2342 Christi.

322 2377 389 2431 In
414 2377 626 2431 lumine.
658 2376 778 2449 (11).)
807 2377 945 2430 Dum
971 2375 1137 2431 lucem
1175 2377 1393 2443 habetis,
1439 2377 1631 2431 credite
1659 2377 1713 2432 in
1739 2375 1820 2430 lu-

248 2486 380 2524 cem.
407 2469 644 2524 Accedite
673 2469 742 2522 ad
779 2486 917 2535 eum,
952 2480 1000 2524 et
1050 2469 1441 2534 illuminamini,
1490 2476 1594 2524 etc.
1655 2467 1819 2536 Quasi

250 2562 394 2636 dicet
422 2578 434 2614 :
470 2560 572 2626 Qui
595 2559 730 2614 male
755 2561 882 2632 agit,
908 2561 1016 2616 odit
1044 2560 1210 2616 lucem
1233 2574 1250 2613 :
1277 2561 1365 2615 sed
1390 2560 1550 2614 venite
1594 2576 1816 2626 mecum,

245 2650 566 2705 ambulemus
602 2650 657 2704 in
683 2650 796 2706 luce
825 2651 1054 2719 Domini,
1097 2653 1187 2724 qui
1231 2653 1356 2708 dicit
1388 2651 1542 2725 :Ego
1586 2669 1703 2708 sum
1726 2652 1820 2710 lux

247 2743 448 2809 mundi,
476 2751 580 2798 etc.

316 2833 476 2888 Vens.
509 2832 562 2886 6.
586 2863 656 2873 —
684 2831 962 2903 Projecisti
986 2835 1145 2889 enim.
1178 2833 1470 2906 Postquam
1503 2836 1819 2892 exhortatus

243 2933 348 2990 est,
374 2924 510 2980 vidit
527 2925 592 2982 in
616 2926 807 2994 spiritu
835 2926 1086 2988 duritiam
1125 2941 1332 2995 eorum,
1364 2937 1420 2983 et
1466 2929 1644 2984 subito
1690 2945 1817 2985 0011-

246 3015 327 3070 los
347 3014 546 3072 mentis
571 3015 639 3070 ad
661 3013 946 3070 Dominum
990 3025 1334 3082 convertens,
1383 3017 1461 3073 ait
1491 3036 1505 3070 :
1537 3017 1817 3088 Projecisti

245 3108 404 3172 enim,
434 3091 563 3173 etc.,
595 3105 750 3178 quasi
773 3105 938 3172 dicat,
969 3115 1025 3162 et
1045 3107 1166 3164 ideo
1193 3108 1466 3176 hortandi,
1492 3108 1618 3178 quia
1643 3107 1818 3177 proje-

249 3200 364 3253 cisti
373 3239 388 3264 ,
417 3206 520 3254 etc.

1932 645 2051 709 tite,
2082 658 2182 700 nec
2222 645 2494 714 potentia,
2519 659 2617 700 nec
2650 643 2902 702 nobilitas
2941 643 3152 714 generis
3181 658 3504 718 quemquam

1932 735 2189 801 salvabit,
2229 737 2479 792 omnibus
2511 736 2852 807 superveniet
2883 751 2988 792 una
3026 735 3330 805 captivitas.
3376 734 3534 792 Pos-.

1930 835 2053 886 sunt
2075 833 2129 880 et
2149 825 2216 881 de
2227 825 2418 896 judicii
2443 828 2529 883 die
2555 827 2670 882 haec
2691 828 2884 897 accipi,
2911 843 3036 882 cum
3054 828 3229 884 omnis
3251 838 3506 885 creatura

1930 918 1983 978 in
2013 927 2302 989 conspectu
2335 920 2431 978 Dei
2459 919 2860 985 bumiliabitur,
2897 928 2952 975 et
2973 920 3108 976 nihil
3137 934 3197 976 se
3232 936 3352 978 esse
3382 936 3506 977 sen-

1930 1010 2031 1065 tiet
2055 1011 2457 1080 comparatione
2484 1011 2621 1080 ejus.

1997 1102 2332 1156 Exaltabitur
2355 1112 2528 1158 autem
2555 1101 2698 1158 solus
2713 1102 2968 1157 Dominus
2990 1104 3046 1158 in
3071 1103 3154 1158 die
3175 1103 3290 1158 illa.

1997 1194 2161 1249 Vens.
2207 1194 2628 1248 12.——Domini
2675 1199 3016 1250 exercituum.
3075 1195 3386 1266 Ubicunque
3434 1196 3502 1252 de

1925 1284 2171 1351 victoria,
2197 1283 2278 1341 vel
2324 1285 2559 1340 vindicta
2612 1286 2824 1342 Domini
2882 1287 3148 1355 loquitur;
3215 1287 3500 1360 Dominum

1926 1377 2260 1430 exercituum
2281 1391 2402 1430 eum
2427 1386 2846 1442 commemorat,
2877 1392 2946 1432 ne
2967 1378 3273 1433 dubitemus
3296 1379 3360 1434 de
3388 1376 3505 1450 ejus

1925 1472 2174 1537 victoria,
2202 1471 2353 1540 cujus
2387 1481 2537 1528 tanta
2563 1472 2924 1542 estpotentia.

1999 1561 2572 1618 Vsus.14.—Montes
2622 1563 2871 1618 excelsos.
2923 1562 3128 1638 (11133.)
3165 1563 3272 1618 Pro
3324 1562 3504 1620 varie-

1926 1661 2034 1708 tate
2082 1654 2374 1719 virtutum,
2402 1656 2491 1710 alii
2523 1657 2786 1712 bonorum
2816 1665 3056 1724 montes,
3097 1656 3186 1710 alii
3215 1655 3379 1711 colles
3407 1671 3500 1726 ap-

1924 1743 2212 1812 pellantur.
2255 1745 2359 1800 Pro
2401 1745 2716 1802 diversitate
2764 1747 3017 1802 vitiorum
3041 1787 3055 1812 ,
3088 1747 3178 1802 alii
3215 1746 3502 1817 impiorum

1925 1841 2158 1898 montes,
2183 1833 2288 1887 allii
2317 1833 2498 1900 colles,
2531 1836 2727 1905 quibus
2757 1837 2982 1891 dicitur:
3011 1838 3121 1908 Ego
3141 1837 3390 1892 inducam
3413 1854 3505 1892 su-

1850 1919 1902 1979 B
1923 1941 2016 1994 per
2044 1941 2128 1980 vos
2156 1925 2410 1994 gladium,
2441 1936 2544 1983 etc.

1995 2014 2065 2068 Et
2091 2032 2246 2086 super
2273 2033 2474 2072 omnem
2500 2019 2706 2073 turrim.
2739 2019 2862 2092 (11).)
2890 2021 2972 2076 Α11
2991 2021 3224 2076 litteram
3246 2040 3258 2076 :
3283 2021 3500 2076 venien-

1926 2103 2067 2160 tibus
2108 2104 2387 2172 Romanis,
2436 2117 2491 2162 et
2534 2116 2712 2166 turres
2751 2117 2806 2163 et
2848 2111 2990 2165 muri
3037 2110 3276 2184 funditus
3326 2110 3502 2168 eversi

1923 2205 2067 2260 sunt,
2107 2203 2212 2251 etc.
2231 2235 2247 2263 ,
2287 2213 2446 2268 usque
2476 2200 2544 2252 ad
2566 2214 2636 2254 ne
2657 2199 2850 2271 dogma
2877 2215 3188 2271 perversum
3209 2201 3501 2272 przevaleat

1921 2288 2159 2343 veritati.

1994 2380 2158 2434 Vsus.
2188 2381 2272 2436 16.
2300 2413 2369 2422 -
2399 2382 2593 2438 Naves.
2635 2381 2758 2458 (11).)
2800 2383 2999 2440 Habuit
3043 2385 3303 2456 Josaphat
3331 2403 3496 2444 naves

1921 2487 2055 2541 quas
2083 2473 2330 2530 mittebat
2367 2475 2419 2529 in
2445 2475 2687 2538 Tharsis,
2711 2487 2843 2543 etc.,
2875 2493 3032 2548 usque
3073 2481 3140 2532 ad
3171 2491 3294 2536 sunt
3316 2488 3370 2537 et
3403 2496 3500 2536 na-

1919 2579 2014 2618 ves
2037 2566 2191 2622 bonae
2233 2566 2297 2622 de
2339 2567 2532 2636 quibus
2575 2567 2774 2624 dicitur
2808 2587 2820 2622 :
2854 2568 2956 2638 Qui
3001 2570 3316 2626 descendunt
3355 2589 3498 2628 mare

1918 2655 1974 2708 in
2009 2657 2126 2710 navi
2146 2697 2160 2721 ,
2194 2665 2300 2712 etc.

1993 2745 2228 2803 Tliarsis.
2270 2748 2392 2822 (11).)
2434 2750 2730 2822 Cujuslibet
2779 2754 2976 2820 maris,
3026 2764 3164 2822 etc.,
3219 2773 3378 2828 usque
3427 2757 3496 2811 ad

1918 2842 1964 2899 si
1989 2843 2148 2900 aliter
2170 2844 2384 2911 dicitur,
2413 2846 2609 2918 Syrum
2635 2855 2738 2904 est.

1990 2933 2154 2988 Vens.
2188 2935 2274 2990 17.
2303 2965 2375 2976 -
2394 2937 2764 2996 Incurvabitur
2790 2941 2979 2994 omnis.
3009 2938 3133 3010 (11).)
3155 2938 3452 3008 Allegorice
3478 2957 3491 2992 :

1916 3023 2184 3084 humanus
2228 3041 2405 3081 sermo
2435 3027 2768 3088 rationabilis
2808 3030 3046 3095 videtur,
3079 3039 3210 3095 etc.,
3241 3045 3400 3099 usque
3427 3029 3496 3081 ad

1916 3118 1986 3176 ab
2032 3133 2098 3174 eo
2152 3133 2365 3190 quoque
2409 3134 2516 3190 quo
2565 3121 2791 3184 conﬁcta
2844 3130 3000 3175 erant
3043 3121 3260 3190 penitus
3303 3127 3489 3176 conte-

1916 3217 2124 3265 rentur.

319 3289 456 3354 Quia
491 3287 669 3358 repleti
689 3299 829 3355 sunt,
852 3299 911 3345 ut
937 3275 1081 3356 olim,
1101 3299 1206 3346 etc.
1244 3289 1366 3361 (11).)
1399 3289 1674 3357 Romanis,
1705 3289 1814 3346 sci-
1835 3304 1895 3372 ε
1993 3302 2156 3358 γης,
2183 3301 2269 3356 18,
2305 3332 2375 3344 -
2401 3301 2473 3358 Et
2499 3302 2644 3358 idola
2689 3305 2912 3374 penitus.
2946 3302 3060 3360 Hoc
3099 3303 3152 3359 in
3183 3302 3493 3373 captivitate

246 3377 370 3452 licet
381 3377 966 3456 ejicientibusﬂudzeos
976 3381 1032 3436 in
1043 3378 1224 3442 Judaea
1238 3380 1819 3438 habitaveruntalieni-

245 3486 418 3544 genre,
449 3472 803 3542 undecunque
823 3473 1040 3532 adducti
1071 3489 1106 3528 a
1127 3471 1246 3529 Tito
1272 3483 1328 3528 et
1355 3471 1704 3546 Vespasiano,
1735 3470 1822 3532 vel

243 3563 455 3618 caeteris
507 3562 859 3634 principibus.
908 3563 1005 3622 Vel
1065 3566 1385 3642 priusquam
1435 3582 1466 3620 a
1509 3565 1818 3644 Babyloniis

239 3663 601 3719 vastarentur,
644 3657 760 3711 haec
786 3659 1174 3714 commiserunt
1209 3661 1308 3714 sub
1337 3659 1518 3730 impiis
1533 3659 1780 3730 regibus.

317 3744 381 3798 Ut
414 3743 752 3802 Philistliiim.
781 3747 1248 3821 (10.)Phi1isthiim
1273 3751 1366 3822 qui
1394 3751 1554 3806 hodie
1574 3749 1815 3805 Palaesti-

243 3835 320 3908 ni,
351 3836 474 3910 quia
511 3854 566 3908 ρ.
605 3837 840 3910 litteram
868 3854 1047 3897 sermo
1073 3838 1338 3896 Hebraeus
1370 3855 1478 3896 non
1505 3841 1688 3916 habet,
1717 3839 1815 3898 sed

242 3939 341 3997 pro
369 3942 436 3986 ea
465 3950 497 3998 φ
525 3926 713 4006 Graeco
736 3930 923 3988 utitur.

313 4017 522 4084 Pueris,
549 4029 654 4076 etc.
679 4020 958 4096 Victorum
991 4021 1266 4096 significat
1305 4022 1588 4084 libidinem
1629 4025 1687 4082 in
1723 4023 1816 4080 Ju-

240 4109 408 4172 daeam
428 4121 662 4184 gentem.
689 4112 866 4180 (ἱεδοὶ
891 4115 1039 4170 enim
1073 4123 1130 4170 et
1173 4115 1352 4188 Latiui
1393 4117 1486 4174 diu
1535 4118 1640 4174 hoc
1680 4118 1814 4174 vitio

240 4201 622 4264 laboraverunt
652 4222 666 4260 :
706 4204 806 4280 sed
843 4205 946 4264 sub
985 4201 1340 4264 Constantino
1387 4209 1734 4279 imperatore,
1759 4218 1816 4266 et

239 4305 555 4356 coruscante
581 4297 894 4372 Evangelio,
916 4315 1040 4356 eum
1062 4301 1274 4357 caeteris
1306 4301 1482 4358 delata
1528 4312 1613 4359 est
1637 4303 1812 4373 turpi—

240 4389 366 4443 tudo
404 4385 539 4446 haec.

309 4479 471 4534 Vens.
499 4479 553 4536 7.
588 4479 894 4552 -ηΒεριιια
937 4491 1014 4538 est
1042 4491 1206 4538 terra.
1258 4481 1380 4556 (11).)
1428 4483 1496 4538 Ει
1542 4483 1812 4538 Romano-

238 4583 356 4641 rum
383 4576 438 4622 et
455 4567 759 4626 ludaaorum
781 4570 1010 4642 avaritia
1057 4570 1409 4640 suggillatur;
1438 4569 1638 4628 σπι-τερα)
1665 4573 1811 4628 enim

1919 3394 2314 3470 Chaldaeorum,
2343 3403 2475 3462 etc.,
2506 3411 2666 3468 usque
2689 3395 2758 3450 ad
2785 3396 2889 3462 hoc
2913 3396 3216 3468 specialiter
3249 3395 3317 3450 ad
3347 3396 3492 3467 prio-

1920 3500 2035 3541 rem
2059 3500 2274 3541 sensum
2312 3484 2652 3541 referendum
2687 3496 2788 3541 est.

1963 3575 2187 3654 (Bm)
2239 3574 2551 3631 Edilicavit
2607 3574 2860 3632 Salomon
2915 3591 3030 3632 rem
3082 3577 3136 3632 in
3197 3574 3493 3632 Jerusalem

1916 3665 2168 3730 Astaroth
2210 3667 2410 3732 idolum
2449 3666 2844 3739 Sydouiorum,
2888 3676 3021 3734 etc.,
3065 3668 3154 3723 ubi
3199 3667 3275 3738 (ni
3314 3662 3492 3737 fallor)

1916 3758 2219 3821 ostenditur
2237 3759 2360 3829 quia
2392 3757 2646 3814 Salomon
2667 3774 2938 3830 nunquam
2961 3760 3197 3830 perfecte
3215 3758 3485 3830 paenituit,

1916 3848 2042 3920 quia
2069 3849 2206 3904 idola
2237 3864 2358 3919 quae
2392 3849 2753 3905 aediﬁcaverat
2790 3865 2894 3904 non
2918 3849 3131 3906 delevit.

1986 3939 2152 4004 Vnus.
2213 3939 2303 3998 20.
2331 3971 2404 3980 ·-
2419 3939 2491 3996 ω
2537 3940 2781 3996 adoraret
2849 3940 3040 4012 talpas.
3093 3937 3328 4011 (1111111.)
3374 3936 3493 3994 Non

1913 4031 1971 4096 in
1991 4048 2074 4100 re,
2097 4033 2193 4090 sed
2214 4034 2355 4090 sicut
2377 4033 2564 4107 talpae,
2603 4042 2732 4102 etc.,
2762 4050 2920 4107 usque
2943 4034 3013 4092 ad
3035 4033 3230 4106 quibus
3259 4032 3328 4090 ad
3350 4031 3491 4087 veri-

1915 4133 2078 4190 tatem
2126 4128 2458 4198 pervenitur.

1987 4218 2152 4274 Vsus.
2176 4217 2266 4273 22.
2305 4250 2376 4259 -
2412 4219 2671 4286 Quiescite
2717 4237 2856 4290 ergo.
2901 4218 3038 4286 Quia
3081 4217 3200 4272 haec
3242 4216 3492 4272 evenient

1915 4309 2020 4376 nisi
2044 4310 2353 4378 quiescatis.
2393 4309 2666 4376 Quiescite
2692 4325 2821 4382 ergo
2860 4325 2930 4364 ne
2957 4307 3191 4364 saeviatis
3232 4307 3288 4360 in
3328 4303 3489 4360 Chri-

1917 4407 2100 4474 stum,
2125 4399 2217 4468 qui
2244 4415 2410 4470 purus
2435 4399 2597 4455 homo
2619 4399 2832 4456 videtur
2857 4417 2869 4453 :
2899 4399 3026 4469 quia
3056 4397 3230 4467 spirat
3263 4393 3488 4450 naribus

1915 4496 1971 4544 et
1989 4489 2124 4543 vivit
2156 4491 2298 4545 sicut
2321 4488 2410 4544 alii
2441 4490 2704 4546 homines.

1989 4580 2259 4637 Excelsus.
2307 4580 2557 4636 Excelsus
2603 4597 2758 4650 super
2788 4595 2962 4634 omnes
3001 4585 3172 4648 gentes
3209 4574 3484 4630 Dominus.

236 4667 294 4714 θῑ
309 4658 518 4724 Lalrinte
546 4667 814 4716 testantur
832 4659 1072 4718 historia:
1096 4661 1231 4718 nihil
1257 4672 1485 4738 utraque
1506 4673 1664 4734 gente
1681 4679 1811 4720 ενα-
1835 4661 1890 4728 Ῑ)
1913 4672 1985 4727 Et
2017 4674 2124 4744 ipse
2153 4673 2391 4742 [undavit
2411 4689 2528 4726 eam
2562 4671 2860 4725 Altissimus
2893 4666 3064 4739 (Psal.
3087 4681 3216 4730 exn,
3241 4664 3484 4735 LXXXIX).

235 4750 350 4828 rius
372 4763 492 4806 esse
518 4749 708 4806 :-inter
733 4748 896 4816 idola,
919 4749 1146 4806 avaritia
1171 4751 1581 4808 condemnatur.

307 4841 470 4898 Vsus.
494 4842 552 4898 8.
580 4873 648 4884 -
680 4841 846 4916 Equis
872 4851 920 4898 et
965 4843 1390 4900 innumerabiles.
1434 4844 1556 4916 (11).)
1601 4845 1664 4900 Et
1708 4847 1812 4903 hoc

235 4941 422 4998 contra
451 4931 756 5010 Dominum,
784 4935 875 5005 qui
895 4935 1249 5008 multiplicari
1295 4952 1494 4994 currus
1531 4937 1812 5009 prohibuit

235 5032 290 5078 et
314 5039 481 5094 equos
509 5041 523 5080 :
551 5027 668 5082 haec
693 5029 837 5083 enim
858 5029 1105 5085 animalia
1148 5031 1272 5086 data
1301 5038 1428 5086 sunt
1459 5030 1526 5086 ad
1551 5028 1810 5098 adjuvan-

235 5113 384 5194 dum,
409 5132 518 5176 non
541 5119 1070 5190 adsuperhieudum,
1099 5122 1244 5178 unde
1261 5129 1316 5178 et
1334 5122 1579 5193 iumenta
1609 5122 1798 5177 dicun-

237 5212 343 5262 tur.

307 5299 470 5356 Vnus.
503 5300 557 5360 9.
586 5331 656 5343 —
678 5301 973 5362 Incuroavit
1003 5323 1076 5362 se.
1113 5305 1215 5364 Ubi
1244 5308 1518 5380 quondam
1546 5305 1806 5384 templum

235 5398 292 5456 et
313 5391 504 5464 religio
529 5394 656 5459 Dei,
695 5394 768 5451 ibi
796 5405 971 5454 statua
995 5397 1218 5454 Adriani
1253 5407 1307 5455 et
1341 5400 1543 5458 idolum
1563 5397 1730 5456 Jovis.

306 5483 432 5540 Non
447 5501 588 5557 ergo.
624 5486 739 5543 Non
759 5489 1028 5546 maledicit
1041 5489 1224 5558 Isaias,
1248 5492 1342 5547 sed
1362 5492 1654 5568 benedicit,
1671 5501 1806 5562 etc.,

237 5593 400 5652 usque
411 5579 490 5640 ad
521 5589 584 5636 et-
598 5581 784 5652 repleti
815 5593 940 5640 sunt
963 5584 1140 5651 idolis,
1173 5593 1277 5641 etc.

307 5672 352 5726 Δ
375 5671 514 5742 facie
536 5673 735 5728 timoris
765 5673 996 5730 Domini.
1025 5677 1108 5732 Ab
1137 5678 1218 5733 ira
1246 5677 1454 5749 judicii.

281 5765 379 5832 -Et
419 5783 458 5821 α
493 5765 665 5839 gloria
692 5767 980 5838 majestatis
1001 5769 1132 5840 ejus.
1167 5768 1306 5841 Quia
1340 5771 1498 5828 veniet
1523 5788 1644 5830 cum
1667 5781 1813 5845 pote-

242 5865 375 5916 state
398 5873 589 5930 magna
615 5867 665 5915 et
691 5859 984 5944 νηνεμία.

1916 4764 2197 4820 Hebraeum
2233 4773 2412 4820 tamen
2446 4763 2706 4818 excelsum
2755 4762 3038 4833 signiﬁcat,
3085 4775 3192 4816 non
3228 4757 3483 4814 excelsus.

1914 4855 2033 4928 Ipse
2049 4867 2135 4913 est
2156 4857 2300 4914 enim
2337 4857 2453 4928 ipsa
2491 4855 2750 4922 altitudo,
2779 4870 2886 4911 non
2923 4853 3292 4926 tantummodo
3315 4849 3476 4906 altus.

2517 4996 2744 5054 CAPUT
2791 4995 2874 5051 III.

1969 5125 2147 5202 (Vens.
2174 5124 2224 5178 1.
2257 5121 2393 5180 Ecce
2420 5126 2578 5180 enim.
2608 5122 2894 5194 Hucusque
2929 5122 2995 5176 de
3015 5117 3220 5194 judicio
3243 5117 3350 5173 diei
3386 5131 3486 5188 pu-

1913 5225 2049 5292 tant,
2071 5225 2204 5282 etc.,
2231 5232 2392 5286 usque
2416 5215 2486 5270 ad
2509 5225 2798 5288 postquam
2818 5228 3006 5271 omnes
3031 5212 3218 5284 gratia:
3237 5210 3484 5267 donatio-

1911 5322 2010 5372 nes
2035 5322 2067 5361 a
2099 5304 2297 5362 Judaeis
2317 5305 2508 5362 ablatae
2529 5315 2674 5363 sunt.

1967 5395 2148 5470 Vens.
2187 5396 2339 5452 1-
2369 5395 2550 5451 Virum
2600 5397 2918 5452 bellatorem.
2974 5391 3178 5468 (lin-2n.)
3235 5391 3355 5447 Non
3401 5401 3487 5448 est

1913 5490 2300 5566 apudoJudazos
2335 5490 2425 5561 qui
2455 5505 2552 5560 pro
2572 5491 2684 5560 lege
2711 5488 2871 5543 bellet
2908 5487 2998 5561 qui
3048 5487 3342 5544 secundum
3365 5501 3486 5541 eam

1906 5587 2114 5661 iudicet
2141 5605 2156 5641 :
2182 5600 2372 5644 omnes
2389 5587 2533 5641 enim
2561 5584 2687 5639 vani
2725 5591 2780 5638 et
2807 5582 2956 5638 stulti
2987 5590 3131 5640 sunt.

1981 5679 2055 5734 Et
2079 5677 2323 5734 arietum.
2380 5677 2514 5746 Quia
2571 5674 2861 5744 aliquando
2910 5688 3037 5730 vera
3088 5671 3384 5730 ariolantur
3423 5681 3485 5725 ut

1908 5768 2150 5840 Balaam,
2200 5776 2256 5824 et
2301 5767 2466 5824 divini
2515 5767 2753 5838 quinque
2794 5766 3006 5824 urbium
3053 5763 3482 5830 Palaestinorum,

1909 5859 2391 5947 quorum
2417 5873 2546 5918 arca
2577 5858 2789 5930 Domini
2821 5859 3048 5932 remissa
3071 5865 3188 5947 est,
3213 5856 3368 5930 quasi
3397 5856 3483 5912 di-
