4028 6332
630 453 784 510 1259.

1131 447 1526 506 WAL'AFRIDI
1560 445 1808 505 STRABI
1849 448 2054 506 FULD.
2099 442 2262 503 ΜΟΝ.
2301 445 2452 502 OPP.
2495 444 2674 500 PARS
2708 441 2750 498 1.
2791 471 2860 484 —-
2897 439 3352 500 THEOLOGICA.

3669 443 3766 498 tuo

623 570 888 626 ceretzEt
907 569 1023 625 veri
1051 568 1327 639 prOphetae
1350 577 1407 623 et
1431 567 1552 622 falsi
1581 567 1895 623 auferentur
1923 565 2190 622 aludteis.
2221 568 2271 628 Α
2297 579 2397 620 nes
2445 563 2818 619 existimarent
2862 579 2894 617 a
2945 569 3187 633 peccato,
3243 559 3367 615 dicit
3413 555 3764 619 DominuszPro

694 662 900 718 Senem.
987 659 1158 727 Quem
1225 655 1417 713 LXX“
1451 659 1824 730 presbyterum
1902 657 2193 713 transtule-

621 761 779 818 runt,
809 763 940 817 etc.,
961 769 1123 822 usque
1159 751 1228 804 ad
1255 751 1379 820 quia
1415 750 1758 822 presbyteros
1786 750 1972 805 audire
2003 749 2190 804 noluit.

691 846 856 903 Vens.
901 846 955 902 5.
1002 876 1074 886 —-
1112 843 1450 899 Prudentem.
1499 844 1786 900 Doctorem
1845 842 1927 897 vel
1963 843 2197 898 'audito-

621 951 761 1003 rem,
782 945 910 1002 etc.,
932 951 1094 1006 usque
1123 934 1192 987 ad
1219 933 1312 1004 qui
1334 933 1702 989 discernerent
1723 947 1832 1003 quo
1860 933 2051 1003 spiritu
2071 948 2198 1003 pro-

631 1029 806 1098 phetae
837 1027 1202 1095 loquerentur.
2003 1031 2006 1036 '
2105 1032 2107 1035 ·

689 1119 770 1174 De
796 1118 1107 1174 architectis.
1132 1117 1247 1188 Ipse
1275 1116 1523 1173 Christus
1565 1115 1702 1172 fabri
1733 1115 1903 1172 Filius
1931 1116 2131 1172 dicitur
2171 1134 2186 1171 :

621 1209 755 1269 etin
792 1208 1291 1279 Paralipomenonis
1316 1207 1514 1263 vallem
1538 1207 1812 1264 artiﬁcum
1832 1207 2076 1278 legimus.
2113 1206 2195 1264 lbi

621 1302 822 1372 quippe
845 1311 1000 1356 erant
1024 1299 1262 1357 artiﬁces
1283 1316 1418 1371 quos
1446 1317 1554 1356 non
1584 1299 1806 1356 inﬂabat
1831 1299 2079 1367 scientia,
2103 1298 2198 1355 sed

619 1391 877 1450 humilem
909 1392 1180 1450 Christum
1207 1394 1593 1464 sequebantur.

691 1484 854 1540 Vens.
882 1484 935 1540 4.
963 1515 1032 1526 —-
1056 1484 1128 1539 Et
1153 1484 1518 1554 dabo.pueros.
1547 1482 1899 1556 (Hien.)Cum
1922 1491 2114 1539 caetera
2143 1483 2200 1538 iu

621 1592 884 1649 persona,
918 1590 1050 1646 etc.,
1087 1595 1249 1649 usque
1282 1578 1351 1632 ad
1389 1578 1642 1649 prohibet
1675 1578 1967 1648 Apostolus
1993 1577 2200 1648 episco-

617 1685 746 1740 pum
773 1671 896 1743 eligi
923 1672 1273 1743 neophytum,
1297 1685 1364 1726 ne
1398 1670 1676 1741 superbiat
1702 1673 1842 1725 sicut
1860 1669 2121 1724 diabolus.

691 1761 1018 1831 E/feminati.
1045 1761 1210 1828 LXX,
1236 1761 1512 1826 illusores,
1538 1769 1668 1828 etc.,
1699 1776 1860 1832 usque
1884 1759 1952 1812 ad
1977 1767 2198 1815 sanctus

622 1853 878 1910 Ecclesiae
905 1861 1078 1908 status
1102 1851 1468 1908 confunditur.

2297 663 2532 802 cmetitcs:
2567 747 2652 802 l7.
2676 775 2748 788 —-
2767 743 3085 801 Decalvabit.
3124 741 3276 810 Quod
3303 740 3548 797 occultum
3575 750 3643 798 est
3660 753 3768 814 pate-

2297 841 2397 908 bit,
2428 849 2484 896 et
2511 838 2654 897 foeda
2682 839 2925 897 calvities
2953 835 3251 908 apparebit.
3279 833 3416 890 Nihil
3440 835 3567 891 enim
3587 846 3767 906 opertum

2297 940 2383 988 est
2415 931 2558 1002 quod
2586 947 2692 986 non
2729 929 3015 985 reveletur.

2367 1021 2532 1078 Vens.
2571 1023 2660 1078 18.
2683 1052 2753 1062 -
2772 1021 2839 1075 In
2863 1021 2947 1075 die
2970 1018 3086 1085 illa,
3116 1018 3320 1075 scilicet
3341 1016 3636 1089 Babylonica.-
3654 1021 3771 1090 capti-

2297 1117 2504 1185 vitatis,
2541 1117 2626 1174 vel
2651 1118 2834 1174 verius
2864 1115 3081 1188 quando
3107 1115 3250 1184 capti
3276 1120 3398 1170 sunt
3423 1127 3454 1169 a
3485 1111 3711 1182 Romanis,
3735 1125 3770 1171 et

2302 1210 2485 1266 omnia
2510 1218 2833 1265 ornamenta
2861 1207 3231 1280 perdiderunt.

2371 1301 2876 1358 Calceamentorum.
2915 1299 3046 1367 Quae
3075 1299 3133 1354 in
3161 1296 3441 1354 solitudine
3473 1311 3568 1353 non
3594 1305 3691 1353 sunt
3717 1305 3772 1352 at-

2299 1391 2450 1458 trita,
2472 1401 2604 1458 etc.,
2628 1408 2790 1463 usque
2811 1390 2880 1444 ad
2901 1397 2960 1445 ut
2979 1405 3080 1461 pro
3098 1387 3360 1444 munditia
3385 1386 3650 1454 matronali,
3667 1396 3773 1443 terra

2300 1483 2562 1554 spurcitia
2587 1489 2852 1537 vertatur.

2371 1571 2540 1629 Vens.
2568 1574 2660 1628 21.
2685 1603 2756 1613 -
2775 1570 3032 1627 Annulos.
3067 1569 3277 1638 Quibus
3310 1569 3564 1642 signamur
3593 1569 3648 1624 ad
3674 1569 3777 1624 mali-

2299 1667 2431 1722 tiam
2475 1666 2698 1732 Christi,
2753 1680 2916 1737 quem
2959 1663 3124 1719 Pater
3163 1663 3412 1736 signavit.
3447 1661 3597 1718 Filius
3633 1676 3776 1732 quoque

2297 1759 2555 1830 prodigus
2608 1773 2734 1814 cum
2791 1756 2930 1813 stola
2985 1754 3247 1812 annulum
3283 1753 3514 1826 recepit,
3542 1761 3591 1810 et
3631 1753 3776 1808 calcea~

2302 1858 2506 1905 menta.

697 1942 864 1999 Vens.
888 1944 939 1998 6.
969 1971 1042 1984 —-
1067 1942 1445 2014 Appreltendet.
1477 1941 1602 2014 (Ιυ.)
1634 1941 1718 1996 Ad
1754 1941 1988 1998 litteram
2008 1983 2024 2008 ,
2065 1950 2196 2012 etc.,
2227 1918 2278 1982 θ
2379 1943 2622 2001 Gemmas
2660 1946 2718 2001 in
2756 1945 2948 2016 fronte.
2997 1941 3207 2012 Quibus
3233 1955 3327 2000 ora
3352 1947 3523 1998 nostra
3547 1938 3777 1996 decorauit!

621 2052 786 2106 usque
811 2034 879 2089 ad
906 2043 962 2090 et
981 2034 1135 2089 ruina
1163 2041 1348 2089 nostra
1389 2043 1482 2088 tuo
1507 2041 1842 2089 sustentetur
1871 2033 2090 2089 auxilio.

693 2127 857 2182 Vens.
890 2126 940 2180 7.
964 2157 1034 2166 —
1059 2123 1420 2196 Respondebit.
1461 2124 1584 2197 (ln.)
1611 2125 1724 2182 Hoc
1753 2126 1808 2181 in
1837 2124 2063 2181 Hebraeo
2090 2141 2199 2182 non

627 2227 730 2286 est,
757 2219 852 2274 sed
896 2218 963 2274 de
996 2217 1141 2273 LXX
1177 2219 1280 2274 hoc
1307 2218 1542 2274 additur.
1579 2219 1886 2275 Secundum
1913 2220 2200 2278 Hebraeum

627 2311 773 2366 enim
794 2311 868 2365 ita
889 2309 1134 2380 jungitur
1160 2326 1173 2363 :
1197 2307 1266 2364 In
1293 2309 1378 2364 die
1402 2308 1496 2363 illa
1525 2309 1661 2364 dicet
1689 2327 1703 2365 :

702 2401 826 2458 Non
847 2419 963 2458 sum
990 2403 1240 2459 medicus.
1270 2402 1386 2459 Non
1415 2403 1595 2460 statim
1619 2404 1976 2462 multitudinis
1999 2406 2204 2477 judicio

627 2496 1055 2567 acquiescamus,
1072 2505 1204 2562 etc.,
1229 2512 1388 2568 usque
1409 2497 1512 2551 ad:
1538 2494 1620 2550 Ne
1645 2514 1852 2568 quceras
1872 2497 2041 2568 judea:
2066 2499 2202 2568 ﬁeri,

625 2606 687 2643 ne
709 2589 841 2658 forte
870 2605 972 2643 non
995 2589 1160 2657 possis
1183 2589 1370 2657 oﬂ'erre
1396 2588 1696 2661 iniquitates
1737 2588 1906 2662 (Eccl.
1941 2589 2060 2659 vn).

697 2680 856 2735 Vens.
883 2682 936 2736 8.
963 2709 1034 2720 —-
1058 2679 1185 2733 Ruit
1212 2680 1350 2733 enim
1376 2678 1694 2736 Jerusalem.
1719 2680 1798 2736 Ex
1818 2695 2049 2752 persona
2073 2680 2207 2738 Pro-

624 2771 818 2838 phetas.
845 2769 1008 2835 Quasi
1037 2769 1180 2824 dicat
1206 2768 1368 2826 :1deo
1399 2785 1509 2824 non
1534 2769 1812 2826 invenient
1843 2773 1933 2840 qui
1965 2771 2093 2826 velit
2125 2771 2207 2828 eis

622 2862 932 2926 subvenire,
971 2861 1095 2931 quia
1123 2860 1405 2915 Dominum
1437 2861 1983 2933 blasphemaverunt,
2020 2864 2207 2920 dicen-

623 2962 704 3008 tes
735 2969 746 3004 :
779 2949 1108 3005 Dtemonium
1138 2950 1294 3004 habes
1322 2949 1501 3022 (Joan.
1533 2949 1676 3024 Vill),
1701 2959 1757 3006 et
1774 2949 2098 3020 huiusmodi.

696 3041 834 3108 Quia
865 3039 1065 3113 lingua.
1089 3039 1346 3109 Quamvis
1373 3041 1604 3097 Romani
1632 3049 1897 3114 quantum
1921 3042 1990 3098 ad
2017 3059 2076 3100 se
2103 3057 2204 3116 pro

621 3131 822 3187 tributo
847 3131 990 3202 quod
1009 3133 1323 3200 negabatur,
1349 3131 1403 3188 in
1429 3132 1764 3190 obsidionem
1793 3143 2078 3204 venerunt,
2112 3144 2194 3192 ta-

621 3237 745 3277 men
773 3223 1044 3294 praecipue
1070 3238 1218 3279 mors
1239 3223 1451 3278 Domini
1479 3240 1642 3281 causa
1677 3224 1798 3281 fuit.

691 3313 852 3370 Vens.
904 3315 957 3372 9.
990 3346 1059 3357 --
1084 3315 1313 3387 Agnitio.
1359 3318 1666 3388 Agnoscent
1711 3328 1934 3392 propter
1975 3328 2203 3394 peccata

620 3421 717 3462 sua
755 3407 861 3463 hoc
903 3406 1212 3477 emtigisse,
1247 3406 1481 3465 velante
1522 3409 1710 3466 oculos
1750 3411 1952 3470 mentis
1991 3429 2207 3486 semper

617 3505 843 3568 peccata
868 3513 966 3554 sua
986 3499 1279 3556 habebunt.

699 3585 792 3643 Vae
813 3589 1002 3643 anima:
1023 3603 1221 3644 eorum.
1259 3587 1381 3660 (In.)
1415 3587 1560 3645 LXX
1589 3607 1603 3645 :
1641 3587 1733 3646 Vte
1763 3593 1957 3648 anima:
1997 3609 2203 3664 eorum,

619 3678 868 3749 quoniam
907 3679 1252 3748 cogitaverunt
1282 3678 1558 3734 consilium
1587 3684 1870 3752 pessimum
1906 3693 2092 3741 contra
2123 3703 2206 3743 se-

621 3771 898 3839 metipsos,
927 3769 1151 3825 dicentes
1177 3785 1196 3824 :
1227 3769 1514 3844 Alligemus
1551 3773 1782 3846 justum,
1825 3779 2079 3849 quoniam
2126 3781 2208 3836 in-

623 3861 768 3914 utilis
790 3871 864 3916 est
893 3861 1037 3916 nobis
1062 3861 1215 3936 (Sap.
1248 3863 1310 3935 ι).

694 3951 818 4022 (1ο.)
847 3950 1142 4008 Caveamus
1185 3969 1314 4025 ergo
1347 3969 1417 4012 ne
1460 3955 1630 4014 simus
1681 3966 1966 4018 exactores
2003 3960 2063 4017 in
2114 3977 2207 4034 pon'

622 4041 785 4113 pulo;
820 4057 890 4098 ne
900 4041 1058 4114 juxta
1086 4043 1309 4115 impium
1341 4045 1700 4119 Porphyrium
1722 4060 1984 4110 matronae
2003 4063 2060 4111 et
2083 4071 2205 4112 mu-

621 4135 783 4191 lieres
803 4135 910 4190 sint
937 4143 1122 4192 noster
1140 4146 1360 4194 senatus
1379 4179 1394 4205 ,
1423 4155 1542 4210 quae
1563 4139 1910 4199 dominentur
1942 4143 1997 4200 in
2021 4145 2204 4204 Eccle-

622 4227 738 4292 siis,
756 4237 812 4282 et
832 4227 900 4284 de
924 4227 1244 4285 sacerdotali
1264 4231 1435 4303 gradu
1452 4231 1608 4288 favor
1624 4231 1832 4304 judicet
1852 4232 2198 4292 feminarum.

691 4319 853 4376 Vens.
887 4319 972 4374 12.
997 4349 1070 4362 -
1091 4320 1160 4376 Et
1201 4322 1337 4376 uiam
1367 4340 1669 4394 gressuum,
1706 4333 1810 4381 etc.
1843 4323 1966 4399 (10.)
2003 4325 2095 4383 [lle
2119 4335 2203 4384 est

621 4425 750 4480 ergo
783 4412 970 4467 doctor
1005 4412 1426 4482 ecclesiasticus,
1461 4425 1591 4483 etc.,
1627 4433 1798 4489 usque
1833 4416 1904 4472 ad
1937 4417 2006 4476 de
2051 4434 2198 4492 qua:

625 4499 740 4570 Ego
766 4517 882 4555 sum
907 4504 1012 4570 via,
1045 4505 1251 4568 ueritas,
1278 4515 1326 4559 et
1353 4507 1455 4561 vita
1483 4506 1665 4578 (Joan.
1692 4507 1828 4581 xlv).

695 4589 858 4646 Vens.
885 4592 971 4647 15.
996 4624 1068 4634 -
1095 4593 1212 4650 Stat
1238 4595 1306 4649 ad
1330 4595 1699 4667 iudicandum.
1734 4597 1857 4672 (10.)
1888 4599 2007 4657 Jam
2043 4605 2203 4674 quasi
2227 4637 2285 4700 Β
2307 4594 2615 4668 Ριυΐθιίῑθτν
2650 4595 2776 4666 (illia
2801 4594 2957 4667 Plura
2988 4603 3112 4651 sum
3129 4594 3289 4660 dona,
3455 4584 3651 4700 5PM“?
3667 4583 3771 4700 TI}:

625 4683 823 4748 iratus,
853 4691 984 4750 etc.,
1023 4699 1185 4756 usque
1222 4687 1292 4739 ad
1330 4695 1518 4742 contra
1551 4689 1824 4760 principes
1844 4699 1898 4746 et
1919 4693 2203 4766 presbyte-

622 4788 714 4828 ros
744 4774 887 4828 venit
911 4782 967 4828 ut
982 4772 1207 4844 judicet,
1235 4777 1369 4834 dans
1395 4779 1473 4834 eis
1499 4779 1674 4836 locum
1697 4781 2047 4841 defensionis.

690 4865 856 4922 Vens.
902 4865 1087 4921 M.—
1126 4866 1222 4923 Vos
1277 4871 1412 4925 enim
1454 4873 1674 4944 depasti.
1728 4873 1851 4948 (1b.)
1898 4875 2044 4933 Reor
2097 4877 2205 4936 hoc

619 4955 788 5014 fuisse
827 4960 967 5014 inter
996 4973 1154 5015 senes
1185 4967 1240 5015 et
1276 4961 1550 5033 principes
1591 4966 1792 5022 veteris
1815 4968 2031 5038 populi,
2057 4969 2203 5041 quod

623 5049 766 5103 inter
791 5049 1128 5121 presbyteros
1155 5057 1209 5104 et
1229 5050 1510 5122 episcopos
1535 5055 1702 5110 nostri
1732 5057 2013 5128 temporis.

705 5139 916 5193 Vineam
932 5155 1118 5194 meam.
1135 5140 1259 5215 (ln.)
1285 5139 1504 5197 Vineam
1520 5144 1586 5199 de
1605 5143 1840 5218 Egypto
1852 5147 2192 5205 transtulisti.

632 5230 794 5286 Vinea
810 5231 1020 5286 Domini
1035 5229 1265 5288 Sabaoth
1292 5234 1478 5289 domus
1501 5233 1671 5292 Israel
1691 5246 1767 5292 est
1789 5234 1962 5309 (Psal.
1983 5239 2194 5312 LXXIX).

697 5321 853 5376 Vens.
881 5322 968 5377 15.
997 5353 1070 5364 --
1099 5322 1274 5390 Quare
1310 5326 1533 5380 atteritis
1559 5327 1808 5398 populum
1839 5331 2051 5384 meum?
2083 5330 2196 5387 No-

622 5416 721 5472 stri
748 5430 960 5486 quoque
983 5415 1274 5487 principes,
1301 5426 1429 5485 etc.,
1457 5433 1617 5489 usque
1629 5418 1698 5473 ad
1716 5433 1844 5475 suas
1864 5419 1950 5476 vel
1973 5435 2197 5479 suorum

621 5509 838 5565 divitias
864 5521 982 5563 esse
1004 5507 1228 5564 faciunt.

693 5598 856 5654 Vens.
885 5598 968 5654 16.
996 5629 1064 5639 -
1091 5597 1200 5651 Pro
1239 5615 1296 5652 eo
1339 5600 1476 5669 quod
1500 5599 1732 5655 elevatae.
1765 5601 1878 5658 Hoc
1903 5603 1971 5660 ad
1993 5619 2193 5662 uxores

620 5691 934 5750 Scribarum
976 5699 1030 5746 et
1069 5689 1465 5745 Pharisaeorum
1511 5693 1798 5764 praecipue,
1847 5703 1904 5750 et
1953 5696 2021 5751 ad
2059 5696 2192 5752 alias

619 5797 834 5853 quoque
860 5788 1037 5853 potest
1063 5777 1256 5836 referri
1285 5796 1301 5834 :
1330 5780 1398 5835 ob
1423 5795 1652 5850 quarum
1685 5782 1908 5838 delicias
1927 5793 1983 5840 et
2004 5783 2190 5842 luxum

619 5871 724 5928 viri
745 5886 928 5938 earum
958 5883 1221 5945 pauperes
1245 5869 1631 5941 exspoliabant.
1659 5872 1737 5930 Ne
1762 5889 1822 5930 se
1842 5889 1972 5948 ergo
1989 5875 2190 5936 immu-

2306 2045 2362 2094 ει
2377 2047 2663 2185 5:23.22.
2687 2159 2756 2170 —-
2778 2127 3137 2184 Linteamina.
3180 2123 3384 2199 (litem)
3417 2122 3484 2183 Ut
3512 2122 3616 2181 latis
3644 2122 3685 2179 in
3709 2122 3778 2178 Do-

2308 2219 2456 2276 mino
2481 2219 2828 2291 perfruamur
2856 2219 3082 2276 deliciis.

2377 2309 2542 2366 Vens.
2573 2309 2665 2364 25.
2707 2340 2777 2351 -
2820 2307 3012 2365 Vittas.
3056 2305 3192 2378 Quae
3230 2308 3461 2366 animum
3495 2308 3587 2364 huc
3623 2305 3780 2376 illucque

2304 2399 2564 2457 ﬂuentem
2592 2399 2989 2472 constringunt.

2377 2493 2664 2548 Theristra.
2682 2491 2864 2547 Vestis
2882 2490 3166 2547 muliebris
3191 2488 3506 2556 tenuissima,
3527 2497 3574 2544 et
3587 2485 3692 2542 visui
3707 2499 3780 2555 per

2307 2586 2420 2652 via,
2452 2584 2629 2641 aestati
2655 2584 2866 2650 idonea,
2899 2591 2955 2640 et
2979 2582 3106 2640 inde
3138 2584 3441 2640 nominatur
3471 2598 3484 2637 :
3519 2579 3662 2636 theria
3689 2577 3779 2633 enim

2309 2688 2470 2736 aestas
2494 2679 2712 2735 dicitur.

2378 2773 2544 2828 Vens.
2575 2771 2665 2826 24.
2699 2802 2770 2812 -
2800 2768 2997 2825 Fascia
3023 2766 3277 2841 pectorali
3301 2765 3535 2823 cilicium.
3563 2761 3658 2831 Qua
3675 2758 3778 2816 casti-

2306 2872 2504 2936 gantur
2525 2864 2711 2930 ubera,
2733 2877 2800 2918 ne
2823 2861 3149 2917 exuberent.

2378 2953 2544 3010 Vens.
2585 2955 2675 3010 26.
2708 2985 2781 2996 -
2812 2955 2882 3009 Et
2915 2940 3204 3009 maerebant
3238 2961 3407 3024 atque.
3445 2948 3704 3018 Quicunque
3726 2941 3772 2995 1ο·

2309 3061 2434 3103 cum
2461 3061 2618 3100 suum
2645 3043 2858 3100 diabolo
2883 3043 3114 3110 dederit,
3149 3051 3206 3100 et
3230 3058 3326 3100 cor
3350 3055 3495 3098 suum
3517 3036 3638 3095 omni
3661 3041 3777 3092 custo-

2308 3137 2393 3194 dia
2424 3155 2532 3195 non
2559 3137 2884 3204 servaverit,
2933 3134 3194 3208 lugebunt
3217 3142 3382 3208 portu
3405 3131 3531 3202 eius,
3559 3137 3606 3186 et
3629 3127 3778 3182 absente

2307 3244 2536 3300 slionso,
2559 3243 2774 3300 semper
2801 3227 2857 3284 in
2884 3225 3030 3283 luctu
3057 3225 3188 3295 erit,
3217 3233 3273 3283 et
3301 3236 3544 3281 corruens
3565 3220 3612 3276 in
3633 3215 3778 3290 pulvere

2306 3319 2537 3377 sedebit.

2376 3409 2649 3481 Lugebunt
2675 3417 2843 3481 portte
2868 3407 3000 3479 ejus,
3039 3416 3088 3463 et
3121 3405 3362 3464 desolata
3397 3405 3450 3460 in
3489 3411 3609 3458 terra
3637 3391 3778 3453 sede“!-

2307 3499 2720 3567 Metonomicos,
2744 3498 2979 3571 iudices,
3009 3513 3194 3572 reges,
3236 3497 3494 3570 principes
3516 3490 3595 3566 qui
3618 3486 3778 3568 soldum

2307 3593 2502 3652 sedere
2530 3593 2587 3650 in
2616 3601 2796 3666 porta.

2924 3728 3155 3787 CAPUT
3189 3728 3281 3786 IV.

2380 3861 2544 3918 Vens.
2573 3863 2627 3918 1.
2655 3892 2726 3904 -
2756 3861 2827 3918 Et
2854 3863 3238 3934 apprehendent
3265 3869 3468 3934 septem.
3498 3851 3666 3929 (Ηῐεκο)
3691 3846 3775 3904 Cum

2304 3951 2803 4010 Nabuchodonosor
2823 3950 3104 4010 Sedeciam
3126 3967 3327 4026 regem,
3352 3959 3475 4018 etc.,
3495 3959 3631 4018 usque
3649 3939 3699 3996 ad
3713 3939 3776 3993 hoc

2303 4042 2425 4102 loco
2451 4043 2634 4117 plures
2661 4058 2950 4115 possumus
2975 4043 3296 4117 intelligere.

2378 4136 2588 4209 Septem
2613 4135 2876 4193 mulieres.
2914 4135 3038 4210 (1b.)
3075 4135 3297 4209 Septem
3327 4133 3458 4190 (1011³
3485 4125 3678 4201 δῐθίτίι11³

2303 4233 2380 4289 cti
2405 4251 2419 4287 :
2450 4232 2680 4303 Spiritus
2701 4233 2970 4305 sapientia:
3003 4242 3051 4288 et
3080 4233 3387 4297 intellectus,
3425 4227 3610 4301 spiritus

2303 4333 2353 4380 et
2383 4300 2733 4394 fortitudinis,
2761 4300 2981 4396 spiritus
3012 4325 3244 4379 scientiae
3271 4333 3319 4378 et
3343 4300 3553 4393 pietatis,
3574 4321 3614 4368 et
3637 4300 3774 4377 term

2303 4431 2422 4470 eum
2444 4415 2675 4486 Spiritus
2697 4415 2898 4470 timoris
2924 4414 3155 4470 Domini.
3180 4413 3310 4481 Quae
3332 4408 3566 4466 mulieres
3583 4401 3769 4486 dicuntur.

2304 4504 2433 4575 quia
2473 4483 2630 4559 nemo
2667 4512 2958 4574 generatur
3001 4503 3134 4570 Deo,
3177 4503 3283 4558 nisi
3319 4515 3412 4573 per
3447 4492 3702 4566 Spiritum:
3737 4483 3772 4532 ει

2385 4687 2585 4744 Panem
2601 4661 2867 4744 nostrum.
2903 4686 3072 4744 Panis
3099 4694 3285 4742 noster
3309 4680 3538 4740 Christus
3567 4679 3650 4736 est,
3676 4661 3772 4730 τίνει

2312 4780 2378 4837 de
2405 4781 2587 4837 radice
2613 4780 2784 4848 Jesse,
2823 4789 2879 4836 et
2918 4779 3048 4848 ﬂos;
3086 4780 3367 4836 mulierum
3404 4771 3544 4847 Pani“
3564 4759 3768 4860 meris?

2309 4872 2449 4928 sicut
2485 4882 2539 4928 et
2572 4871 2800 4939 Christi,
2836 4873 2928 4942 qui
2957 4872 3034 4927 ait
3070 4890 3086 4927 :
3130 4869 3280 4927 Heus
3301 4867 3437 4923 cibus
3461 4871 3556 4925 est,
3577 4865 3622 4912 ut
3642 4852 3768 4922 [πίοι

2309 4963 2626 5020 uoluntatem
2642 4962 2822 5019 Patris
2847 4965 2950 5020 mei
2978 4963 3159 5035 (Joan.
3187 4961 3284 5036 tv).
3313 4958 3499 5015 Panem
3519 4957 3696 5008 nostrum
3714 4951 3768 4991 ιο·

2311 5059 2596 5124 medemus,
2627 5073 2824 5129 corpus
2847 5056 3071 5114 Christi.

2369 5150 2699 5207 Vestimentis
2714 5128 2902 5206 nostris
2918 5149 3226 5220 operiemur.
3239 5128 3763 5224 Ornamentisvirlnf‘"?

2364 5240 2640 5298 Invocetur
2651 5257 2836 5297 nomen
2847 5217 3014 5296 tuum.
3027 5239 3070 5295 A
3084 5239 3297 5296 Christo
3309 5235 3532 5293 dicamur
3540 5217 3762 5281 Christiani-

2361 5333 2530 5404 Aufer
2547 5334 2898 5406 opprobrium.
2917 5332 3070 5400 Quod
3089 5331 3322 5402 patimur
3339 5343 3368 5382 a
3387 5319 3562 5381 Iudaeis
3586 5310 3762 5406 ωηιξιρ

2305 5424 2425 5482 sine
2447 5393 2589 5492 'Deo;
2609 5393 2741 5492 etc.,
2767 5393 3031 5496 usquewad
3069 5393 3210 5495 saepe
3249 5412 3678 5492 cogamurmutare
3698 5393 3761 5446 δο-

2305 5515 2546 5588 spitium.

2375 5569 2557 5676 ecfer.
2606 5604 2740 5674 Quia
2780 5613 3104 5676 consurgent
3141 5610 3324 5660 contra
3363 5587 3630 5666 sapien‘i’m

2306 5669 2587 5762 doctrinae,
2617 5669 2671 5753 et
2697 5705 2887 5753 contra
2914 5669 3140 5752 caeteras
3169 5693 3427 5754 mulieres,
3462 5683 3508 5738 id
3537 5683 3619 5736 est,
3643 5669 3758 5762 virtu-

2303 5797 2424 5846 tes:
2455 5759 2743 5861 unicuique
2770 5803 2928 5844 suum
2957 5787 3185 5859 insurgit
3210 5777 3532 5842 contrarium,
3571 5770 3666 5821 αιω
3692 5759 3756 5807 ω’

2299 5896 2430 5938 men
2455 5894 2643 5940 earum
2671 5878 2820 5939 falsa:
2841 5879 3070 5938 virtutes
3097 5874 3404 5950 subripiunt.
