4028 6332
252 432 403 491 1241

1293 442 1562 502 GLOSSA
1595 443 1991 503 ORDINARIA.
2028 479 2098 491 --
2131 450 2257 507 LIB.
2298 448 2526 512 rsum.

3367 464 3508 523 1242

338 550 502 606 Vens.
532 549 587 607 5.
611 580 683 593 —
708 551 937 623 Nubem,
958 555 1013 613 id
1036 566 1139 626 est,
1163 558 1625 652 obumbrationem
1658 562 1833 635 Spiri-
1858 567 1915 628 Α
2011 563 2170 623 Vens.
2204 567 2289 623 l7.
2315 596 2388 612 --
2408 568 2477 624 Et
2505 581 2783 642 pascentur
2824 577 2969 646 agni.
3000 575 3125 652 (10.)
3145 574 3306 637 Juxta
3342 583 3511 640 histo-

250 650 377 707 tus,
416 640 470 696 in
496 643 768 712 prosperis
795 658 864 700 ne
892 645 1190 716 eleventur,
1222 648 1363 705 sicut
1387 649 1515 708 ﬁliis
1541 651 1707 708 Israel
1735 668 1835 708 nu-

247 730 361 787 bes
387 731 443 785 in
469 731 555 786 die
582 740 720 799 erat,
754 733 891 804 ignis
920 736 976 790 in
1004 746 1179 793 nocte.

328 819 403 874 Et
428 820 663 891 fumum,
689 832 795 880 etc.
826 824 1029 899 (litem)
1056 826 1247 883 Unde:
1281 830 1481 887 Domus
1512 832 1725 906 impleta
1753 842 1831 889 est

1934 654 2073 710 riam
2096 655 2237 713 idem
2262 667 2347 714 est
2371 661 2513 730 quod
2540 677 2723 734 supra,
2761 666 3034 736 regionem
3066 678 3301 727 vestram
3347 674 3506 731 alieni

1933 744 2194 801 devorant
2220 762 2404 803 coram
2431 751 2604 807 vobis.

2000 835 2224 892 Adventu
2252 857 2266 892 :
2296 839 2796 910 Aufereturavobis
2840 863 3056 917 regnum
3100 849 3222 919 Dei,
3273 860 3379 909 etc.
3432 855 3508 911 De

247 912 406 983 fumo
423 911 619 985 (Exod.
634 916 787 989 xm);
819 925 875 973 et
897 919 1026 975 alibi
1052 937 1067 975 :
1096 918 1200 987 Qui
1220 924 1387 994 tangit
1412 935 1633 994 montes,
1659 935 1710 981 et
1738 925 1827 995 [ιι-
1931 934 2045 984 ιοιο
2062 929 2207 984 enim
2228 930 2360 986 orbe
2376 943 2719 1006 congregata,
2744 944 2874 1004 etc.,
2895 911 3059 1011 usque
3081 942 3151 996 ad
3176 911 3234 997 ut
3253 942 3369 1000 loca
3395 954 3509 1002 tau-

244 1007 456 1077 migant
488 1007 659 1080 (Psal.
689 1012 829 1081 cm).

324 1098 498 1171 Super
525 1118 727 1158 omnem
755 1106 912 1163 enim.
950 1106 1173 1165 Plurimi
1195 1108 1528 1180 Iudaeorum,
1557 1119 1694 1180 etc.,
1740 1130 1831 1171 us-

237 1208 353 1262 que
385 1194 455 1248 ad
484 1210 583 1252 nos
614 1206 793 1255 autem
822 1200 889 1257 ad
917 1202 1152 1272 primum
1181 1203 1382 1263 Christi
1411 1207 1726 1264 adventum.

876 1333 1103 1392 CAPUT
1140 1335 1207 1393 V.

317 1461 482 1519 Vens.
524 1466 577 1521 1.
613 1497 682 1508 -
711 1468 944 1524 Cantabo
983 1470 1172 1527 dilecto
1199 1513 1216 1540 ,
1254 1481 1358 1530 etc.
1401 1474 1643 1547 (litem)
1685 1476 1826 1533 Can-

238 1552 417 1609 ticum
448 1555 736 1626 aliquando
760 1560 813 1614 in
842 1559 1047 1628 laetitia,
1087 1562 1375 1633 aliquando
1403 1566 1456 1621 in
1488 1567 1728 1635 tristitia,
1765 1576 1825 1624 ut

237 1644 372 1755 20c,
397 1647 600 1704 scilicet
619 1652 762 1721 quod
783 1651 872 1708 ille
886 1656 1216 1727 composuit,
1234 1658 1528 1727 quividens
1547 1660 1823 1743 civitatem
1925 1686 2115 1733 comm
2148 1644 2361 1738 ιυδωοε
2406 1644 2835 1755 qgi‘

228 1730 409 1803 'ﬂcvit,
427 1738 612 1799 dicens
631 1758 643 1794 :
661 1740 799 1806 Quia
811 1743 855 1796 si
869 1746 1194 1813 cognovisses
1218 1755 1269 1800 et
1292 1756 1367 1813 tu,
1387 1756 1491 1803 etc.
1511 1747 1662 1820 (Luc.
1682 1733 1821 1821 xix).

310 1827 478 1885 Vens.
518 1830 571 1885 2.
596 1863 668 1873 —
701 1832 919 1889 Vineam
946 1836 1182 1892 electam.
1210 1838 1333 1911 (10.)
1368 1840 1486 1896 Alia
1522 1843 1707 1909 editio,
1735 1843 1819 1898 vi-

230 1932 399 1974 neam
421 1919 608 1987 Sorec,
631 1924 775 1994 quod
801 1932 886 1980 est
914 1941 1084 1997 genus
1115 1929 1239 1984 vitis
1265 1931 1502 2001 optimm,
1532 1934 1820 1991 uberrima:

231 2010 515 2078 perpetuis
548 2009 843 2082 fructibus;
877 2023 1068 2072 cuncta
1111 2033 1230 2090 qua:
1256 2018 1322 2075 de
1353 2019 1505 2077 vinea
1542 2022 1817 2092 dicuntur,

233 2103 309 2158 ad
347 2112 547 2160 statum
585 2107 779 2164 animae
818 2111 1146 2177 referuntur,
1194 2129 1313 2184 quae
1353 2130 1382 2169 a
1430 2114 1541 2171 Deo
1577 2116 1815 2186 plantata

236 2207 347 2248 non
373 2194 553 2250 attulit
572 2212 723 2263 uvas,
755 2200 847 2254 sed
873 2199 1148 2257 labruscas
1171 2216 1187 2257 :
1214 2212 1269 2258 et
1294 2206 1490 2261 tradita
1520 2215 1604 2261 est
1627 2208 1816 2265 bestiis

232 2283 621 2351 conculcanda,
668 2303 771 2345 nec
809 2289 1038 2347 imbrem
1075 2291 1334 2351 doctrinae
1372 2297 1640 2368 suscepit,
1684 2300 1813 2368 quia

232 2372 374 2427 dona
401 2378 674 2446 prmterita
703 2382 1043 2455 contempsit.

304 2462 470 2521 Vens.
506 2466 560 2521 5.
594 2499 664 2509 -
700 2468 860 2525 Nunc
884 2488 1004 2543 ergo
1032 2474 1365 2542 habitatores,
1403 2484 1510 2533 etc.
1548 2476 1812 2535 Similiter

231 2557 445 2616 Nathan
480 2562 648 2619 David
682 2564 999 2640 interrogat,
1031 2578 1088 2625 ut
1117 2572 1183 2628 de
1209 2585 1267 2627 se
1296 2579 1554 2643 tanquam
1599 2575 1666 2631 de
1701 2574 1808 2631 alio

232 2657 555 2711 sententiam
588 2657 847 2729 proferat.

300 2746 462 2805 Vens.
498 2750 554 2805 4.
581 2783 653 2793 -
672 2752 755 2808 Αη
778 2755 918 2826 quod
947 2759 1259 2827 exspectavi,
1282 2759 1430 2814 etc.?
1463 2758 1576 2815 Hoc
1613 2775 1806 2817 secun-

228 2840 356 2894 dum
392 2842 654 2911 quosdam
695 2860 857 2915 supra
895 2848 1035 2916 apud
1075 2863 1133 2903 se
1170 2849 1326 2916 dixit,
1366 2850 1454 2906 hic
1496 2865 1626 2907 vero
1661 2853 1803 2924 quod

228 2931 580 3000 cogitaverat,
620 2932 754 2988 alios
783 2934 1096 3006 interrogat.

299 3020 466 3075 Vens.
490 3019 708 3075 5.—Et
732 3039 870 3077 nunc
894 3025 1161 3079 ostendam
1187 3027 1346 3082 vobis.
1375 3027 1539 3096 Quasi
1565 3030 1798 3086 diceret:

228 3110 365 3177 Quia
405 3126 513 3167 non
550 3112 715 3170 vultis
751 3116 1107 3185 respondere,
1159 3133 1287 3189 ergo
1328 3120 1665 3190 respondebo
1701 3136 1801 3192 pro

229 3202 398 3258 vobis.

1930 1031 2115 1073 rorum
2144 1029 2469 1090 occuparent
2499 1024 2644 1094 agni.

2000 1116 2163 1173 Vens.
2193 1118 2279 1174 l8.
2305 1150 2378 1160 —
2411 1118 2502 1176 Va:
2536 1125 2624 1194 qui
2660 1126 2889 1181 trahitis.
2940 1126 3069 1186 Hatc
3117 1132 3187 1189 ad
3236 1134 3507 1206 principes

1926 1203 2250 1273 Iudaeorum,
2272 1217 2403 1277 etc.,
2426 1228 2588 1283 usque
2607 1214 2677 1269 ad
2695 1217 3155 1278 anathematizant
3175 1203 3503 1283 vocabulum

1927 1299 2380 1361 Christianorum.

1996 1394 2065 1450 In
2087 1396 2336 1467 funiculis
2365 1399 2627 1456 vanitatis.
2653 1401 2778 1476 (10.)
2808 1402 2870 1461 1n
2902 1406 3099 1477 quibus
3142 1420 3319 1479 erant,
3369 1421 3500 1481 etc.,

1924 1503 2087 1559 usque
2108 1489 2177 1544 ad
2210 1498 2464 1561 tanquam
2494 1493 2835 1553 solidissimis
2855 1498 3085 1557 vinculis
3104 1508 3370 1559 tenemur.

1995 1587 2157 1643 Vens.
2189 1589 2273 1645 19.
2298 1621 2369 1631 -
2395 1589 2486 1647 Vt:
2504 1596 2593 1664 qui
2620 1595 2815 1651 dicitis.
2867 1598 2993 1672 (10.)
3027 1600 3140 1659 Hoc
3194 1604 3505 1674 specialiter

2884 1691 3182 1763 elegerunt,
3228 1696 3503 1755 Christum

1925 1769 2451 1841 condemnaverunt;
2482 1778 2804 1847 generaliter
2819 1781 2885 1836 ad
2900 1797 3088 1839 omnes
3116 1786 3209 1856 qui
3231 1787 3494 1858 injustum

1916 1858 2238 1930 justiiicant,
2281 1863 2487 1933 justum
2538 1869 2915 1926 condemnant.
2968 1872 3191 1942 Malum,
3240 1878 3500 1946 tenebras,

1923 1969 2184 2020 amarum,
2212 1955 2268 2009 in
2298 1956 2459 2010 simili
2481 1957 2875 2027 significatione
2907 1970 2962 2017 et
2992 1963 3161 2032 ﬁgura
3201 1976 3497 2035 ponuntur.

1915 2044 1976 2103 In
2017 2046 2256 2105 Barraha
2305 2048 2577 2107 diabolum
2611 2051 2982 2124 intelligimus,
3016 2056 3083 2113 de
3121 2072 3227 2129 quo
3259 2073 3273 2112 :
3310 2058 3501 2117 Libera

1919 2157 2011 2195 nos
2038 2158 2069 2195 a
2094 2141 2254 2197 malo.

1986 2238 2150 2295 Vens.
2179 2240 2271 2294 21.
2299 2271 2370 2281 —
2407 2241 2500 2296 Vw
2524 2244 2617 2314 qui
2638 2246 2894 2315 sapientes
2915 2249 3058 2302 estis.
3115 2249 3374 2319 Despecta
3403 2252 3498 2307 Dei

1914 2328 2196 2399 Sapientia,
2217 2339 2347 2397 etc.,
2365 2349 2528 2404 usque
2548 2334 2617 2387 ad
2639 2350 2739 2391 nec
2756 2336 2962 2392 intrant
2986 2338 3055 2394 ad
3071 2337 3368 2409 Christum,
3396 2358 3497 2400 nec

1912 2424 2232 2493 permittunt
2257 2424 2481 2481 intrare.

1981 2525 2144 2581 Vens.
2174 2524 2264 2580 22.
2293 2556 2364 2565 —
2405 2525 2743 2583 Ebrietatem.
2794 2528 2992 2585 Vinum
3042 2532 3285 2588 continet
3335 2547 3500 2589 omne

1908 2614 2121 2670 vitium.
2168 2614 2417 2671 Ebrietas
2470 2616 2622 2691 (quae
2677 2617 2943 2676 Hebraice
2993 2623 3181 2696 sicera)
3230 2624 3496 2694 signiﬁcat

1908 2707 2089 2761 omnia
2111 2723 2232 2777 qua:
2258 2716 2458 2763 statum
2480 2712 2676 2767 mentis
2701 2722 2971 2770 evertunt.
3029 2715 3110 2771 Ex
3159 2718 3492 2774 abundantia

1904 2798 2061 2868 panis
2086 2806 2141 2852 et
2164 2798 2274 2853 vini
2296 2809 2576 2868 peccatum
2602 2801 2961 2859 Sodomorum
2990 2807 3182 2862 crevit.

1976 2902 2139 2957 Vens.
2167 2902 2259 2958 25.
2281 2934 2353 2944 —
2382 2902 2485 2969 Qui
2506 2904 2815 2975 justiﬁcati's
2844 2907 3063 2979 impium
3110 2926 3204 2981 pro
3253 2913 3494 2967 muneri-

1906 2993 2019 3047 bus.
2061 2992 2233 3061 Supra
2259 2993 2459 3049 dictum
2482 3005 2585 3062 est,
2617 2998 2741 3065 quia
2766 3013 2864 3067 pro
2891 2999 3011 3055 uvis
3041 3001 3336 3057 attulerunt
3382 3004 3494 3073 spi-

1905 3101 2024 3152 nas,
2052 3095 2107 3141 et
2128 3087 2330 3152 fenum,
2359 3096 2414 3141 et
2441 3088 2606 3159 ligna,
2641 3097 2695 3143 et
2715 3090 2968 3159 stipulas,
3006 3101 3062 3147 et
3089 3108 3282 3163 vepres
3337 3112 3492 3151 arsu-

1906 3191 2016 3243 ros,
2043 3177 2170 3247 quia
2200 3194 2307 3233 non
2333 3187 2543 3233 tantum
2578 3180 2680 3235 ista
2727 3179 2997 3248 fecerunt,
3059 3185 3155 3239 sed
3200 3196 3256 3240 et
3313 3186 3491 3259 legem

295 3256 568 3362 Auferam,
594 3302 700 3351 etc.
730 3294 801 3351 Ut
821 3296 1027 3353 scilicet
1053 3298 1145 3369 qui
1175 3299 1343 3355 Deum
1375 3314 1485 3355 non
1515 3309 1803 3357 senserunt
1826 3256 1877 3321 Ο
1904 3264 2238 3369 abitammnj’
2264 3268 2619 3369 31°10“.in
2669 3270 2767 3326 Dei
2814 3271 3345 3369 “aste'EmF‘W‘i'
3376 3256 3390 3259 ἡ
3412 3277 3493 3369 ⁸

225 3394 321 3451 per
343 3382 627 3451 beneficia,
658 3386 899 3441 sentiant
926 3388 1034 3458 {per
1062 3389 1322 3460 supplicia
1341 3430 1356 3458 ,
1387 3399 1444 3446 et
1473 3391 1595 3447 ideo
1626 3391 1802 3447 mina-

226 3480 314 3528 tur
339 3489 577 3544 pcenam,
599 3485 661 3531 ut
683 3486 1068 3533 convertantur
1088 3480 1155 3534 ad
1174 3481 1570 3551 ptenitentiam.

294 3563 457 3620 Vens.
491 3566 543 3621 6.
566 3596 640 3607 —
660 3566 732 3621 Et
760 3567 1002 3623 nubibus.
1042 3567 1165 3641 (10.)
1204 3569 1333 3638 Qua:
1357 3572 1457 3628 sub
1492 3571 1629 3639 Elia,
1662 3582 1796 3642 etc.,

224 3672 382 3727 usque
409 3657 479 3710 ad
514 3658 727 3728 quando
764 3673 863 3714 nec
891 3660 1180 3731 prophetas
1212 3662 1539 3731 habuerunt,
1578 3672 1634 3721 et
1672 3681 1798 3737 apo-

225 3745 391 3802 stolos
413 3747 750 3817 repulerunt.

296 3837 452 3920 Vens.
484 3840 535 3894 7.
555 3840 845 3897 —Domus
884 3841 1077 3910 Israel,
1109 3850 1216 3901 etc.
1253 3845 1378 3918 (10.)
1408 3846 1489 3904 Ex
1523 3865 1631 3920 quo
1658 3850 1793 3906 divi-

224 3944 338 3985 sum
363 3912 450 3986 est
477 3946 721 4004 regnum,
748 3941 878 4003 etc.,
902 3951 1065 4007 usque
1095 3936 1165 3991 ad
1192 3912 1319 4007 quia
1345 3912 1593 3998 Christus
1617 3957 1685 3998 ex
1711 3942 1791 3999 eis

224 4030 379 4077 natus
403 4030 504 4077 εει.

289 4108 421 4167 Ecce
462 4111 680 4168 clamor.
730 4113 848 4180 Quo
890 4114 1218 4174 vociferatus
1254 4125 1341 4174 est
1381 4127 1569 4176 contra
1606 4121 1790 4178 Domi-

222 4217 344 4258 num
364 4212 420 4259 et
440 4203 716 4272 clamavit,
745 4205 966 4262 dicens:
992 4205 1159 4275 Tolle,
1188 4207 1338 4276 tolle,
1366 4210 1651 4283 cruciﬁge;
1678 4211 1784 4280 vel,

223 4294 505 4350 clamorem
547 4311 647 4367 pro
673 4294 883 4365 justitia
923 4297 1197 4369 fecerunt,
1234 4302 1359 4373 quia
1390 4302 1669 4360 Christum
1704 4306 1788 4362 in-

224 4386 561 4455 terfecerunt,
622 4387 777 4459 cujus
828 4391 1045 4463 sanguis
1096 4392 1294 4449 clamat
1342 4394 1413 4451 ad
1453 4397 1783 4454 Dominum:

232 4478 338 4535 Vox
364 4482 575 4552 sanguis
602 4466 786 4551 'fratris
810 4483 887 4538 tui
910 4482 1039 4539 Abel
1078 4484 1272 4541 clamat
1311 4486 1383 4542 ad
1425 4504 1506 4543 me
1540 4489 1606 4542 de
1645 4497 1785 4543 terra

223 4568 368 4643 (Gen.
392 4571 493 4641 IV).

287 4656 448 4713 Vens.
480 4658 534 4713 8.
554 4687 626 4699 —
656 4656 746 4714 Vte
770 4662 859 4730 qui
883 4662 1215 4733 conjungitis.
1245 4662 1358 4719 Hoc
1379 4664 1689 4736 specialiter
1714 4670 1786 4726 ad

221 4750 424 4808 Iudaeos
444 4751 537 4822 qui
560 4751 894 4819 avarissimi,
922 4761 1051 4821 etc.,
1082 4770 1244 4827 usque
1271 4757 1340 4810 ad
1368 4758 1539 4815 donec
1565 4759 1785 4819 deﬁciat

221 4851 377 4911 terra,
406 4860 598 4902 sensus
625 4844 851 4914 scilicet,
878 4855 934 4903 et
962 4862 1141 4905 sermo
1162 4850 1453 4909 humanus.

285 4935 444 4991 Vens.
473 4935 526 4991 9.
553 4960 625 4976 —-
655 4934 725 4990 In
762 4937 998 4992 auribus.
1046 4937 1171 5011 (10.)
1212 4939 1379 5007 Quasi
1421 4942 1627 4999 diceret
1654 4960 1781 5017 pro-

220 5029 405 5100 pheta:
431 5027 557 5084 Haec
585 5028 748 5084 verba
778 5028 1124 5087 interioribus
1158 5032 1381 5089 auribus
1416 5034 1615 5102 audivi,
1658 5051 1778 5107 quze

220 5130 333 5177 sunt
350 5119 561 5175 Domini
583 5120 939 5177 exercituum.

285 5207 401 5263 Nisi
430 5209 635 5276 domus,
662 5220 767 5265 etc.
805 5211 1006 5283 Pompa
1032 5212 1257 5281 scilicet,
1290 5224 1346 5271 et
1367 5224 1637 5275 structura
1666 5221 1775 5277 ha:-

221 5298 520 5368 reticorum,
551 5317 714 5374 usque
738 5302 807 5356 ad
828 5303 919 5374 qui
946 5304 1015 5360 ad
1041 5309 1499 5378 comparationem
1523 5312 1777 5384 multipli-

218 5392 290 5450 cis
311 5392 515 5449 numeri
540 5395 737 5452 unione
760 5397 1168 5470 constringitur.

279 5483 432 5540 Vens.
476 5487 562 5542 10.
600 5517 670 5527 -
702 5487 889 5544 Decem
928 5491 1064 5546 enim
1099 5491 1310 5563 jugera.
1342 5494 1464 5568 (10.)
1503 5496 1774 5558 Sterilitas

218 5585 383 5643 terrae,
408 5592 527 5648 quas
552 5579 917 5649 captivitatem
944 5592 1196 5638 secutura
1222 5592 1327 5653 est,
1353 5589 1678 5645 ostenditur.

281 5665 434 5722 Vens.
474 5668 559 5723 ll.
583 5699 654 5709 —
686 5668 777 5725 Va:
819 5673 908 5743 qui
952 5677 1285 5746 consurgitis.
1328 5676 1491 5745 Quasi
1523 5682 1768 5741 dideret:

218 5758 493 5831 Captivitas
517 5763 779 5832 imminet,
804 5774 935 5836 etc.,
964 5784 1125 5841 usque
1150 5769 1219 5825 ad
1247 5786 1352 5828 non
1381 5773 1685 5848 intelligunt
1714 5777 1771 5833 in

222 5866 273 5917 se
294 5868 447 5933 opera
477 5855 709 5916 Domini.

1902 3357 2133 3428 quibus:
2163 3357 2242 3414 De
2267 3358 2399 3415 Sion
2413 3361 2571 3416 exibit
2594 3360 2701 3429 lex,
2749 3372 2797 3417 et
2819 3362 3032 3418 verbum
3053 3363 3270 3420 Domini
3295 3367 3359 3420 de
3391 3366 3488 3422 Je-

1900 3449 2151 3506 rusalem.

1969 3541 2133 3599 Vens.
2154 3543 2245 3599 24.
2272 3575 2343 3586 -
2364 3543 2543 3602 Radix
2570 3563 2770 3603 eorum.
2807 3546 2931 3619 (10.)
2984 3546 3162 3605 Prava
3206 3550 3486 3624 cogitatio,

1862 3656 1865 3657 '
1896 3661 1965 3701 ex
1991 3661 2097 3717 qua
2123 3647 2367 3717 procedit
2390 3661 2527 3718 opus
2561 3657 2821 3719 tanquam
2847 3665 3091 3722 germen.

1965 3744 2130 3801 Vens.
2180 3744 2517 3801 25.—-Ideo
2565 3748 2753 3802 iratus.
2814 3747 2938 3819 (10.)
2995 3748 3299 3807 Notandum
3340 3752 3487 3823 quod

1891 3852 2002 3892 non
2046 3835 2340 3906 exprobrat
2383 3834 2743 3891 idololatriam
2766 3844 2821 3892 et
2850 3846 3045 3893 caatera
3086 3849 3335 3909 peccata,
3388 3841 3485 3897 sed

1892 3928 2039 3999 quod
2064 3927 2386 3999 abiecerunt
2415 3927 2590 3999 legem
2620 3928 2923 4001 Evangelii,
2969 3940 3025 3986 et
3070 3930 3482 4002 blasphemave-

1889 4028 2016 4077 runt
2045 4027 2292 4077 sanctum
2325 4034 2636 4075 sermonem
2659 4019 2874 4075 Domini
2914 4038 2927 4075 :
2961 4020 3058 4092 qui
3087 4021 3260 4078 iratus
3302 4022 3485 4080 fuerat

1888 4120 2078 4182 contra
2103 4108 2375 4182 principes
2404 4115 2459 4163 et
2486 4116 2755 4179 potentes,
2781 4110 2874 4180 qui
2900 4117 3057 4165 erant
3080 4111 3349 4181 sapientes
3374 4111 3482 4169 sibi

1886 4209 1944 4258 et
1967 4215 2194 4256 munera
2239 4208 2557 4270 sequentes;
2586 4214 2720 4269 quos
2763 4199 3042 4254 devoravit
3084 4200 3265 4273 lingua
3312 4201 3475 4273 ignis,

1884 4302 1946 4350 ut
1972 4302 2219 4367 potentes
2246 4301 2496 4363 potenter
2520 4298 2792 4345 tormenta
2814 4289 3108 4360 patiantur.

1955 4385 2136 4439 Iratus
2156 4393 2251 4438 est.
2276 4380 2399 4452 (10.)
2429 4381 2547 4436 Non
2578 4381 2721 4451 quod
2747 4381 3000 4436 humanis
3026 4380 3303 4451 subjaceat
3340 4400 3471 4455 pas-

1888 4476 2160 4543 sionibus;
2192 4475 2284 4531 sed
2312 4474 2405 4545 qui
2438 4473 2821 4544 delinquimus,
2871 4474 2977 4530 nisi
3022 4474 3310 4533 Dominum
3363 4479 3473 4535 ira-

1890 4578 2129 4627 scentem
2158 4568 2508 4635 audierimus,
2539 4582 2647 4622 non
2672 4567 2944 4624 timemus.

1958 4660 2029 4715 Et
2048 4661 2321 4733 percussit,
2348 4667 2452 4716 etc.
2476 4658 2681 4714 Futura
2710 4658 2865 4730 quasi
2890 4659 3166 4730 praeterita
3195 4660 3327 4718 dicit
3350 4676 3471 4733 pro-

1886 4751 2085 4823 phetali
2115 4750 2457 4806 certitudine.

1954 4854 2120 4911 Vens.
2144 4854 2233 4910 26.
2260 4883 2331 4894 —
2359 4852 2429 4908 Et
2453 4851 2681 4907 sibilabit
2700 4851 2769 4907 ad
2790 4868 2908 4908 eum
2952 4853 3017 4908 de
3057 4853 3248 4924 finibus
3287 4865 3465 4924 terrm,

1882 4954 1987 5003 etc.
2017 4943 2138 5016 (10.)
2170 4943 2381 4998 Hebraei
2402 4943 2548 4998 hunc
2584 4942 2761 4997 locum
2808 4942 2875 4998 de
2913 4942 3222 5015 Babyloniis
3268 4945 3464 5001 intelli-

1882 5044 2035 5109 gunt,
2077 5044 2211 5100 etc.,
2238 5049 2400 5105 usque
2421 5033 2489 5087 ad
2512 5031 2707 5088 aﬂ‘ectu
2735 5048 2794 5088 se
2811 5030 2991 5106 jungit
3016 5034 3230 5104 populo,
3258 5044 3312 5089 et
3339 5037 3417 5091 ait
3443 5052 3458 5091 :

1951 5139 2117 5195 Vens.
2151 5136 2237 5193 '50.
2271 5168 2344 5178 —
2366 5136 2706 5208 Aspiciemus.
2741 5137 2856 5193 Non
2879 5137 2997 5192 ausi
3035 5135 3303 5207 respicere
3349 5155 3462 5195 εαξη

1880 5234 2011 5300 lum,
2049 5230 2202 5301 cujus
2247 5230 2605 5287 habitatorem
2655 5231 2823 5287 Deum
2876 5226 3213 5295 otl‘endimus,
3265 5239 3321 5287 et
3365 5232 3455 5288 lux

1879 5334 2086 5390 nostra,
2111 5339 2272 5394 quam
2293 5337 2506 5392 semper
2529 5323 2861 5379 habebamus
2892 5320 2946 5377 in
2990 5320 3120 5389 Deo,
3154 5322 3455 5381 tribulatio-

1878 5433 2008 5472 num
2033 5415 2260 5487 caligine
2281 5416 2566 5470 obscurata
2590 5423 2692 5471 est.

2483 5554 2709 5612 CAPUT
2747 5552 2834 5610 V1.

1948 5685 2111 5741 Vens.
2138 5688 2186 5741 1.
2208 5718 2279 5727 —
2304 5686 2371 5741 In
2401 5703 2559 5751 anno,
2589 5695 2693 5742 etc.
2729 5687 2935 5760 (Πιειι.)
2990 5687 3149 5746 Ozias
3199 5692 3314 5763 ipse
3364 5703 3449 5750 est

1872 5777 2116 5843 Azarias,
2148 5788 2278 5843 etc.,
2324 5795 2481 5848 usque
2524 5778 2592 5831 ad
2637 5779 2833 5837 cadens
2886 5781 2941 5836 in
2988 5781 3202 5850 faciem,
3232 5785 3445 5845 excelsa

1872 5884 2008 5927 voce
2031 5869 2229 5926 clamat
2254 5871 2320 5927 ad
2342 5870 2648 5930 Dominum.
