4028 6332
250 342 390 405 1245

1251 352 1514 415 GLOSSA
1550 356 1950 419 OBDINARIA.
1984 395 2057 407 —-
2095 365 2227 425 UB.
2267 367 2498 427 ISAIAS.

3362 381 3507 441 1246

248 465 701 559 quinquagesimo
716 481 846 527 vero
888 484 1030 527 anno
1052 478 1177 543 post
1214 472 1583 545 captivitatem
1614 476 1811 532 Roma-
1836 482 1885 547 Α
1913 495 2010 551 que
2040 481 2108 535 ad
2137 485 2279 554 quod
2317 484 2578 542 violenter
2627 503 2746 545 esse
2797 499 3045 549 exortum
3090 496 3266 559 etiam
3326 498 3506 559 stultis

248 572 462 614 norum.
489 554 1073 630 Prohibiti-enimsunt
1093 560 1319 632 publicis
1346 563 1552 635 legibus
1577 565 1848 625 Judaam‘
1914 582 2083 643 patet.
2164 553 2171 554 ί
3090 553 3097 561 ’

247 645 473 707 intrare.
1076 700 1081 705 ,

843 720 1073 781 CAPUT
1110 722 1220 781 V11.

315 834 482 895 Vm.
513 832 752 895 L—Et
791 837 991 910 factum
1032 848 1110 897 est
1154 840 1211 896 in
1252 838 1431 899 diebus
1460 843 1661 911 Achaz,
1702 854 1813 901 etc.

246 927 453 1005 (Ηιειι.)
484 928 614 998 Qua
641 931 839 1003 scripta
872 941 997 989 sunt
1033 947 1203 1005 usque
1237 934 1306 990 ad
1333 935 1477 991 hunc
1505 935 1685 992 locum
1714 936 1814 993 sub

244 1022 376 1080 Ozia
402 1032 459 1082 et
484 1023 715 1083 Joathan
743 1021 853 1082 ﬁlio
880 1025 1018 1095 ejus,
1044 1027 1161 1084 visa
1196 1036 1353 1096 sunt;
1391 1039 1690 1099 sequuntur
1713 1030 1813 1085 sub

241 1116 427 1177 Aehaz
450 1134 580 1193 rege
607 1120 947 1192 impiissimo,
977 1121 1071 1193 qui
1098 1137 1130 1177 a
1158 1122 1272 1179 Deo
1296 1123 1585 1181 derelictus
1613 1125 1681 1180 ab
1709 1124 1814 1180 ini-

241 1212 399 1271 micis
424 1222 781 1285 expugnatur.

312 1302 508 1359 Achaz.
548 1303 661 1372 Qui,
688 1304 884 1361 clausit
915 1302 1111 1373 januas
1151 1304 1334 1374 templi
1373 1314 1430 1362 et
1462 1306 1663 1362 Baalim
1708 1309 1810 1365 ad-

239 1395 434 1461 oravit,
463 1395 630 1453 ﬁlium
659 1412 813 1452 suum
840 1396 983 1451 idolo
1009 1396 1364 1475 consecravit,
1394 1396 1563 1453 altare
1599 1413 1809 1453 aneum

239 1486 482 1552 abstulit,
518 1497 573 1542 et
602 1488 773 1543 altare
816 1487 1077 1549 idolorum
1116 1485 1170 1541 in
1210 1487 1409 1556 templo
1440 1489 1640 1558 posuit.
1679 1486 1810 1544 Jure

236 1593 366 1650 ergo
393 1595 426 1633 a
452 1577 679 1633 Domino
705 1576 989 1635 derelictus
1014 1584 1129 1632 est:
1150 1576 1223 1631 Et
1250 1587 1590 1633 surrexerunt
1624 1578 1809 1633 adver-

234 1686 325 1725 sus
349 1686 467 1725 cum
495 1670 692 1725 inimici
716 1668 801 1741 (ΙΙ
831 1666 963 1724 Par.
988 1672 1205 1739 xxviii).

1987 662 2318 724 Emmanuel.
2366 666 2491 745 (11).)
2544 670 2772 740 Quidam
2822 672 3015 731 Isaiam
3057 677 3191 735 duos
3232 678 3370 736 ﬁlios
3407 680 3507 738 ha-

1912 756 2095 835 buisse
2123 759 2329 828 dicunt,
2376 774 2513 832 etc.,
2538 782 2700 838 usque
2726 766 2796 821 ad
2822 777 3044 843 propter
3070 785 3232 842 quam
3262 770 3503 831 Verbum

1914 863 2041 917 caro
2074 846 2276 906 factum
2302 861 2404 909 est.

1986 941 2149 996 Vsus.
2184 943 2269 999 15.
2298 974 2370 985 -
2403 944 2694 1016 chrobare
2739 948 2956 1007 malum.
3003 952 3124 1027 (11).)
3152 952 3314 1025 Quasi
3354 956 3504 1016 dice-

1912 1040 1995 1088 ret
2019 1051 2031 1087 :
2057 1032 2115 1089 ln
2143 1036 2339 1105 pannis
2364 1037 2604 1095 infantia
2632 1042 2839 1112 positus
2861 1042 3079 1103 habebit
3106 1046 3233 1109 boni
3266 1048 3502 1121 malique

1911 1124 2308 1182 discretionem.
2371 1126 2468 1185 His
2525 1131 2707 1187 verbis
2770 1134 3099 1206 percipimus
3165 1134 3497 1213 Salvatoris,

1910 1216 2193 1273 infantiam
2230 1219 2465 1276 divinam
2494 1221 2550 1277 in
2592 1238 2659 1280 eo
2684 1240 2791 1281 non
2839 1226 3102 1285 minuisse
3153 1229 3531 1303 sapientiam,‘

1909 1310 2157 1378 quamvis
2197 1311 2408 1367 dicatur
2445 1312 2633 1370 :Puer
2681 1326 2853 1371 autem
2899 1318 3199 1388 proﬁciebat
3244 1332 3396 1378 artato
3448 1332 3500 1380 et

1907 1399 2187 1468 sapientia,
2237 1410 2297 1456 ut
2327 1402 2528 1459 veritas
2572 1405 2791 1461 humani
2840 1409 3085 1477 corporis
3128 1410 3495 1480 probaretur:

1908 1488 2132 1546 infantia
2162 1493 2308 1548 enim
2331 1504 2437 1549 non
2466 1498 2783 1568 prajudicat
2812 1499 3005 1555 divina
3049 1502 3352 1573 sapientia.

1978 1583 2139 1637 Vens.
2168 1584 2255 1639 16.
2277 1586 2780 1660 —-Derelinquetur,
2802 1601 2908 1646 etc.
2938 1592 3062 1664 (11).)
3090 1595 3245 1663 quasi
3261 1595 3498 1655 diceret'

1909 1672 2077 1729 Terra
2131 1673 2301 1746 Syria
2349 1688 2405 1733 et
2454 1677 2713 1737 Samaria
2754 1681 2821 1736 ab
2867 1682 3206 1740 invocatione
3258 1688 3496 1747 nominis

304 1760 570 1827 Ascendit,
606 1761 862 1817 secundo.
914 1760 1097 1815 Primo
1145 1760 1289 1816 enim
1316 1758 1522 1832 Assyrii
1557 1761 1622 1817 de
1663 1762 1806 1819 tribu
1836 1838 1878 1845 _
1906 1758 2024 1830 ejus
2058 1762 2378 1832 vastabitur,
2412 1774 2469 1821 et
2487 1768 2677 1824 domus
2699 1766 2834 1825 Juda
2861 1786 2892 1825 a
2940 1771 3149 1827 duobus
3179 1775 3396 1845 regibus
3423 1778 3495 1834 li-

230 1853 390 1923 Juda,
421 1863 549 1920 etc.,
582 1872 743 1927 usque
774 1855 842 1909 ad
868 1852 997 1910 facti
1024 1861 1150 1910 sunt
1181 1853 1341 1909 amici
1368 1852 1611 1910 Herodes
1634 1862 1690 1910 et
1710 1854 1807 1910 Pi-
1836 1838 1883 1899 Β
1910 1851 2213 1910 berabitur.

230 1949 377 2005 latus
404 1948 459 2003 in
488 1948 737 2018 passione
759 1945 981 2002 Christi.
1555 1996 1568 2011 ,

302 2037 470 2095 Vsus.
523 2036 577 2093 ’5.
599 2036 976 2093 —Dcrelictus
1005 2044 1097 2090 est.
1126 2035 1170 2089 A
1200 2034 1371 2091 fratre
1405 2050 1502 2090 suo
1529 2033 1802 2105 Babsace,

229 2132 321 2203 qui
345 2116 417 2185 'ad
438 2128 689 2199 Assyrios
718 2127 1023 2193 transierat,
1050 2134 1109 2181 ut
1134 2126 1349 2181 tradunt
1372 2124 1605 2181 Hebraei.

298 2220 465 2276 Iasub
488 2218 792 2289 ﬁliustuus.
837 2218 961 2289 (11).)
993 2217 1095 2286 Qui
1143 2218 1531 2288 interpretatur
1566 2217 1799 2288 reliquus

230 2331 397 2375 comes
440 2321 496 2371 et
535 2324 854 2379 convertens,
883 2312 974 2384 qui
1016 2310 1243 2382 populus
1269 2309 1407 2367 Juda
1447 2310 1515 2366 de
1550 2310 1800 2366 manibus

228 2405 457 2463 duorum
485 2418 673 2477 regum
702 2404 1011 2461 liberandus
1032 2409 1170 2457 erat.

297 2495 366 2551 In
388 2496 490 2552 via.
512 2495 590 2551 lbi
613 2496 905 2562 Rabsaces,
951 2502 1138 2565 postea
1184 2510 1250 2550 ex
1288 2504 1560 2567 pracepto
1587 2495 1797 2553 Senna-

224 2587 433 2663 cherib,
456 2587 552 2645 Dei
586 2585 839 2657 populum
868 2585 1283 2656 blasphemavit.

299 2678 461 2737 Vsus.
509 2677 565 2734 4.
608 2709 678 2719 -
714 2676 934 2733 Duabus
990 2678 1193 2732 caudis.
1244 2678 1374 2733 Dua
1416 2676 1624 2747 cauda,
1663 2688 1793 2745 etc.,

224 2788 386 2843 usque
415 2771 484 2826 ad
517 2778 574 2827 et
606 2770 798 2827 ductus
823 2786 945 2825 cum
973 2771 1158 2827 decem
1204 2770 1452 2828 tribubus
1495 2773 1548 2827 in
1584 2782 1796 2830 montes

223 2862 501 2921 Medorum
529 2871 585 2919 et
603 2861 912 2919 Persarum.

292 2953 455 3009 Vens.
514 2953 569 3008 6.
611 2984 680 2994 —
723 2952 930 3008 Tabeet.
997 2952 1120 3025 (11).)
1167 2951 1365 3008 Tabeel
1411 2955 1584 3012 bonus
1627 2958 1790 3026 Dens,

222 3047 378 3118 quasi
407 3045 554 3125 dicat
579 3061 593 3100 :
618 3044 699 3101 Ibi
725 3059 987 3117 ponamus
1018 3044 1220 3101 idolum
1252 3047 1349 3102 Dei
1380 3049 1576 3114 nostri,
1598 3050 1683 3105 vel
1727 3052 1794 3107 ad

224 3139 477 3205 litteram,
508 3137 699 3193 Filium
729 3137 961 3195 hominis
986 3137 1068 3193 sic
1094 3146 1271 3193 vocat.

1978 1945 2141 2001 Vens.
2171 1947 2257 2003 18.
2286 1949 2599 2008 -Ηειεοω.
2643 1951 2765 2025 (11).)
2811 1950 2868 2010 ld
2915 1963 3000 2012 est
3045 1954 3354 2029 Egyptiis,
3399 1972 3499 2029 pon-

1901 2037 2029 2110 pulo
2071 2039 2272 2095 imbelli
2328 2050 2384 2099 et
2422 2041 2727 2099 idololatria
2797 2046 3058 2101 sordenti.
3118 2047 3373 2119 Legimus
3424 2047 3495 2106 ab

1901 2130 2169 2202 Egyptiis
2193 2130 2397 2189 Josiam
2419 2137 2658 2191 occisum
2680 2145 2735 2191 et
2755 2137 3005 2209 populum
3031 2138 3197 2193 Israel
3230 2137 3489 2208 subjuga-

1902 2229 2038 2289 tum,
2076 2240 2173 2279 nec
2199 2225 2367 2281 multo
2405 2235 2527 2297 post
2560 2235 2800 2299 tempore
2847 2226 3337 2285 Nabuchodonosor
3366 2234 3493 2285 cum

1901 2312 2279 2372 innumerabili
2331 2316 2572 2373 exercitu
2639 2319 2781 2389 cepit
2828 2316 3128 2373 Jerusalem
3157 2359 3173 2384 ,
3232 2316 3493 2390 templum

1901 2407 2201 2475 succendit,
2250 2418 2307 2465 et
2357 2408 2689 2467 habitatores
2738 2409 2990 2482 Assyrios
3032 2410 3089 2465 in
3144 2408 3329 2466 Judaa
3378 2408 3487 2483 p04

1900 2501 2028 2556 suit.

1968 2590 2133 2648 Vens.
2162 2591 2250 2647 20.
2272 2623 2343 2634 —
2367 2590 2659 2650 Novacula.
2693 2592 2816 2667 (11).)
2846 2593 2963 2650 Rex
2988 2593 3333 2668 Assyriorum
3363 2590 3487 2666 (qui

1896 2674 1956 2742 in
1981 2685 2215 2742 Jeremia
2242 2686 2492 2744 columba
2522 2689 2619 2744 Dei
2659 2686 2902 2760 vocatur)
2936 2686 2989 2742 in
3019 2702 3084 2743 eo
3130 2698 3386 2758 cuiquam
3426 2687 3483 2743 in

1897 2778 2157 2832 novacula
2186 2779 2501 2834 acutissima
2530 2787 2587 2833 et
2620 2779 2674 2833 in
2704 2779 2789 2834 his
2816 2779 2907 2848 qui
2951 2785 3102 2835 trans
3129 2774 3345 2844 ﬁumen,
3378 2774 3487 2832 sci-

1894 2865 2019 2925 licet
2056 2870 2311 2940 Assyriis,
2343 2878 2489 2936 sunt,
2520 2870 2671 2925 radet
2711 2864 2968 2927 Dominus
3001 2869 3055 2923 in
3103 2866 3300 2923 Judaa
3321 2876 3486 2938 caput

1895 2968 1950 3015 et
1969 2961 2107 3031 pilos
2133 2963 2352 3030 pedum,
2384 2960 2588 3017 scilicet
2629 2975 2843 3017 omnem
2881 2959 3249 3017 fortitudinem
3297 2974 3485 3033 regum

1895 3063 1951 3107 et
1977 3054 2301 3122 principum,
2323 3064 2378 3109 et
2407 3055 2794 3125 subjectorum.

1968 3144 2250 3199 “135.22.
2280 3172 2347 3185 ——
2402 3143 2642 3199 Comedet
2694 3145 2955 3217 butyrum.
3014 3144 3376 3201 Delectabitur
3426 3145 3484 3202 in

293 3230 458 3287 Vens.
495 3229 549 3287 8.
574 3258 648 3269 —
669 3228 853 3285 Adhuc
883 3230 1174 3301 sexaginta,
1202 3240 1307 3285 etc.
1358 3228 1522 3299 Quasi
1553 3231 1791 3289 diceret:
1820 3203 1879 3289 ϐ,
1898 3239 2144 3309 passione
2188 3237 2392 3295 Christi
2423 3237 2507 3293 vel
2537 3253 2657 3295 sua.
2705 3203 2969 3311 Butyrn'm
3008 3239 3153 3295 enim
3190 3254 3258 3294 ex
3298 3240 3483 3299 multis

223 3323 441 3385 Interim
485 3323 723 3380 contenti
777 3331 937 3377 erunt
982 3321 1180 3379 ﬁnibus
1237 3324 1373 3389 suis,
1430 3334 1484 3379 et
1528 3325 1794 3383 Damasco

224 3424 480 3489 tanquam
525 3415 811 3486 metropoli
839 3414 1012 3487 Syria
1044 3416 1332 3487 imperabit
1360 3415 1568 3484 Rasim,
1598 3427 1653 3474 et
1700 3434 1792 3475 ca-

219 3515 319 3580 put
355 3507 638 3563 civitatum
666 3506 925 3578 Ephraim
951 3505 1196 3563 Samaria
1228 3509 1351 3575 erit,
1382 3517 1438 3564 et
1473 3509 1527 3565 in
1557 3525 1621 3565 ea
1651 3511 1795 3566 inte-

220 3605 325 3665 rim
350 3603 597 3676 regnabit
620 3603 763 3661 ﬁlius
788 3602 1065 3659 Romelia.

291 3695 581 3770 Sexaginta
619 3697 847 3769 quinque
879 3697 1028 3753 anni.
1072 3696 1119 3752 Α
1148 3696 1407 3752 vicesimo
1452 3706 1607 3755 sexto
1648 3714 1793 3759 anno

217 3791 390 3863 regni
418 3787 588 3855 Ozia,
633 3789 849 3861 quando
896 3788 1045 3859 lepra
1099 3802 1390 3858 percussus
1422 3797 1527 3855 est,
1546 3804 1614 3846 ex
1662 3800 1795 3849 tunc

214 3881 449 3940 Joathan
476 3882 618 3938 ﬁlius
649 3880 769 3953 ejus
800 3881 1044 3952 regnavit
1072 3890 1277 3950 septem
1307 3889 1362 3935 et
1385 3881 1575 3951 viginti
1606 3883 1789 3951 annis,

216 3986 372 4049 patre
417 3975 593 4033 adhuc
619 3975 852 4030 vivente.
902 3971 1035 4031 Post
1059 3980 1288 4029 mortem
1320 3970 1438 4040 ejus
1462 3972 1620 4029 annis
1658 3988 1788 4029 sex-

216 4069 414 4136 decim,
464 4075 589 4138 post
630 4081 793 4139 quem
836 4063 1019 4122 Acha:
1072 4063 1194 4120 aliis
1248 4064 1544 4131 sexdecim,
1599 4073 1789 4137 postea

215 4168 476 4234 regnante
534 4159 767 4216 Ezechia
834 4173 928 4214 sex
991 4157 1168 4213 annis.
1235 4157 1533 4227 Ephraim,
1584 4158 1639 4215 id
1678 4167 1783 4225 est,

215 4256 402 4317 decem
430 4253 604 4313 tribus
630 4252 686 4311 in
719 4250 1086 4324 captivitatem
1132 4249 1326 4317 ducta,
1363 4259 1647 4306 cessath
1663 4264 1786 4306 esse

212 4346 461 4419 populus.
1320 4414 1325 4419 ο

285 4441 447 4498 Vsus.
484 4438 571 4495 il.
595 4470 667 4482 —
689 4437 814 4493 Pete
848 4437 940 4492 tibi
976 4436 1200 4508 signum.
1247 4434 1369 4508 (11).)
1414 4433 1485 4491 Ut
1524 4435 1614 4505 qui
1652 4450 1781 4505 pro-

215 4535 387 4608 pheta
432 4549 539 4589 non
581 4532 827 4598 credidit,
844 4528 1063 4585 ‘Domini
1115 4529 1437 4584 auctoritate
1473 4534 1777 4592 terreatur;
1805 4572 1863 4635 υ

212 4626 366 4699 quasi
395 4624 636 4679 diceret:
661 4620 881 4676 Difficile
914 4619 1128 4674 videtur
1151 4617 1247 4673 tibi
1277 4616 1421 4687 quod
1470 4628 1633 4686 regna
1676 4628 1777 4685 po-

214 4716 516 4779 tentissima
542 4713 692 4770 brevi
717 4711 998 4775 ﬁniantur,
1027 4716 1082 4765 et
1111 4715 1170 4763 tu
1194 4706 1444 4763 libereris
1470 4715 1527 4762 et
1551 4704 1780 4777 p0pulus

214 4825 360 4876 tuus,
388 4807 483 4865 sed
508 4814 633 4877 pete
660 4803 759 4860 tibi
786 4801 1020 4873 signum.

282 4902 409 4959 Pete
452 4899 545 4955 tibi
588 4898 813 4970 εὐμενῆ.
880 4892 1092 4964 Moyses
1158 4889 1366 4961 accepit
1434 4888 1649 4960 signum
1709 4889 1778 4943 de

215 5006 379 5061 terra,
407 5001 541 5059 etc.,
577 5004 739 5061 usque
782 4987 851 5042 ad
889 4995 1177 5055 utrumque
1212 4990 1441 5039 mortem
1476 4980 1689 5037 Domini
1721 4987 1779 5036 et

215 5085 584 5144 ascensionem
616 5079 855 5151 respicit.

283 5178 407 5235 Non
436 5186 628 5248 petam.
673 5170 793 5227 Non
838 5168 1134 5233 humiliter,
1178 5165 1274 5223 sed
1323 5163 1574 5235 superbe.
1624 5160 1775 5219 Multi

1895 3329 2322 3391 confectionibus
2334 3328 2585 3385 efﬁcitur.

1964 3419 2127 3475 Vens.
2159 3420 2250 3475 25.
2274 3449 2348 3460 -
2382 3419 2450 3472 Et
2474 3436 2652 3474 omnes
2682 3428 2881 3474 montes
2909 3420 2997 3491 qui
3026 3419 3081 3474 in
3117 3419 3330 3477 sarculo
3358 3435 3480 3475 sar-

1894 3511 2113 3567 rientur.
2154 3508 2277 3583 (10.)
2310 3509 2534 3567 Relictis
2554 3509 2950 3583 campestribus
2976 3517 3123 3565 metu
3153 3510 3387 3569 hostium
3410 3506 3480 3566 ad

1892 3610 2145 3657 montana
2188 3601 2517 3673 confugient,
2569 3614 2759 3672 aSpera
2814 3602 3079 3657 montium
3138 3616 3300 3656 manu
3352 3615 3479 3671 pro-

1890 3694 2007 3764 pria
2027 3692 2354 3759 excolentes,
2368 3692 2532 3747 vitam
2553 3692 2809 3747 miseram
2831 3686 3230 3747 sustentahunt.
3266 3688 3478 3748 Catera

1890 3794 2050 3844 erunt
2082 3786 2137 3841 in
2165 3801 2387 3858 pascua.
2481 3853 2710 3912 CAPUT
2738 3853 2851 3911 vm

1958 3971 2123 4028 Vnus.
2154 3971 2205 4026 1.
2235 4001 2303 4012 -
2333 3967 2403 4024 Et
2434 3970 2569 4025 dixit
2618 3968 2875 4024 Dominus
2903 3970 2972 4022 ad
3006 3982 3089 4022 me
3118 3980 3138 4023 :
3166 3962 3326 4022 Sume
3355 3965 3473 4023 tibi.

1887 4062 2091 4137 (Ηιειι.)
2117 4062 2357 4119 Primum
2378 4061 2639 4134 pr0pheta
2655 4057 3090 4131 pradicitAchaz
3111 4057 3314 4125 futura,
3337 4066 3475 4141 etc.,

1885 4173 2048 4228 usque
2097 4155 2169 4215 ad
2214 4154 2356 4245 unde
2405 4168 2621 4211 rursum
2665 4158 2853 4223 partus
2899 4149 3175 4221 virginalis
3214 4147 3474 4206 describi-

1884 4257 2217 4395 uni’elocitcr
2250 4336 2436 4407 spolia.
2490 4333 2615 4405 (11).)
2666 4333 2784 4389 Hoc
2832 4345 3030 4389 nomen
3078 4328 3267 4402 pueri,
3306 4324 3469 4403 quasi

1883 4432 2125 4489 diceret:
2156 4425 2234 4482 Ne
2256 4425 2482 4498 patiaris
2506 4424 2649 4481 ultra
2676 4424 2951 4481 diabolum
2981 4438 3244 4494 regnare;
3277 4431 3332 4479 et
3357 4438 3468 4481 non

1883 4522 2122 4595 angelos,
2150 4536 2259 4577 non
2284 4519 2587 4591 Prophetas
2613 4518 2786 4585 mitte,
2816 4518 2910 4574 sed
2937 4517 3052 4588 ipse
3078 4516 3367 4573 descende.

1952 4616 2114 4671 Vsus.
2143 4613 2197 4669 2.
2219 4644 2290 4655 —
2318 4609 2523 4677 Uriam,
2552 4620 2657 4669 etc.
2703 4610 2825 4681 (11).)
2868 4608 3049 4676 Urius,
3080 4608 3173 4665 lux
3215 4608 3467 4677 Domini;

1881 4707 2195 4773 Zacharias,
2224 4704 2486 4763 memoria
2534 4703 2782 4771 Domini;
2814 4701 3128 4769 Baracbias,
3159 4698 3468 4759 benedictio

1881 4799 2131 4865 Domini;
2166 4799 2255 4855 his
2279 4796 2511 4853 testibus
2538 4793 2795 4850 nativitas
2819 4792 3029 4848 Domini
3054 4792 3460 4862 comprobatur.

1887 4893 2036 4959 Unde
2059 4888 2269 4947 duobus
2297 4888 2526 4944 testibus
2552 4885 2809 4943 euntibus
2838 4884 2892 4939 in
2914 4884 3170 4941 Emmaus
3197 4883 3464 4968 incipiens

1882 5001 1913 5040 a
1934 4984 2121 5055 Moyse
2148 4990 2205 5038 et
2238 4980 2539 5053 prophetis,
2582 4992 2705 5050 qua
2740 4976 2809 5034 de
2844 4991 2906 5034 se
2939 4975 3083 5033 dicta
3115 4981 3306 5039 erant,
3353 4972 3464 5037 dis:

1878 5075 2067 5133 seruit.

1949 5166 2115 5221 Vsus.
2167 5164 2221 5219 ὅ.
2247 5160 2421 5215 -Δά
2453 5159 2852 5232 prophetissam.
2901 5155 3026 5230 (11).)
3069 5153 3151 5209 Ad
3195 5151 3459 5225 Spiritum

1875 5265 2123 5315 sanctum
2149 5270 2180 5310 a
2205 5268 2313 5325 quo
2339 5251 2518 5309 omnis
2542 5251 2845 5323 prophetia,
2874 5262 2994 5319 qua
3036 5244 3223 5305 Graec
3273 5244 3457 5304 neutri

1874 5348 2089 5422 generis
2114 5360 2381 5417 pneuma,
2420 5343 2683 5401 Hebraice
2718 5338 2961 5399 feminini
2992 5338 3210 5405 Ruach,
3251 5335 3449 5394 Latine

1875 5438 2158 5496 masculini
2188 5437 2402 5509 generis
2432 5444 2545 5502 est,
2589 5445 2645 5491 et
2676 5434 2796 5489 ideo
2823 5430 3054 5487 diversis
3087 5426 3452 5502 positionibus

1877 5532 2123 5597 sortitur,
2144 5528 2347 5585 nullius
2371 5535 2457 5585 est
2482 5526 2647 5583 enim.
2666 5512 2757 5579 vel
2784 5522 2855 5578 ad
2877 5520 3126 5589 Mariam,
3143 5534 3305 5593 quam
3324 5533 3452 5591 pro-

214 5273 355 5329 enim
402 5269 654 5342 leguntur
698 5280 730 5319 a
758 5263 986 5319 Domino
1032 5261 1186 5334 signa
1229 5258 1482 5332 petivisse
1526 5265 1583 5312 et
1618 5270 1772 5312 acoe-

213 5367 377 5438 pisse,
403 5364 500 5420 sed
522 5361 705 5419 Acha:
734 5360 808 5415 ita
848 5357 1149 5429 reSpondit,
1178 5364 1433 5425 tanquam
1471 5352 1771 5411 auctorita-

216 5465 379 5514 tstem
406 5452 653 5510 habens:
693 5448 816 5505 Non
842 5447 1065 5504 Multis
1088 5444 1558 5503 Dominumﬂcum
1600 5453 1773 5499 tuum.

214 5547 330 5615 Vel,
350 5545 533 5603 timuit
551 5542 696 5614 quod
718 5541 775 5596 in
794 5540 949 5612 signa
968 5538 1110 5594 Deus
1134 5534 1528 5608 gloriﬁcaretur
1548 5542 1607 5588 et
1634 5531 1775 5589 idola

215 5638 620 5695 viliﬁcarentur.
946 5656 949 5659 -
1875 5624 2169 5697 phetissam
2193 5621 2364 5679 fuisse
2389 5633 2550 5676 nemo
2576 5616 2805 5673 dubitat.

248 5734 251 5741 ’
281 5728 447 5786 Vna.
476 5725 565 5782 ﬂ.
595 5754 666 5766 -—
694 5723 826 5778 Ecce
862 5722 1004 5792 virgo
1046 5719 1315 5789 concipiet.
1351 5716 1477 5789 (11).)
1515 5715 1778 5773 Hebraice
1950 5703 3446 5784 Vaas.4.—Puer.(im)Pracipituritaquelsaias,etc.,

214 5824 375 5893 aha,
393 5819 589 5877 latine
604 5828 821 5892 quoque
846 5813 986 5870 alma
1008 5811 1204 5873 dicitur
1246 5817 1457 5877 sancta,
1507 5819 1631 5873 etc.,
1680 5827 1777 5873 τιε-
1878 5825 2040 5883 usque
2062 5807 2131 5861 ad
2155 5806 2375 5864 domum
2399 5800 2566 5859 David
2589 5797 2703 5857 sola
2726 5796 3065 5856 invocatione
3088 5794 3355 5888 salvaret.‘
3419 5878 3430 5887 .
