  <div class='ocr_page' id='page_1' title='image "/cluster/home/n/w/nwhite01/storage/ocr_20150623/113/hvd.32044018909572/629.png"; bbox 0 0 4028 6332; ppageno 0'>
   <div class='ocr_carea' id='block_1_1' title="bbox 673 425 808 486">
    <p class='ocr_par' dir='ltr' id='par_1_1' title="bbox 673 425 808 486">
     <span class='ocr_line' id='line_1_1' title="bbox 673 425 808 486; baseline -0.03 0"><span class='ocrx_word' id='word_1_1' title='bbox 673 425 808 486; x_wconf 71' lang='grc'><strong>1241</strong></span> 
     </span>
    </p>
   </div>
   <div class='ocr_carea' id='block_1_2' title="bbox 1169 349 3389 477">
    <p class='ocr_par' dir='ltr' id='par_1_2' title="bbox 1169 349 3389 477">
     <span class='ocr_line' id='line_1_2' title="bbox 1169 349 3389 477; baseline -0.015 1"><span class='ocrx_word' id='word_1_2' title='bbox 1169 415 1560 477; x_wconf 79' lang='lat' dir='ltr'><strong>WALAFBIDI</strong></span> <span class='ocrx_word' id='word_1_3' title='bbox 1599 408 1845 468; x_wconf 78' lang='lat' dir='ltr'><strong>STRABI</strong></span> <span class='ocrx_word' id='word_1_4' title='bbox 1883 405 2089 464; x_wconf 85' lang='lat' dir='ltr'><strong>FULD.</strong></span> <span class='ocrx_word' id='word_1_5' title='bbox 2133 397 2305 458; x_wconf 62' lang='lat' dir='ltr'><strong>MON.</strong></span> <span class='ocrx_word' id='word_1_6' title='bbox 2341 398 2494 456; x_wconf 85' lang='lat' dir='ltr'><strong>OPP.</strong></span> <span class='ocrx_word' id='word_1_7' title='bbox 2537 349 2715 451; x_wconf 79' lang='lat' dir='ltr'><strong>PARS</strong></span> <span class='ocrx_word' id='word_1_8' title='bbox 2752 392 2793 450; x_wconf 93' lang='grc'><strong>1.</strong></span> <span class='ocrx_word' id='word_1_9' title='bbox 2832 423 2899 434; x_wconf 89' lang='lat'><strong>-—</strong></span> <span class='ocrx_word' id='word_1_10' title='bbox 2941 386 3389 446; x_wconf 80' lang='lat' dir='ltr'><strong>THEOLOGICA.</strong></span> 
     </span>
    </p>
   </div>
   <div class='ocr_carea' id='block_1_3' title="bbox 3703 395 3792 451">
    <p class='ocr_par' dir='ltr' id='par_1_3' title="bbox 3703 395 3792 451">
     <span class='ocr_line' id='line_1_3' title="bbox 3703 395 3792 451; baseline -0.011 0"><span class='ocrx_word' id='word_1_11' title='bbox 3703 395 3792 451; x_wconf 74' lang='grc'><strong>1111</strong></span> 
     </span>
    </p>
   </div>
   <div class='ocr_carea' id='block_1_4' title="bbox 748 505 3790 612">
    <p class='ocr_par' dir='ltr' id='par_1_4' title="bbox 748 505 3790 612">
     <span class='ocr_line' id='line_1_4' title="bbox 748 505 3790 612; baseline -0.011 -13"><span class='ocrx_word' id='word_1_12' title='bbox 748 543 856 598; x_wconf 85' lang='lat' dir='ltr'><strong>Pro</strong></span> <span class='ocrx_word' id='word_1_13' title='bbox 875 557 934 597; x_wconf 86' lang='lat' dir='ltr'><strong>eo</strong></span> <span class='ocrx_word' id='word_1_14' title='bbox 964 539 1102 612; x_wconf 84' lang='lat' dir='ltr'><strong>quod</strong></span> <span class='ocrx_word' id='word_1_15' title='bbox 1134 537 1318 607; x_wconf 87' lang='lat' dir='ltr'><strong>abjecit</strong></span> <span class='ocrx_word' id='word_1_16' title='bbox 1348 531 1571 606; x_wconf 81' lang='lat' dir='ltr'><strong>populus</strong></span> <span class='ocrx_word' id='word_1_17' title='bbox 1601 544 1764 600; x_wconf 90' lang='lat' dir='ltr'><strong>aquas</strong></span> <span class='ocrx_word' id='word_1_18' title='bbox 1794 523 1956 581; x_wconf 87' lang='lat' dir='ltr'><strong>Siole.</strong></span> <span class='ocrx_word' id='word_1_19' title='bbox 1972 517 2178 595; x_wconf 62' lang='lat' dir='ltr'><strong>(illam)</strong></span> <span class='ocrx_word' id='word_1_20' title='bbox 2195 515 2254 572; x_wconf 89' lang='grc'><strong>111</strong></span> <span class='ocrx_word' id='word_1_21' title='bbox 2281 519 2333 580; x_wconf 75' lang='grc' dir='ltr'>Α</span> <span class='ocrx_word' id='word_1_22' title='bbox 2428 513 2767 570; x_wconf 75' lang='grc' dir='ltr'><strong>ιαἰᾱὺιιηωτ</strong></span> <span class='ocrx_word' id='word_1_23' title='bbox 2791 527 2965 566; x_wconf 84' lang='lat' dir='ltr'><strong>coram</strong></span> <span class='ocrx_word' id='word_1_24' title='bbox 2994 519 3063 576; x_wconf 85' lang='lat' dir='ltr'><strong>te,</strong></span> <span class='ocrx_word' id='word_1_25' title='bbox 3095 517 3203 564; x_wconf 89' lang='lat' dir='ltr'><strong>etc.</strong></span> <span class='ocrx_word' id='word_1_26' title='bbox 3253 505 3501 578; x_wconf 81' lang='lat' dir='ltr'><strong>Propheta</strong></span> <span class='ocrx_word' id='word_1_27' title='bbox 3526 507 3581 564; x_wconf 85' lang='lat' dir='ltr'><strong>ad</strong></span> <span class='ocrx_word' id='word_1_28' title='bbox 3601 509 3790 572; x_wconf 86' lang='lat' dir='ltr'><strong>Chrislu</strong></span> 
     </span>
    </p>
   </div>
   <div class='ocr_carea' id='block_1_5' title="bbox 673 611 2250 709">
    <p class='ocr_par' dir='ltr' id='par_1_5' title="bbox 673 611 2250 709">
     <span class='ocr_line' id='line_1_5' title="bbox 673 611 2250 709; baseline -0.017 -16"><span class='ocrx_word' id='word_1_29' title='bbox 673 637 869 709; x_wconf 82' lang='lat' dir='ltr'><strong>quibus</strong></span> <span class='ocrx_word' id='word_1_30' title='bbox 895 611 1074 690; x_wconf 48' lang='lat' dir='ltr'><strong>caicus</strong></span> <span class='ocrx_word' id='word_1_31' title='bbox 1101 645 1162 687; x_wconf 89' lang='lat' dir='ltr'><strong>se</strong></span> <span class='ocrx_word' id='word_1_32' title='bbox 1190 629 1350 695; x_wconf 81' lang='lat' dir='ltr'><strong>lavit,</strong></span> <span class='ocrx_word' id='word_1_33' title='bbox 1382 635 1511 692; x_wconf 89' lang='lat' dir='ltr'><strong>etc.,</strong></span> <span class='ocrx_word' id='word_1_34' title='bbox 1553 637 1714 694; x_wconf 88' lang='lat' dir='ltr'><strong>usque</strong></span> <span class='ocrx_word' id='word_1_35' title='bbox 1744 619 1812 674; x_wconf 84' lang='lat' dir='ltr'><strong>ad</strong></span> <span class='ocrx_word' id='word_1_36' title='bbox 1850 627 2048 673; x_wconf 88' lang='lat' dir='ltr'><strong>terram</strong></span> <span class='ocrx_word' id='word_1_37' title='bbox 2079 611 2250 684; x_wconf 85' lang='lat' dir='ltr'><strong>ipsius</strong></span> 
     </span>
    </p>
   </div>
   <div class='ocr_carea' id='block_1_6' title="bbox 676 718 1540 790">
    <p class='ocr_par' dir='ltr' id='par_1_6' title="bbox 676 718 1540 790">
     <span class='ocr_line' id='line_1_6' title="bbox 676 718 1540 790; baseline -0.017 -5"><span class='ocrx_word' id='word_1_38' title='bbox 676 727 871 785; x_wconf 70' lang='lat' dir='ltr'><strong>ludam</strong></span> <span class='ocrx_word' id='word_1_39' title='bbox 899 731 1124 781; x_wconf 75' lang='lat' dir='ltr'><strong>conatus</strong></span> <span class='ocrx_word' id='word_1_40' title='bbox 1149 721 1220 777; x_wconf 89' lang='lat' dir='ltr'><strong>sit</strong></span> <span class='ocrx_word' id='word_1_41' title='bbox 1245 718 1540 790; x_wconf 88' lang='lat' dir='ltr'><strong>possidere.</strong></span> 
     </span>
    </p>
   </div>
   <div class='ocr_carea' id='block_1_7' title="bbox 750 796 2254 885">
    <p class='ocr_par' dir='ltr' id='par_1_7' title="bbox 750 796 2254 885">
     <span class='ocr_line' id='line_1_7' title="bbox 750 796 2254 885; baseline -0.013 -14"><span class='ocrx_word' id='word_1_42' title='bbox 750 820 917 874; x_wconf 75' lang='lat' dir='ltr'><strong>Vnus.</strong></span> <span class='ocrx_word' id='word_1_43' title='bbox 945 817 999 872; x_wconf 87' lang='lat'><strong>7.</strong></span> <span class='ocrx_word' id='word_1_44' title='bbox 1033 847 1100 856; x_wconf 90' lang='lat'><strong>—</strong></span> <span class='ocrx_word' id='word_1_45' title='bbox 1125 813 1303 885; x_wconf 82' lang='lat' dir='ltr'><strong>Aquas</strong></span> <span class='ocrx_word' id='word_1_46' title='bbox 1331 809 1585 882; x_wconf 85' lang='lat' dir='ltr'><strong>ﬂuminis.</strong></span> <span class='ocrx_word' id='word_1_47' title='bbox 1633 805 1754 878; x_wconf 88' lang='grc'><strong>(11).)</strong></span> <span class='ocrx_word' id='word_1_48' title='bbox 1780 800 2093 860; x_wconf 78' lang='lat' dir='ltr'><strong>Exercitum</strong></span> <span class='ocrx_word' id='word_1_49' title='bbox 2117 796 2254 853; x_wconf 80' lang='lat' dir='ltr'><strong>Sen-</strong></span> 
     </span>
    </p>
   </div>
   <div class='ocr_carea' id='block_1_8' title="bbox 683 887 2255 976">
    <p class='ocr_par' dir='ltr' id='par_1_8' title="bbox 683 887 2255 976">
     <span class='ocr_line' id='line_1_8' title="bbox 683 887 2255 976; baseline -0.016 -10"><span class='ocrx_word' id='word_1_50' title='bbox 683 909 964 974; x_wconf 86' lang='lat' dir='ltr'><strong>nacherib,</strong></span> <span class='ocrx_word' id='word_1_51' title='bbox 1003 905 1157 976; x_wconf 87' lang='lat' dir='ltr'><strong>cujus</strong></span> <span class='ocrx_word' id='word_1_52' title='bbox 1192 901 1433 974; x_wconf 91' lang='lat' dir='ltr'><strong>potentia</strong></span> <span class='ocrx_word' id='word_1_53' title='bbox 1465 912 1737 967; x_wconf 90' lang='lat' dir='ltr'><strong>occupans</strong></span> <span class='ocrx_word' id='word_1_54' title='bbox 1765 904 1967 950; x_wconf 89' lang='lat' dir='ltr'><strong>terram</strong></span> <span class='ocrx_word' id='word_1_55' title='bbox 1994 887 2255 947; x_wconf 63' lang='lat' dir='ltr'><strong>Samaria:</strong></span> 
     </span>
    </p>
   </div>
   <div class='ocr_carea' id='block_1_9' title="bbox 680 996 1666 1066">
    <p class='ocr_par' dir='ltr' id='par_1_9' title="bbox 680 996 1666 1066">
     <span class='ocr_line' id='line_1_9' title="bbox 680 996 1666 1066; baseline -0.016 -5"><span class='ocrx_word' id='word_1_56' title='bbox 680 1000 1018 1062; x_wconf 85' lang='lat' dir='ltr'><strong>lnundationi</strong></span> <span class='ocrx_word' id='word_1_57' title='bbox 1043 996 1280 1055; x_wconf 82' lang='lat' dir='ltr'><strong>ﬂuminis</strong></span> <span class='ocrx_word' id='word_1_58' title='bbox 1306 1001 1666 1066; x_wconf 84' lang='lat' dir='ltr'><strong>comparatur.</strong></span> 
     </span>
    </p>
   </div>
   <div class='ocr_carea' id='block_1_10' title="bbox 748 1075 2256 1160">
    <p class='ocr_par' dir='ltr' id='par_1_10' title="bbox 748 1075 2256 1160">
     <span class='ocr_line' id='line_1_10' title="bbox 748 1075 2256 1160; baseline -0.016 -9"><span class='ocrx_word' id='word_1_59' title='bbox 748 1095 915 1151; x_wconf 74' lang='lat' dir='ltr'><strong>Vsus.</strong></span> <span class='ocrx_word' id='word_1_60' title='bbox 943 1087 1495 1160; x_wconf 87' lang='lat' dir='ltr'><strong>9.—Congregamini</strong></span> <span class='ocrx_word' id='word_1_61' title='bbox 1521 1082 1718 1156; x_wconf 78' lang='lat' dir='ltr'><strong>populi.</strong></span> <span class='ocrx_word' id='word_1_62' title='bbox 1750 1077 2051 1152; x_wconf 85' lang='lat' dir='ltr'><strong>(ln.)Quasi</strong></span> <span class='ocrx_word' id='word_1_63' title='bbox 2075 1094 2088 1129; x_wconf 87' lang='lat'><strong>:</strong></span> <span class='ocrx_word' id='word_1_64' title='bbox 2115 1075 2256 1130; x_wconf 88' lang='lat' dir='ltr'><strong>Con-</strong></span> 
     </span>
    </p>
   </div>
   <div class='ocr_carea' id='block_1_11' title="bbox 681 1167 2256 1250">
    <p class='ocr_par' dir='ltr' id='par_1_11' title="bbox 681 1167 2256 1250">
     <span class='ocr_line' id='line_1_11' title="bbox 681 1167 2256 1250; baseline -0.015 -7"><span class='ocrx_word' id='word_1_65' title='bbox 681 1197 767 1243; x_wconf 88' lang='lat' dir='ltr'><strong>tra</strong></span> <span class='ocrx_word' id='word_1_66' title='bbox 784 1182 1097 1242; x_wconf 85' lang='lat' dir='ltr'><strong>Emmanuel</strong></span> <span class='ocrx_word' id='word_1_67' title='bbox 1122 1179 1254 1236; x_wconf 90' lang='lat' dir='ltr'><strong>nihil</strong></span> <span class='ocrx_word' id='word_1_68' title='bbox 1275 1179 1519 1250; x_wconf 81' lang='lat' dir='ltr'><strong>potestis,</strong></span> <span class='ocrx_word' id='word_1_69' title='bbox 1541 1185 1674 1240; x_wconf 89' lang='lat' dir='ltr'><strong>etc.,</strong></span> <span class='ocrx_word' id='word_1_70' title='bbox 1701 1187 1861 1242; x_wconf 84' lang='lat' dir='ltr'><strong>usque</strong></span> <span class='ocrx_word' id='word_1_71' title='bbox 1887 1171 1953 1224; x_wconf 88' lang='lat' dir='ltr'><strong>ad</strong></span> <span class='ocrx_word' id='word_1_72' title='bbox 1978 1167 2103 1238; x_wconf 88' lang='lat' dir='ltr'><strong>quia</strong></span> <span class='ocrx_word' id='word_1_73' title='bbox 2132 1181 2256 1235; x_wconf 85' lang='lat' dir='ltr'><strong>per-</strong></span> 
     </span>
    </p>
   </div>
   <div class='ocr_carea' id='block_1_12' title="bbox 682 1279 1780 1346">
    <p class='ocr_par' dir='ltr' id='par_1_12' title="bbox 682 1279 1780 1346">
     <span class='ocr_line' id='line_1_12' title="bbox 682 1279 1780 1346; baseline -0.014 -13"><span class='ocrx_word' id='word_1_74' title='bbox 682 1279 915 1336; x_wconf 88' lang='lat' dir='ltr'><strong>versitas</strong></span> <span class='ocrx_word' id='word_1_75' title='bbox 938 1291 1043 1332; x_wconf 92' lang='lat' dir='ltr'><strong>non</strong></span> <span class='ocrx_word' id='word_1_76' title='bbox 1067 1281 1246 1346; x_wconf 86' lang='lat' dir='ltr'><strong>potest</strong></span> <span class='ocrx_word' id='word_1_77' title='bbox 1270 1279 1476 1327; x_wconf 91' lang='lat' dir='ltr'><strong>rectum</strong></span> <span class='ocrx_word' id='word_1_78' title='bbox 1503 1279 1780 1338; x_wconf 90' lang='lat' dir='ltr'><strong>superare.</strong></span> 
     </span>
    </p>
   </div>
   <div class='ocr_carea' id='block_1_13' title="bbox 755 1351 2269 1429">
    <p class='ocr_par' dir='ltr' id='par_1_13' title="bbox 755 1351 2269 1429">
     <span class='ocr_line' id='line_1_13' title="bbox 755 1351 2269 1429; baseline -0.012 -4"><span class='ocrx_word' id='word_1_79' title='bbox 755 1369 920 1424; x_wconf 77' lang='lat' dir='ltr'><strong>Vens.</strong></span> <span class='ocrx_word' id='word_1_80' title='bbox 973 1367 1059 1421; x_wconf 72' lang='grc'><strong>12.</strong></span> <span class='ocrx_word' id='word_1_81' title='bbox 1103 1396 1174 1407; x_wconf 89' lang='lat'><strong>-—</strong></span> <span class='ocrx_word' id='word_1_82' title='bbox 1225 1362 1310 1418; x_wconf 87' lang='lat' dir='ltr'><strong>Ne</strong></span> <span class='ocrx_word' id='word_1_83' title='bbox 1357 1361 1564 1415; x_wconf 77' lang='lat' dir='ltr'><strong>dicatis.</strong></span> <span class='ocrx_word' id='word_1_84' title='bbox 1618 1356 1738 1429; x_wconf 98' lang='grc'><strong>(11).)</strong></span> <span class='ocrx_word' id='word_1_85' title='bbox 1792 1351 1955 1422; x_wconf 81' lang='lat' dir='ltr'><strong>Q’nasi</strong></span> <span class='ocrx_word' id='word_1_86' title='bbox 2005 1351 2269 1407; x_wconf 89' lang='lat' dir='ltr'><strong>diceret:.</strong></span> 
     </span>
    </p>
   </div>
   <div class='ocr_carea' id='block_1_14' title="bbox 683 1442 2256 1520">
    <p class='ocr_par' dir='ltr' id='par_1_14' title="bbox 683 1442 2256 1520">
     <span class='ocr_line' id='line_1_14' title="bbox 683 1442 2256 1520; baseline -0.014 -5"><span class='ocrx_word' id='word_1_87' title='bbox 683 1459 800 1514; x_wconf 87' lang='lat' dir='ltr'><strong>Non</strong></span> <span class='ocrx_word' id='word_1_88' title='bbox 841 1456 1076 1513; x_wconf 90' lang='lat' dir='ltr'><strong>timeatis</strong></span> <span class='ocrx_word' id='word_1_89' title='bbox 1111 1455 1338 1509; x_wconf 88' lang='lat' dir='ltr'><strong>duorum</strong></span> <span class='ocrx_word' id='word_1_90' title='bbox 1377 1465 1564 1520; x_wconf 76' lang='lat' dir='ltr'><strong>regum</strong></span> <span class='ocrx_word' id='word_1_91' title='bbox 1603 1446 1862 1500; x_wconf 83' lang='lat' dir='ltr'><strong>adversus</strong></span> <span class='ocrx_word' id='word_1_92' title='bbox 1893 1442 2085 1498; x_wconf 84' lang='lat' dir='ltr'><strong>Judam</strong></span> <span class='ocrx_word' id='word_1_93' title='bbox 2123 1453 2256 1495; x_wconf 94' lang='lat' dir='ltr'><strong>con-</strong></span> 
     </span>
    </p>
   </div>
   <div class='ocr_carea' id='block_1_15' title="bbox 677 1529 2257 1622">
    <p class='ocr_par' dir='ltr' id='par_1_15' title="bbox 677 1529 2257 1622">
     <span class='ocr_line' id='line_1_15' title="bbox 677 1529 2257 1622; baseline -0.014 -16"><span class='ocrx_word' id='word_1_94' title='bbox 677 1548 1044 1622; x_wconf 69' lang='lat' dir='ltr'><strong>irwationem:</strong></span> <span class='ocrx_word' id='word_1_95' title='bbox 1081 1543 1384 1613; x_wconf 71' lang='lat' dir='ltr'><strong>coniuratio</strong></span> <span class='ocrx_word' id='word_1_96' title='bbox 1429 1548 1511 1596; x_wconf 91' lang='lat' dir='ltr'><strong>est</strong></span> <span class='ocrx_word' id='word_1_97' title='bbox 1555 1550 1852 1594; x_wconf 88' lang='lat' dir='ltr'><strong>consensus</strong></span> <span class='ocrx_word' id='word_1_98' title='bbox 1878 1532 2170 1589; x_wconf 88' lang='lat' dir='ltr'><strong>multorum</strong></span> <span class='ocrx_word' id='word_1_99' title='bbox 2204 1529 2257 1584; x_wconf 91' lang='lat' dir='ltr'><strong>in</strong></span> 
     </span>
    </p>
   </div>
   <div class='ocr_carea' id='block_1_16' title="bbox 681 1640 906 1695">
    <p class='ocr_par' dir='ltr' id='par_1_16' title="bbox 681 1640 906 1695">
     <span class='ocr_line' id='line_1_16' title="bbox 681 1640 906 1695; baseline -0.004 0"><span class='ocrx_word' id='word_1_100' title='bbox 681 1640 906 1695; x_wconf 89' lang='lat' dir='ltr'><strong>malum.</strong></span> 
     </span>
    </p>
   </div>
   <div class='ocr_carea' id='block_1_17' title="bbox 759 1716 2261 1798">
    <p class='ocr_par' dir='ltr' id='par_1_17' title="bbox 759 1716 2261 1798">
     <span class='ocr_line' id='line_1_17' title="bbox 759 1716 2261 1798; baseline -0.013 -12"><span class='ocrx_word' id='word_1_101' title='bbox 759 1729 837 1785; x_wconf 87' lang='lat' dir='ltr'><strong>Ne</strong></span> <span class='ocrx_word' id='word_1_102' title='bbox 863 1730 1086 1785; x_wconf 87' lang='lat' dir='ltr'><strong>timeatis</strong></span> <span class='ocrx_word' id='word_1_103' title='bbox 1114 1742 1276 1798; x_wconf 84' lang='lat' dir='ltr'><strong>neque</strong></span> <span class='ocrx_word' id='word_1_104' title='bbox 1299 1722 1552 1795; x_wconf 87' lang='lat' dir='ltr'><strong>paveatis.</strong></span> <span class='ocrx_word' id='word_1_105' title='bbox 1600 1719 1680 1774; x_wconf 90' lang='lat' dir='ltr'><strong>Tu</strong></span> <span class='ocrx_word' id='word_1_106' title='bbox 1721 1726 1776 1773; x_wconf 90' lang='lat' dir='ltr'><strong>et</strong></span> <span class='ocrx_word' id='word_1_107' title='bbox 1812 1716 1904 1786; x_wconf 89' lang='lat' dir='ltr'><strong>qui</strong></span> <span class='ocrx_word' id='word_1_108' title='bbox 1933 1723 2108 1769; x_wconf 85' lang='lat' dir='ltr'><strong>tecum</strong></span> <span class='ocrx_word' id='word_1_109' title='bbox 2135 1719 2261 1766; x_wconf 90' lang='lat' dir='ltr'><strong>sunt</strong></span> 
     </span>
    </p>
   </div>
   <div class='ocr_carea' id='block_1_18' title="bbox 681 1805 2260 1894">
    <p class='ocr_par' dir='ltr' id='par_1_18' title="bbox 681 1805 2260 1894">
     <span class='ocr_line' id='line_1_18' title="bbox 681 1805 2260 1894; baseline -0.014 -15"><span class='ocrx_word' id='word_1_110' title='bbox 681 1823 895 1894; x_wconf 88' lang='lat' dir='ltr'><strong>populi,</strong></span> <span class='ocrx_word' id='word_1_111' title='bbox 937 1822 1063 1892; x_wconf 90' lang='lat' dir='ltr'><strong>quia</strong></span> <span class='ocrx_word' id='word_1_112' title='bbox 1090 1820 1340 1874; x_wconf 90' lang='lat' dir='ltr'><strong>videntur</strong></span> <span class='ocrx_word' id='word_1_113' title='bbox 1369 1813 1630 1878; x_wconf 84' lang='lat' dir='ltr'><strong>timendi;</strong></span> <span class='ocrx_word' id='word_1_114' title='bbox 1665 1810 1792 1882; x_wconf 90' lang='lat' dir='ltr'><strong>quia</strong></span> <span class='ocrx_word' id='word_1_115' title='bbox 1821 1805 2144 1880; x_wconf 84' lang='lat' dir='ltr'><strong>principium</strong></span> <span class='ocrx_word' id='word_1_116' title='bbox 2175 1820 2260 1858; x_wconf 90' lang='lat' dir='ltr'><strong>sa-</strong></span> 
     </span>
    </p>
   </div>
   <div class='ocr_carea' id='block_1_19' title="bbox 682 1909 1346 1988">
    <p class='ocr_par' dir='ltr' id='par_1_19' title="bbox 682 1909 1346 1988">
     <span class='ocr_line' id='line_1_19' title="bbox 682 1909 1346 1988; baseline -0.017 -17"><span class='ocrx_word' id='word_1_117' title='bbox 682 1916 898 1988; x_wconf 72' lang='lat' dir='ltr'><strong>pientiae</strong></span> <span class='ocrx_word' id='word_1_118' title='bbox 926 1914 1088 1966; x_wconf 87' lang='lat' dir='ltr'><strong>timor</strong></span> <span class='ocrx_word' id='word_1_119' title='bbox 1113 1909 1346 1965; x_wconf 86' lang='lat' dir='ltr'><strong>Domini.</strong></span> 
     </span>
    </p>
   </div>
   <div class='ocr_carea' id='block_1_20' title="bbox 753 1985 2263 2070">
    <p class='ocr_par' dir='ltr' id='par_1_20' title="bbox 753 1985 2263 2070">
     <span class='ocr_line' id='line_1_20' title="bbox 753 1985 2263 2070; baseline -0.015 -7"><span class='ocrx_word' id='word_1_120' title='bbox 753 2009 919 2064; x_wconf 73' lang='lat' dir='ltr'><strong>Vsus.</strong></span> <span class='ocrx_word' id='word_1_121' title='bbox 951 2004 1036 2060; x_wconf 74' lang='grc'><strong>11.</strong></span> <span class='ocrx_word' id='word_1_122' title='bbox 1071 2033 1144 2044; x_wconf 94' lang='lat'>——</span> <span class='ocrx_word' id='word_1_123' title='bbox 1187 2001 1256 2057; x_wconf 87' lang='lat' dir='ltr'><strong>In</strong></span> <span class='ocrx_word' id='word_1_124' title='bbox 1301 1999 1547 2070; x_wconf 73' lang='lat' dir='ltr'><strong>lapidem.</strong></span> <span class='ocrx_word' id='word_1_125' title='bbox 1581 1994 1704 2068; x_wconf 88' lang='lat' dir='ltr'><strong>(lo.)</strong></span> <span class='ocrx_word' id='word_1_126' title='bbox 1736 1992 1907 2060; x_wconf 83' lang='lat' dir='ltr'><strong>Quem</strong></span> <span class='ocrx_word' id='word_1_127' title='bbox 1935 1985 2263 2060; x_wconf 66' lang='lat' dir='ltr'><strong>reprobave-I</strong></span> 
     </span>
    </p>
   </div>
   <div class='ocr_carea' id='block_1_21' title="bbox 683 2079 2264 2160">
    <p class='ocr_par' dir='ltr' id='par_1_21' title="bbox 683 2079 2264 2160">
     <span class='ocr_line' id='line_1_21' title="bbox 683 2079 2264 2160; baseline -0.014 -6"><span class='ocrx_word' id='word_1_128' title='bbox 683 2106 812 2155; x_wconf 90' lang='lat' dir='ltr'><strong>runt</strong></span> <span class='ocrx_word' id='word_1_129' title='bbox 837 2083 1188 2160; x_wconf 83' lang='lat' dir='ltr'><strong>aediﬁcantes,</strong></span> <span class='ocrx_word' id='word_1_130' title='bbox 1214 2099 1342 2154; x_wconf 91' lang='lat' dir='ltr'><strong>etc.,</strong></span> <span class='ocrx_word' id='word_1_131' title='bbox 1378 2105 1538 2160; x_wconf 86' lang='lat' dir='ltr'><strong>usque</strong></span> <span class='ocrx_word' id='word_1_132' title='bbox 1565 2087 1631 2141; x_wconf 87' lang='lat' dir='ltr'><strong>ad</strong></span> <span class='ocrx_word' id='word_1_133' title='bbox 1656 2091 1879 2157; x_wconf 86' lang='lat' dir='ltr'><strong>peccata</strong></span> <span class='ocrx_word' id='word_1_134' title='bbox 1908 2079 2148 2153; x_wconf 86' lang='lat' dir='ltr'><strong>peccatis</strong></span> <span class='ocrx_word' id='word_1_135' title='bbox 2175 2092 2264 2134; x_wconf 89' lang='lat' dir='ltr'><strong>so-</strong></span> 
     </span>
    </p>
   </div>
   <div class='ocr_carea' id='block_1_22' title="bbox 686 2184 1766 2257">
    <p class='ocr_par' dir='ltr' id='par_1_22' title="bbox 686 2184 1766 2257">
     <span class='ocr_line' id='line_1_22' title="bbox 686 2184 1766 2257; baseline -0.01 -10"><span class='ocrx_word' id='word_1_136' title='bbox 686 2191 895 2247; x_wconf 87' lang='lat' dir='ltr'><strong>ciantes</strong></span> <span class='ocrx_word' id='word_1_137' title='bbox 921 2197 977 2245; x_wconf 91' lang='lat' dir='ltr'><strong>et</strong></span> <span class='ocrx_word' id='word_1_138' title='bbox 999 2188 1166 2243; x_wconf 91' lang='lat' dir='ltr'><strong>vincti</strong></span> <span class='ocrx_word' id='word_1_139' title='bbox 1191 2185 1401 2257; x_wconf 88' lang='lat' dir='ltr'><strong>laqueis</strong></span> <span class='ocrx_word' id='word_1_140' title='bbox 1427 2184 1766 2239; x_wconf 88' lang='lat' dir='ltr'><strong>delictorum.</strong></span> 
     </span>
    </p>
   </div>
   <div class='ocr_carea' id='block_1_23' title="bbox 751 2271 2264 2347">
    <p class='ocr_par' dir='ltr' id='par_1_23' title="bbox 751 2271 2264 2347">
     <span class='ocr_line' id='line_1_23' title="bbox 751 2271 2264 2347; baseline -0.013 -9"><span class='ocrx_word' id='word_1_141' title='bbox 751 2281 971 2347; x_wconf 85' lang='lat' dir='ltr'><strong>Duabus</strong></span> <span class='ocrx_word' id='word_1_142' title='bbox 991 2279 1250 2334; x_wconf 80' lang='lat' dir='ltr'><strong>domibus.</strong></span> <span class='ocrx_word' id='word_1_143' title='bbox 1276 2276 1373 2332; x_wconf 78' lang='lat' dir='ltr'><strong>Vel</strong></span> <span class='ocrx_word' id='word_1_144' title='bbox 1395 2277 1449 2330; x_wconf 90' lang='lat' dir='ltr'><strong>in</strong></span> <span class='ocrx_word' id='word_1_145' title='bbox 1470 2273 1675 2330; x_wconf 90' lang='lat' dir='ltr'><strong>duabus</strong></span> <span class='ocrx_word' id='word_1_146' title='bbox 1699 2271 1938 2336; x_wconf 87' lang='lat' dir='ltr'><strong>familiis,</strong></span> <span class='ocrx_word' id='word_1_147' title='bbox 1953 2277 2084 2332; x_wconf 90' lang='lat' dir='ltr'><strong>etc.,</strong></span> <span class='ocrx_word' id='word_1_148' title='bbox 2103 2281 2264 2335; x_wconf 86' lang='lat' dir='ltr'><strong>usque</strong></span> 
     </span>
    </p>
   </div>
   <div class='ocr_carea' id='block_1_24' title="bbox 685 2359 2264 2444">
    <p class='ocr_par' dir='ltr' id='par_1_24' title="bbox 685 2359 2264 2444">
     <span class='ocr_line' id='line_1_24' title="bbox 685 2359 2264 2444; baseline -0.012 -17"><span class='ocrx_word' id='word_1_149' title='bbox 685 2373 753 2428; x_wconf 88' lang='lat' dir='ltr'><strong>ad</strong></span> <span class='ocrx_word' id='word_1_150' title='bbox 779 2388 875 2444; x_wconf 86' lang='lat' dir='ltr'><strong>per</strong></span> <span class='ocrx_word' id='word_1_151' title='bbox 903 2371 1220 2427; x_wconf 88' lang='lat' dir='ltr'><strong>traditiones</strong></span> <span class='ocrx_word' id='word_1_152' title='bbox 1253 2383 1380 2444; x_wconf 81' lang='lat' dir='ltr'><strong>suas</strong></span> <span class='ocrx_word' id='word_1_153' title='bbox 1404 2365 1538 2438; x_wconf 79' lang='lat' dir='ltr'><strong>legis</strong></span> <span class='ocrx_word' id='word_1_154' title='bbox 1566 2370 1833 2436; x_wconf 66' lang='lat' dir='ltr'><strong>praecepta</strong></span> <span class='ocrx_word' id='word_1_155' title='bbox 1862 2359 2264 2428; x_wconf 82' lang='lat' dir='ltr'><strong>dissipaverunt</strong></span> 
     </span>
    </p>
   </div>
   <div class='ocr_carea' id='block_1_25' title="bbox 685 2442 1349 2522">
    <p class='ocr_par' dir='ltr' id='par_1_25' title="bbox 685 2442 1349 2522">
     <span class='ocr_line' id='line_1_25' title="bbox 685 2442 1349 2522; baseline -0.009 0"><span class='ocrx_word' id='word_1_156' title='bbox 685 2473 740 2522; x_wconf 89' lang='lat' dir='ltr'><strong>et</strong></span> <span class='ocrx_word' id='word_1_157' title='bbox 765 2466 1190 2522; x_wconf 85' lang='lat' dir='ltr'><strong>maeulaverunt.</strong></span> <span class='ocrx_word' id='word_1_158' title='bbox 1335 2442 1349 2462; x_wconf 66' lang='grc'>’</span> 
     </span>
    </p>
   </div>
   <div class='ocr_carea' id='block_1_26' title="bbox 763 2537 2266 2625">
    <p class='ocr_par' dir='ltr' id='par_1_26' title="bbox 763 2537 2266 2625">
     <span class='ocr_line' id='line_1_26' title="bbox 763 2537 2266 2625; baseline -0.012 -13"><span class='ocrx_word' id='word_1_159' title='bbox 763 2559 919 2613; x_wconf 78' lang='lat' dir='ltr'><strong>Vsus.</strong></span> <span class='ocrx_word' id='word_1_160' title='bbox 953 2556 1040 2612; x_wconf 86' lang='grc'><strong>16.</strong></span> <span class='ocrx_word' id='word_1_161' title='bbox 1084 2585 1156 2596; x_wconf 91' lang='grc'><strong><em>-</em></strong></span> <span class='ocrx_word' id='word_1_162' title='bbox 1206 2553 1369 2625; x_wconf 89' lang='lat' dir='ltr'><strong>Signa</strong></span> <span class='ocrx_word' id='word_1_163' title='bbox 1398 2551 1582 2623; x_wconf 85' lang='lat' dir='ltr'><strong>legem.</strong></span> <span class='ocrx_word' id='word_1_164' title='bbox 1627 2546 1791 2616; x_wconf 83' lang='lat' dir='ltr'><strong>Quasi</strong></span> <span class='ocrx_word' id='word_1_165' title='bbox 1825 2544 2070 2601; x_wconf 87' lang='lat' dir='ltr'><strong>diceret:</strong></span> <span class='ocrx_word' id='word_1_166' title='bbox 2103 2537 2266 2611; x_wconf 82' lang='lat' dir='ltr'><strong>Aperi</strong></span> 
     </span>
    </p>
   </div>
   <div class='ocr_carea' id='block_1_27' title="bbox 688 2634 2265 2715">
    <p class='ocr_par' dir='ltr' id='par_1_27' title="bbox 688 2634 2265 2715">
     <span class='ocr_line' id='line_1_27' title="bbox 688 2634 2265 2715; baseline -0.014 -9"><span class='ocrx_word' id='word_1_167' title='bbox 688 2665 830 2715; x_wconf 90' lang='lat' dir='ltr'><strong>eam,</strong></span> <span class='ocrx_word' id='word_1_168' title='bbox 861 2647 1108 2714; x_wconf 88' lang='lat' dir='ltr'><strong>Domine,</strong></span> <span class='ocrx_word' id='word_1_169' title='bbox 1137 2644 1414 2715; x_wconf 84' lang='lat' dir='ltr'><strong>discipulis</strong></span> <span class='ocrx_word' id='word_1_170' title='bbox 1443 2641 1597 2706; x_wconf 89' lang='lat' dir='ltr'><strong>meis,</strong></span> <span class='ocrx_word' id='word_1_171' title='bbox 1628 2647 1756 2705; x_wconf 87' lang='lat' dir='ltr'><strong>etc.,</strong></span> <span class='ocrx_word' id='word_1_172' title='bbox 1788 2651 1950 2708; x_wconf 87' lang='lat' dir='ltr'><strong>usque</strong></span> <span class='ocrx_word' id='word_1_173' title='bbox 1978 2634 2046 2688; x_wconf 85' lang='lat' dir='ltr'><strong>ad</strong></span> <span class='ocrx_word' id='word_1_174' title='bbox 2069 2647 2265 2703; x_wconf 85' lang='lat' dir='ltr'><strong>possu-</strong></span> 
     </span>
    </p>
   </div>
   <div class='ocr_carea' id='block_1_28' title="bbox 687 2732 1646 2802">
    <p class='ocr_par' dir='ltr' id='par_1_28' title="bbox 687 2732 1646 2802">
     <span class='ocr_line' id='line_1_28' title="bbox 687 2732 1646 2802; baseline -0.011 -8"><span class='ocrx_word' id='word_1_175' title='bbox 687 2754 808 2794; x_wconf 89' lang='lat' dir='ltr'><strong>mus</strong></span> <span class='ocrx_word' id='word_1_176' title='bbox 834 2738 995 2793; x_wconf 90' lang='lat' dir='ltr'><strong>etiam</strong></span> <span class='ocrx_word' id='word_1_177' title='bbox 1023 2735 1295 2792; x_wconf 86' lang='lat' dir='ltr'><strong>doctrinas</strong></span> <span class='ocrx_word' id='word_1_178' title='bbox 1325 2732 1646 2802; x_wconf 77' lang='lat' dir='ltr'><strong>intelligere.</strong></span> 
     </span>
    </p>
   </div>
   <div class='ocr_carea' id='block_1_29' title="bbox 757 2811 2266 2888">
    <p class='ocr_par' dir='ltr' id='par_1_29' title="bbox 757 2811 2266 2888">
     <span class='ocr_line' id='line_1_29' title="bbox 757 2811 2266 2888; baseline -0.013 -5"><span class='ocrx_word' id='word_1_179' title='bbox 757 2829 922 2884; x_wconf 69' lang='lat' dir='ltr'><strong>Vens.</strong></span> <span class='ocrx_word' id='word_1_180' title='bbox 955 2826 1038 2880; x_wconf 89' lang='grc'><strong>18.</strong></span> <span class='ocrx_word' id='word_1_181' title='bbox 1054 2855 1126 2865; x_wconf 90' lang='grc'><strong><em>-</em></strong></span> <span class='ocrx_word' id='word_1_182' title='bbox 1150 2823 1311 2878; x_wconf 86' lang='lat' dir='ltr'><strong>Pueri</strong></span> <span class='ocrx_word' id='word_1_183' title='bbox 1337 2823 1458 2888; x_wconf 88' lang='lat' dir='ltr'><strong>mei,</strong></span> <span class='ocrx_word' id='word_1_184' title='bbox 1483 2837 1546 2875; x_wconf 76' lang='lat' dir='ltr'><strong>ex</strong></span> <span class='ocrx_word' id='word_1_185' title='bbox 1566 2820 1677 2874; x_wconf 85' lang='lat' dir='ltr'><strong>Deo</strong></span> <span class='ocrx_word' id='word_1_186' title='bbox 1705 2814 1952 2870; x_wconf 86' lang='lat' dir='ltr'><strong>nati.Alii</strong></span> <span class='ocrx_word' id='word_1_187' title='bbox 1977 2811 2266 2881; x_wconf 59' lang='lat' dir='ltr'><strong>Prophetas</strong></span> 
     </span>
    </p>
   </div>
   <div class='ocr_carea' id='block_1_30' title="bbox 690 2902 2267 2984">
    <p class='ocr_par' dir='ltr' id='par_1_30' title="bbox 690 2902 2267 2984">
     <span class='ocr_line' id='line_1_30' title="bbox 690 2902 2267 2984; baseline -0.012 -11"><span class='ocrx_word' id='word_1_188' title='bbox 690 2927 961 2974; x_wconf 90' lang='lat' dir='ltr'><strong>eteorum</strong></span> <span class='ocrx_word' id='word_1_189' title='bbox 989 2913 1254 2984; x_wconf 90' lang='lat' dir='ltr'><strong>discipuli.</strong></span> <span class='ocrx_word' id='word_1_190' title='bbox 1303 2912 1514 2982; x_wconf 78' lang='lat' dir='ltr'><strong>Legunt</strong></span> <span class='ocrx_word' id='word_1_191' title='bbox 1555 2909 1658 2964; x_wconf 91' lang='lat' dir='ltr'><strong>hoc</strong></span> <span class='ocrx_word' id='word_1_192' title='bbox 1697 2907 1918 2977; x_wconf 90' lang='lat' dir='ltr'><strong>quidam</strong></span> <span class='ocrx_word' id='word_1_193' title='bbox 1955 2904 2022 2958; x_wconf 92' lang='lat' dir='ltr'><strong>de</strong></span> <span class='ocrx_word' id='word_1_194' title='bbox 2058 2902 2267 2956; x_wconf 89' lang='lat' dir='ltr'><strong>duobus</strong></span> 
     </span>
    </p>
   </div>
   <div class='ocr_carea' id='block_1_31' title="bbox 692 2992 2268 3074">
    <p class='ocr_par' dir='ltr' id='par_1_31' title="bbox 692 2992 2268 3074">
     <span class='ocr_line' id='line_1_31' title="bbox 692 2992 2268 3074; baseline -0.009 -12"><span class='ocrx_word' id='word_1_195' title='bbox 692 3008 816 3062; x_wconf 84' lang='lat' dir='ltr'><strong>ﬁliis</strong></span> <span class='ocrx_word' id='word_1_196' title='bbox 838 3006 1009 3071; x_wconf 66' lang='lat' dir='ltr'><strong>Isaiae,</strong></span> <span class='ocrx_word' id='word_1_197' title='bbox 1031 3012 1156 3069; x_wconf 89' lang='lat' dir='ltr'><strong>etc.,</strong></span> <span class='ocrx_word' id='word_1_198' title='bbox 1185 3019 1342 3074; x_wconf 88' lang='lat' dir='ltr'><strong>usque</strong></span> <span class='ocrx_word' id='word_1_199' title='bbox 1368 3003 1434 3056; x_wconf 87' lang='lat' dir='ltr'><strong>ad</strong></span> <span class='ocrx_word' id='word_1_200' title='bbox 1460 3000 1550 3072; x_wconf 88' lang='lat' dir='ltr'><strong>qui</strong></span> <span class='ocrx_word' id='word_1_201' title='bbox 1580 3000 1632 3054; x_wconf 91' lang='lat' dir='ltr'><strong>in</strong></span> <span class='ocrx_word' id='word_1_202' title='bbox 1658 3004 1967 3069; x_wconf 86' lang='lat' dir='ltr'><strong>portentum</strong></span> <span class='ocrx_word' id='word_1_203' title='bbox 1992 2992 2268 3049; x_wconf 67' lang='lat' dir='ltr'><strong>saecularis</strong></span> 
     </span>
    </p>
   </div>
   <div class='ocr_carea' id='block_1_32' title="bbox 694 3085 1931 3166">
    <p class='ocr_par' dir='ltr' id='par_1_32' title="bbox 694 3085 1931 3166">
     <span class='ocr_line' id='line_1_32' title="bbox 694 3085 1931 3166; baseline -0.011 -14"><span class='ocrx_word' id='word_1_204' title='bbox 694 3095 971 3166; x_wconf 69' lang='lat' dir='ltr'><strong>sapientiae</strong></span> <span class='ocrx_word' id='word_1_205' title='bbox 995 3102 1050 3148; x_wconf 91' lang='lat' dir='ltr'><strong>et</strong></span> <span class='ocrx_word' id='word_1_206' title='bbox 1074 3091 1336 3162; x_wconf 68' lang='lat' dir='ltr'><strong>superbire</strong></span> <span class='ocrx_word' id='word_1_207' title='bbox 1361 3088 1667 3145; x_wconf 66' lang='lat' dir='ltr'><strong>Iudaeorum</strong></span> <span class='ocrx_word' id='word_1_208' title='bbox 1693 3085 1931 3142; x_wconf 80' lang='lat' dir='ltr'><strong>fuerunt.</strong></span> 
     </span>
    </p>
   </div>
   <div class='ocr_carea' id='block_1_33' title="bbox 762 3169 2266 3251">
    <p class='ocr_par' dir='ltr' id='par_1_33' title="bbox 762 3169 2266 3251">
     <span class='ocr_line' id='line_1_33' title="bbox 762 3169 2266 3251; baseline -0.008 -11"><span class='ocrx_word' id='word_1_209' title='bbox 762 3185 927 3240; x_wconf 75' lang='lat' dir='ltr'><strong>Vsus.</strong></span> <span class='ocrx_word' id='word_1_210' title='bbox 955 3184 1046 3238; x_wconf 72' lang='lat'><strong>20.</strong></span> <span class='ocrx_word' id='word_1_211' title='bbox 1067 3213 1137 3224; x_wconf 94' lang='lat'>—</span> <span class='ocrx_word' id='word_1_212' title='bbox 1170 3181 1291 3236; x_wconf 87' lang='lat' dir='ltr'><strong>Non</strong></span> <span class='ocrx_word' id='word_1_213' title='bbox 1319 3181 1420 3235; x_wconf 89' lang='lat' dir='ltr'><strong>eris</strong></span> <span class='ocrx_word' id='word_1_214' title='bbox 1449 3181 1542 3234; x_wconf 86' lang='lat' dir='ltr'><strong>eis.</strong></span> <span class='ocrx_word' id='word_1_215' title='bbox 1571 3177 1694 3251; x_wconf 91' lang='grc'><strong>(11).)</strong></span> <span class='ocrx_word' id='word_1_216' title='bbox 1723 3176 1834 3232; x_wconf 85' lang='lat' dir='ltr'><strong>Hoc</strong></span> <span class='ocrx_word' id='word_1_217' title='bbox 1859 3183 1942 3230; x_wconf 84' lang='lat' dir='ltr'><strong>est</strong></span> <span class='ocrx_word' id='word_1_218' title='bbox 1967 3173 2011 3229; x_wconf 96' lang='lat' dir='ltr'><strong>si</strong></span> <span class='ocrx_word' id='word_1_219' title='bbox 2038 3169 2266 3244; x_wconf 89' lang='lat' dir='ltr'><strong>populus</strong></span> 
     </span>
    </p>
   </div>
   <div class='ocr_carea' id='block_1_34' title="bbox 2353 604 2743 675">
    <p class='ocr_par' dir='ltr' id='par_1_34' title="bbox 2353 604 2743 675">
     <span class='ocr_line' id='line_1_34' title="bbox 2353 604 2743 675; baseline -0.013 -12"><span class='ocrx_word' id='word_1_220' title='bbox 2353 607 2420 663; x_wconf 90' lang='lat' dir='ltr'><strong>de</strong></span> <span class='ocrx_word' id='word_1_221' title='bbox 2448 604 2743 675; x_wconf 88' lang='lat' dir='ltr'><strong>discipulis.</strong></span> 
     </span>
    </p>
   </div>
   <div class='ocr_carea' id='block_1_35' title="bbox 2422 691 3794 766">
    <p class='ocr_par' dir='ltr' id='par_1_35' title="bbox 2422 691 3794 766">
     <span class='ocr_line' id='line_1_35' title="bbox 2422 691 3794 766; baseline -0.007 -13"><span class='ocrx_word' id='word_1_222' title='bbox 2422 700 2586 754; x_wconf 78' lang='lat' dir='ltr'><strong>Vsus.</strong></span> <span class='ocrx_word' id='word_1_223' title='bbox 2617 697 2673 751; x_wconf 76' lang='grc'><strong>4.</strong></span> <span class='ocrx_word' id='word_1_224' title='bbox 2697 727 2764 737; x_wconf 91' lang='grc'><strong><em>-</em></strong></span> <span class='ocrx_word' id='word_1_225' title='bbox 2789 695 2984 766; x_wconf 75' lang='lat' dir='ltr'><strong>Iugum</strong></span> <span class='ocrx_word' id='word_1_226' title='bbox 3019 694 3176 749; x_wconf 84' lang='lat' dir='ltr'><strong>enim.</strong></span> <span class='ocrx_word' id='word_1_227' title='bbox 3215 692 3334 766; x_wconf 91' lang='grc'><strong>(11).)</strong></span> <span class='ocrx_word' id='word_1_228' title='bbox 3364 691 3520 748; x_wconf 79' lang='lat' dir='ltr'><strong>liabet</strong></span> <span class='ocrx_word' id='word_1_229' title='bbox 3541 692 3728 752; x_wconf 81' lang='lat' dir='ltr'><strong>Christus</strong></span> <span class='ocrx_word' id='word_1_230' title='bbox 3740 697 3794 764; x_wconf 78' lang='lat' dir='ltr'><strong>iu.</strong></span> 
     </span>
    </p>
   </div>
   <div class='ocr_carea' id='block_1_36' title="bbox 2353 784 3790 863">
    <p class='ocr_par' dir='ltr' id='par_1_36' title="bbox 2353 784 3790 863">
     <span class='ocr_line' id='line_1_36' title="bbox 2353 784 3790 863; baseline -0.005 -16"><span class='ocrx_word' id='word_1_231' title='bbox 2353 807 2500 863; x_wconf 81' lang='lat' dir='ltr'><strong>gum,</strong></span> <span class='ocrx_word' id='word_1_232' title='bbox 2527 790 2619 846; x_wconf 89' lang='lat' dir='ltr'><strong>sed</strong></span> <span class='ocrx_word' id='word_1_233' title='bbox 2647 802 2808 844; x_wconf 88' lang='lat' dir='ltr'><strong>suave</strong></span> <span class='ocrx_word' id='word_1_234' title='bbox 2833 803 2848 854; x_wconf 91' lang='lat'><strong>;</strong></span> <span class='ocrx_word' id='word_1_235' title='bbox 2882 795 2936 841; x_wconf 89' lang='lat' dir='ltr'><strong>et</strong></span> <span class='ocrx_word' id='word_1_236' title='bbox 2958 785 3224 849; x_wconf 89' lang='lat' dir='ltr'><strong>diabolus,</strong></span> <span class='ocrx_word' id='word_1_237' title='bbox 3252 784 3343 840; x_wconf 92' lang='lat' dir='ltr'><strong>sed</strong></span> <span class='ocrx_word' id='word_1_238' title='bbox 3371 784 3658 855; x_wconf 83' lang='lat' dir='ltr'><strong>importabile</strong></span> <span class='ocrx_word' id='word_1_239' title='bbox 3672 801 3790 845; x_wconf 79' lang='lat' dir='ltr'><strong>onere.</strong></span> 
     </span>
    </p>
   </div>
   <div class='ocr_carea' id='block_1_37' title="bbox 2354 872 3795 947">
    <p class='ocr_par' dir='ltr' id='par_1_37' title="bbox 2354 872 3795 947">
     <span class='ocr_line' id='line_1_37' title="bbox 2354 872 3795 947; baseline -0.005 -10"><span class='ocrx_word' id='word_1_240' title='bbox 2354 882 2422 938; x_wconf 89' lang='lat' dir='ltr'><strong>Et</strong></span> <span class='ocrx_word' id='word_1_241' title='bbox 2441 879 2688 936; x_wconf 88' lang='lat' dir='ltr'><strong>Christus</strong></span> <span class='ocrx_word' id='word_1_242' title='bbox 2710 876 3068 947; x_wconf 85' lang='lat' dir='ltr'><strong>principatum</strong></span> <span class='ocrx_word' id='word_1_243' title='bbox 3093 889 3254 944; x_wconf 87' lang='lat' dir='ltr'><strong>super</strong></span> <span class='ocrx_word' id='word_1_244' title='bbox 3274 874 3550 937; x_wconf 88' lang='lat' dir='ltr'><strong>humerum,</strong></span> <span class='ocrx_word' id='word_1_245' title='bbox 3571 872 3615 928; x_wconf 92' lang='lat' dir='ltr'><strong>in</strong></span> <span class='ocrx_word' id='word_1_246' title='bbox 3633 888 3710 944; x_wconf 89' lang='lat' dir='ltr'><strong>quo</strong></span> <span class='ocrx_word' id='word_1_247' title='bbox 3725 891 3795 930; x_wconf 73' lang='grc'><strong>1111-</strong></span> 
     </span>
    </p>
   </div>
   <div class='ocr_carea' id='block_1_38' title="bbox 2354 968 3796 1045">
    <p class='ocr_par' dir='ltr' id='par_1_38' title="bbox 2354 968 3796 1045">
     <span class='ocr_line' id='line_1_38' title="bbox 2354 968 3796 1045; baseline -0.003 -13"><span class='ocrx_word' id='word_1_248' title='bbox 2354 991 2472 1032; x_wconf 92' lang='lat' dir='ltr'><strong>cem</strong></span> <span class='ocrx_word' id='word_1_249' title='bbox 2507 973 2774 1045; x_wconf 88' lang='lat' dir='ltr'><strong>portavit,</strong></span> <span class='ocrx_word' id='word_1_250' title='bbox 2811 979 2866 1028; x_wconf 88' lang='lat' dir='ltr'><strong>et</strong></span> <span class='ocrx_word' id='word_1_251' title='bbox 2901 969 3146 1026; x_wconf 86' lang='lat' dir='ltr'><strong>diabolus</strong></span> <span class='ocrx_word' id='word_1_252' title='bbox 3186 968 3240 1024; x_wconf 92' lang='lat' dir='ltr'><strong>in</strong></span> <span class='ocrx_word' id='word_1_253' title='bbox 3281 968 3494 1024; x_wconf 86' lang='lat' dir='ltr'><strong>humero</strong></span> <span class='ocrx_word' id='word_1_254' title='bbox 3520 968 3708 1040; x_wconf 74' lang='lat' dir='ltr'><strong>virga,</strong></span> <span class='ocrx_word' id='word_1_255' title='bbox 3733 987 3796 1041; x_wconf 77' lang='lat' dir='ltr'><strong>qua</strong></span> 
     </span>
    </p>
   </div>
   <div class='ocr_carea' id='block_1_39' title="bbox 2355 1067 2836 1138">
    <p class='ocr_par' dir='ltr' id='par_1_39' title="bbox 2355 1067 2836 1138">
     <span class='ocr_line' id='line_1_39' title="bbox 2355 1067 2836 1138; baseline -0.008 -15"><span class='ocrx_word' id='word_1_256' title='bbox 2355 1067 2614 1138; x_wconf 86' lang='lat' dir='ltr'><strong>superbit.</strong></span> <span class='ocrx_word' id='word_1_257' title='bbox 2831 1073 2836 1076; x_wconf 83' lang='lat'>&#39;</span> 
     </span>
    </p>
   </div>
   <div class='ocr_carea' id='block_1_40' title="bbox 2426 1150 3797 1225">
    <p class='ocr_par' dir='ltr' id='par_1_40' title="bbox 2426 1150 3797 1225">
     <span class='ocr_line' id='line_1_40' title="bbox 2426 1150 3797 1225; baseline 0.001 -15"><span class='ocrx_word' id='word_1_258' title='bbox 2426 1156 2723 1211; x_wconf 68' lang='lat' dir='ltr'><strong>Exactoris.</strong></span> <span class='ocrx_word' id='word_1_259' title='bbox 2751 1154 2944 1225; x_wconf 87' lang='lat' dir='ltr'><strong>Ipsius,</strong></span> <span class='ocrx_word' id='word_1_260' title='bbox 2967 1151 3176 1210; x_wconf 84' lang='lat' dir='ltr'><strong>scilicet</strong></span> <span class='ocrx_word' id='word_1_261' title='bbox 3194 1151 3465 1224; x_wconf 75' lang='lat' dir='ltr'><strong>exigentis.</strong></span> <span class='ocrx_word' id='word_1_262' title='bbox 3495 1150 3692 1218; x_wconf 85' lang='lat' dir='ltr'><strong>Quotidie</strong></span> <span class='ocrx_word' id='word_1_263' title='bbox 3709 1157 3797 1212; x_wconf 81' lang='lat' dir='ltr'><strong>eui</strong></span> 
     </span>
    </p>
   </div>
   <div class='ocr_carea' id='block_1_41' title="bbox 2357 1243 3798 1318">
    <p class='ocr_par' dir='ltr' id='par_1_41' title="bbox 2357 1243 3798 1318">
     <span class='ocr_line' id='line_1_41' title="bbox 2357 1243 3798 1318; baseline 0.001 -16"><span class='ocrx_word' id='word_1_264' title='bbox 2357 1263 2634 1303; x_wconf 92' lang='lat' dir='ltr'><strong>nummum</strong></span> <span class='ocrx_word' id='word_1_265' title='bbox 2664 1247 2870 1318; x_wconf 87' lang='lat' dir='ltr'><strong>peccati</strong></span> <span class='ocrx_word' id='word_1_266' title='bbox 2907 1260 3068 1316; x_wconf 88' lang='lat' dir='ltr'><strong>quem</strong></span> <span class='ocrx_word' id='word_1_267' title='bbox 3106 1245 3283 1314; x_wconf 91' lang='lat' dir='ltr'><strong>primo</strong></span> <span class='ocrx_word' id='word_1_268' title='bbox 3315 1243 3504 1299; x_wconf 89' lang='lat' dir='ltr'><strong>homini</strong></span> <span class='ocrx_word' id='word_1_269' title='bbox 3532 1245 3798 1312; x_wconf 69' lang='lat' dir='ltr'><strong>commisim</strong></span> 
     </span>
    </p>
   </div>
   <div class='ocr_carea' id='block_1_42' title="bbox 2355 1336 3146 1411">
    <p class='ocr_par' dir='ltr' id='par_1_42' title="bbox 2355 1336 3146 1411">
     <span class='ocr_line' id='line_1_42' title="bbox 2355 1336 3146 1411; baseline -0.006 -16"><span class='ocrx_word' id='word_1_270' title='bbox 2355 1339 2588 1411; x_wconf 87' lang='lat' dir='ltr'><strong>posteris</strong></span> <span class='ocrx_word' id='word_1_271' title='bbox 2615 1355 2736 1394; x_wconf 91' lang='lat' dir='ltr'><strong>eum</strong></span> <span class='ocrx_word' id='word_1_272' title='bbox 2765 1353 2930 1392; x_wconf 90' lang='lat' dir='ltr'><strong>usura</strong></span> <span class='ocrx_word' id='word_1_273' title='bbox 2957 1336 3146 1407; x_wconf 82' lang='lat' dir='ltr'><strong>exigit.</strong></span> 
     </span>
    </p>
   </div>
   <div class='ocr_carea' id='block_1_43' title="bbox 2428 1423 3801 1499">
    <p class='ocr_par' dir='ltr' id='par_1_43' title="bbox 2428 1423 3801 1499">
     <span class='ocr_line' id='line_1_43' title="bbox 2428 1423 3801 1499; baseline 0 -15"><span class='ocrx_word' id='word_1_274' title='bbox 2428 1429 2593 1485; x_wconf 73' lang='lat' dir='ltr'><strong>Vnus.</strong></span> <span class='ocrx_word' id='word_1_275' title='bbox 2625 1427 2676 1483; x_wconf 83' lang='lat'><strong>5.</strong></span> <span class='ocrx_word' id='word_1_276' title='bbox 2700 1459 2772 1468; x_wconf 92' lang='lat'><strong>—</strong></span> <span class='ocrx_word' id='word_1_277' title='bbox 2805 1427 2944 1493; x_wconf 85' lang='lat' dir='ltr'><strong>Quia</strong></span> <span class='ocrx_word' id='word_1_278' title='bbox 2993 1427 3163 1482; x_wconf 88' lang='lat' dir='ltr'><strong>omnis</strong></span> <span class='ocrx_word' id='word_1_279' title='bbox 3216 1423 3429 1481; x_wconf 83' lang='lat' dir='ltr'><strong>violenta</strong></span> <span class='ocrx_word' id='word_1_280' title='bbox 3468 1427 3690 1497; x_wconf 72' lang='lat' dir='ltr'><strong>pradatio.</strong></span> <span class='ocrx_word' id='word_1_281' title='bbox 3726 1430 3801 1499; x_wconf 80' lang='grc'><strong>(11.)</strong></span> 
     </span>
    </p>
   </div>
   <div class='ocr_carea' id='block_1_44' title="bbox 2357 1517 3802 1588">
    <p class='ocr_par' dir='ltr' id='par_1_44' title="bbox 2357 1517 3802 1588">
     <span class='ocr_line' id='line_1_44' title="bbox 2357 1517 3802 1588; baseline -0.001 -13"><span class='ocrx_word' id='word_1_282' title='bbox 2357 1519 2482 1576; x_wconf 88' lang='lat' dir='ltr'><strong>Acsi</strong></span> <span class='ocrx_word' id='word_1_283' title='bbox 2510 1520 2692 1574; x_wconf 88' lang='lat' dir='ltr'><strong>dicat:</strong></span> <span class='ocrx_word' id='word_1_284' title='bbox 2723 1517 2904 1574; x_wconf 91' lang='lat' dir='ltr'><strong>Genus</strong></span> <span class='ocrx_word' id='word_1_285' title='bbox 2931 1517 3230 1572; x_wconf 87' lang='lat' dir='ltr'><strong>humanum</strong></span> <span class='ocrx_word' id='word_1_286' title='bbox 3270 1517 3408 1586; x_wconf 91' lang='lat' dir='ltr'><strong>quod</strong></span> <span class='ocrx_word' id='word_1_287' title='bbox 3443 1517 3649 1573; x_wconf 84' lang='lat' dir='ltr'><strong>diabolus</strong></span> <span class='ocrx_word' id='word_1_288' title='bbox 3675 1520 3802 1588; x_wconf 71' lang='lat' dir='ltr'><strong>depra-</strong></span> 
     </span>
    </p>
   </div>
   <div class='ocr_carea' id='block_1_45' title="bbox 2361 1607 3803 1682">
    <p class='ocr_par' dir='ltr' id='par_1_45' title="bbox 2361 1607 3803 1682">
     <span class='ocr_line' id='line_1_45' title="bbox 2361 1607 3803 1682; baseline -0.001 -15"><span class='ocrx_word' id='word_1_289' title='bbox 2361 1613 2516 1667; x_wconf 88' lang='lat' dir='ltr'><strong>datus</strong></span> <span class='ocrx_word' id='word_1_290' title='bbox 2547 1619 2654 1674; x_wconf 88' lang='lat' dir='ltr'><strong>est,</strong></span> <span class='ocrx_word' id='word_1_291' title='bbox 2699 1607 2909 1665; x_wconf 85' lang='lat' dir='ltr'><strong>auferet</strong></span> <span class='ocrx_word' id='word_1_292' title='bbox 2933 1610 2981 1664; x_wconf 86' lang='lat' dir='ltr'><strong>ei</strong></span> <span class='ocrx_word' id='word_1_293' title='bbox 3011 1609 3273 1664; x_wconf 87' lang='lat' dir='ltr'><strong>Dominus</strong></span> <span class='ocrx_word' id='word_1_294' title='bbox 3297 1607 3558 1672; x_wconf 88' lang='lat' dir='ltr'><strong>violenter,</strong></span> <span class='ocrx_word' id='word_1_295' title='bbox 3585 1611 3628 1666; x_wconf 91' lang='lat' dir='ltr'><strong>id</strong></span> <span class='ocrx_word' id='word_1_296' title='bbox 3647 1623 3726 1675; x_wconf 85' lang='lat' dir='ltr'><strong>est,</strong></span> <span class='ocrx_word' id='word_1_297' title='bbox 3750 1629 3803 1682; x_wconf 84' lang='lat' dir='ltr'><strong>po-</strong></span> 
     </span>
    </p>
   </div>
   <div class='ocr_carea' id='block_1_46' title="bbox 2362 1697 3800 1771">
    <p class='ocr_par' dir='ltr' id='par_1_46' title="bbox 2362 1697 3800 1771">
     <span class='ocr_line' id='line_1_46' title="bbox 2362 1697 3800 1771; baseline -0.001 -14"><span class='ocrx_word' id='word_1_298' title='bbox 2362 1709 2557 1767; x_wconf 85' lang='lat' dir='ltr'><strong>tenter,</strong></span> <span class='ocrx_word' id='word_1_299' title='bbox 2587 1710 2641 1755; x_wconf 89' lang='lat' dir='ltr'><strong>et</strong></span> <span class='ocrx_word' id='word_1_300' title='bbox 2667 1701 2840 1771; x_wconf 90' lang='lat' dir='ltr'><strong>ipsum</strong></span> <span class='ocrx_word' id='word_1_301' title='bbox 2871 1713 2993 1754; x_wconf 88' lang='lat' dir='ltr'><strong>cum</strong></span> <span class='ocrx_word' id='word_1_302' title='bbox 3024 1697 3258 1752; x_wconf 88' lang='lat' dir='ltr'><strong>tumultu</strong></span> <span class='ocrx_word' id='word_1_303' title='bbox 3287 1698 3520 1752; x_wconf 88' lang='lat' dir='ltr'><strong>detrudet</strong></span> <span class='ocrx_word' id='word_1_304' title='bbox 3544 1699 3589 1753; x_wconf 92' lang='lat' dir='ltr'><strong>in</strong></span> <span class='ocrx_word' id='word_1_305' title='bbox 3611 1700 3800 1756; x_wconf 81' lang='lat' dir='ltr'><strong>infernum.</strong></span> 
     </span>
    </p>
   </div>
   <div class='ocr_carea' id='block_1_47' title="bbox 2365 1790 3801 1861">
    <p class='ocr_par' dir='ltr' id='par_1_47' title="bbox 2365 1790 3801 1861">
     <span class='ocr_line' id='line_1_47' title="bbox 2365 1790 3801 1861; baseline -0.001 -13"><span class='ocrx_word' id='word_1_306' title='bbox 2365 1792 2518 1848; x_wconf 89' lang='lat' dir='ltr'><strong>Unde</strong></span> <span class='ocrx_word' id='word_1_307' title='bbox 2556 1802 2662 1847; x_wconf 93' lang='lat' dir='ltr'><strong>tam</strong></span> <span class='ocrx_word' id='word_1_308' title='bbox 2691 1793 2756 1847; x_wconf 86' lang='lat' dir='ltr'><strong>de</strong></span> <span class='ocrx_word' id='word_1_309' title='bbox 2792 1791 2908 1861; x_wconf 89' lang='lat' dir='ltr'><strong>ipso</strong></span> <span class='ocrx_word' id='word_1_310' title='bbox 2938 1806 3099 1860; x_wconf 88' lang='lat' dir='ltr'><strong>quam</strong></span> <span class='ocrx_word' id='word_1_311' title='bbox 3136 1791 3203 1846; x_wconf 91' lang='lat' dir='ltr'><strong>de</strong></span> <span class='ocrx_word' id='word_1_312' title='bbox 3243 1791 3489 1846; x_wconf 88' lang='lat' dir='ltr'><strong>membris</strong></span> <span class='ocrx_word' id='word_1_313' title='bbox 3527 1790 3623 1859; x_wconf 82' lang='lat' dir='ltr'><strong>eius</strong></span> <span class='ocrx_word' id='word_1_314' title='bbox 3653 1792 3801 1846; x_wconf 80' lang='lat' dir='ltr'><strong>dicitur:</strong></span> 
     </span>
    </p>
   </div>
   <div class='ocr_carea' id='block_1_48' title="bbox 2286 1874 3634 1953">
    <p class='ocr_par' dir='ltr' id='par_1_48' title="bbox 2286 1874 3634 1953">
     <span class='ocr_line' id='line_1_48' title="bbox 2286 1874 3634 1953; baseline -0.001 -18"><span class='ocrx_word' id='word_1_315' title='bbox 2286 1874 2334 1935; x_wconf 90' lang='lat' dir='ltr'><strong>B</strong></span> <span class='ocrx_word' id='word_1_316' title='bbox 2363 1881 2529 1939; x_wconf 79' lang='lat' dir='ltr'><strong>Periit</strong></span> <span class='ocrx_word' id='word_1_317' title='bbox 2553 1883 2801 1937; x_wconf 82' lang='lat' dir='ltr'><strong>memoria</strong></span> <span class='ocrx_word' id='word_1_318' title='bbox 2827 1899 3007 1937; x_wconf 86' lang='lat' dir='ltr'><strong>eorum</strong></span> <span class='ocrx_word' id='word_1_319' title='bbox 3033 1899 3151 1936; x_wconf 87' lang='lat' dir='ltr'><strong>cum</strong></span> <span class='ocrx_word' id='word_1_320' title='bbox 3177 1883 3348 1936; x_wconf 77' lang='lat' dir='ltr'><strong>sonitu</strong></span> <span class='ocrx_word' id='word_1_321' title='bbox 3374 1880 3530 1950; x_wconf 86' lang='lat' dir='ltr'><strong>(Psal.</strong></span> <span class='ocrx_word' id='word_1_322' title='bbox 3554 1881 3634 1953; x_wconf 79' lang='grc' dir='ltr'><strong>ιι).</strong></span> 
     </span>
    </p>
   </div>
   <div class='ocr_carea' id='block_1_49' title="bbox 2445 1973 3805 2045">
    <p class='ocr_par' dir='ltr' id='par_1_49' title="bbox 2445 1973 3805 2045">
     <span class='ocr_line' id='line_1_49' title="bbox 2445 1973 3805 2045; baseline 0.002 -17"><span class='ocrx_word' id='word_1_323' title='bbox 2445 1973 2814 2028; x_wconf 84' lang='lat' dir='ltr'><strong>Vestimentum</strong></span> <span class='ocrx_word' id='word_1_324' title='bbox 2854 1975 3086 2028; x_wconf 87' lang='lat' dir='ltr'><strong>mistum.</strong></span> <span class='ocrx_word' id='word_1_325' title='bbox 3144 1973 3266 2045; x_wconf 92' lang='grc'><strong>(11).)</strong></span> <span class='ocrx_word' id='word_1_326' title='bbox 3314 1973 3552 2029; x_wconf 86' lang='lat' dir='ltr'><strong>Diabolus</strong></span> <span class='ocrx_word' id='word_1_327' title='bbox 3587 1974 3659 2044; x_wconf 87' lang='lat' dir='ltr'><strong>qui</strong></span> <span class='ocrx_word' id='word_1_328' title='bbox 3691 1974 3805 2045; x_wconf 78' lang='lat' dir='ltr'><strong>plemu</strong></span> 
     </span>
    </p>
   </div>
   <div class='ocr_carea' id='block_1_50' title="bbox 2363 2066 3805 2139">
    <p class='ocr_par' dir='ltr' id='par_1_50' title="bbox 2363 2066 3805 2139">
     <span class='ocr_line' id='line_1_50' title="bbox 2363 2066 3805 2139; baseline 0 -16"><span class='ocrx_word' id='word_1_329' title='bbox 2363 2068 2602 2124; x_wconf 91' lang='lat' dir='ltr'><strong>omnium</strong></span> <span class='ocrx_word' id='word_1_330' title='bbox 2625 2069 2908 2138; x_wconf 80' lang='lat' dir='ltr'><strong>sanguine,</strong></span> <span class='ocrx_word' id='word_1_331' title='bbox 2929 2069 3020 2139; x_wconf 92' lang='lat' dir='ltr'><strong>qui</strong></span> <span class='ocrx_word' id='word_1_332' title='bbox 3052 2067 3320 2122; x_wconf 87' lang='lat' dir='ltr'><strong>homicida</strong></span> <span class='ocrx_word' id='word_1_333' title='bbox 3347 2067 3410 2122; x_wconf 90' lang='lat' dir='ltr'><strong>ab</strong></span> <span class='ocrx_word' id='word_1_334' title='bbox 3429 2066 3588 2132; x_wconf 90' lang='lat' dir='ltr'><strong>initio;</strong></span> <span class='ocrx_word' id='word_1_335' title='bbox 3614 2067 3678 2121; x_wconf 82' lang='lat' dir='ltr'><strong>vel</strong></span> <span class='ocrx_word' id='word_1_336' title='bbox 3702 2068 3805 2123; x_wconf 82' lang='lat' dir='ltr'><strong>homi-</strong></span> 
     </span>
    </p>
   </div>
   <div class='ocr_carea' id='block_1_51' title="bbox 2362 2158 3805 2229">
    <p class='ocr_par' dir='ltr' id='par_1_51' title="bbox 2362 2158 3805 2229">
     <span class='ocr_line' id='line_1_51' title="bbox 2362 2158 3805 2229; baseline -0.001 -15"><span class='ocrx_word' id='word_1_337' title='bbox 2362 2175 2490 2223; x_wconf 89' lang='lat' dir='ltr'><strong>nes,</strong></span> <span class='ocrx_word' id='word_1_338' title='bbox 2544 2161 2738 2228; x_wconf 88' lang='lat' dir='ltr'><strong>quibus</strong></span> <span class='ocrx_word' id='word_1_339' title='bbox 2779 2160 3024 2216; x_wconf 88' lang='lat' dir='ltr'><strong>diabolus</strong></span> <span class='ocrx_word' id='word_1_340' title='bbox 3069 2167 3325 2229; x_wconf 90' lang='lat' dir='ltr'><strong>tanquam</strong></span> <span class='ocrx_word' id='word_1_341' title='bbox 3364 2168 3503 2214; x_wconf 87' lang='lat' dir='ltr'><strong>veste</strong></span> <span class='ocrx_word' id='word_1_342' title='bbox 3536 2158 3805 2222; x_wconf 77' lang='lat' dir='ltr'><strong>circumdatur,</strong></span> 
     </span>
    </p>
   </div>
   <div class='ocr_carea' id='block_1_52' title="bbox 2364 2249 3472 2322">
    <p class='ocr_par' dir='ltr' id='par_1_52' title="bbox 2364 2249 3472 2322">
     <span class='ocr_line' id='line_1_52' title="bbox 2364 2249 3472 2322; baseline -0.002 -18"><span class='ocrx_word' id='word_1_343' title='bbox 2364 2266 2592 2322; x_wconf 91' lang='lat' dir='ltr'><strong>quorum</strong></span> <span class='ocrx_word' id='word_1_344' title='bbox 2626 2266 2816 2305; x_wconf 90' lang='lat' dir='ltr'><strong>manus</strong></span> <span class='ocrx_word' id='word_1_345' title='bbox 2843 2250 3016 2320; x_wconf 68' lang='lat' dir='ltr'><strong>plena:</strong></span> <span class='ocrx_word' id='word_1_346' title='bbox 3046 2259 3174 2306; x_wconf 89' lang='lat' dir='ltr'><strong>sunt</strong></span> <span class='ocrx_word' id='word_1_347' title='bbox 3199 2249 3472 2320; x_wconf 76' lang='lat' dir='ltr'><strong>sanguine.</strong></span> 
     </span>
    </p>
   </div>
   <div class='ocr_carea' id='block_1_53' title="bbox 2437 2338 3803 2401">
    <p class='ocr_par' dir='ltr' id='par_1_53' title="bbox 2437 2338 3803 2401">
     <span class='ocr_line' id='line_1_53' title="bbox 2437 2338 3803 2401; baseline -0.005 -4"><span class='ocrx_word' id='word_1_348' title='bbox 2437 2343 2598 2397; x_wconf 70' lang='lat' dir='ltr'><strong>Vens.</strong></span> <span class='ocrx_word' id='word_1_349' title='bbox 2629 2341 2682 2396; x_wconf 88' lang='lat'><strong>6.</strong></span> <span class='ocrx_word' id='word_1_350' title='bbox 2707 2372 2777 2382; x_wconf 92' lang='lat'><strong>——</strong></span> <span class='ocrx_word' id='word_1_351' title='bbox 2805 2339 2951 2397; x_wconf 86' lang='lat' dir='ltr'><strong>Puer</strong></span> <span class='ocrx_word' id='word_1_352' title='bbox 2979 2351 3134 2396; x_wconf 84' lang='lat' dir='ltr'><strong>natus</strong></span> <span class='ocrx_word' id='word_1_353' title='bbox 3165 2351 3240 2396; x_wconf 86' lang='lat' dir='ltr'><strong>est</strong></span> <span class='ocrx_word' id='word_1_354' title='bbox 3267 2341 3426 2396; x_wconf 87' lang='lat' dir='ltr'><strong>nobis.</strong></span> <span class='ocrx_word' id='word_1_355' title='bbox 3450 2339 3552 2395; x_wconf 83' lang='lat' dir='ltr'><strong>Non</strong></span> <span class='ocrx_word' id='word_1_356' title='bbox 3574 2338 3803 2401; x_wconf 62' lang='lat' dir='ltr'><strong>ludatisuo-</strong></span> 
     </span>
    </p>
   </div>
   <div class='ocr_carea' id='block_1_54' title="bbox 2363 2415 3805 2506">
    <p class='ocr_par' dir='ltr' id='par_1_54' title="bbox 2363 2415 3805 2506">
     <span class='ocr_line' id='line_1_54' title="bbox 2363 2415 3805 2506; baseline -0.006 -15"><span class='ocrx_word' id='word_1_357' title='bbox 2363 2436 2468 2500; x_wconf 89' lang='lat' dir='ltr'><strong>bis,</strong></span> <span class='ocrx_word' id='word_1_358' title='bbox 2507 2444 2637 2502; x_wconf 86' lang='lat' dir='ltr'><strong>etc.,</strong></span> <span class='ocrx_word' id='word_1_359' title='bbox 2684 2451 2848 2506; x_wconf 85' lang='lat' dir='ltr'><strong>usque</strong></span> <span class='ocrx_word' id='word_1_360' title='bbox 2891 2433 2960 2488; x_wconf 81' lang='lat' dir='ltr'><strong>ad</strong></span> <span class='ocrx_word' id='word_1_361' title='bbox 3005 2434 3106 2489; x_wconf 90' lang='lat' dir='ltr'><strong>sed</strong></span> <span class='ocrx_word' id='word_1_362' title='bbox 3150 2433 3282 2490; x_wconf 91' lang='lat' dir='ltr'><strong>oriri</strong></span> <span class='ocrx_word' id='word_1_363' title='bbox 3330 2448 3434 2489; x_wconf 90' lang='lat' dir='ltr'><strong>non</strong></span> <span class='ocrx_word' id='word_1_364' title='bbox 3475 2415 3716 2489; x_wconf 64' lang='lat' dir='ltr'><strong>videntibus</strong></span> <span class='ocrx_word' id='word_1_365' title='bbox 3746 2444 3805 2483; x_wconf 81' lang='lat' dir='ltr'><strong>non</strong></span> 
     </span>
    </p>
   </div>
   <div class='ocr_carea' id='block_1_55' title="bbox 2365 2527 2602 2582">
    <p class='ocr_par' dir='ltr' id='par_1_55' title="bbox 2365 2527 2602 2582">
     <span class='ocr_line' id='line_1_55' title="bbox 2365 2527 2602 2582; baseline -0.004 -2"><span class='ocrx_word' id='word_1_366' title='bbox 2365 2527 2602 2582; x_wconf 88' lang='lat' dir='ltr'><strong>videtur.</strong></span> 
     </span>
    </p>
   </div>
   <div class='ocr_carea' id='block_1_56' title="bbox 2437 2613 3807 2691">
    <p class='ocr_par' dir='ltr' id='par_1_56' title="bbox 2437 2613 3807 2691">
     <span class='ocr_line' id='line_1_56' title="bbox 2437 2613 3807 2691; baseline -0.006 -19"><span class='ocrx_word' id='word_1_367' title='bbox 2437 2618 2774 2691; x_wconf 81' lang='lat' dir='ltr'><strong>Principatus</strong></span> <span class='ocrx_word' id='word_1_368' title='bbox 2813 2635 2970 2690; x_wconf 81' lang='lat' dir='ltr'><strong>super</strong></span> <span class='ocrx_word' id='word_1_369' title='bbox 2995 2620 3291 2674; x_wconf 83' lang='lat' dir='ltr'><strong>humerum.</strong></span> <span class='ocrx_word' id='word_1_370' title='bbox 3324 2617 3439 2690; x_wconf 88' lang='grc'><strong>(11).)</strong></span> <span class='ocrx_word' id='word_1_371' title='bbox 3475 2615 3589 2671; x_wconf 89' lang='lat' dir='ltr'><strong>Dum</strong></span> <span class='ocrx_word' id='word_1_372' title='bbox 3626 2613 3807 2669; x_wconf 73' lang='lat' dir='ltr'><strong>duceretur</strong></span> 
     </span>
    </p>
   </div>
   <div class='ocr_carea' id='block_1_57' title="bbox 2367 2705 3807 2785">
    <p class='ocr_par' dir='ltr' id='par_1_57' title="bbox 2367 2705 3807 2785">
     <span class='ocr_line' id='line_1_57' title="bbox 2367 2705 3807 2785; baseline -0.01 -15"><span class='ocrx_word' id='word_1_373' title='bbox 2367 2715 2434 2769; x_wconf 90' lang='lat' dir='ltr'><strong>ad</strong></span> <span class='ocrx_word' id='word_1_374' title='bbox 2464 2713 2780 2785; x_wconf 82' lang='lat' dir='ltr'><strong>patibulum,</strong></span> <span class='ocrx_word' id='word_1_375' title='bbox 2809 2714 3043 2783; x_wconf 86' lang='lat' dir='ltr'><strong>portavit</strong></span> <span class='ocrx_word' id='word_1_376' title='bbox 3067 2727 3310 2777; x_wconf 91' lang='lat' dir='ltr'><strong>crucem,</strong></span> <span class='ocrx_word' id='word_1_377' title='bbox 3343 2713 3396 2767; x_wconf 91' lang='lat' dir='ltr'><strong>in</strong></span> <span class='ocrx_word' id='word_1_378' title='bbox 3433 2726 3527 2782; x_wconf 88' lang='lat' dir='ltr'><strong>qua</strong></span> <span class='ocrx_word' id='word_1_379' title='bbox 3553 2707 3707 2764; x_wconf 85' lang='lat' dir='ltr'><strong>meruit</strong></span> <span class='ocrx_word' id='word_1_380' title='bbox 3723 2705 3807 2776; x_wconf 82' lang='lat' dir='ltr'><strong>prin-</strong></span> 
     </span>
    </p>
   </div>
   <div class='ocr_carea' id='block_1_58' title="bbox 2367 2807 2630 2876">
    <p class='ocr_par' dir='ltr' id='par_1_58' title="bbox 2367 2807 2630 2876">
     <span class='ocr_line' id='line_1_58' title="bbox 2367 2807 2630 2876; baseline -0.004 -15"><span class='ocrx_word' id='word_1_381' title='bbox 2367 2807 2630 2876; x_wconf 85' lang='lat' dir='ltr'><strong>cipatum.</strong></span> 
     </span>
    </p>
   </div>
   <div class='ocr_carea' id='block_1_59' title="bbox 2440 2884 3805 2968">
    <p class='ocr_par' dir='ltr' id='par_1_59' title="bbox 2440 2884 3805 2968">
     <span class='ocr_line' id='line_1_59' title="bbox 2440 2884 3805 2968; baseline -0.007 -18"><span class='ocrx_word' id='word_1_382' title='bbox 2440 2896 2561 2968; x_wconf 90' lang='grc'><strong>(11).)</strong></span> <span class='ocrx_word' id='word_1_383' title='bbox 2603 2895 2953 2966; x_wconf 77' lang='lat' dir='ltr'><strong>Septuaginta</strong></span> <span class='ocrx_word' id='word_1_384' title='bbox 3000 2911 3014 2948; x_wconf 88' lang='lat'><strong>:</strong></span> <span class='ocrx_word' id='word_1_385' title='bbox 3058 2893 3244 2965; x_wconf 80' lang='lat' dir='ltr'><strong>Magni</strong></span> <span class='ocrx_word' id='word_1_386' title='bbox 3277 2892 3474 2948; x_wconf 80' lang='lat' dir='ltr'><strong>consilii</strong></span> <span class='ocrx_word' id='word_1_387' title='bbox 3512 2884 3805 2961; x_wconf 58' lang='lat' dir='ltr'><strong>angelquuoIl</strong></span> 
     </span>
    </p>
   </div>
   <div class='ocr_carea' id='block_1_60' title="bbox 2368 2979 3807 3050">
    <p class='ocr_par' dir='ltr' id='par_1_60' title="bbox 2368 2979 3807 3050">
     <span class='ocr_line' id='line_1_60' title="bbox 2368 2979 3807 3050; baseline -0.009 -9"><span class='ocrx_word' id='word_1_388' title='bbox 2368 2985 2422 3041; x_wconf 93' lang='grc'><strong>111</strong></span> <span class='ocrx_word' id='word_1_389' title='bbox 2454 2985 2677 3040; x_wconf 70' lang='lat' dir='ltr'><strong>Hebrazo</strong></span> <span class='ocrx_word' id='word_1_390' title='bbox 2719 3001 2825 3040; x_wconf 91' lang='lat' dir='ltr'><strong>non</strong></span> <span class='ocrx_word' id='word_1_391' title='bbox 2877 2985 3146 3050; x_wconf 90' lang='lat' dir='ltr'><strong>habetur,</strong></span> <span class='ocrx_word' id='word_1_392' title='bbox 3201 2982 3293 3040; x_wconf 87' lang='lat' dir='ltr'><strong>sed</strong></span> <span class='ocrx_word' id='word_1_393' title='bbox 3342 2983 3588 3039; x_wconf 91' lang='lat' dir='ltr'><strong>nominum</strong></span> <span class='ocrx_word' id='word_1_394' title='bbox 3629 2979 3807 3049; x_wconf 78' lang='lat' dir='ltr'><strong>majestate</strong></span> 
     </span>
    </p>
   </div>
   <div class='ocr_carea' id='block_1_61' title="bbox 2367 3066 3805 3150">
    <p class='ocr_par' dir='ltr' id='par_1_61' title="bbox 2367 3066 3805 3150">
     <span class='ocr_line' id='line_1_61' title="bbox 2367 3066 3805 3150; baseline -0.011 -16"><span class='ocrx_word' id='word_1_395' title='bbox 2367 3077 2678 3150; x_wconf 90' lang='lat' dir='ltr'><strong>perterriti,</strong></span> <span class='ocrx_word' id='word_1_396' title='bbox 2731 3092 2836 3132; x_wconf 91' lang='lat' dir='ltr'><strong>non</strong></span> <span class='ocrx_word' id='word_1_397' title='bbox 2886 3076 3002 3132; x_wconf 90' lang='lat' dir='ltr'><strong>ausi</strong></span> <span class='ocrx_word' id='word_1_398' title='bbox 3056 3085 3188 3131; x_wconf 88' lang='lat' dir='ltr'><strong>sunt</strong></span> <span class='ocrx_word' id='word_1_399' title='bbox 3239 3076 3302 3131; x_wconf 90' lang='lat' dir='ltr'><strong>de</strong></span> <span class='ocrx_word' id='word_1_400' title='bbox 3347 3089 3500 3146; x_wconf 90' lang='lat' dir='ltr'><strong>puero</strong></span> <span class='ocrx_word' id='word_1_401' title='bbox 3536 3066 3805 3136; x_wconf 82' lang='lat' dir='ltr'><strong>dicere,un</strong></span> 
     </span>
    </p>
   </div>
   <div class='ocr_carea' id='block_1_62' title="bbox 2368 3165 3806 3242">
    <p class='ocr_par' dir='ltr' id='par_1_62' title="bbox 2368 3165 3806 3242">
     <span class='ocr_line' id='line_1_62' title="bbox 2368 3165 3806 3242; baseline -0.009 -18"><span class='ocrx_word' id='word_1_402' title='bbox 2368 3179 2554 3242; x_wconf 88' lang='lat' dir='ltr'><strong>aperte</strong></span> <span class='ocrx_word' id='word_1_403' title='bbox 2590 3171 2730 3226; x_wconf 89' lang='lat' dir='ltr'><strong>Deus</strong></span> <span class='ocrx_word' id='word_1_404' title='bbox 2760 3168 3104 3240; x_wconf 88' lang='lat' dir='ltr'><strong>appellandus</strong></span> <span class='ocrx_word' id='word_1_405' title='bbox 3133 3169 3227 3224; x_wconf 89' lang='lat' dir='ltr'><strong>sit.</strong></span> <span class='ocrx_word' id='word_1_406' title='bbox 3273 3168 3393 3223; x_wconf 90' lang='lat' dir='ltr'><strong>Ideo</strong></span> <span class='ocrx_word' id='word_1_407' title='bbox 3427 3181 3516 3238; x_wconf 89' lang='lat' dir='ltr'><strong>pro</strong></span> <span class='ocrx_word' id='word_1_408' title='bbox 3561 3165 3629 3220; x_wconf 87' lang='lat' dir='ltr'><strong>his</strong></span> <span class='ocrx_word' id='word_1_409' title='bbox 3662 3176 3727 3216; x_wconf 76' lang='lat' dir='ltr'><strong>ser</strong></span> <span class='ocrx_word' id='word_1_410' title='bbox 3756 3173 3806 3211; x_wconf 47' lang='lat' dir='ltr'><strong>no.</strong></span> 
     </span>
    </p>
   </div>
   <div class='ocr_carea' id='block_1_63' title="bbox 690 3243 3723 3339">
    <p class='ocr_par' dir='ltr' id='par_1_63' title="bbox 690 3243 3723 3339">
     <span class='ocr_line' id='line_1_63' title="bbox 690 3243 3723 3339; baseline -0.009 -5"><span class='ocrx_word' id='word_1_411' title='bbox 690 3278 793 3334; x_wconf 91' lang='lat' dir='ltr'><strong>iste</strong></span> <span class='ocrx_word' id='word_1_412' title='bbox 829 3276 1060 3332; x_wconf 90' lang='lat' dir='ltr'><strong>noluerit</strong></span> <span class='ocrx_word' id='word_1_413' title='bbox 1087 3275 1368 3329; x_wconf 89' lang='lat' dir='ltr'><strong>veritatem</strong></span> <span class='ocrx_word' id='word_1_414' title='bbox 1404 3287 1434 3324; x_wconf 89' lang='lat' dir='ltr'><strong>a</strong></span> <span class='ocrx_word' id='word_1_415' title='bbox 1463 3243 1693 3325; x_wconf 83' lang='lat' dir='ltr'><strong>Domino</strong></span> <span class='ocrx_word' id='word_1_416' title='bbox 1720 3282 1994 3339; x_wconf 64' lang='lat' dir='ltr'><strong>quaerere,</strong></span> <span class='ocrx_word' id='word_1_417' title='bbox 2035 3243 2140 3320; x_wconf 85' lang='lat' dir='ltr'><strong>non</strong></span> <span class='ocrx_word' id='word_1_418' title='bbox 2172 3265 2269 3318; x_wconf 90' lang='lat' dir='ltr'><strong>ha-</strong></span> <span class='ocrx_word' id='word_1_419' title='bbox 2291 3243 2338 3306; x_wconf 63' lang='grc' dir='ltr'><strong>(ἶ</strong></span> <span class='ocrx_word' id='word_1_420' title='bbox 2371 3263 2604 3318; x_wconf 86' lang='lat' dir='ltr'><strong>minibus</strong></span> <span class='ocrx_word' id='word_1_421' title='bbox 2631 3263 2734 3318; x_wconf 91' lang='lat' dir='ltr'><strong>hoc</strong></span> <span class='ocrx_word' id='word_1_422' title='bbox 2760 3270 3077 3332; x_wconf 90' lang='lat' dir='ltr'><strong>posuerunt,</strong></span> <span class='ocrx_word' id='word_1_423' title='bbox 3116 3262 3296 3333; x_wconf 86' lang='lat' dir='ltr'><strong>magni</strong></span> <span class='ocrx_word' id='word_1_424' title='bbox 3324 3260 3515 3316; x_wconf 80' lang='lat' dir='ltr'><strong>consilii</strong></span> <span class='ocrx_word' id='word_1_425' title='bbox 3547 3256 3723 3328; x_wconf 79' lang='lat' dir='ltr'><strong>angelus.</strong></span> 
     </span>
    </p>
   </div>
   <div class='ocr_carea' id='block_1_64' title="bbox 690 3358 2267 3432">
    <p class='ocr_par' dir='ltr' id='par_1_64' title="bbox 690 3358 2267 3432">
     <span class='ocr_line' id='line_1_64' title="bbox 690 3358 2267 3432; baseline -0.011 -7"><span class='ocrx_word' id='word_1_426' title='bbox 690 3369 837 3425; x_wconf 86' lang='lat' dir='ltr'><strong>bebit</strong></span> <span class='ocrx_word' id='word_1_427' title='bbox 898 3367 1208 3432; x_wconf 85' lang='lat' dir='ltr'><strong>Christum,</strong></span> <span class='ocrx_word' id='word_1_428' title='bbox 1258 3363 1460 3420; x_wconf 88' lang='lat' dir='ltr'><strong>scilicet</strong></span> <span class='ocrx_word' id='word_1_429' title='bbox 1527 3361 1708 3416; x_wconf 88' lang='lat' dir='ltr'><strong>lumen</strong></span> <span class='ocrx_word' id='word_1_430' title='bbox 1768 3358 2055 3424; x_wconf 83' lang='lat' dir='ltr'><strong>veritatis,</strong></span> <span class='ocrx_word' id='word_1_431' title='bbox 2105 3369 2267 3425; x_wconf 85' lang='lat' dir='ltr'><strong>quam</strong></span> 
     </span>
    </p>
   </div>
   <div class='ocr_carea' id='block_1_65' title="bbox 694 3459 936 3530">
    <p class='ocr_par' dir='ltr' id='par_1_65' title="bbox 694 3459 936 3530">
     <span class='ocr_line' id='line_1_65' title="bbox 694 3459 936 3530; baseline -0.017 -15"><span class='ocrx_word' id='word_1_432' title='bbox 694 3459 936 3530; x_wconf 77' lang='lat' dir='ltr'><strong>negligit.</strong></span> 
     </span>
    </p>
   </div>
   <div class='ocr_carea' id='block_1_66' title="bbox 767 3539 2274 3620">
    <p class='ocr_par' dir='ltr' id='par_1_66' title="bbox 767 3539 2274 3620">
     <span class='ocr_line' id='line_1_66' title="bbox 767 3539 2274 3620; baseline -0.011 -11"><span class='ocrx_word' id='word_1_433' title='bbox 767 3554 930 3609; x_wconf 71' lang='lat' dir='ltr'><strong>Vens.</strong></span> <span class='ocrx_word' id='word_1_434' title='bbox 953 3551 1042 3606; x_wconf 75' lang='grc'><strong>21.</strong></span> <span class='ocrx_word' id='word_1_435' title='bbox 1057 3580 1128 3591; x_wconf 91' lang='lat'><strong>-—</strong></span> <span class='ocrx_word' id='word_1_436' title='bbox 1153 3549 1279 3620; x_wconf 85' lang='lat' dir='ltr'><strong>Regi</strong></span> <span class='ocrx_word' id='word_1_437' title='bbox 1299 3565 1416 3604; x_wconf 90' lang='lat' dir='ltr'><strong>suo.</strong></span> <span class='ocrx_word' id='word_1_438' title='bbox 1447 3545 1670 3602; x_wconf 90' lang='lat' dir='ltr'><strong>Diabolo</strong></span> <span class='ocrx_word' id='word_1_439' title='bbox 1691 3552 1745 3600; x_wconf 92' lang='lat' dir='ltr'><strong>et</strong></span> <span class='ocrx_word' id='word_1_440' title='bbox 1765 3542 2006 3615; x_wconf 87' lang='lat' dir='ltr'><strong>paternis</strong></span> <span class='ocrx_word' id='word_1_441' title='bbox 2029 3539 2274 3597; x_wconf 81' lang='lat' dir='ltr'><strong>traditio-</strong></span> 
     </span>
    </p>
   </div>
   <div class='ocr_carea' id='block_1_67' title="bbox 696 3637 1678 3739">
    <p class='ocr_par' dir='ltr' id='par_1_67' title="bbox 696 3637 1678 3739">
     <span class='ocr_line' id='line_1_67' title="bbox 696 3637 1678 3739; baseline -0.01 -37"><span class='ocrx_word' id='word_1_442' title='bbox 696 3645 877 3710; x_wconf 87' lang='lat' dir='ltr'><strong>nibus,</strong></span> <span class='ocrx_word' id='word_1_443' title='bbox 907 3641 961 3699; x_wconf 89' lang='lat' dir='ltr'><strong>id</strong></span> <span class='ocrx_word' id='word_1_444' title='bbox 986 3653 1088 3711; x_wconf 88' lang='lat' dir='ltr'><strong>est,</strong></span> <span class='ocrx_word' id='word_1_445' title='bbox 1115 3641 1356 3712; x_wconf 89' lang='lat' dir='ltr'><strong>antiquis</strong></span> <span class='ocrx_word' id='word_1_446' title='bbox 1381 3637 1678 3739; x_wconf 67' lang='lat' dir='ltr'><strong>erroribus.</strong></span> 
     </span>
    </p>
   </div>
   <div class='ocr_carea' id='block_1_68' title="bbox 1302 3771 1673 3831">
    <p class='ocr_par' dir='ltr' id='par_1_68' title="bbox 1302 3771 1673 3831">
     <span class='ocr_line' id='line_1_68' title="bbox 1302 3771 1673 3831; baseline -0.013 0"><span class='ocrx_word' id='word_1_447' title='bbox 1302 3773 1528 3831; x_wconf 86' lang='lat' dir='ltr'><strong>CAPUT</strong></span> <span class='ocrx_word' id='word_1_448' title='bbox 1579 3771 1673 3828; x_wconf 75' lang='lat' dir='ltr'><strong>IX.</strong></span> 
     </span>
    </p>
   </div>
   <div class='ocr_carea' id='block_1_69' title="bbox 770 3901 2274 3978">
    <p class='ocr_par' dir='ltr' id='par_1_69' title="bbox 770 3901 2274 3978">
     <span class='ocr_line' id='line_1_69' title="bbox 770 3901 2274 3978; baseline -0.006 -11"><span class='ocrx_word' id='word_1_449' title='bbox 770 3913 935 3967; x_wconf 76' lang='lat' dir='ltr'><strong>Vsus.</strong></span> <span class='ocrx_word' id='word_1_450' title='bbox 960 3911 1095 3966; x_wconf 83' lang='lat' dir='ltr'><strong>l.—</strong></span> <span class='ocrx_word' id='word_1_451' title='bbox 1117 3907 1298 3963; x_wconf 90' lang='lat' dir='ltr'><strong>Primo</strong></span> <span class='ocrx_word' id='word_1_452' title='bbox 1328 3918 1576 3978; x_wconf 86' lang='lat' dir='ltr'><strong>tempore,</strong></span> <span class='ocrx_word' id='word_1_453' title='bbox 1603 3905 1810 3977; x_wconf 73' lang='grc'><strong>(1111111.)</strong></span> <span class='ocrx_word' id='word_1_454' title='bbox 1836 3902 1930 3959; x_wconf 69' lang='lat' dir='ltr'><strong>lite</strong></span> <span class='ocrx_word' id='word_1_455' title='bbox 1953 3903 2073 3958; x_wconf 69' lang='lat' dir='ltr'><strong>dum</strong></span> <span class='ocrx_word' id='word_1_456' title='bbox 2099 3901 2274 3958; x_wconf 90' lang='lat' dir='ltr'><strong>tribus</strong></span> 
     </span>
    </p>
   </div>
   <div class='ocr_carea' id='block_1_70' title="bbox 701 3988 2340 4072">
    <p class='ocr_par' dir='ltr' id='par_1_70' title="bbox 701 3988 2340 4072">
     <span class='ocr_line' id='line_1_70' title="bbox 701 3988 2340 4072; baseline -0.006 -13"><span class='ocrx_word' id='word_1_457' title='bbox 701 4005 769 4059; x_wconf 88' lang='lat' dir='ltr'><strong>ab</strong></span> <span class='ocrx_word' id='word_1_458' title='bbox 787 4002 1020 4072; x_wconf 81' lang='lat' dir='ltr'><strong>Assyriis</strong></span> <span class='ocrx_word' id='word_1_459' title='bbox 1044 4003 1097 4055; x_wconf 92' lang='lat' dir='ltr'><strong>in</strong></span> <span class='ocrx_word' id='word_1_460' title='bbox 1121 4000 1482 4070; x_wconf 85' lang='lat' dir='ltr'><strong>captivitatem</strong></span> <span class='ocrx_word' id='word_1_461' title='bbox 1509 3999 1682 4053; x_wconf 60' lang='lat' dir='ltr'><strong>ductae</strong></span> <span class='ocrx_word' id='word_1_462' title='bbox 1702 4004 1845 4065; x_wconf 90' lang='lat' dir='ltr'><strong>sunt,</strong></span> <span class='ocrx_word' id='word_1_463' title='bbox 1869 4005 2003 4062; x_wconf 91' lang='lat' dir='ltr'><strong>etc.,</strong></span> <span class='ocrx_word' id='word_1_464' title='bbox 2026 4011 2188 4067; x_wconf 87' lang='lat' dir='ltr'><strong>usque</strong></span> <span class='ocrx_word' id='word_1_465' title='bbox 2209 3995 2278 4050; x_wconf 83' lang='lat' dir='ltr'><strong>ad</strong></span> <span class='ocrx_word' id='word_1_466' title='bbox 2334 3988 2340 3993; x_wconf 80' lang='grc'><em>’</em></span> 
     </span>
    </p>
   </div>
   <div class='ocr_carea' id='block_1_71' title="bbox 699 4081 1814 4162">
    <p class='ocr_par' dir='ltr' id='par_1_71' title="bbox 699 4081 1814 4162">
     <span class='ocr_line' id='line_1_71' title="bbox 699 4081 1814 4162; baseline -0.007 -14"><span class='ocrx_word' id='word_1_467' title='bbox 699 4081 833 4148; x_wconf 83' lang='lat' dir='ltr'><strong>vidit</strong></span> <span class='ocrx_word' id='word_1_468' title='bbox 857 4091 1006 4162; x_wconf 77' lang='lat' dir='ltr'><strong>prius</strong></span> <span class='ocrx_word' id='word_1_469' title='bbox 1030 4090 1204 4145; x_wconf 91' lang='lat' dir='ltr'><strong>lucem</strong></span> <span class='ocrx_word' id='word_1_470' title='bbox 1229 4087 1572 4159; x_wconf 82' lang='lat' dir='ltr'><strong>praedicantis</strong></span> <span class='ocrx_word' id='word_1_471' title='bbox 1593 4086 1814 4142; x_wconf 90' lang='lat' dir='ltr'><strong>Christi.</strong></span> 
     </span>
    </p>
   </div>
   <div class='ocr_carea' id='block_1_72' title="bbox 775 4176 2278 4252">
    <p class='ocr_par' dir='ltr' id='par_1_72' title="bbox 775 4176 2278 4252">
     <span class='ocr_line' id='line_1_72' title="bbox 775 4176 2278 4252; baseline -0.003 -13"><span class='ocrx_word' id='word_1_472' title='bbox 775 4184 938 4239; x_wconf 82' lang='lat' dir='ltr'><strong>Terra</strong></span> <span class='ocrx_word' id='word_1_473' title='bbox 972 4180 1230 4236; x_wconf 89' lang='lat' dir='ltr'><strong>Zabulon.</strong></span> <span class='ocrx_word' id='word_1_474' title='bbox 1257 4178 1380 4252; x_wconf 89' lang='grc'><strong>(11).)</strong></span> <span class='ocrx_word' id='word_1_475' title='bbox 1403 4177 1460 4233; x_wconf 91' lang='grc'><strong>111</strong></span> <span class='ocrx_word' id='word_1_476' title='bbox 1487 4193 1593 4248; x_wconf 89' lang='lat' dir='ltr'><strong>qua</strong></span> <span class='ocrx_word' id='word_1_477' title='bbox 1612 4176 1862 4233; x_wconf 87' lang='lat' dir='ltr'><strong>Christus</strong></span> <span class='ocrx_word' id='word_1_478' title='bbox 1882 4177 2117 4247; x_wconf 92' lang='lat' dir='ltr'><strong>primum</strong></span> <span class='ocrx_word' id='word_1_479' title='bbox 2137 4193 2278 4248; x_wconf 69' lang='lat' dir='ltr'><strong>pra:-</strong></span> 
     </span>
    </p>
   </div>
   <div class='ocr_carea' id='block_1_73' title="bbox 708 4268 2277 4340">
    <p class='ocr_par' dir='ltr' id='par_1_73' title="bbox 708 4268 2277 4340">
     <span class='ocr_line' id='line_1_73' title="bbox 708 4268 2277 4340; baseline -0.008 -4"><span class='ocrx_word' id='word_1_480' title='bbox 708 4278 907 4336; x_wconf 88' lang='lat' dir='ltr'><strong>dicavit</strong></span> <span class='ocrx_word' id='word_1_481' title='bbox 939 4284 995 4332; x_wconf 91' lang='lat' dir='ltr'><strong>et</strong></span> <span class='ocrx_word' id='word_1_482' title='bbox 1026 4273 1284 4330; x_wconf 90' lang='lat' dir='ltr'><strong>miracula</strong></span> <span class='ocrx_word' id='word_1_483' title='bbox 1319 4269 1484 4327; x_wconf 83' lang='lat' dir='ltr'><strong>fecit:</strong></span> <span class='ocrx_word' id='word_1_484' title='bbox 1525 4270 1597 4326; x_wconf 91' lang='lat' dir='ltr'><strong>ibi</strong></span> <span class='ocrx_word' id='word_1_485' title='bbox 1631 4269 1776 4326; x_wconf 90' lang='lat' dir='ltr'><strong>enim</strong></span> <span class='ocrx_word' id='word_1_486' title='bbox 1805 4283 1976 4340; x_wconf 84' lang='lat' dir='ltr'><strong>aquas</strong></span> <span class='ocrx_word' id='word_1_487' title='bbox 2008 4268 2063 4324; x_wconf 88' lang='lat' dir='ltr'><strong>in</strong></span> <span class='ocrx_word' id='word_1_488' title='bbox 2093 4269 2277 4324; x_wconf 86' lang='lat' dir='ltr'><strong>vinum</strong></span> 
     </span>
    </p>
   </div>
   <div class='ocr_carea' id='block_1_74' title="bbox 709 4363 1504 4437">
    <p class='ocr_par' dir='ltr' id='par_1_74' title="bbox 709 4363 1504 4437">
     <span class='ocr_line' id='line_1_74' title="bbox 709 4363 1504 4437; baseline -0.011 -11"><span class='ocrx_word' id='word_1_489' title='bbox 709 4368 1002 4435; x_wconf 89' lang='lat' dir='ltr'><strong>convertit,</strong></span> <span class='ocrx_word' id='word_1_490' title='bbox 1030 4364 1299 4437; x_wconf 87' lang='lat' dir='ltr'><strong>apostolos</strong></span> <span class='ocrx_word' id='word_1_491' title='bbox 1327 4363 1504 4434; x_wconf 80' lang='lat' dir='ltr'><strong>elegit.</strong></span> 
     </span>
    </p>
   </div>
   <div class='ocr_carea' id='block_1_75' title="bbox 777 4453 2276 4525">
    <p class='ocr_par' dir='ltr' id='par_1_75' title="bbox 777 4453 2276 4525">
     <span class='ocr_line' id='line_1_75' title="bbox 777 4453 2276 4525; baseline -0.003 -11"><span class='ocrx_word' id='word_1_492' title='bbox 777 4461 876 4514; x_wconf 87' lang='lat' dir='ltr'><strong>Via</strong></span> <span class='ocrx_word' id='word_1_493' title='bbox 897 4459 1080 4513; x_wconf 87' lang='lat' dir='ltr'><strong>maris.</strong></span> <span class='ocrx_word' id='word_1_494' title='bbox 1110 4457 1258 4512; x_wconf 80' lang='lat' dir='ltr'><strong>Mare</strong></span> <span class='ocrx_word' id='word_1_495' title='bbox 1280 4457 1334 4511; x_wconf 95' lang='lat' dir='ltr'><strong>in</strong></span> <span class='ocrx_word' id='word_1_496' title='bbox 1359 4457 1462 4512; x_wconf 89' lang='lat' dir='ltr'><strong>hoc</strong></span> <span class='ocrx_word' id='word_1_497' title='bbox 1483 4455 1601 4510; x_wconf 89' lang='lat' dir='ltr'><strong>loco</strong></span> <span class='ocrx_word' id='word_1_498' title='bbox 1627 4455 1776 4511; x_wconf 87' lang='lat' dir='ltr'><strong>lacus</strong></span> <span class='ocrx_word' id='word_1_499' title='bbox 1797 4455 2158 4520; x_wconf 89' lang='lat' dir='ltr'><strong>Genezareth,</strong></span> <span class='ocrx_word' id='word_1_500' title='bbox 2183 4453 2276 4525; x_wconf 90' lang='lat' dir='ltr'><strong>qui</strong></span> 
     </span>
    </p>
   </div>
   <div class='ocr_carea' id='block_1_76' title="bbox 699 4545 2273 4617">
    <p class='ocr_par' dir='ltr' id='par_1_76' title="bbox 699 4545 2273 4617">
     <span class='ocr_line' id='line_1_76' title="bbox 699 4545 2273 4617; baseline -0.006 -9"><span class='ocrx_word' id='word_1_501' title='bbox 699 4551 936 4608; x_wconf 87' lang='lat' dir='ltr'><strong>Jordane</strong></span> <span class='ocrx_word' id='word_1_502' title='bbox 979 4547 1235 4604; x_wconf 83' lang='lat' dir='ltr'><strong>inﬂuente</strong></span> <span class='ocrx_word' id='word_1_503' title='bbox 1277 4545 1525 4603; x_wconf 78' lang='lat' dir='ltr'><strong>efficitur.</strong></span> <span class='ocrx_word' id='word_1_504' title='bbox 1570 4546 1627 4600; x_wconf 94' lang='grc'><strong>111</strong></span> <span class='ocrx_word' id='word_1_505' title='bbox 1659 4547 1811 4617; x_wconf 84' lang='lat' dir='ltr'><strong>cujus</strong></span> <span class='ocrx_word' id='word_1_506' title='bbox 1839 4545 2023 4602; x_wconf 91' lang='lat' dir='ltr'><strong>littore</strong></span> <span class='ocrx_word' id='word_1_507' title='bbox 2058 4553 2141 4600; x_wconf 89' lang='lat' dir='ltr'><strong>est</strong></span> <span class='ocrx_word' id='word_1_508' title='bbox 2167 4545 2273 4600; x_wconf 90' lang='lat' dir='ltr'><strong>Ca-</strong></span> 
     </span>
    </p>
   </div>
   <div class='ocr_carea' id='block_1_77' title="bbox 699 4636 2271 4714">
    <p class='ocr_par' dir='ltr' id='par_1_77' title="bbox 699 4636 2271 4714">
     <span class='ocr_line' id='line_1_77' title="bbox 699 4636 2271 4714; baseline -0.004 -16"><span class='ocrx_word' id='word_1_509' title='bbox 699 4643 1020 4714; x_wconf 88' lang='lat' dir='ltr'><strong>pharnaum,</strong></span> <span class='ocrx_word' id='word_1_510' title='bbox 1037 4639 1302 4705; x_wconf 82' lang='lat' dir='ltr'><strong>Tiberias,</strong></span> <span class='ocrx_word' id='word_1_511' title='bbox 1322 4638 1608 4694; x_wconf 88' lang='lat' dir='ltr'><strong>Bethsaida</strong></span> <span class='ocrx_word' id='word_1_512' title='bbox 1629 4646 1685 4693; x_wconf 91' lang='lat' dir='ltr'><strong>et</strong></span> <span class='ocrx_word' id='word_1_513' title='bbox 1697 4636 1978 4701; x_wconf 82' lang='lat' dir='ltr'><strong>Corozain,</strong></span> <span class='ocrx_word' id='word_1_514' title='bbox 2005 4637 2059 4691; x_wconf 91' lang='lat' dir='ltr'><strong>in</strong></span> <span class='ocrx_word' id='word_1_515' title='bbox 2079 4637 2271 4706; x_wconf 90' lang='lat' dir='ltr'><strong>quibus</strong></span> 
     </span>
    </p>
   </div>
   <div class='ocr_carea' id='block_1_78' title="bbox 699 4725 2272 4799">
    <p class='ocr_par' dir='ltr' id='par_1_78' title="bbox 699 4725 2272 4799">
     <span class='ocr_line' id='line_1_78' title="bbox 699 4725 2272 4799; baseline -0.005 -9"><span class='ocrx_word' id='word_1_516' title='bbox 699 4733 961 4790; x_wconf 87' lang='lat' dir='ltr'><strong>Dominus</strong></span> <span class='ocrx_word' id='word_1_517' title='bbox 974 4733 1206 4787; x_wconf 79' lang='lat' dir='ltr'><strong>maxime</strong></span> <span class='ocrx_word' id='word_1_518' title='bbox 1219 4737 1584 4785; x_wconf 88' lang='lat' dir='ltr'><strong>commoratus</strong></span> <span class='ocrx_word' id='word_1_519' title='bbox 1603 4737 1708 4793; x_wconf 90' lang='lat' dir='ltr'><strong>est,</strong></span> <span class='ocrx_word' id='word_1_520' title='bbox 1724 4736 1777 4783; x_wconf 90' lang='lat' dir='ltr'><strong>et</strong></span> <span class='ocrx_word' id='word_1_521' title='bbox 1799 4729 1907 4783; x_wconf 88' lang='lat' dir='ltr'><strong>sic:</strong></span> <span class='ocrx_word' id='word_1_522' title='bbox 1924 4725 2159 4798; x_wconf 88' lang='lat' dir='ltr'><strong>Populus</strong></span> <span class='ocrx_word' id='word_1_523' title='bbox 2181 4728 2272 4799; x_wconf 86' lang='lat' dir='ltr'><strong>qui</strong></span> 
     </span>
    </p>
   </div>
   <div class='ocr_carea' id='block_1_79' title="bbox 701 4821 1964 4890">
    <p class='ocr_par' dir='ltr' id='par_1_79' title="bbox 701 4821 1964 4890">
     <span class='ocr_line' id='line_1_79' title="bbox 701 4821 1964 4890; baseline -0.007 -7"><span class='ocrx_word' id='word_1_524' title='bbox 701 4827 1000 4883; x_wconf 83' lang='lat' dir='ltr'><strong>ambulabat</strong></span> <span class='ocrx_word' id='word_1_525' title='bbox 1027 4825 1082 4879; x_wconf 88' lang='lat' dir='ltr'><strong>in</strong></span> <span class='ocrx_word' id='word_1_526' title='bbox 1106 4824 1326 4879; x_wconf 82' lang='lat' dir='ltr'><strong>tenebris</strong></span> <span class='ocrx_word' id='word_1_527' title='bbox 1353 4822 1480 4876; x_wconf 80' lang='lat' dir='ltr'><strong>uidit</strong></span> <span class='ocrx_word' id='word_1_528' title='bbox 1506 4821 1674 4875; x_wconf 88' lang='lat' dir='ltr'><strong>lucem</strong></span> <span class='ocrx_word' id='word_1_529' title='bbox 1699 4836 1964 4890; x_wconf 87' lang='lat' dir='ltr'><strong>magnam.</strong></span> 
     </span>
    </p>
   </div>
   <div class='ocr_carea' id='block_1_80' title="bbox 773 4909 2267 4988">
    <p class='ocr_par' dir='ltr' id='par_1_80' title="bbox 773 4909 2267 4988">
     <span class='ocr_line' id='line_1_80' title="bbox 773 4909 2267 4988; baseline -0.007 -14"><span class='ocrx_word' id='word_1_530' title='bbox 773 4918 1010 4974; x_wconf 73' lang='lat' dir='ltr'><strong>Galiltew</strong></span> <span class='ocrx_word' id='word_1_531' title='bbox 1033 4917 1282 4988; x_wconf 89' lang='lat' dir='ltr'><strong>gentium.</strong></span> <span class='ocrx_word' id='word_1_532' title='bbox 1309 4913 1542 4970; x_wconf 71' lang='lat' dir='ltr'><strong>Galilaue</strong></span> <span class='ocrx_word' id='word_1_533' title='bbox 1563 4913 1682 4967; x_wconf 77' lang='lat' dir='ltr'><strong>duae</strong></span> <span class='ocrx_word' id='word_1_534' title='bbox 1703 4919 1855 4966; x_wconf 90' lang='lat' dir='ltr'><strong>sunt:</strong></span> <span class='ocrx_word' id='word_1_535' title='bbox 1881 4926 1986 4966; x_wconf 90' lang='lat' dir='ltr'><strong>una</strong></span> <span class='ocrx_word' id='word_1_536' title='bbox 2008 4909 2267 4981; x_wconf 77' lang='lat' dir='ltr'><strong>gentium,</strong></span> 
     </span>
    </p>
   </div>
   <div class='ocr_carea' id='block_1_81' title="bbox 703 4999 2273 5080">
    <p class='ocr_par' dir='ltr' id='par_1_81' title="bbox 703 4999 2273 5080">
     <span class='ocr_line' id='line_1_81' title="bbox 703 4999 2273 5080; baseline -0.008 -14"><span class='ocrx_word' id='word_1_537' title='bbox 703 5011 878 5067; x_wconf 91' lang='lat' dir='ltr'><strong>vicina</strong></span> <span class='ocrx_word' id='word_1_538' title='bbox 901 5008 1080 5080; x_wconf 84' lang='lat' dir='ltr'><strong>Tyriis</strong></span> <span class='ocrx_word' id='word_1_539' title='bbox 1105 5007 1158 5062; x_wconf 91' lang='lat' dir='ltr'><strong>in</strong></span> <span class='ocrx_word' id='word_1_540' title='bbox 1184 5005 1328 5060; x_wconf 91' lang='lat' dir='ltr'><strong>tribu</strong></span> <span class='ocrx_word' id='word_1_541' title='bbox 1353 5003 1634 5075; x_wconf 86' lang='lat' dir='ltr'><strong>Nephtali;</strong></span> <span class='ocrx_word' id='word_1_542' title='bbox 1673 5001 1840 5057; x_wconf 88' lang='lat' dir='ltr'><strong>altera</strong></span> <span class='ocrx_word' id='word_1_543' title='bbox 1863 5001 2006 5056; x_wconf 87' lang='lat' dir='ltr'><strong>circa</strong></span> <span class='ocrx_word' id='word_1_544' title='bbox 2029 4999 2273 5056; x_wconf 87' lang='lat' dir='ltr'><strong>Tiberia-</strong></span> 
     </span>
    </p>
   </div>
   <div class='ocr_carea' id='block_1_82' title="bbox 703 5092 2088 5170">
    <p class='ocr_par' dir='ltr' id='par_1_82' title="bbox 703 5092 2088 5170">
     <span class='ocr_line' id='line_1_82' title="bbox 703 5092 2088 5170; baseline -0.008 -13"><span class='ocrx_word' id='word_1_545' title='bbox 703 5103 826 5158; x_wconf 83' lang='lat' dir='ltr'><strong>dem</strong></span> <span class='ocrx_word' id='word_1_546' title='bbox 850 5109 906 5156; x_wconf 90' lang='lat' dir='ltr'><strong>et</strong></span> <span class='ocrx_word' id='word_1_547' title='bbox 928 5108 1177 5170; x_wconf 72' lang='lat' dir='ltr'><strong>stagnum</strong></span> <span class='ocrx_word' id='word_1_548' title='bbox 1201 5094 1557 5156; x_wconf 86' lang='lat' dir='ltr'><strong>Genesareth.</strong></span> <span class='ocrx_word' id='word_1_549' title='bbox 1583 5094 1638 5149; x_wconf 93' lang='lat' dir='ltr'><strong>in</strong></span> <span class='ocrx_word' id='word_1_550' title='bbox 1664 5093 1807 5148; x_wconf 91' lang='lat' dir='ltr'><strong>tribu</strong></span> <span class='ocrx_word' id='word_1_551' title='bbox 1829 5092 2088 5147; x_wconf 86' lang='lat' dir='ltr'><strong>Zabulon.</strong></span> 
     </span>
    </p>
   </div>
   <div class='ocr_carea' id='block_1_83' title="bbox 776 5181 2279 5258">
    <p class='ocr_par' dir='ltr' id='par_1_83' title="bbox 776 5181 2279 5258">
     <span class='ocr_line' id='line_1_83' title="bbox 776 5181 2279 5258; baseline -0.007 -11"><span class='ocrx_word' id='word_1_552' title='bbox 776 5193 940 5248; x_wconf 73' lang='lat' dir='ltr'><strong>Vsus.</strong></span> <span class='ocrx_word' id='word_1_553' title='bbox 969 5190 1025 5244; x_wconf 73' lang='grc'><strong>2.</strong></span> <span class='ocrx_word' id='word_1_554' title='bbox 1047 5219 1120 5230; x_wconf 91' lang='grc'><strong><em>--</em></strong></span> <span class='ocrx_word' id='word_1_555' title='bbox 1144 5187 1212 5242; x_wconf 84' lang='grc'><strong>111</strong></span> <span class='ocrx_word' id='word_1_556' title='bbox 1242 5187 1448 5258; x_wconf 84' lang='lat' dir='ltr'><strong>regione</strong></span> <span class='ocrx_word' id='word_1_557' title='bbox 1475 5184 1672 5240; x_wconf 68' lang='lat' dir='ltr'><strong>umbrae</strong></span> <span class='ocrx_word' id='word_1_558' title='bbox 1700 5184 1899 5237; x_wconf 90' lang='lat' dir='ltr'><strong>mortis.</strong></span> <span class='ocrx_word' id='word_1_559' title='bbox 1927 5181 2048 5255; x_wconf 88' lang='grc'><strong>(11).)</strong></span> <span class='ocrx_word' id='word_1_560' title='bbox 2077 5181 2132 5236; x_wconf 90' lang='grc'><strong>111</strong></span> <span class='ocrx_word' id='word_1_561' title='bbox 2160 5197 2279 5237; x_wconf 85' lang='lat' dir='ltr'><strong>um-</strong></span> 
     </span>
    </p>
   </div>
   <div class='ocr_carea' id='block_1_84' title="bbox 705 5261 2278 5349">
    <p class='ocr_par' dir='ltr' id='par_1_84' title="bbox 705 5261 2278 5349">
     <span class='ocr_line' id='line_1_84' title="bbox 705 5261 2278 5349; baseline -0.008 -9"><span class='ocrx_word' id='word_1_562' title='bbox 705 5287 803 5341; x_wconf 86' lang='lat' dir='ltr'><strong>bra</strong></span> <span class='ocrx_word' id='word_1_563' title='bbox 833 5282 1023 5338; x_wconf 88' lang='lat' dir='ltr'><strong>mortis</strong></span> <span class='ocrx_word' id='word_1_564' title='bbox 1057 5291 1212 5346; x_wconf 88' lang='lat' dir='ltr'><strong>sunt,</strong></span> <span class='ocrx_word' id='word_1_565' title='bbox 1252 5279 1344 5349; x_wconf 91' lang='lat' dir='ltr'><strong>qui</strong></span> <span class='ocrx_word' id='word_1_566' title='bbox 1380 5279 1432 5331; x_wconf 88' lang='lat' dir='ltr'><strong>in</strong></span> <span class='ocrx_word' id='word_1_567' title='bbox 1467 5276 1705 5347; x_wconf 90' lang='lat' dir='ltr'><strong>peccatis</strong></span> <span class='ocrx_word' id='word_1_568' title='bbox 1739 5275 1914 5330; x_wconf 86' lang='lat' dir='ltr'><strong>adhuc</strong></span> <span class='ocrx_word' id='word_1_569' title='bbox 1941 5261 2168 5329; x_wconf 85' lang='lat' dir='ltr'><strong>vivunt:</strong></span> <span class='ocrx_word' id='word_1_570' title='bbox 2212 5273 2278 5328; x_wconf 89' lang='lat' dir='ltr'><strong>In</strong></span> 
     </span>
    </p>
   </div>
   <div class='ocr_carea' id='block_1_85' title="bbox 707 5367 2277 5448">
    <p class='ocr_par' dir='ltr' id='par_1_85' title="bbox 707 5367 2277 5448">
     <span class='ocr_line' id='line_1_85' title="bbox 707 5367 2277 5448; baseline -0.006 -15"><span class='ocrx_word' id='word_1_571' title='bbox 707 5380 912 5448; x_wconf 83' lang='lat' dir='ltr'><strong>regione</strong></span> <span class='ocrx_word' id='word_1_572' title='bbox 940 5375 1137 5429; x_wconf 75' lang='lat' dir='ltr'><strong>umbra:</strong></span> <span class='ocrx_word' id='word_1_573' title='bbox 1162 5372 1364 5438; x_wconf 89' lang='lat' dir='ltr'><strong>mortis,</strong></span> <span class='ocrx_word' id='word_1_574' title='bbox 1404 5371 1497 5442; x_wconf 90' lang='lat' dir='ltr'><strong>qui</strong></span> <span class='ocrx_word' id='word_1_575' title='bbox 1519 5368 1632 5440; x_wconf 86' lang='lat' dir='ltr'><strong>jam</strong></span> <span class='ocrx_word' id='word_1_576' title='bbox 1660 5368 1888 5425; x_wconf 87' lang='lat' dir='ltr'><strong>mortuis</strong></span> <span class='ocrx_word' id='word_1_577' title='bbox 1927 5368 2181 5439; x_wconf 88' lang='lat' dir='ltr'><strong>operibus</strong></span> <span class='ocrx_word' id='word_1_578' title='bbox 2209 5367 2277 5423; x_wconf 89' lang='lat' dir='ltr'><strong>ad</strong></span> 
     </span>
    </p>
   </div>
   <div class='ocr_carea' id='block_1_86' title="bbox 710 5465 1360 5524">
    <p class='ocr_par' dir='ltr' id='par_1_86' title="bbox 710 5465 1360 5524">
     <span class='ocr_line' id='line_1_86' title="bbox 710 5465 1360 5524; baseline -0.011 0"><span class='ocrx_word' id='word_1_579' title='bbox 710 5471 920 5524; x_wconf 82' lang='lat' dir='ltr'><strong>inferna</strong></span> <span class='ocrx_word' id='word_1_580' title='bbox 951 5465 1360 5521; x_wconf 88' lang='lat' dir='ltr'><strong>descenderunt.</strong></span> 
     </span>
    </p>
   </div>
   <div class='ocr_carea' id='block_1_87' title="bbox 784 5551 2282 5626">
    <p class='ocr_par' dir='ltr' id='par_1_87' title="bbox 784 5551 2282 5626">
     <span class='ocr_line' id='line_1_87' title="bbox 784 5551 2282 5626; baseline -0.005 -13"><span class='ocrx_word' id='word_1_581' title='bbox 784 5559 946 5615; x_wconf 69' lang='lat' dir='ltr'><strong>Vsus.</strong></span> <span class='ocrx_word' id='word_1_582' title='bbox 973 5559 1027 5612; x_wconf 79' lang='grc'><strong>5.</strong></span> <span class='ocrx_word' id='word_1_583' title='bbox 1053 5587 1125 5598; x_wconf 93' lang='grc'><strong><em>--</em></strong></span> <span class='ocrx_word' id='word_1_584' title='bbox 1155 5555 1278 5610; x_wconf 87' lang='lat' dir='ltr'><strong>Non</strong></span> <span class='ocrx_word' id='word_1_585' title='bbox 1317 5554 1667 5626; x_wconf 78' lang='lat' dir='ltr'><strong>magniﬁcasti</strong></span> <span class='ocrx_word' id='word_1_586' title='bbox 1707 5553 1966 5607; x_wconf 67' lang='lat' dir='ltr'><strong>lanitium.</strong></span> <span class='ocrx_word' id='word_1_587' title='bbox 2019 5551 2184 5606; x_wconf 86' lang='lat' dir='ltr'><strong>Nobis</strong></span> <span class='ocrx_word' id='word_1_588' title='bbox 2213 5551 2282 5606; x_wconf 90' lang='lat' dir='ltr'><strong>de</strong></span> 
     </span>
    </p>
   </div>
   <div class='ocr_carea' id='block_1_88' title="bbox 710 5645 2281 5717">
    <p class='ocr_par' dir='ltr' id='par_1_88' title="bbox 710 5645 2281 5717">
     <span class='ocr_line' id='line_1_88' title="bbox 710 5645 2281 5717; baseline -0.006 -9"><span class='ocrx_word' id='word_1_589' title='bbox 710 5653 880 5710; x_wconf 86' lang='lat' dir='ltr'><strong>salute</strong></span> <span class='ocrx_word' id='word_1_590' title='bbox 909 5649 1250 5716; x_wconf 60' lang='lat' dir='ltr'><strong>Iudaeorum;</strong></span> <span class='ocrx_word' id='word_1_591' title='bbox 1301 5648 1548 5717; x_wconf 86' lang='lat' dir='ltr'><strong>quamvis</strong></span> <span class='ocrx_word' id='word_1_592' title='bbox 1585 5647 1730 5701; x_wconf 88' lang='lat' dir='ltr'><strong>enim</strong></span> <span class='ocrx_word' id='word_1_593' title='bbox 1768 5645 2035 5715; x_wconf 77' lang='lat' dir='ltr'><strong>gaudeant</strong></span> <span class='ocrx_word' id='word_1_594' title='bbox 2059 5645 2124 5698; x_wconf 89' lang='lat' dir='ltr'><strong>de</strong></span> <span class='ocrx_word' id='word_1_595' title='bbox 2150 5658 2281 5715; x_wconf 79' lang='lat' dir='ltr'><strong>gen-</strong></span> 
     </span>
    </p>
   </div>
   <div class='ocr_carea' id='block_1_89' title="bbox 713 5735 2281 5809">
    <p class='ocr_par' dir='ltr' id='par_1_89' title="bbox 713 5735 2281 5809">
     <span class='ocr_line' id='line_1_89' title="bbox 713 5735 2281 5809; baseline -0.005 -9"><span class='ocrx_word' id='word_1_596' title='bbox 713 5747 845 5800; x_wconf 86' lang='lat' dir='ltr'><strong>tium</strong></span> <span class='ocrx_word' id='word_1_597' title='bbox 869 5742 1244 5808; x_wconf 89' lang='lat' dir='ltr'><strong>conversione,</strong></span> <span class='ocrx_word' id='word_1_598' title='bbox 1268 5740 1452 5795; x_wconf 90' lang='lat' dir='ltr'><strong>dolent</strong></span> <span class='ocrx_word' id='word_1_599' title='bbox 1480 5748 1658 5794; x_wconf 88' lang='lat' dir='ltr'><strong>tamen</strong></span> <span class='ocrx_word' id='word_1_600' title='bbox 1688 5739 1752 5793; x_wconf 90' lang='lat' dir='ltr'><strong>de</strong></span> <span class='ocrx_word' id='word_1_601' title='bbox 1777 5735 2079 5792; x_wconf 62' lang='lat' dir='ltr'><strong>Judmorum</strong></span> <span class='ocrx_word' id='word_1_602' title='bbox 2107 5735 2281 5809; x_wconf 89' lang='lat' dir='ltr'><strong>repul-</strong></span> 
     </span>
    </p>
   </div>
   <div class='ocr_carea' id='block_1_90' title="bbox 715 5851 884 5896">
    <p class='ocr_par' dir='ltr' id='par_1_90' title="bbox 715 5851 884 5896">
     <span class='ocr_line' id='line_1_90' title="bbox 715 5851 884 5896; baseline 0 -6"><span class='ocrx_word' id='word_1_603' title='bbox 715 5851 884 5896; x_wconf 70' lang='grc'><strong>510118.</strong></span> 
     </span>
    </p>
   </div>
   <div class='ocr_carea' id='block_1_91' title="bbox 2445 3345 3806 3424">
    <p class='ocr_par' dir='ltr' id='par_1_91' title="bbox 2445 3345 3806 3424">
     <span class='ocr_line' id='line_1_91' title="bbox 2445 3345 3806 3424; baseline -0.012 -14"><span class='ocrx_word' id='word_1_604' title='bbox 2445 3354 2610 3410; x_wconf 72' lang='lat' dir='ltr'><strong>Vsus.</strong></span> <span class='ocrx_word' id='word_1_605' title='bbox 2639 3353 2692 3406; x_wconf 88' lang='lat'><strong>7.</strong></span> <span class='ocrx_word' id='word_1_606' title='bbox 2723 3381 2794 3393; x_wconf 86' lang='lat'><strong>--</strong></span> <span class='ocrx_word' id='word_1_607' title='bbox 2812 3349 2968 3407; x_wconf 83' lang='lat' dir='ltr'><strong>Zelus</strong></span> <span class='ocrx_word' id='word_1_608' title='bbox 2993 3351 3230 3406; x_wconf 88' lang='lat' dir='ltr'><strong>Domini.</strong></span> <span class='ocrx_word' id='word_1_609' title='bbox 3266 3351 3392 3424; x_wconf 87' lang='grc'><strong>(11).)</strong></span> <span class='ocrx_word' id='word_1_610' title='bbox 3423 3350 3578 3420; x_wconf 65' lang='lat' dir='ltr'><strong>Coepit</strong></span> <span class='ocrx_word' id='word_1_611' title='bbox 3611 3345 3806 3402; x_wconf 68' lang='grc'><strong>1111311111)-</strong></span> 
     </span>
    </p>
   </div>
   <div class='ocr_carea' id='block_1_92' title="bbox 2373 3435 3804 3516">
    <p class='ocr_par' dir='ltr' id='par_1_92' title="bbox 2373 3435 3804 3516">
     <span class='ocr_line' id='line_1_92' title="bbox 2373 3435 3804 3516; baseline -0.01 -15"><span class='ocrx_word' id='word_1_612' title='bbox 2373 3445 2496 3501; x_wconf 89' lang='lat' dir='ltr'><strong>nuel</strong></span> <span class='ocrx_word' id='word_1_613' title='bbox 2522 3444 2825 3516; x_wconf 89' lang='lat' dir='ltr'><strong>prophetia,</strong></span> <span class='ocrx_word' id='word_1_614' title='bbox 2860 3445 2953 3499; x_wconf 90' lang='lat' dir='ltr'><strong>ubi</strong></span> <span class='ocrx_word' id='word_1_615' title='bbox 2981 3444 3185 3500; x_wconf 88' lang='lat' dir='ltr'><strong>dicitur</strong></span> <span class='ocrx_word' id='word_1_616' title='bbox 3212 3460 3226 3499; x_wconf 88' lang='lat'><strong>:</strong></span> <span class='ocrx_word' id='word_1_617' title='bbox 3255 3441 3372 3499; x_wconf 81' lang='lat' dir='ltr'><strong>Pete</strong></span> <span class='ocrx_word' id='word_1_618' title='bbox 3403 3443 3489 3498; x_wconf 85' lang='lat' dir='ltr'><strong>tibi</strong></span> <span class='ocrx_word' id='word_1_619' title='bbox 3506 3443 3672 3512; x_wconf 80' lang='lat' dir='ltr'><strong>signum</strong></span> <span class='ocrx_word' id='word_1_620' title='bbox 3695 3435 3804 3490; x_wconf 68' lang='lat' dir='ltr'><strong>allio.</strong></span> 
     </span>
    </p>
   </div>
   <div class='ocr_carea' id='block_1_93' title="bbox 2374 3534 2713 3592">
    <p class='ocr_par' dir='ltr' id='par_1_93' title="bbox 2374 3534 2713 3592">
     <span class='ocr_line' id='line_1_93' title="bbox 2374 3534 2713 3592; baseline -0.012 1"><span class='ocrx_word' id='word_1_621' title='bbox 2374 3535 2473 3592; x_wconf 79' lang='lat' dir='ltr'><strong>llic</strong></span> <span class='ocrx_word' id='word_1_622' title='bbox 2504 3534 2713 3590; x_wconf 86' lang='lat' dir='ltr'><strong>linitur.</strong></span> 
     </span>
    </p>
   </div>
   <div class='ocr_carea' id='block_1_94' title="bbox 2443 3617 3805 3697">
    <p class='ocr_par' dir='ltr' id='par_1_94' title="bbox 2443 3617 3805 3697">
     <span class='ocr_line' id='line_1_94' title="bbox 2443 3617 3805 3697; baseline -0.011 -14"><span class='ocrx_word' id='word_1_623' title='bbox 2443 3626 2610 3697; x_wconf 63' lang='lat' dir='ltr'><strong>veris.</strong></span> <span class='ocrx_word' id='word_1_624' title='bbox 2641 3625 2696 3681; x_wconf 93' lang='lat'><strong>8.</strong></span> <span class='ocrx_word' id='word_1_625' title='bbox 2719 3653 2789 3664; x_wconf 91' lang='lat'><strong>—</strong></span> <span class='ocrx_word' id='word_1_626' title='bbox 2824 3620 3047 3678; x_wconf 83' lang='lat' dir='ltr'><strong>Verbum</strong></span> <span class='ocrx_word' id='word_1_627' title='bbox 3077 3625 3222 3681; x_wconf 85' lang='lat' dir='ltr'><strong>misit</strong></span> <span class='ocrx_word' id='word_1_628' title='bbox 3263 3623 3517 3680; x_wconf 83' lang='lat' dir='ltr'><strong>Dominus.</strong></span> <span class='ocrx_word' id='word_1_629' title='bbox 3543 3619 3642 3692; x_wconf 69' lang='grc'><strong>(11.)</strong></span> <span class='ocrx_word' id='word_1_630' title='bbox 3664 3617 3805 3672; x_wconf 79' lang='lat' dir='ltr'><strong>Verbum</strong></span> 
     </span>
    </p>
   </div>
   <div class='ocr_carea' id='block_1_95' title="bbox 2375 3706 3805 3794">
    <p class='ocr_par' dir='ltr' id='par_1_95' title="bbox 2375 3706 3805 3794">
     <span class='ocr_line' id='line_1_95' title="bbox 2375 3706 3805 3794; baseline -0.011 -18"><span class='ocrx_word' id='word_1_631' title='bbox 2375 3720 2697 3778; x_wconf 85' lang='lat' dir='ltr'><strong>Hebraicum</strong></span> <span class='ocrx_word' id='word_1_632' title='bbox 2747 3721 2924 3794; x_wconf 67' lang='lat'><strong>(-131)</strong></span> <span class='ocrx_word' id='word_1_633' title='bbox 2979 3719 3198 3786; x_wconf 85' lang='lat' dir='ltr'><strong>Dabar,</strong></span> <span class='ocrx_word' id='word_1_634' title='bbox 3251 3729 3352 3776; x_wconf 90' lang='lat' dir='ltr'><strong>etc.</strong></span> <span class='ocrx_word' id='word_1_635' title='bbox 3380 3760 3396 3787; x_wconf 96' lang='lat'><strong>,</strong></span> <span class='ocrx_word' id='word_1_636' title='bbox 3443 3734 3583 3789; x_wconf 83' lang='lat' dir='ltr'><strong>usque</strong></span> <span class='ocrx_word' id='word_1_637' title='bbox 3623 3715 3674 3768; x_wconf 77' lang='lat' dir='ltr'><strong>ad</strong></span> <span class='ocrx_word' id='word_1_638' title='bbox 3702 3706 3805 3776; x_wconf 82' lang='lat' dir='ltr'><strong>despi-</strong></span> 
     </span>
    </p>
   </div>
   <div class='ocr_carea' id='block_1_96' title="bbox 2375 3801 3805 3882">
    <p class='ocr_par' dir='ltr' id='par_1_96' title="bbox 2375 3801 3805 3882">
     <span class='ocr_line' id='line_1_96' title="bbox 2375 3801 3805 3882; baseline 0.001 -16"><span class='ocrx_word' id='word_1_639' title='bbox 2375 3811 2526 3866; x_wconf 86' lang='lat' dir='ltr'><strong>ciunt</strong></span> <span class='ocrx_word' id='word_1_640' title='bbox 2560 3811 2874 3876; x_wconf 86' lang='lat' dir='ltr'><strong>Ecclesiam,</strong></span> <span class='ocrx_word' id='word_1_641' title='bbox 2903 3817 2955 3866; x_wconf 88' lang='lat' dir='ltr'><strong>et</strong></span> <span class='ocrx_word' id='word_1_642' title='bbox 2981 3811 3376 3882; x_wconf 89' lang='lat' dir='ltr'><strong>simplicitatem</strong></span> <span class='ocrx_word' id='word_1_643' title='bbox 3411 3807 3515 3880; x_wconf 85' lang='lat' dir='ltr'><strong>ejus</strong></span> <span class='ocrx_word' id='word_1_644' title='bbox 3539 3811 3686 3878; x_wconf 77' lang='lat' dir='ltr'><strong>putant</strong></span> <span class='ocrx_word' id='word_1_645' title='bbox 3706 3801 3805 3868; x_wconf 64' lang='grc'><strong>11111³⁸·</strong></span> 
     </span>
    </p>
   </div>
   <div class='ocr_carea' id='block_1_97' title="bbox 2381 3903 2581 3959">
    <p class='ocr_par' dir='ltr' id='par_1_97' title="bbox 2381 3903 2581 3959">
     <span class='ocr_line' id='line_1_97' title="bbox 2381 3903 2581 3959; baseline 0.01 -2"><span class='ocrx_word' id='word_1_646' title='bbox 2381 3903 2581 3959; x_wconf 90' lang='lat' dir='ltr'><strong>ritiam.</strong></span> 
     </span>
    </p>
   </div>
   <div class='ocr_carea' id='block_1_98' title="bbox 2409 3986 3804 4064">
    <p class='ocr_par' dir='ltr' id='par_1_98' title="bbox 2409 3986 3804 4064">
     <span class='ocr_line' id='line_1_98' title="bbox 2409 3986 3804 4064; baseline -0.014 -14"><span class='ocrx_word' id='word_1_647' title='bbox 2409 4013 2412 4016; x_wconf 66' lang='lat'><strong><em>&#39;</em></strong></span> <span class='ocrx_word' id='word_1_648' title='bbox 2447 3993 2614 4050; x_wconf 73' lang='lat' dir='ltr'><strong>Vsus.</strong></span> <span class='ocrx_word' id='word_1_649' title='bbox 2639 3994 2724 4050; x_wconf 85' lang='grc'><strong>10.</strong></span> <span class='ocrx_word' id='word_1_650' title='bbox 2748 4025 2820 4036; x_wconf 95' lang='grc'><strong><em>-</em></strong></span> <span class='ocrx_word' id='word_1_651' title='bbox 2843 3993 3050 4050; x_wconf 86' lang='lat' dir='ltr'><strong>Lateres</strong></span> <span class='ocrx_word' id='word_1_652' title='bbox 3091 3996 3400 4050; x_wconf 84' lang='lat' dir='ltr'><strong>ceciderunt.</strong></span> <span class='ocrx_word' id='word_1_653' title='bbox 3425 3991 3534 4064; x_wconf 94' lang='grc'><strong>(11).)</strong></span> <span class='ocrx_word' id='word_1_654' title='bbox 3553 3986 3804 4045; x_wconf 81' lang='lat' dir='ltr'><strong>Dieebantsr-</strong></span> 
     </span>
    </p>
   </div>
   <div class='ocr_carea' id='block_1_99' title="bbox 2373 4072 3804 4160">
    <p class='ocr_par' dir='ltr' id='par_1_99' title="bbox 2373 4072 3804 4160">
     <span class='ocr_line' id='line_1_99' title="bbox 2373 4072 3804 4160; baseline -0.009 -15"><span class='ocrx_word' id='word_1_655' title='bbox 2373 4088 2575 4158; x_wconf 85' lang='lat' dir='ltr'><strong>perius,</strong></span> <span class='ocrx_word' id='word_1_656' title='bbox 2616 4099 2747 4154; x_wconf 90' lang='lat' dir='ltr'><strong>etc.,</strong></span> <span class='ocrx_word' id='word_1_657' title='bbox 2775 4104 2934 4160; x_wconf 87' lang='lat' dir='ltr'><strong>usque</strong></span> <span class='ocrx_word' id='word_1_658' title='bbox 2967 4089 3037 4143; x_wconf 88' lang='lat' dir='ltr'><strong>ad</strong></span> <span class='ocrx_word' id='word_1_659' title='bbox 3060 4105 3128 4144; x_wconf 79' lang='lat' dir='ltr'><strong>ex</strong></span> <span class='ocrx_word' id='word_1_660' title='bbox 3157 4088 3380 4146; x_wconf 84' lang='lat' dir='ltr'><strong>fortibus</strong></span> <span class='ocrx_word' id='word_1_661' title='bbox 3402 4094 3452 4143; x_wconf 90' lang='lat' dir='ltr'><strong>et</strong></span> <span class='ocrx_word' id='word_1_662' title='bbox 3488 4080 3702 4141; x_wconf 84' lang='lat' dir='ltr'><strong>bellicosis</strong></span> <span class='ocrx_word' id='word_1_663' title='bbox 3722 4072 3804 4144; x_wconf 75' lang='lat' dir='ltr'><strong>prin-</strong></span> 
     </span>
    </p>
   </div>
   <div class='ocr_carea' id='block_1_100' title="bbox 2378 4181 3220 4252">
    <p class='ocr_par' dir='ltr' id='par_1_100' title="bbox 2378 4181 3220 4252">
     <span class='ocr_line' id='line_1_100' title="bbox 2378 4181 3220 4252; baseline 0.001 -15"><span class='ocrx_word' id='word_1_664' title='bbox 2378 4181 2587 4252; x_wconf 88' lang='lat' dir='ltr'><strong>cipibus</strong></span> <span class='ocrx_word' id='word_1_665' title='bbox 2612 4181 2867 4252; x_wconf 91' lang='lat' dir='ltr'><strong>populum</strong></span> <span class='ocrx_word' id='word_1_666' title='bbox 2897 4182 3220 4240; x_wconf 91' lang='lat' dir='ltr'><strong>muniemus.</strong></span> 
     </span>
    </p>
   </div>
   <div class='ocr_carea' id='block_1_101' title="bbox 2446 4257 3804 4338">
    <p class='ocr_par' dir='ltr' id='par_1_101' title="bbox 2446 4257 3804 4338">
     <span class='ocr_line' id='line_1_101' title="bbox 2446 4257 3804 4338; baseline 0.001 -13"><span class='ocrx_word' id='word_1_667' title='bbox 2446 4269 2660 4326; x_wconf 81' lang='lat' dir='ltr'><strong>Cedros.</strong></span> <span class='ocrx_word' id='word_1_668' title='bbox 2708 4272 2763 4328; x_wconf 90' lang='lat' dir='ltr'><strong>Id</strong></span> <span class='ocrx_word' id='word_1_669' title='bbox 2817 4281 2928 4338; x_wconf 86' lang='lat' dir='ltr'><strong>est,</strong></span> <span class='ocrx_word' id='word_1_670' title='bbox 2975 4273 3332 4331; x_wconf 85' lang='lat' dir='ltr'><strong>invincibiles‘</strong></span> <span class='ocrx_word' id='word_1_671' title='bbox 3356 4289 3420 4330; x_wconf 80' lang='lat' dir='ltr'><strong>ex</strong></span> <span class='ocrx_word' id='word_1_672' title='bbox 3459 4268 3594 4328; x_wconf 86' lang='lat' dir='ltr'><strong>nobis</strong></span> <span class='ocrx_word' id='word_1_673' title='bbox 3632 4257 3804 4337; x_wconf 55' lang='lat' dir='ltr'><strong>princilﬁ</strong></span> 
     </span>
    </p>
   </div>
   <div class='ocr_carea' id='block_1_102' title="bbox 2375 4362 2862 4434">
    <p class='ocr_par' dir='ltr' id='par_1_102' title="bbox 2375 4362 2862 4434">
     <span class='ocr_line' id='line_1_102' title="bbox 2375 4362 2862 4434; baseline 0 -14"><span class='ocrx_word' id='word_1_674' title='bbox 2375 4362 2734 4434; x_wconf 63' lang='lat' dir='ltr'><strong>praeﬁciemus</strong></span> <span class='ocrx_word' id='word_1_675' title='bbox 2761 4365 2862 4422; x_wconf 91' lang='lat' dir='ltr'><strong>eis.</strong></span> 
     </span>
    </p>
   </div>
   <div class='ocr_carea' id='block_1_103' title="bbox 2995 4496 3331 4566">
    <p class='ocr_par' dir='ltr' id='par_1_103' title="bbox 2995 4496 3331 4566">
     <span class='ocr_line' id='line_1_103' title="bbox 2995 4496 3331 4566; baseline -0.003 -13"><span class='ocrx_word' id='word_1_676' title='bbox 2995 4496 3222 4554; x_wconf 86' lang='lat' dir='ltr'><strong>CAPUT</strong></span> <span class='ocrx_word' id='word_1_677' title='bbox 3265 4496 3331 4566; x_wconf 74' lang='grc' dir='ltr'><strong>Χ.</strong></span> 
     </span>
    </p>
   </div>
   <div class='ocr_carea' id='block_1_104' title="bbox 2447 4611 3799 4702">
    <p class='ocr_par' dir='ltr' id='par_1_104' title="bbox 2447 4611 3799 4702">
     <span class='ocr_line' id='line_1_104' title="bbox 2447 4611 3799 4702; baseline -0.007 -16"><span class='ocrx_word' id='word_1_678' title='bbox 2447 4630 2609 4687; x_wconf 76' lang='lat' dir='ltr'><strong>Vens.</strong></span> <span class='ocrx_word' id='word_1_679' title='bbox 2642 4632 2692 4686; x_wconf 82' lang='lat' dir='ltr'><strong>l.</strong></span> <span class='ocrx_word' id='word_1_680' title='bbox 2718 4661 2790 4672; x_wconf 93' lang='lat'><strong><em>—</em></strong></span> <span class='ocrx_word' id='word_1_681' title='bbox 2823 4629 2910 4687; x_wconf 73' lang='lat' dir='ltr'><strong>Vae</strong></span> <span class='ocrx_word' id='word_1_682' title='bbox 2933 4631 3024 4702; x_wconf 89' lang='lat' dir='ltr'><strong>qui</strong></span> <span class='ocrx_word' id='word_1_683' title='bbox 3044 4631 3293 4686; x_wconf 82' lang='lat' dir='ltr'><strong>condunt.</strong></span> <span class='ocrx_word' id='word_1_684' title='bbox 3317 4626 3506 4700; x_wconf 71' lang='grc' dir='ltr'><strong>(Ηῐειι.)</strong></span> <span class='ocrx_word' id='word_1_685' title='bbox 3525 4621 3627 4679; x_wconf 66' lang='lat' dir='ltr'><strong>Hac</strong></span> <span class='ocrx_word' id='word_1_686' title='bbox 3650 4611 3799 4689; x_wconf 69' lang='grc' dir='ltr'><strong>111εά1³⁸</strong></span> 
     </span>
    </p>
   </div>
   <div class='ocr_carea' id='block_1_105' title="bbox 2377 4711 3799 4779">
    <p class='ocr_par' dir='ltr' id='par_1_105' title="bbox 2377 4711 3799 4779">
     <span class='ocr_line' id='line_1_105' title="bbox 2377 4711 3799 4779; baseline -0.011 -3"><span class='ocrx_word' id='word_1_687' title='bbox 2377 4721 2554 4777; x_wconf 88' lang='lat' dir='ltr'><strong>adhuc</strong></span> <span class='ocrx_word' id='word_1_688' title='bbox 2607 4731 2794 4779; x_wconf 89' lang='lat' dir='ltr'><strong>contra</strong></span> <span class='ocrx_word' id='word_1_689' title='bbox 2835 4722 3018 4778; x_wconf 89' lang='lat' dir='ltr'><strong>decem</strong></span> <span class='ocrx_word' id='word_1_690' title='bbox 3073 4721 3246 4779; x_wconf 88' lang='lat' dir='ltr'><strong>tribus</strong></span> <span class='ocrx_word' id='word_1_691' title='bbox 3285 4721 3385 4778; x_wconf 88' lang='lat' dir='ltr'><strong>dici</strong></span> <span class='ocrx_word' id='word_1_692' title='bbox 3421 4717 3702 4774; x_wconf 86' lang='lat' dir='ltr'><strong>arbitrantur,</strong></span> <span class='ocrx_word' id='word_1_693' title='bbox 3727 4711 3799 4757; x_wconf 58' lang='lat' dir='ltr'><strong>ﬁt.</strong></span> 
     </span>
    </p>
   </div>
   <div class='ocr_carea' id='block_1_106' title="bbox 2376 4789 3798 4884">
    <p class='ocr_par' dir='ltr' id='par_1_106' title="bbox 2376 4789 3798 4884">
     <span class='ocr_line' id='line_1_106' title="bbox 2376 4789 3798 4884; baseline -0.009 -18"><span class='ocrx_word' id='word_1_694' title='bbox 2376 4829 2537 4884; x_wconf 89' lang='lat' dir='ltr'><strong>usque</strong></span> <span class='ocrx_word' id='word_1_695' title='bbox 2565 4813 2633 4867; x_wconf 84' lang='lat' dir='ltr'><strong>ad</strong></span> <span class='ocrx_word' id='word_1_696' title='bbox 2666 4828 2787 4868; x_wconf 90' lang='lat' dir='ltr'><strong>cum</strong></span> <span class='ocrx_word' id='word_1_697' title='bbox 2817 4813 3162 4884; x_wconf 85' lang='lat' dir='ltr'><strong>captivitatis,</strong></span> <span class='ocrx_word' id='word_1_698' title='bbox 3191 4812 3271 4868; x_wconf 92' lang='lat' dir='ltr'><strong>vel</strong></span> <span class='ocrx_word' id='word_1_699' title='bbox 3291 4811 3466 4882; x_wconf 76' lang='lat' dir='ltr'><strong>iudicii</strong></span> <span class='ocrx_word' id='word_1_700' title='bbox 3491 4809 3588 4863; x_wconf 85' lang='lat' dir='ltr'><strong>dies</strong></span> <span class='ocrx_word' id='word_1_701' title='bbox 3611 4789 3798 4884; x_wconf 68' lang='lat' dir='ltr'><strong>advenetiL</strong></span> 
     </span>
    </p>
   </div>
   <div class='ocr_carea' id='block_1_107' title="bbox 2446 4881 3797 4977">
    <p class='ocr_par' dir='ltr' id='par_1_107' title="bbox 2446 4881 3797 4977">
     <span class='ocr_line' id='line_1_107' title="bbox 2446 4881 3797 4977; baseline -0.015 -16"><span class='ocrx_word' id='word_1_702' title='bbox 2446 4881 2610 4961; x_wconf 54' lang='lat' dir='ltr'><strong>Vnus.</strong></span> <span class='ocrx_word' id='word_1_703' title='bbox 2633 4905 2685 4960; x_wconf 85' lang='lat'><strong>5.</strong></span> <span class='ocrx_word' id='word_1_704' title='bbox 2708 4935 2778 4946; x_wconf 93' lang='lat'><strong>—</strong></span> <span class='ocrx_word' id='word_1_705' title='bbox 2806 4881 2899 4961; x_wconf 66' lang='lat' dir='ltr'><strong>va;</strong></span> <span class='ocrx_word' id='word_1_706' title='bbox 2923 4907 3104 4962; x_wconf 78' lang='lat' dir='ltr'><strong>Assur.</strong></span> <span class='ocrx_word' id='word_1_707' title='bbox 3139 4905 3260 4977; x_wconf 86' lang='grc'><strong>(11).)</strong></span> <span class='ocrx_word' id='word_1_708' title='bbox 3295 4881 3566 4972; x_wconf 17' lang='grc' dir='ltr'><strong>ίΗυειιειιιιε</strong></span> <span class='ocrx_word' id='word_1_709' title='bbox 3595 4900 3724 4952; x_wconf 82' lang='lat' dir='ltr'><strong>contra</strong></span> <span class='ocrx_word' id='word_1_710' title='bbox 3736 4881 3797 4977; x_wconf 49' lang='lat' dir='ltr'><strong>fit</strong></span> 
     </span>
    </p>
   </div>
   <div class='ocr_carea' id='block_1_108' title="bbox 2379 4971 3796 5066">
    <p class='ocr_par' dir='ltr' id='par_1_108' title="bbox 2379 4971 3796 5066">
     <span class='ocr_line' id='line_1_108' title="bbox 2379 4971 3796 5066; baseline -0.01 -14"><span class='ocrx_word' id='word_1_711' title='bbox 2379 5011 2494 5052; x_wconf 87' lang='lat' dir='ltr'><strong>cem</strong></span> <span class='ocrx_word' id='word_1_712' title='bbox 2528 5004 2584 5050; x_wconf 91' lang='lat' dir='ltr'><strong>et</strong></span> <span class='ocrx_word' id='word_1_713' title='bbox 2629 4996 2763 5051; x_wconf 89' lang='lat' dir='ltr'><strong>duas</strong></span> <span class='ocrx_word' id='word_1_714' title='bbox 2807 4995 3001 5062; x_wconf 90' lang='lat' dir='ltr'><strong>tribus,</strong></span> <span class='ocrx_word' id='word_1_715' title='bbox 3033 4971 3172 5063; x_wconf 62' lang='lat' dir='ltr'><strong>etc.,</strong></span> <span class='ocrx_word' id='word_1_716' title='bbox 3224 4971 3380 5066; x_wconf 82' lang='lat' dir='ltr'><strong>usque</strong></span> <span class='ocrx_word' id='word_1_717' title='bbox 3404 4992 3465 5046; x_wconf 79' lang='lat' dir='ltr'><strong>ad</strong></span> <span class='ocrx_word' id='word_1_718' title='bbox 3491 4971 3550 5045; x_wconf 18' lang='lat' dir='ltr'><strong>iet</strong></span> <span class='ocrx_word' id='word_1_719' title='bbox 3588 4996 3666 5040; x_wconf 87' lang='lat' dir='ltr'><strong>non</strong></span> <span class='ocrx_word' id='word_1_720' title='bbox 3697 4971 3796 5028; x_wconf 67' lang='lat'><strong>501“</strong></span> 
     </span>
    </p>
   </div>
   <div class='ocr_carea' id='block_1_109' title="bbox 2383 5086 3288 5156">
    <p class='ocr_par' dir='ltr' id='par_1_109' title="bbox 2383 5086 3288 5156">
     <span class='ocr_line' id='line_1_109' title="bbox 2383 5086 3288 5156; baseline -0.001 -14"><span class='ocrx_word' id='word_1_721' title='bbox 2383 5087 2690 5156; x_wconf 89' lang='lat' dir='ltr'><strong>captivavit,</strong></span> <span class='ocrx_word' id='word_1_722' title='bbox 2723 5086 2816 5140; x_wconf 90' lang='lat' dir='ltr'><strong>sed</strong></span> <span class='ocrx_word' id='word_1_723' title='bbox 2851 5086 3048 5156; x_wconf 87' lang='lat' dir='ltr'><strong>partim</strong></span> <span class='ocrx_word' id='word_1_724' title='bbox 3078 5088 3288 5143; x_wconf 85' lang='lat' dir='ltr'><strong>delevit.</strong></span> 
     </span>
    </p>
   </div>
   <div class='ocr_carea' id='block_1_110' title="bbox 2454 5149 3796 5250">
    <p class='ocr_par' dir='ltr' id='par_1_110' title="bbox 2454 5149 3796 5250">
     <span class='ocr_line' id='line_1_110' title="bbox 2454 5149 3796 5250; baseline -0.007 -20"><span class='ocrx_word' id='word_1_725' title='bbox 2454 5149 2616 5231; x_wconf 41' lang='lat' dir='ltr'><strong>&#39;Vt-zns.</strong></span> <span class='ocrx_word' id='word_1_726' title='bbox 2642 5149 2693 5231; x_wconf 30' lang='lat'><strong>7-.</strong></span> <span class='ocrx_word' id='word_1_727' title='bbox 2723 5207 2793 5219; x_wconf 90' lang='lat'><strong>—-</strong></span> <span class='ocrx_word' id='word_1_728' title='bbox 2817 5149 2938 5247; x_wconf 67' lang='lat' dir='ltr'><strong>Ipse</strong></span> <span class='ocrx_word' id='word_1_729' title='bbox 2989 5186 3178 5232; x_wconf 84' lang='lat' dir='ltr'><strong>autent.</strong></span> <span class='ocrx_word' id='word_1_730' title='bbox 3207 5177 3327 5250; x_wconf 89' lang='grc'><strong>(11).)</strong></span> <span class='ocrx_word' id='word_1_731' title='bbox 3368 5175 3452 5231; x_wconf 89' lang='lat' dir='ltr'><strong>Sic</strong></span> <span class='ocrx_word' id='word_1_732' title='bbox 3492 5149 3796 5250; x_wconf 48' lang='lat' dir='ltr'><strong>philosophiryi</strong></span> 
     </span>
    </p>
   </div>
   <div class='ocr_carea' id='block_1_111' title="bbox 2385 5243 3793 5342">
    <p class='ocr_par' dir='ltr' id='par_1_111' title="bbox 2385 5243 3793 5342">
     <span class='ocr_line' id='line_1_111' title="bbox 2385 5243 3793 5342; baseline -0.005 -16"><span class='ocrx_word' id='word_1_733' title='bbox 2385 5269 2644 5337; x_wconf 76' lang='lat' dir='ltr'><strong>haeretici,</strong></span> <span class='ocrx_word' id='word_1_734' title='bbox 2695 5279 2751 5326; x_wconf 88' lang='lat' dir='ltr'><strong>et</strong></span> <span class='ocrx_word' id='word_1_735' title='bbox 2793 5243 2872 5326; x_wconf 86' lang='lat' dir='ltr'><strong>sic</strong></span> <span class='ocrx_word' id='word_1_736' title='bbox 2918 5243 3287 5342; x_wconf 80' lang='lat' dir='ltr'><strong>persecutores</strong></span> <span class='ocrx_word' id='word_1_737' title='bbox 3311 5243 3588 5324; x_wconf 74' lang='lat' dir='ltr'><strong>Christiani</strong></span> <span class='ocrx_word' id='word_1_738' title='bbox 3623 5243 3793 5342; x_wconf 54' lang='grc' dir='ltr'><strong>ηοωίηίξξ</strong></span> 
     </span>
    </p>
   </div>
   <div class='ocr_carea' id='block_1_112' title="bbox 2387 5339 3826 5433">
    <p class='ocr_par' dir='ltr' id='par_1_112' title="bbox 2387 5339 3826 5433">
     <span class='ocr_line' id='line_1_112' title="bbox 2387 5339 3826 5433; baseline -0.003 -15"><span class='ocrx_word' id='word_1_739' title='bbox 2387 5378 2509 5418; x_wconf 91' lang='lat' dir='ltr'><strong>cum</strong></span> <span class='ocrx_word' id='word_1_740' title='bbox 2563 5363 2704 5418; x_wconf 89' lang='lat' dir='ltr'><strong>Deus</strong></span> <span class='ocrx_word' id='word_1_741' title='bbox 2751 5339 2963 5433; x_wconf 79' lang='lat' dir='ltr'><strong>aliquos</strong></span> <span class='ocrx_word' id='word_1_742' title='bbox 3016 5363 3096 5419; x_wconf 90' lang='lat' dir='ltr'><strong>eis</strong></span> <span class='ocrx_word' id='word_1_743' title='bbox 3145 5359 3489 5418; x_wconf 84' lang='lat' dir='ltr'><strong>verberandos</strong></span> <span class='ocrx_word' id='word_1_744' title='bbox 3523 5341 3729 5425; x_wconf 66' lang='lat' dir='ltr'><strong>perme</strong></span> <span class='ocrx_word' id='word_1_745' title='bbox 3763 5339 3826 5432; x_wconf 23' lang='lat'><strong>“2</strong></span> 
     </span>
    </p>
   </div>
   <div class='ocr_carea' id='block_1_113' title="bbox 2386 5435 3795 5519">
    <p class='ocr_par' dir='ltr' id='par_1_113' title="bbox 2386 5435 3795 5519">
     <span class='ocr_line' id='line_1_113' title="bbox 2386 5435 3795 5519; baseline -0.017 -10"><span class='ocrx_word' id='word_1_746' title='bbox 2386 5468 2574 5510; x_wconf 88' lang='lat' dir='ltr'><strong>omnes</strong></span> <span class='ocrx_word' id='word_1_747' title='bbox 2619 5453 2876 5519; x_wconf 68' lang='lat' dir='ltr'><strong>smviunt,</strong></span> <span class='ocrx_word' id='word_1_748' title='bbox 2922 5468 3023 5509; x_wconf 91' lang='lat' dir='ltr'><strong>nec</strong></span> <span class='ocrx_word' id='word_1_749' title='bbox 3065 5455 3380 5517; x_wconf 86' lang='lat' dir='ltr'><strong>verberare,</strong></span> <span class='ocrx_word' id='word_1_750' title='bbox 3419 5447 3501 5504; x_wconf 86' lang='lat' dir='ltr'><strong>sed</strong></span> <span class='ocrx_word' id='word_1_751' title='bbox 3535 5436 3715 5500; x_wconf 79' lang='lat' dir='ltr'><strong>occidere</strong></span> <span class='ocrx_word' id='word_1_752' title='bbox 3743 5435 3795 5475; x_wconf 74' lang='grc' dir='ltr'><strong>αι’</strong></span> 
     </span>
    </p>
   </div>
   <div class='ocr_carea' id='block_1_114' title="bbox 2385 5527 3792 5618">
    <p class='ocr_par' dir='ltr' id='par_1_114' title="bbox 2385 5527 3792 5618">
     <span class='ocr_line' id='line_1_114' title="bbox 2385 5527 3792 5618; baseline -0.019 -15"><span class='ocrx_word' id='word_1_753' title='bbox 2385 5549 2538 5618; x_wconf 91' lang='lat' dir='ltr'><strong>piunt</strong></span> <span class='ocrx_word' id='word_1_754' title='bbox 2572 5565 2585 5601; x_wconf 87' lang='lat'><strong>:</strong></span> <span class='ocrx_word' id='word_1_755' title='bbox 2616 5555 2674 5602; x_wconf 91' lang='lat' dir='ltr'><strong>et</strong></span> <span class='ocrx_word' id='word_1_756' title='bbox 2699 5547 2884 5618; x_wconf 87' lang='lat' dir='ltr'><strong>paucis</strong></span> <span class='ocrx_word' id='word_1_757' title='bbox 2923 5546 3189 5617; x_wconf 86' lang='lat' dir='ltr'><strong>superatis</strong></span> <span class='ocrx_word' id='word_1_758' title='bbox 3217 5545 3270 5601; x_wconf 91' lang='lat' dir='ltr'><strong>in</strong></span> <span class='ocrx_word' id='word_1_759' title='bbox 3313 5556 3485 5600; x_wconf 88' lang='lat' dir='ltr'><strong>omnes</strong></span> <span class='ocrx_word' id='word_1_760' title='bbox 3521 5527 3722 5590; x_wconf 78' lang='lat' dir='ltr'><strong>audaciam</strong></span> <span class='ocrx_word' id='word_1_761' title='bbox 3739 5527 3792 5590; x_wconf 65' lang='lat' dir='ltr'><strong>stl-</strong></span> 
     </span>
    </p>
   </div>
   <div class='ocr_carea' id='block_1_115' title="bbox 2385 5649 2557 5696">
    <p class='ocr_par' dir='ltr' id='par_1_115' title="bbox 2385 5649 2557 5696">
     <span class='ocr_line' id='line_1_115' title="bbox 2385 5649 2557 5696; baseline -0.012 0"><span class='ocrx_word' id='word_1_762' title='bbox 2385 5649 2557 5696; x_wconf 89' lang='lat' dir='ltr'><strong>munt.</strong></span> 
     </span>
    </p>
   </div>
   <div class='ocr_carea' id='block_1_116' title="bbox 2457 5691 3790 5806">
    <p class='ocr_par' dir='ltr' id='par_1_116' title="bbox 2457 5691 3790 5806">
     <span class='ocr_line' id='line_1_116' title="bbox 2457 5691 3790 5806; baseline 0.01 -20"><span class='ocrx_word' id='word_1_763' title='bbox 2669 5731 2723 5785; x_wconf 91' lang='lat'><strong>9.</strong></span> <span class='ocrx_word' id='word_1_764' title='bbox 2764 5761 2833 5772; x_wconf 94' lang='lat'><strong>——</strong></span> <span class='ocrx_word' id='word_1_765' title='bbox 2875 5719 3129 5803; x_wconf 69' lang='lat' dir='ltr'><strong>Nunquid</strong></span> <span class='ocrx_word' id='word_1_766' title='bbox 3167 5746 3266 5785; x_wconf 83' lang='lat' dir='ltr'><strong>non</strong></span> <span class='ocrx_word' id='word_1_767' title='bbox 3317 5724 3540 5799; x_wconf 64' lang='grc' dir='ltr'><strong>Ρΐὺιείρα</strong></span> 
     </span>
    </p>
   </div>
   <div class='ocr_carea' id='block_1_117' title="bbox 2387 5797 3792 5898">
    <p class='ocr_par' dir='ltr' id='par_1_117' title="bbox 2387 5797 3792 5898">
     <span class='ocr_line' id='line_1_117' title="bbox 2387 5797 3792 5898; baseline -0.029 -11"><span class='ocrx_word' id='word_1_768' title='bbox 2387 5827 2532 5886; x_wconf 88' lang='lat' dir='ltr'><strong>Ordo</strong></span> <span class='ocrx_word' id='word_1_769' title='bbox 2564 5845 2577 5884; x_wconf 89' lang='lat'><strong>:</strong></span> <span class='ocrx_word' id='word_1_770' title='bbox 2622 5827 2794 5898; x_wconf 74' lang='lat' dir='ltr'><strong>Reges</strong></span> <span class='ocrx_word' id='word_1_771' title='bbox 2817 5833 2939 5882; x_wconf 88' lang='lat' dir='ltr'><strong>sunt</strong></span> <span class='ocrx_word' id='word_1_772' title='bbox 2968 5797 3074 5881; x_wconf 79' lang='lat' dir='ltr'><strong>mei</strong></span> <span class='ocrx_word' id='word_1_773' title='bbox 3115 5797 3391 5896; x_wconf 74' lang='lat' dir='ltr'><strong>principes,</strong></span> <span class='ocrx_word' id='word_1_774' title='bbox 3415 5815 3464 5878; x_wconf 84' lang='lat' dir='ltr'><strong>id</strong></span> <span class='ocrx_word' id='word_1_775' title='bbox 3497 5820 3581 5872; x_wconf 82' lang='lat' dir='ltr'><strong>est,</strong></span> <span class='ocrx_word' id='word_1_776' title='bbox 3611 5797 3703 5858; x_wconf 81' lang='lat' dir='ltr'><strong>milii</strong></span> <span class='ocrx_word' id='word_1_777' title='bbox 3722 5798 3792 5843; x_wconf 54' lang='lat' dir='ltr'><strong>id!</strong></span> 
     </span>
    </p>
   </div>
  </div>
