4028 6332
249 384 397 446 1149

1241 383 1511 443 GLOSSA
1547 378 1945 443 onomanu.
1971 343 2053 428 ’-
2085 383 2213 443 LIB.
2252 384 2482 444 lSALE.

3363 395 3504 458 i250

248 505 461 563 vientes
507 520 522 559 :
569 502 769 562 multos
803 504 948 562 enim
991 517 1147 577 reges
1195 518 1382 561 secum
1414 501 1656 569 adduxit,
1686 516 1822 573 quos
1848 505 1904 568 Α
1924 505 2216 560 aeternitati
2247 505 2324 578 (in
2356 521 2464 576 quo
2483 507 2665 564 omnia
2699 509 2989 580 praesentia
3019 511 3166 587 sunt)
3189 525 3501 588 comparata

254 593 658 665 subjugaverat.

320 685 635 741 Damascus.
687 687 984 743 Damascus
1023 693 1108 742 est
1143 685 1458 757 metropolis
1502 685 1560 741 in
1601 683 1761 758 Syria
1804 701 1820 740 :

246 772 392 830 hanc
409 774 649 832 condidit
665 775 897 846 Eliezer,
920 791 1108 833 servus
1123 777 1356 834 Abrahae
1365 789 1388 844 ’ς
1419 777 1473 833 in
1496 777 1599 836 hac
1623 791 1819 848 regna-

247 868 332 924 vit
363 866 551 923 Rasin.

319 958 482 1014 Vens.
515 956 602 1012 10.
632 986 704 1000 -
730 956 1004 1024 Quomodo
1053 960 1247 1015 inuenit
1279 976 1485 1015 manus.
1528 957 1646 1014 Vox
1687 957 1822 1014 Sen-

245 1043 507 1100 nacherib
553 1043 873 1102 admirantis
920 1047 1219 1118 potentiam
1260 1063 1435 1104 suam.
1468 1047 1632 1104 Plene
1677 1047 1820 1102 dicta

245 1131 551 1203 complevit.
581 1123 782 1189 Omnes
814 1133 960 1190 enim
989 1135 1236 1192 civitates
1259 1136 1445 1193 decem
1473 1137 1706 1192 tribuum
1725 1175 1742 1202 ,
1765 1145 1821 1190 et

238 1221 384 1284 Juda
408 1231 464 1279 et
489 1221 769 1292 Beniamin
795 1234 992 1296 praeter
1015 1225 1310 1284 Jerusalem
1337 1227 1673 1299 depraedatus
1711 1235 1816 1295 est,

244 1322 302 1370 et
336 1314 504 1384 ipsius
525 1321 736 1386 partem
763 1314 1096 1384 inferiorem,
1127 1332 1292 1388 quam
1315 1317 1535 1374 tradidit
1559 1317 1610 1373 ei
1635 1317 1818 1373 Sobna
1867 1379 1876 1398 Ι

245 1407 479 1550 “Villis.
512 1494 598 1549 i2.
628 1525 700 1536 —
733 1495 864 1550 Cum
917 1495 1201 1568 impleverit
1251 1497 1529 1553 Dominus.
1587 1497 1819 1553 Subver-

242 1585 447 1650 siones,
484 1584 691 1641 scilicet
720 1585 893 1652 urbis,
932 1587 1096 1642 etiam
1129 1586 1463 1643 obsidionem
1490 1589 1705 1658 quando
1729 1603 1820 1643 ve-

241 1683 326 1740 nit
350 1685 640 1752 Rabsaces,
666 1694 722 1742 et
749 1685 880 1743 fecit
927 1699 992 1742 ea
1015 1701 1136 1759 quae
1177 1687 1234 1742 in
1279 1686 1626 1758 sequentibus
1670 1703 1818 1745 com-

251 1787 644 1834 memorantur.

1924 601 2300 650 momentanca
2329 605 2474 652 sunt.

1993 687 2157 745 Vens.
2179 689 2267 746 26.
2296 721 2368 733 —
2410 690 2618 762 Virgam
2665 710 2815 748 suam
2845 695 2902 750 in
2938 711 3102 750 mare.
3134 696 3256 770 (ln.)
3285 697 3448 768 Quasi
3479 717 3496 757 :

2012 731 2157 745 ........
2181 731 2267 746 -.η
2298 731 2365 733 ἡ
2414 731 2427 744 .
2451 731 2487 746 ..
2531 731 2618 746 .....
2665 731 2814 748 .-.πη
2938 731 3102 750 mu...
3155 731 3229 751 ιν.
3335 731 3448 757 uda]
3481 731 3492 757 ε

1883 731 2222 852 iAntequam
2249 783 2432 839 veniat
2474 731 2636 855 sitper
2674 793 2749 852 te,
2780 731 3492 861 aggredietur\Th,a:tcam,

1921 889 2101 946 regem
2130 873 2452 946 Ethiopize,
2483 883 2538 932 et
2566 877 2822 933 transibit
2849 893 3000 934 mare
3024 879 3293 947 Rubrum,
3320 891 3375 937 et
3420 883 3497 938 le-

1919 966 2068 1022 vabit
2108 967 2316 1040 virgam
2363 983 2526 1040 super
2566 967 2880 1041 Egyptum,
2932 979 2989 1027 et
3028 971 3109 1029 sic
3158 988 3281 1030 cum
3327 975 3498 1034 multo

1920 1058 2160 1114 exercitu
2188 1067 2490 1114 revertetur
2517 1068 2706 1115 contra
2731 1059 3049 1117 Jerusalem.

1991 1152 2152 1207 Vens.
2176 1151 2264 1207 29.
2289 1181 2362 1192 —
2400 1151 2742 1207 Transierunt
2766 1155 2980 1209 cursim.
3025 1152 3171 1210 Gaba
3197 1156 3362 1225 sedes,
3387 1167 3496 1215 etc.

1919 1239 2261 1297 Praateritum
2291 1257 2390 1313 pro
2420 1241 2602 1298 futuro
2641 1257 2791 1299 more
2815 1243 3152 1315 prophetico.

1990 1331 2150 1388 Vens.
2175 1333 2265 1399 51,
2290 1331 2378 1387 32.
2404 1363 2477 1373 —
2501 1331 2886 1404 Confortamini
2913 1336 3084 1391 adhuc
3109 1337 3220 1393 dies
3245 1348 3340 1394 est.
3371 1339 3498 1413 (ln.)

1917 1422 2212 1494 Postquam
2251 1421 2624 1478 Sennacherib
2659 1425 2888 1480 tetendit
2931 1425 2988 1480 in
3025 1424 3175 1483 Nobe
3221 1431 3448 1486 tentoria
3473 1471 3492 1499 ,

1917 1512 2104 1569 volens
2124 1527 2284 1568 mane
2296 1527 2604 1586 expugnare
2617 1511 2939 1582 Jerusalem,
2952 1531 3061 1572 non
3073 1520 3306 1575 cessavit
3325 1535 3497 1592 usque

1918 1601 1976 1657 in
2014 1603 2247 1658 mediam
2281 1611 2494 1659 noctem
2535 1604 2729 1660 minari
2757 1605 3145 1686 desolationem
3173 1607 3495 1681 Jerusalem,

1920 1693 2147 1751 dicens:
2175 1693 2280 1760 En,
2321 1695 2425 1750 ista
2455 1695 2568 1752 sola
2594 1696 2788 1753 civitas
2829 1697 3049 1755 liberari
3081 1701 3148 1756 de
3183 1718 3347 1758 manu
3374 1719 3496 1761 mea

1917 1781 2155 1854 poterit?

327 1886 493 1944 vus.
524 1888 610 1943 η,
635 1917 708 1931 _
731 1884 1003 1946 cumam.
1050 1889 1288 1948 Gannim
1313 1902 1398 1950 est
1421 1893 1681 1964 vulpium,
1703 1893 1814 1964 νει,
1842 1856 1892 1918 Β
1990 1875 2154 1929 Vens.
2182 1872 2272 1929 55.
2298 1902 2369 1913 -
2394 1871 2530 1928 Ecce
2552 1871 2851 1929 dominato’r
2872 1874 3130 1952 Dominus
3151 1881 3494 1950 exercituum,

249 1983 316 2033 ut
350 1977 466 2046 alii,
500 1978 702 2034 avium.

306 2086 474 2144 Vens.
506 2088 594 2145 16.
617 2118 690 2130 -
713 2088 784 2144 Et
809 2090 992 2146 subtus
1018 2090 1258 2164 gloriam.
1289 2091 1431 2150 Dicit
1459 2092 1817 2167 Hieronymus

234 2177 532 2234 secundum
567 2176 838 2246 Hebraeos,
865 2195 1090 2252 corpora
1133 2183 1539 2241 interfectorum
1568 2185 1818 2259 Assyrio-

237 2281 362 2323 rum
401 2268 609 2326 ctelesti
650 2270 772 2343 igne
793 2283 1006 2337 exusta,
1049 2282 1104 2330 et
1127 2274 1183 2329 in
1232 2275 1508 2347 pulverem
1551 2277 1769 2335 redacta
1793 2319 1811 2346 ,

231 2360 557 2418 vestimenta
585 2361 787 2430 illaesa;
821 2371 877 2419 et
900 2363 1179 2422 venientes
1197 2365 1388 2434 Judaai,
1415 2369 1646 2424 vestium
1669 2384 1816 2425 sum-

232 2452 425 2509 mitate
454 2461 695 2525 arrepta,
726 2455 1002 2526 pulverem
1034 2458 1407 2515 excutiebant.

303 2543 511 2618 (litem)
561 2545 791 2614 Quidam
835 2548 1022 2604 volunt
1076 2549 1220 2606 hunc
1272 2566 1455 2623 regem
1505 2551 1814 2625 signiﬁcare

231 2636 563 2691 contrariam
615 2635 1007 2708 fortitudinem,
1071 2649 1176 2698 etc.
1203 2682 1220 2710 ,
1263 2659 1425 2714 usque
1468 2644 1538 2699 ad
1591 2645 1813 2702 tradunt

229 2727 378 2782 enim
401 2725 613 2784 Hebraei
640 2728 826 2786 decem
848 2740 1060 2788 tantum
1097 2734 1165 2790 de
1186 2733 1304 2806 ejus
1329 2736 1568 2792 exercitu
1598 2752 1812 2793 reman-

230 2818 394 2876 sisse.

304 2927 468 2986 Vens.
497 2930 584 2985 17.
606 2932 758 2986 -Ει
779 2935 877 2988 erit
897 2935 1093 2991 lumen.
1109 2936 1304 2993 Dicunt
1319 2938 1530 2996 Hebraei
1555 2943 1698 3012 quod
1721 2944 1812 3000 Mi-

228 3022 386 3078 chael
419 3023 775 3094 archangelus
801 3023 983 3092 fuerit,
1016 3028 1102 3082 cui
1134 3031 1423 3085 commissa
1447 3039 1532 3086 est
1561 3033 1807 3089 custodia

228 3113 376 3170 illius
412 3116 610 3186 gentis,
637 3116 781 3171 sicut
815 3116 1002 3172 Daniel
1045 3119 1194 3175 dicit.

1918 1976 2025 2025 etc.
2069 1968 2218 2024 Dixit
2253 1969 2407 2040 pueri
2447 1985 2644 2026 nomen
2681 1971 2749 2027 de
2783 1971 2991 2044 virgine
3025 1975 3320 2044 nascituri',
3362 1985 3493 2046 etc.,

1917 2066 2081 2132 usque
2105 2061 2174 2116 ad
2195 2068 2250 2116 et
2270 2061 2511 2118 Libanus
2530 2077 2654 2118 cum
2681 2063 2794 2120 suis
2815 2065 2992 2122 cedris
3019 2067 3348 2125 succidatur.

2513 2201 2743 2261 CAPUT
2801 2203 2890 2260 XI.

1988 2326 2150 2383 Vens.
2180 2327 2230 2382 1.
2255 2356 2328 2369 -
2351 2327 2422 2383 Et
2450 2329 2744 2400 egredietur
2776 2331 2940 2402 virga.
2973 2329 3180 2404 (Ηιειι.)
3214 2331 3398 2404 Usque
3424 2335 3490 2392 ad

1913 2417 2241 2490 principium
2294 2417 2518 2476 visionis
2565 2419 2854 2492 Babylonis
2881 2461 2897 2488 ,
2951 2423 3233 2496 prophetia
3293 2432 3377 2482 est
3426 2407 3490 2483 de

1915 2511 2152 2580 Christo,
2193 2528 2356 2584 quam
2393 2529 2491 2584 per
2533 2525 2716 2586 partes
2760 2515 3133 2587 explanamus,
3164 2532 3234 2574 ne
3273 2517 3488 2576 lectoris

1913 2602 2234 2658 memoriam
2262 2602 2673 2660 confundamus.

1984 2699 2319 2770 Egredietur.
2353 2698 2576 2772 Virgam
2613 2708 2668 2756 et
2703 2699 2889 2758 ﬂorem
2929 2699 3100 2758 Judaei
3136 2701 3311 2772 ipsum
3334 2701 3486 2759 Chri-

1912 2795 2055 2845 stum
2098 2789 2538 2860 interpretantur,
2581 2797 2722 2856 etc.,
2764 2808 2925 2864 usque
2953 2792 3022 2846 ad
3058 2799 3115 2847 et
3148 2799 3206 2846 tu
3228 2807 3288 2848 es
3321 2792 3524 2852 Filius'

1911 2894 2066 2936 meus
2090 2880 2500 2953 primogenitus,
2537 2882 2630 2952 qui
2657 2897 2850 2953 regnas
2879 2883 2935 2938 in
2962 2883 3368 2954 sempiternum.

1982 2968 2145 3022 Vens.
2168 2967 2223 3021 2.
2243 2999 2314 3008 —
2332 2968 2403 3022 Et
2431 2971 2730 3040 requiescet.
2758 2961 2880 3041 (10.)
2904 2972 3041 3040 Quia
3061 2971 3116 3027 in
3137 2973 3256 3042 ipso
3277 2973 3486 3030 habitat

1909 3056 2090 3110 omnis
2117 3054 2393 3125 plenitudo
2408 3057 2738 3112 Divinitatis.

1981 3145 2230 3217 Spiritus.
2263 3145 2416 3202 Sicut
2445 3161 2625 3204 sermo
2656 3149 2901 3215 Domini,
2924 3149 3040 3216 lux,
3071 3150 3181 3206 vita
3209 3160 3266 3206 et
3297 3167 3469 3209 resur-

299 3221 466 3279 Vens.
515 3224 600 3280 18.
651 3254 722 3266 -
758 3224 827 3280 Et
859 3227 1030 3298 gloria
1077 3229 1262 3286 saltus.
1317 3229 1594 3290 Carmelus
1645 3250 1803 3293 mons
1829 3213 1874 3276 Ο
1907 3213 2077 3294 rectio
2101 3246 2350 3304 vocatur,
2376 3247 2481 3296 etc.
2503 3279 2520 3306 ,
2548 3257 2708 3312 usque
2737 3241 2806 3295 ad
2837 3213 2893 3296 hi
2932 3213 3058 3297 sunt
3099 3250 3303 3313 septem
3343 3244 3485 3301 oculi

227 3326 492 3384 magnus,
536 3314 800 3373 fecundus
837 3318 1140 3376 arboribus.
1182 3320 1348 3388 Quasi
1395 3324 1667 3382 exercitus
1719 3328 1804 3383 in-

223 3415 488 3458 numerus
513 3401 675 3475 (sicut
693 3404 836 3477 ligna
863 3408 1183 3482 sylvarum),
1208 3419 1265 3467 et
1288 3427 1516 3484 corpore
1543 3423 1598 3471 et
1625 3417 1804 3474 anima

222 3490 445 3560 peribit.

295 3581 378 3636 Ad
427 3598 656 3638 carnem.
709 3582 862 3657 (lo.)
902 3585 1152 3647 Haeretici
1200 3605 1433 3664 quoque,
1475 3609 1600 3652 cum
1636 3600 1804 3657 eccle-

223 3671 446 3728 siastica
482 3674 729 3731 doctrina
783 3677 1041 3749 illuxerit,
1071 3691 1126 3739 et
1176 3699 1364 3740 eorum
1413 3686 1659 3759 decipula
1707 3706 1804 3762 pa-

221 3764 408 3831 tuerit,
439 3765 506 3820 ad
553 3774 756 3823 tantam
784 3770 1006 3827 venient
1055 3773 1422 3843 solitudinem,
1457 3787 1516 3833 ut
1545 3779 1614 3836 de
1661 3783 1803 3839 saltu

223 3861 280 3911 et
317 3854 670 3913 infructuosis
700 3859 1009 3930 arboribus,
1050 3871 1107 3919 et
1143 3865 1523 3924 innumerabili
1567 3873 1805 3929 multitu-

223 3947 373 4014 dine,
402 3948 493 4004 vix
522 3951 682 4022 pauci
713 3954 1006 4022 resideant,
1037 3957 1130 4028 qui
1157 3973 1346 4016 eorum
1389 3973 1686 4034 sequantur
1708 3982 1800 4024 er-

221 4052 401 4093 rorem
410 4079 424 4093 .

292 4129 456 4187 Vens.
501 4132 592 4188 20.
644 4166 717 4176 —
754 4136 824 4191 Et
857 4139 954 4193 erit
997 4139 1056 4194 in
1097 4141 1182 4196 die
1218 4141 1334 4198 illa.
1381 4144 1617 4220 (Ηιειι.)
1665 4149 1799 4208 Cum

223 4220 432 4277 Phacee
461 4232 517 4278 et
556 4225 724 4282 Rasin
748 4228 948 4284 vellent
968 4231 1173 4300 venire,
1193 4241 1323 4301 etc.,
1343 4253 1507 4308 usque
1526 4241 1596 4294 ad
1625 4242 1719 4298 sed
1740 4243 1798 4301 in

219 4309 333 4369 Deo
373 4328 523 4384 spem
550 4326 773 4386 ponant.

292 4404 455 4463 Vens.
484 4407 573 4464 2i.
603 4439 674 4451 —
691 4409 946 4484 Reliquiae
975 4427 1350 4475 convertentur.
1380 4419 1683 4482 Secundum
1705 4427 1798 4484 Jo-

221 4501 446 4570 sepbum
477 4502 855 4562 innumerabili
891 4505 1196 4566 Iudaeorum
1217 4513 1559 4571 multitudine
1587 4519 1789 4586 occisa,

217 4590 564 4662 intelligimus
591 4609 793 4663 paucos
831 4598 885 4651 in
915 4601 1173 4682 apostolis
1215 4612 1270 4656 et
1318 4606 1630 4672 apostolicis
1654 4576 1788 4666 viris
1816 4576 1872 4638 Β

219 4699 340 4742 esse
371 4684 623 4742 salvatos.

285 4771 448 4832 Vens.
496 4775 586 4834 22.
614 4807 685 4819 —
714 4776 1105 4837 Consummatio
1151 4782 1472 4843 abbreviata.
1518 4787 1787 4848 Perfectio

218 4856 403 4925 eorum
436 4882 556 4939 quae
600 4869 667 4926 de
713 4868 934 4927 Christo
974 4882 1132 4930 erant
1177 4883 1287 4930 tam
1334 4876 1494 4948 longo
1548 4890 1787 4954 tempore

219 4968 342 5014 ante
373 4959 628 5030 prtedicta
660 4961 834 5018 tribus
860 4963 1016 5019 annis
1046 4973 1102 5020 et
1140 4965 1362 5023 dimidio
1391 4970 1677 5042 completa.

283 5047 582 5116 Justitiam,
631 5051 757 5120 quia
786 5051 988 5120 injuste
1028 5057 1262 5126 occisus,
1305 5067 1533 5117 mortem
1579 5071 1634 5120 et
1672 5065 1788 5122 dia-

216 5140 391 5196 bolum
415 5141 561 5213 juste
583 5142 732 5209 vicit,
758 5152 814 5199 et
838 5147 1095 5203 mundum
1121 5150 1348 5207 redemit
1370 5163 1564 5210 morte.

282 5232 444 5288 Vens.
475 5232 1176 5297 25.—Consummationem
1215 5243 1374 5300 enim.
1413 5243 1537 5318 (In.)
1573 5244 1655 5302 Ad
1695 5247 1783 5304 lit-

220 5332 402 5380 teram.
439 5325 614 5394 Fecit,
645 5329 771 5401 quia
809 5339 1012 5386 tantam
1037 5335 1431 5392 multitudinem
1462 5347 1659 5408 praeter
1686 5341 1779 5398 de-

217 5430 349 5481 cem,
378 5417 576 5473 occidit
601 5420 748 5478 brevi
783 5423 957 5492 spatio
991 5423 1151 5480 unius
1183 5428 1374 5483 noctis.

283 5504 440 5561 Vens.
465 5505 554 5561 24.
590 5538 660 5548 —
693 5507 862 5582 Super
893 5522 943 5566 te
982 5513 1036 5568 in
1060 5514 1144 5568 via
1168 5513 1404 5586 Egypti.
1436 5517 1775 5591 Captivitatis

215 5595 392 5653 decem
417 5598 681 5665 tribubus,
707 5610 838 5668 etc.,
869 5620 1029 5674 usque
1055 5605 1124 5660 ad
1152 5607 1296 5677 cepit
1332 5617 1384 5664 et
1415 5612 1700 5669 subvertit.

281 5690 440 5746 Vens.
469 5691 556 5746 25.
589 5722 660 5733 —
689 5691 976 5750 Paululum
1023 5698 1400 5773 modicumque.
1449 5701 1562 5761 Hoc
1613 5706 1773 5781 longo

217 5790 449 5855 tempore
494 5795 616 5856 post
662 5787 986 5860 completum
1029 5799 1142 5858 est;
1199 5793 1295 5850 sed
1345 5797 1527 5855 omnia
1574 5799 1769 5860 saecula

1902 3336 1960 3392 in
1987 3335 2162 3407 lapide
2191 3351 2298 3391 uno
2327 3337 2621 3392 secundum
2651 3335 2998 3392 Zachariam.

1974 3427 2140 3482 Vens.
2166 3426 2219 3481 5.
2237 3457 2311 3470 -
2333 3427 2397 3481 Et
2425 3426 2633 3498 replebit
2659 3444 2776 3482 eum
2799 3429 3033 3499 spiritus.
3057 3428 3180 3502 (ln.)
3209 3428 3480 3502 Spiritua-

1903 3516 2027 3574 liter
2072 3527 2292 3588 propter
2331 3517 2587 3590 parvulos
2627 3518 2718 3589 qui
2763 3519 2958 3576 timore
3001 3520 3280 3594 indigent,
3323 3537 3480 3594 quem

1902 3607 2050 3665 foras
2081 3609 2246 3664 mittit
2273 3608 2512 3681 perfecta
2548 3609 2803 3667 cbaritas.
2835 3610 2938 3679 Qui
2978 3612 3121 3668 enim
3163 3613 3335 3681 timet,
3367 3627 3475 3685 poeo

1905 3715 2030 3755 nam
2060 3701 2242 3768 habet,
2267 3708 2323 3755 et
2351 3716 2459 3758 non
2483 3711 2569 3757 est
2592 3701 2869 3773 perfectus
2890 3705 2944 3760 in
2968 3705 3258 3762 cbaritate.

1975 3791 2100 3846 Non
2129 3791 2436 3846 secundum.
2473 3792 2589 3848 Non
2625 3795 2856 3866 accipiet
2884 3811 3190 3868 personam,
3223 3797 3347 3870 quia
3372 3815 3477 3858 non

1902 3890 1986 3938 est
2013 3896 2368 3953 personarum
2405 3893 2655 3956 acceptor
2689 3885 2865 3954 Deus,
2897 3889 2990 3946 sed
3020 3890 3075 3945 in
3113 3890 3260 3947 omni
3287 3900 3476 3964 gente;

1899 3975 1990 4044 qui
2022 3975 2175 4031 timet
2204 3975 2370 4030 Deum
2399 3986 2652 4048 acceptus
2679 3987 2762 4036 est
2785 3979 2879 4035 illi.

1969 4068 2182 4139 Arguet.
2231 4068 2368 4140 (10.)
2403 4069 2709 4128 Pharisaeos
2755 4082 2808 4128 et
2858 4075 3312 4145 reprehendentes
3350 4093 3474 4148 apo-

1901 4155 2059 4221 tolos,
2091 4159 2306 4228 quando
2344 4159 2399 4214 in
2439 4159 2664 4218 sabbato
2704 4163 3039 4218 ambulantes
3065 4179 3166 4232 per
3189 4174 3326 4229 sata,
3369 4169 3470 4236 spi-

1897 4263 1990 4303 cas
2040 4249 2299 4307 vellentes
2347 4254 2600 4309 manibus
2647 4254 3023 4310 confricabant
3071 4264 3128 4310 et
3189 4261 3468 4316 manduca-

1894 4335 2051 4392 bant.

1965 4427 2128 4482 Vens.
2164 4428 2219 4483 4.
2258 4457 2331 4469 -
2375 4426 2537 4501 Virga
2574 4431 2680 4486 oris
2720 4433 2821 4486 sui.
2856 4433 2976 4506 (Ιο.)
3019 4433 3202 4492 Potest
3236 4453 3332 4509 per
3358 4440 3472 4496 vir-

1895 4529 2018 4584 gam
2041 4517 2308 4573 sententia
2328 4515 2517 4587 judicii
2539 4519 2785 4592 intelligi.
2802 4523 2862 4578 in
2887 4525 3153 4598 principio
3171 4529 3313 4584 enim
3333 4546 3470 4602 prte-

1893 4609 2178 4666 dicationis
2206 4611 2377 4668 dixit:
2409 4610 2774 4669 Paenitentiam
2816 4617 2952 4688 agite
2975 4659 2990 4683 ,
3039 4622 3472 4694 appropinquabit

1886 4700 2023 4754 enim
2066 4717 2276 4772 regnum
2306 4702 2590 4769 caelorum;
2631 4713 2685 4760 et
2723 4707 2996 4777 subjunxit
3033 4728 3046 4762 :
3091 4710 3272 4768 Omnis
3313 4714 3472 4770 arbor

1885 4809 2002 4864 qua
2024 4809 2127 4848 non
2147 4794 2273 4865 facit
2297 4795 2502 4866 [ructus
2527 4797 2685 4853 bonos
2708 4800 3001 4855 eradicetur
3023 4813 3070 4858 et
3088 4805 3142 4858 in
3165 4805 3334 4876 ignem
3354 4807 3471 4864 mit-

1887 4894 2044 4940 tetur.

1958 4976 2122 5032 Vens.
2155 4977 2208 5032 5.
2239 5008 2308 5018 -
2343 4977 2630 5049 Interﬁciet
2672 4981 2908 5052 impium.
2949 4985 3007 5041 Si
3047 4987 3190 5042 enim
3234 4988 3466 5050 Michael

1888 5066 2174 5124 interiiciet
2214 5070 2296 5139 (ut
2323 5071 2543 5141 quidam
2581 5072 2821 5148 dicunt),
2863 5077 2978 5150 ipse
3005 5078 3146 5135 Deus
3181 5089 3364 5140 tamen
3405 5087 3461 5145 in

1885 5157 2148 5216 Michaele
2184 5161 2288 5218 hoc
2315 5161 2500 5218 faciet.

1953 5246 2136 5306 Fides.
2177 5251 2196 5323 (
2225 5250 2382 5306 Hren.
2413 5251 2432 5322 )
2464 5250 2676 5312 Fideles
2716 5256 2857 5312 bene
2910 5262 3183 5330 operando
3212 5266 3455 5325 adhaere-

1880 5339 2016 5396 bunt
2047 5341 2097 5396 ei
2125 5342 2218 5413 qui
2243 5341 2416 5397 factus
2439 5353 2524 5400 est
2549 5348 2810 5418 sapientia
2833 5389 2849 5414 ,
2874 5347 3082 5417 iustitia
3111 5363 3166 5411 et
3207 5359 3450 5415 sanctiﬁ-

1877 5434 2041 5500 catio,
2065 5435 2155 5504 qui
2178 5435 2254 5490 ait
2287 5452 2300 5488 :
2327 5435 2440 5508 Ego
2462 5436 2555 5492 lux
2578 5449 2626 5492 et
2650 5439 2775 5494 vita.

1946 5523 2109 5581 Vens.
2163 5526 2216 5581 6.
2268 5558 2339 5568 —
2393 5526 2570 5599 Lupus
2633 5547 2752 5585 cum
2817 5549 2971 5604 agno.
3033 5535 3199 5610 (10.)
3257 5542 3453 5604 Paulus

1876 5633 1996 5674 cum
2016 5618 2196 5684 Petro,
2228 5621 2406 5677 unde:
2437 5620 2716 5692 Benjamin
2739 5623 2892 5694 lupus
2929 5644 3111 5698 rapax.
3137 5631 3202 5686 Et
3232 5652 3245 5688 :
3280 5633 3450 5694 Pasce

1875 5727 1990 5767 om
2013 5729 2172 5768 meas.
2205 5710 2479 5769 Habitabit
2517 5711 2672 5784 lupus
2704 5732 2820 5770 cum
2851 5735 3007 5789 agno.
3039 5719 3152 5778 Non
3195 5739 3366 5798 agnus
3395 5739 3450 5786 et

1875 5803 2062 5864 haedus
2088 5804 2403 5865 habitabant
2426 5820 2549 5862 cum
2596 5806 2721 5878 lupo
2748 5817 2804 5865 et
2839 5812 3008 5882 pardo
3034 5853 3049 5880 ,
3091 5817 3184 5872 sed
3213 5817 3369 5892 lupus
3391 5831 3448 5878 et
