4028 6332
287 357 432 420 ηδε
1261 357 1530 416 GLOSSA
1565 353 1960 415 0RDINARIA.
1997 383 2066 394 -—
2101 353 2227 410 LIB.
2269 353 2494 411 ISAIAE.
3029 345 3034 350 ’
3381 347 3521 412 ηεξ

355 475 519 534 Vm
547 474 638 530 ΞΩ.
669 503 740 516 --
767 472 938 528 υιυιω
967 473 1022 527 in
1051 472 1270 527 «edibus.
1312 471 1690 542 Magnitudinis
1727 485 1843 524 cor-
1872 475 1924 532 Α
2017 466 2082 520 1η
2118 467 2366 522 lateribus
2404 467 2681 537 aquilonis.
2739 468 2933 525 Unde:
2983 472 3068 528 Ab
3095 471 3342 542 aquilone
3365 485 3526 527 exar-

284 569 454 631 vinat,
495 567 589 622 sed
620 564 845 619 maculis
881 578 1166 633 respersae,
1207 578 1326 632 Quae
1363 571 1542 618 rostro
1570 562 1623 616 in
1657 560 1850 632 palude

286 659 396 714 sita
423 657 751 712 horrendum
779 653 1034 708 stridunt.

359 749 592 806 Sirenes.
625 747 764 802 Sunt
791 753 1069 816 serpentes
1099 745 1306 800 cristati
1341 752 1393 799 et
1432 744 1560 800 alati
1591 744 1735 799 velut
1763 743 1851 798 alii

287 839 463 910 pisces
491 838 686 893 marini
722 837 778 891 in
815 837 994 906 specie
1025 836 1306 901 muliebri,
1339 837 1422 891 vel
1459 844 1702 906 portenta
1734 837 1852 891 dia-

285 929 424 993 boli,
467 945 586 1000 quae
617 928 760 984 dulci
790 927 1055 982 cantilena
1084 927 1360 996 decipiunt
1394 925 1658 990 homines,
1695 923 1854 992 hujus

287 1024 474 1080 Iaculi
498 1023 855 1094 naufragium,
885 1035 996 1077 non
1023 1020 1220 1076 clausis
1247 1020 1464 1075 auribus
1491 1026 1849 1072 transeuntes.

867 1167 1094 1226 CAPUT
1132 1167 1269 1222 XIV.

357 1291 519 1349 Vens.
562 1294 614 1346 1.
639 1321 711 1333 —
732 1289 920 1345 Iacob.
962 1289 1096 1344 Nota
1136 1287 1514 1359 proprietatem
1547 1283 1850 1339 verborum.

285 1383 452 1441 Jacoh
480 1383 571 1453 qui
600 1381 778 1437 adhuc
807 1381 862 1434 in
891 1379 1033 1433 lucta
1063 1387 1168 1441 est,
1196 1377 1483 1432 miseretur
1510 1392 1522 1427 :
1548 1371 1732 1438 Israel,
1763 1371 1854 1440 qui

287 1480 408 1542 post
447 1470 725 1528 victoriam
753 1483 950 1524 nomen
979 1466 1219 1535 accepit,
1247 1464 1430 1534 elegit.

356 1561 517 1617 Vens.
558 1561 612 1614 4.
639 1591 710 1600 -
736 1557 1042 1624 Quomodo,
1080 1565 1184 1610 etc.
1224 1552 1554 1609 Admiranda
1587 1551 1856 1621 qltomoda

288 1660 532 1710 vastator
573 1659 839 1706 terrarum
859 1687 875 1713 ,
906 1657 1038 1710 etc.,
1069 1661 1230 1715 usque
1259 1644 1330 1702 ad
1359 1641 1644 1700 novissima
1675 1647 1854 1696 autem

288 1745 511 1804 inim-ica
543 1742 851 1800 destruetur
879 1751 1046 1796 mors.

1950 561 2174 616 descunt
2195 562 2353 626 mala,
2384 570 2438 616 et
2465 562 2806 618 succenditur
2843 561 2945 617 olla
2971 561 3234 618 Jeremiae.
3274 564 3349 618 De
3375 579 3480 634 quo
3506 581 3519 616 :

1949 653 2134 708 Dicam
2160 652 2413 724 aquiloni,
2449 655 2533 708 Da
2559 673 2573 708 :
2617 655 2669 708 id
2698 663 2804 720 est,
2835 655 2999 710 redde
3021 657 3280 726 Captivos.

2023 745 2276 799 Nubinm.
2302 745 2356 800 ld
2376 754 2456 801 est
2469 747 2875 816 prophetarum,
2907 749 2976 801 de
2996 747 3192 817 quibus
3219 761 3236 800 :
3260 745 3525 800 laudabo

1951 835 2170 890 nubibus
2209 837 2334 890 meis
2387 853 2450 891 ne
2495 837 2679 907 pluant
2725 853 2878 908 super
2913 853 3027 892 eam
3085 838 3300 892 imbrem
3351 835 3522 907 (Psal.

1950 927 2136 998 xxxv).
2189 927 2256 980 Et
2289 929 2473 983 veritas
2520 940 2611 983 tua
2643 947 2806 1000 usque
2828 930 2896 984 ad
2927 930 3103 985 nubes.
3157 928 3320 984 Judas
3358 929 3526 982 nubes

1950 1017 2053 1071 fuit
2099 1033 2221 1072 eum
2267 1020 2388 1074 aliis
2438 1021 2731 1089 apostolis,
2785 1021 2885 1077 sed
2923 1022 3062 1077 vitio
3111 1035 3212 1077 suo
3257 1020 3530 1077 diabolum

1951 1123 2292 1165 ascensorem
2332 1112 2586 1180 suscepit.

2025 1198 2187 1254 Vens.
2221 1202 2308 1255 15.
2331 1231 2403 1241 —
2427 1201 2804 1254 Verumtamen
2827 1201 2900 1255 ad
2927 1201 3190 1270 infernum
3219 1199 3528 1255 detraheris.

1953 1290 2056 1358 Qui
2084 1307 2182 1362 per
2209 1294 2436 1348 virtutes
2459 1293 2677 1364 potuiSti
2703 1294 3015 1358 ascendere,
3047 1287 3296 1362 per'vitia
3343 1293 3526 1347 cades.

1953 1382 2146 1439 Sancti
2171 1384 2371 1439 habent
2411 1400 2617 1454 pennas
2642 1384 2900 1440 columba
2937 1391 2991 1438 et
3023 1385 3218 1454 aquiim
3264 1385 3530 1439 ut-volent

1954 1476 2418 1545 et'requiescant:
2450 1475 2596 1546 impii
2627 1475 2780 1545 quasi
2807 1475 3084 1546 plumbum
3109 1483 3432 1545 merguntur
3474 1475 3531 1528 in

1953 1567 2106 1636 aquis
2129 1567 2532 1634 vehementibus,
2559 1577 2606 1622 et
2625 1567 2940 1630 descendunt
2962 1568 3016 1620 in
3039 1566 3358 1637 profundum
3380 1579 3511 1636 quas
3581 1555 3584 1558 ’

1953 1655 2088 1726 lapis
2149 1655 2343 1725 (Zach.
2389 1658 2490 1729 v).
2545 1659 2808 1730 lniquitas
2855 1659 3007 1714 sedet
3065 1673 3226 1728 super
3272 1658 3528 1712 talentum

1953 1747 2179 1818 plumbi.

357 1831 842 1905 limatior-(111m)
880 1829 1182 1901 Quiexisit
1205 1842 1380 1896 usque
1416 1826 1484 1882 ad
1505 1823 1854 1881 novissimum
1883 1831 1938 1897 Β
2030 1839 2350 1895 Detrahet-is.
2391 1841 2596 1904 invitus
2641 1841 2925 1908 Christus;
2963 1843 3241 1898 descendit
3284 1843 3532 1898 volunta-

285 1929 644 1999 Quadrantem
687 1941 719 1982 a
767 1923 1104 1992 debitoribus
1147 1910 1281 1986 suis,
1334 1919 1426 1990 qui
1459 1919 1643 1973 dicunt
1680 1916 1854 1970 illud:

286 2019 504 2073 Dimitte
539 2017 685 2071 nobis
710 2015 884 2071 debita
919 2013 1132 2086 (Matth.
1166 2015 1244 2081 v).
1293 2009 1432 2064 Huic
1461 2009 1739 2064 tradentur
1768 2008 1862 2062 tie-

285 2109 526 2173 bit-mss,
586 2105 716 2164 huic.
777 2104 994 2160 tradidit
1055 2102 1249 2158 Paulus
1301 2101 1617 2158 Corinthum
1685 2098 1856 2156 forni-

287 2207 522 2258 autem.

360 2295 520 2349 Vens.
555 2293 610 2347 5.
644 2323 715 2332 —
742 2289 1022 2346 Baculus.
1068 2287 1242 2343 Vocat
1260 2285 1749 2342 Nabuchodonosor
1776 2285 1876 2340 vel.

286 2387 578 2451 diabolum,
629 2384 754 2454 quia
797 2383 940 2438 sicut
984 2389 1081 2452 per
1130 2378 1280 2434 illum
1311 2377 1644 2450 ﬂagellantur
1685 2392 1717 2431 a
1749 2377 1859 2432 Deo

285 2479 456 2548 impii",
496 2479 578 2533 sic
599 2492 696 2548 per
718 2475 862 2530 hunc
893 2474 950 2528 in
993 2472 1174 2542 pmnis
1204 2471 1400 2526 infami
1431 2469 1516 2525 vel
1537 2469 1778 2540 quotidie
1801 2469 1861 2524 in

282 2575 504 2637 peccato
526 2565 882 2636 suggerenda,
911 2561 1228 2616 insidiando.

357 2657 516 2712 Vens.
571 2655 627 2711 8.
655 2685 728 2696 ——
764 2654 967 2708 Abietes
1022 2667 1245 2722 quoque.
1295 2649 1574 2719 Principes
1619 2649 1857 2704 diversa-

284 2761 406 2802 rum
431 2745 776 2818 gentium-ab
819 2744 911 2799 illo
953 2741 1186 2807 afﬂicti;
1229 2740 1314 2798 vel
1348 2741 1466 2806 ﬁlii,
1509 2755 1738 2810 quorum
1769 2754 1861 2809 pa-

287 2849 397 2894 tres
424 2837 710 2893 interfecit.

355 2927 442 2980 Ea:
465 2943 568 2998 quo
592 2926 852 2980 destitisti.
869 2924 1010 2992 Qui:
1032 2923 1178 2978 victo
1204 2923 1332 2978 forti
1362 2933 1417 2976 et
1445 2923 1668 2991 direptis
1691 2924 1857 2988 vasis,

256 3020 406 3090 ejus
429 3017 688 3073 satellites
715 3023 1062 3078 corruerunt,-
1093 3015 1270 3068 unde:
1301 3012 1384 3066 Ite
1423 3015 1480 3067 in
1513 3013 1686 3083 ignem
1711 3022 1860 3066 ceter-

287 3126 431 3174 num,
478 3108 566 3180 qui
587 3115 802 3176 paratus
828 3114 901 3158 est
931 3103 1158 3168 diabolo,
1199 3113 1246 3157 et
1274 3102 1469 3174 angelis
1498 3103 1612 3173 ejus
1641 3102 1854 3173 (Matth.

286 3203 435 3272 xxv).
471 3199 604 3256 Nota
629 3199 820 3254 mortis
847 3213 996 3254 mars
1031 3197 1284 3253 dormitis
1312 3198 1526 3253 dicitur.

359 3295 460 3360 Qui
489 3293 744 3348 succida.
770 3291 920 3346 Unde
941 3291 1181 3361 psalmus
1219 3307 1234 3344 :
1265 3289 1480 3360 Operuit
1519 3300 1716 3344 montes
1745 3306 1862 3344 unt—

286 3389 381 3442 bra
424 3387 558 3455 eius,
605 3394 655 3440 et
698 3384 914 3439 arbttsta'
951 3384 1074 3454 ejus
1103 3383 1286 3437 cedrus
1313 3382 1408 3437 Dei
1437 3380 1618 3453 (Psal.
1649 3381 1859 3453 tanta.)

285 3478 396 3534 Has
434 3477 720 3548 aliquando
757 3485 1045 3545 peccantes
1091 3475 1256 3529 tradit
1297 3473 1556 3529 Dominus
1601 3470 1862 3543 supplicio

284 3567 678 3625 conterendas:
705 3567 848 3621 unde
867 3566 1063 3621 dicitur
1081 3582 1100 3618 :
1134 3561 1372 3618 Conteret
1393 3563 1652 3618 Dominus
1679 3563 1862 3618 cedi-os

283 3661 472 3715 Libani
509 3657 680 3732 (Psal.
723 3658 939 3726 xxvm).

356 3751 518 3806 Vsus.
564 3749 617 3805 9.
665 3777 735 3790 --
764 3747 1034 3816 Infernae.
1079 3745 1418 3802 Hditatures
1467 3744 1554 3800 vel
1589 3745 1861 3816 principes

286 3841 403 3913 ejus
430 3839 626 3896 inferni
669 3839 856 3895 subter
877 3848 947 3893 te.
993 3839 1104 3898 Sub
1137 3847 1290 3894 terra
1313 3839 1464 3893 enim;
1482 3847 1566 3893 est
1591 3839 1858 3903 infernus,

286 3933 340 3987 in
363 3946 470 4002 quo
493 3932 640 3988 visus
670 3939 754 3986 est
783 3931 931 3986 dives
962 3931 1049 3985 ille
1074 3947 1105 3984 a
1149 3930 1376 3995 Lazaro,
1417 3931 1557 3986 unde
1603 3931 1861 3986 Dominus

285 4023 496 4078 vitiatas
521 4038 650 4078 suos
683 4021 844 4087 eruit,
876 4021 1114 4076 vinctum
1139 4019 1410 4074 diabolum
1439 4021 1660 4076 dimisit.

357 4112 548 4172 Omna
592 4113 870 4182 principes.
915 4111 1028 4166 Etsi
1064 4111 1177 4166 huc
1209 4109 1356 4166 facta
1381 4127 1486 4166 non
1513 4120 1655 4178 sunt,
1684 4121 1862 4166 tamen

287 4203 404 4258 ﬁeri
431 4211 746 4272 potuerunt.
780 4201 1040 4256 Salutium
1071 4210 1156 4256 est
1181 4200 1454 4257 malorum.
1475 4202 1732 4258 inimicos
1759 4203 1857 4257 ba-

285 4294 419 4350 bere
443 4295 632 4351 socios-
655 4308 960 4365 pinnarum.

343 4385 518 4442 ‘Vsns.
569 4386 656 4442 10.
696 4415 768 4427 -
803 4384 1116 4439 Vulneratus
1164 4401 1238 4439 es.
1291 4384 1393 4452 Qui
1441 4385 1760 4441 immortalis
1805 4393 1861 4439 et

286 4479 429 4534 Deus
463 4479 752 4534 videbaris.
799 4477 909 4534 Nos
949 4493 1046 4549 pta
1079 4478 1445 4533 imbecillitate
1470 4494 1722 4533 sensuum
1757 4492 1855 4545 pu-

287 4569 533 4625 tabamus
562 4585 666 4624 non
695 4583 852 4638 posse
879 4559 1131 4622 resistere
1171 4568 1423 4642 potentia:
1449 4568 1541 4620 Dei
1567 4607 1582 4632 ,
1613 4576 1667 4620 ct
1691 4577 1742 4621 te
1767 4583 1855 4622 so-

285 4663 395 4720 lum
422 4663 484 4716 in'
505 4659 785 4716 altitudine
811 4669 900 4713 tua
928 4673 1264 4730 permanere.

363 4755 518 4809 \nns.
557 4751 643 4804 11.
670 4775 742 4790 --
768 4747 973 4804 Subter.
1015 4747 1140 4820 (1ο.)
1177 4747 1418 4804 Putredo
1438 4748 1577 4803 tinea
1606 4756 1662 4804 et
1685 4748 1862 4818 operi-

286 4850 526 4896 mentum
554 4839 838 4903 vermium,
867 4848 1000 4903 etc,
1040 4855 1204 4908 usque
1231 4839 1300 4892 ad
1339 4839 1432 4908 qui
1459 4839 1673 4895 diccbat
1705 4839 1864 4895 Chri-

286 4942 369 4989 sto
397 4950 411 4986 :
451 4930 580 4985 Hau:
607 4930 782 4985 omnia
821 4929 914 4983 tibi
955 4929 1116 4994 dabo,
1143 4929 1189 4983 si
1216 4930 1405 4985 cadens
1445 4931 1744 4986 adoraveris
1779 4949 1860 4986 me

287 5022 500 5095 (Matth.
526 5022 621 5092 tv).

311 5143 318 5154 -
357 5114 520 5170 Vitas.
549 5112 636 5168 12.
663 5141 738 5154 --
759 5111 862 5178 Qun
889 5127 1052 5167 morie
1067 5113 1340 5168 arietaria.
1391 5113 1596 5186 (illam)
1644 5113 1716 5169 Hi.
1736 5121 1866 5171 sunt

286 5206 406 5262 falsi
432 5205 679 5277 apostoli,
714 5214 845 5271 etc.,
884 5221 1045 5274 usque
1075 5206 1144 5259 ad
1180 5215 1235 5262 et
1262 5208 1315 5262 in
1358 5207 1619 5264 lateribus
1655 5207 1859 5277 aquilo-

286 5297 387 5360 nis,
415 5297 467 5351 in
493 5297 720 5368 frigidis.

359 5390 521 5453 Vsus.
547 5388 634 5446 15.
660 5417 730 5430 --
760 5388 826 5444 In
845 5387 1034 5444 catum
1062 5389 1423 5444 conscendam.
1453 5390 1660 5464 (11).)ιῆ
1681 5392 1864 5446 ἣγηηιδ

287 5489 468 5537 mento
509 5489 649 5548 erat,
679 5482 733 5536 in
762 5482 956 5537 etnlum
984 5481 1073 5537 ubi
1103 5491 1187 5538 est
1218 5481 1430 5537 Domini
1460 5484 1651 5538 solium
1683 5484 1864 5554 cupio-

286 5574 380 5629 bat
405 5574 716 5629 ascendere.
759 5573 883 5628 llaec
923 5574 1103 5629 omnia
1130 5575 1197 5628 ad
1240 5574 1522 5628 haereticos
1551 5585 1675 5629 sunt
1726 5573 1864 5629 refe-

289 5666 476 5731 renda,
532 5667 621 5737 qui
663 5681 783 5721 cum
847 5666 1095 5721 deorsum
1141 5666 1250 5721 sint
1285 5681 1405 5720 cum
1452 5667 1694 5738 principe
1743 5683 1860 5733 suo,

282 5755 488 5826 iactant
519 5773 576 5814 se
602 5760 850 5816 excelsos.
874 5773 1012 5813 esse.

1888 3179 1934 3244 C

1960 1932 2090 1987 rius.

2031 2017 2384 2088 Profundum.
2461 2021 2545 2076 Ad
2606 2021 2820 2077 inﬁmas
2877 2031 2931 2078 et
2998 2023 3264 2093 pessimae
3323 2033 3544 2094 poenas.-

1959 2109 2171 2178 Quanto
2201 2113 2343 2166 enim
2375 2113 2572 2183 gradus
2601 2112 2778 2178 altior,
2819 2121 2966 2169 tanto
2992 2129 3158 2169 casus-
3179 2117 3415 2184 gravior.

2029 2200 2175 2254 Loci.
2207 2199 2261 2256 ld
2285 2211 2388 2267 est,
2427 2204 2645 2269 inferni,
2683 2211 2814 2271 etc.,
2843 2221 3006 2276 usque
3033 2205 3101 2259 ad
3147 2203 3239 2261 sed
3266 2221 3363 2276 per
3387 2213 3536 2277 tepo-

1959 2309 2074 2349 rem
2099 2303 2151 2349 et
2179 2295 2571 2350 simulationem
2595 2296 2718 2351 ﬁdei
2742 2311 2774 2352 a
2804 2296 3029 2352 Domino
3054 2297 3389 2368 reﬁciuntur.

1995 2461 1997 2464 ι
2030 2387 2196 2442 Vsus.
2228 2388 2315 2442 16.
2348 2419 2416 2428 —-
2442 2387 2534 2442 Est
2563 2391 2657 2443 vir.
2691 2388 2812 2462 (ln.)
2851 2387 2968 2446 Non
3006 2393 3177 2458 Deus;
3207 2392 3385 2447 unde:
3419 2389 3536 2447 Ini-

1959 2477 2125 2531 micas
2153 2477 2306 2531 homo
2337 2480 2760 2548 supersentinavit
2784 2481 3042 2534 zizaniam
3073 2480 3286 2553 (Matth.
3320 2481 3461 2554 xm).

1995 2595 1998 2600 -
2033 2568 2198 2622 Vens.
2225 2568 2310 2622 17.
2337 2597 2406 2608 --
2435 2567 2617 2623 Urbes.
2651 2570 2773 2641 (-ln.)
2801 2571 3164 2637 Ecciesias,ut
3181 2571 3385 2628 faceret
3409 2571 3538 2644 syn-

1959 2675 2156 2732 agogas
2228 2661 2464 2728 diaboli,
2513 2669 2572 2718 et
2643 2663 2896 2718 breretica
2949 2663 3216 2733 pravitate
3268 2663 3533 2734 pollueret

1959 2751 2282 2806 munditiam
2315 2752 2457 2806 ﬁdei.

2041 2839 2242 2894 Vinctis
2269 2841 2383 2910 ejus
2409 2851 2531 2896 non.
2559 2841 2703 2909 Quos
2727 2841 2942 2897 solvunt
2967 2841 3216 2911 apostoli,
3239 2839 3539 2900 imitatores

1960 2930 2223 2999 magistri,
2249 2939 2380 3001 etc.,
2404 2947 2563 3000 usque
2608 2933 2676 2984 ad
2708 2933 2802 2987 sed
2833 2933 2886 2987 in
2925 2934 3164 2989 tenebris
3210 2934 3538 3002 recludcbat,

1962 3028 2021 3072 ut
2046 3033 2144 3073 nec
2170 3017 2579 3076 Evilmerodach
2613 3019 2724 3075 ﬁlio
2746 3037 2844 3077 suo
2867 3025 3122 3093 aperiret.

2035 3111 2197 3164 Vens.
2230 3112 2316 3168 18.
2347 3141 2417 3153 —-
2443 3110 2636 3166 Omnes
2687 3129 2850 3184 reges.
2903 3114 3028 3186 (—lu.)
3077 3115 3252 3186 Reges
3277 3117 3540 3188 gentium,

1963 3211 2104 3268 etc.,
2155 3219 2315 3273 usque
2372 3203 2440 3256 ad
2489 3219 2588 3259 nec
2637 3203 2693 3258 in
2731 3214 2907 3260 morte
2963 3207 3193 3277 quiescit
3247 3221 3278 3262 a
3331 3210 3548 3264 crucia--

1965 3293 2128 3348 ribus.

2033 3382 2198 3439 Vsus.
2229 3385 2314 3439 19.
2342 3417 2414 3427 ——
2445 3385 2525 3440 Tu
2566 3397 2759 3442 autem.
2811 3387 3036 3444 Videtur
3078 3389 3272 3448 fabulae
3311 3405 3551 3448 consona

1963 3478 2081 3540 tiro,
2111 3488 2249 3546 etc.,
2292 3495 2454 3552 usque
2497 3481 2566 3534 ad
2606 3483 2892 3538 reviviscet
2914 3492 3066 3552 pater
3097 3492 3241 3538 tuus.

2035 3568 2212 3634 Quasi
2254 3571 2496 3626 cadaver.
2531 3572 2662 3643 (In)
2701 3572 3042 3629 Mtitudine
3068 3564 3412 3645 peccatorum
3448 3591 3544 3646 pu-

1961 3669 2219 3728 truerunt,
2262 3671 2310 3716 et
2369 3673 2628 3733 corrupta:
2681 3674 2800 3718 sunt
2859 3665 3127 3720 cicatrices
3180 3682 3306 3720 mea:
3367 3666 3546 3737 (Psal.

1961 3754 2192 3822 xxxvii).
2225 3753 2406 3808 Virtus
2439 3755 2620 3808 suavis
2643 3753 2826 3810 odoris
2845 3763 2943 3810 est.

1991 3881 1994 3886 '
2033 3865 2197 3920 Vsus.
2227 3863 2317 3919 20.
2349 3895 2420 3905 —
2449 3861 2796 3920 Consortium.
2847 3863 3063 3922 Scilicet
3090 3863 3394 3936 sepultum.
3455 3867 3542 3922 Al-

1964 3965 2078 4012 tera
2129 3966 2213 4013 est
2252 3959 2394 4014 enim
2438 3973 2599 4029 paena
2647 3959 2921 4026 auctoris,
2963 3935 3291 4030 altera'iejus
3336 3959 3428 4029 (ια’.
3475 3959 3550 4014 ψ’

1963 4052 2288 4106 auctoritate
2337 4050 2683 4121 compulsus:
2726 4049 2826 4106 Hic
2852 4059 2932 4106 est
2969 4050 3173 4122 gladius
3215 4065 3324 4122 quo
3363 4051 3544 4106 vulne-

1961 4143 2062 4197 rati
2093 4151 2219 4198 sunt
2247 4143 2483 4214 plurimi,
2519 4151 2572 4196 et
2601 4131 2893 4196 interfecti.
3517 4137 3520 4140 ’

2035 4254 2113 4308 Tu
2155 4255 2290 4308 enim
2313 4264 2527 4308 terram.
2565 4252 2768 4319 Quasi:
2803 4250 2861 4306 In
2910 4251 3294 4332 superbiat“
3317 4264 3543 4324 regnum

1961 4345 2333 4405 Chaldaeorum
2361 4344 2697 4397 destructum
2723 4350 2825 4406 est,
2853 4341 2998 4414 quod
3026 4341 3202 4404 adhuc
3225 4343 3546 4412 mansisset,

1959 4438 2066 4492 nisi
2092 4435 2340 4506 superbia
2372 4444 2460 4488 tua
2493 4450 2600 4492 non
2630 4433 2838 4492 fuisset.

1877 4531 1944 4593 Π
2029 4524 2310 4595 Populum.
2364 4523 2535 4591 Quem
2559 4523 2656 4578 tibi
2683 4523 2827 4578 Deus
2873 4521 3221 4579 commiserat
3259 4513 3538 4597 corrigen-

1961 4617 2090 4672 dum
2125 4624 2179 4671 ct
2209 4617 2520 4688 regendum.

2033 4729 2305 4786 Occidisti.
2343 4728 2458 4786 Non
2481 4729 2592 4784 Deo
2615 4713 2898 4784 reservans
2925 4725 3102 4796 vivos,
3123 4727 3219 4793 sed
3243 4743 3418 4804 pecua:
3436 4740 3548 4788 tua:

1959 4837 2272 4893 praeparans
2298 4822 2491 4877 socios.
3415 4883 3418 4886 _

2037 4913 2159 4967 Non
2206 4914 2491 4967 vocabitur.
2539 4913 2666 4970 Ideo
2698 4927 2805 4974 non
2834 4911 3134 4978 vocabitur,
3175 4911 3230 4966 in
3257 4918 3538 4980 aatemum,

1962 5013 2090 5070 etc.,
2123 5021 2286 5076 usque
2327 5005 2394 5058 ad
2427 4993 2604 5059 deleta
2633 5011 2716 5058 est
2751 5003 2930 5059 omnis
2962 5001 3270 5073 progenies,
3318 5015 3418 5071 pro
3447 5017 3539 5058 su-

1961 5096 2148 5167 perbia
2179 5105 2238 5152 et
2259 5096 2536 5165 impietate
2561 5094 2752 5164 patris.
3449 5157 3454 5162 ρ

2034 5208 2198 5261 Vnus.
2241 5206 2332 5261 91.
2367 5225 2436 5246 —'-
2467 5205 2790 5277 Iniquitate:
2821 5202 2946 5276 (lu.)
2984 5200 3149 5258 LXX.
3192 5200 3300 5257 Pro
3345 5201 3542 5275 iniqui-

1963 5307 2073 5353 tate
2096 5295 2267 5366 patris
2298 5297 2392 5350 tui.
2423 5295 2574 5362 Quod
2603 5295 2818 5366 quidam
2859 5307 2965 5348 nou
3004 5291 3381 5362 intelligentes,
3413 5293 3542 5347 dra-

1963 5404 2178 5455 canem,
2225 5389 2317 5460 qui
2348 5399 2540 5459 regnat
2578 5389 2632 5443 in
2659 5387 2820 5451 mari,
2845 5397 3004 5456 quem
3037 5383 3330 5440 Leriatban
3362 5383 3542 5453 appel—

1964 5481 2098 5544 lant,
2131 5479 2340 5536 Hebraei
2390 5481 2572 5535 volunt
2603 5493 2724 5534 esse
2750 5487 2959 5546 patrem
2989 5475 3216 5540 diaboli;
3247 5473 3541 5528 secundum

1965 5573 2139 5628 illud:
2174 5570 2310 5637 Quia
2355 5572 2581 5626 mendax
2626 5578 2778 5623 estet
2824 5577 2972 5638 pater
3011 5566 3121 5632 ejus
3167 5565 3351 5635 (Joan.
3396 5564 3540 5636 VIII).

1967 5664 2110 5735 quod
2147 5663 2286 5718 ntale
2311 5659 2657 5732 intelligendo
2683 5660 2996 5730 depravaut.

2040 5754 2323 5846 Vens..2'5.
2353 5784 2426 5794 -—
2453 5751 2520 5804 Et
2540 5765 2750 5822 ponam.
2789 5747 2936 5803 Nihil
2955 5755 3040 5804 est
3079 5747 3132 5802 i
3153 5761 3226 5803 ea
3247 5745 3350 5802 nisi
3378 5759 3545 5802 vena-
