4028 6332
626 390 768 450 1255

1131 386 1526 446 WALAFRIDI
1564 386 1811 446 STRABI
1846 385 2050 443 FULD.
2090 383 2254 441 MON.
2295 382 2445 442 OPP.
2483 382 2661 441 PARS
2696 383 2739 440 l.
2781 413 2852 427 —
2889 382 3348 444 THEOLOGICA.

3692 397 3794 457 {256

623 509 701 564 tio
740 506 911 578 regia,
947 513 1005 564 et
1050 504 1332 563 coctilibus
1376 503 1549 559 muris
1593 510 1716 573 post
1742 517 1911 558 annos
1940 500 2199 572 plurimos
2225 502 2280 563 Α
2371 499 2465 565 Ar,
2497 501 2549 555 id
2572 509 2655 555 est
2681 500 3042 569 adversarius,
3073 510 3212 569 etc.,
3243 519 3404 574 usque
3430 502 3615 579 adpost
3638 513 3796 574 ach].

630 598 853 656 refectis
880 597 1107 653 inclusa.

697 688 766 743 In
791 687 1165 759 possessionem
1184 685 1350 742 ericii.
1380 682 1608 739 Mundus
1631 696 1844 753 quoque
1869 681 1937 736 ab
1956 679 2120 736 ericio
2145 686 2204 734 et

623 777 913 850 paludibus
932 777 1239 849 possidetur
1264 775 1443 841 modo,
1473 774 1528 829 id
1554 781 1658 840 est,
1686 772 1755 828 ab
1784 772 2073 827 immundis
2093 770 2201 841 spi-

621 869 821 925 ritibus
846 885 861 935 ;
894 869 990 925 sed
1014 870 1071 924 in
1109 868 1217 924 line
1236 867 1422 922 mundi
1448 866 1709 938 scopabit,
1739 866 1794 921 id
1821 872 1925 932 est,
1954 864 2202 936 purgabit

626 975 753 1016 eum
782 960 1041 1017 Dominus
1064 960 1187 1032 igne
1209 960 1546 1033 purgatorio.

699 1051 861 1107 Vens.
884 1050 977 1106 24.
1007 1082 1076 1091 —
1103 1050 1309 1105 Iuravit
1351 1049 1630 1105 Dominus.
1677 1048 1968 1119 Hucusque
2012 1046 2081 1102 de
2101 1045 2203 1100 Ba-

620 1140 820 1214 bylone
855 1150 912 1199 et
940 1141 1174 1215 regibus,
1222 1148 1352 1207 etc.,
1408 1156 1568 1211 usque
1618 1139 1687 1193 ad
1725 1149 1782 1194 et
1815 1140 1917 1195 hoc
1955 1138 2012 1193 in
2057 1143 2204 1191 terra

626 1231 764 1292 Juda
803 1243 860 1292 et
909 1236 966 1292 in
1021 1233 1296 1293 montibus
1340 1234 1457 1307 ejus
1482 1273 1498 1302 ,
1546 1233 1689 1290 sicut
1739 1232 1998 1289 Dominus
2058 1244 2201 1302 prte-

622 1326 855 1383 dixerat.

694 1415 863 1471 Vens.
880 1414 1134 1471 25.—In
1162 1414 1445 1470 montibus.
1471 1412 1610 1469 Nota
1635 1413 2042 1485 proprietatem,
2070 1419 2203 1478 etc.,

623 1521 787 1578 usque
814 1505 883 1560 ad
910 1508 1005 1562 sed
1028 1513 1086 1561 et
1121 1519 1216 1560 eos
1241 1504 1333 1575 qui
1360 1503 1649 1559 virtutibus
1672 1501 2039 1574 profecerunt.

648 1616 659 1628 ο
695 1597 866 1653 Vens.
892 1597 982 1654 26.
1013 1627 1084 1637 —
1107 1595 1224 1651 Hoc
1267 1594 1565 1662 comitium,
1607 1595 1661 1649 id
1688 1602 1791 1660 est,
1821 1591 2097 1648 auferatur
2118 1589 2207 1662 ju-

626 1704 753 1763 gum
784 1688 924 1759 ejus,
964 1696 1096 1755 etc.,
1137 1703 1297 1758 usque
1320 1688 1389 1741 ad
1418 1686 1742 1759 generaliter
1786 1686 1855 1742 ad
1877 1684 2064 1740 orbem
2092 1690 2203 1739 ter-

625 1798 809 1839 rarum
838 1781 1131 1853 pertinere.

2305 591 2436 648 dacis
2461 593 2657 650 vastati
2687 601 2832 649 sunt.

2372 685 2531 742 Vens.
2561 687 2615 741 2.
2648 714 2719 727 —
2746 687 2990 742 Ascendit
3027 687 3238 742 domus.
3281 687 3364 743 Ad
3399 691 3612 761 excelsa,
3635 695 3680 752 in
3708 702 3797 771 qui.

2300 776 2403 832 bus
2440 777 2795 847 superbierat,
2846 784 2906 833 ut
2951 793 3059 834 non
3114 778 3379 848 immolet,
3422 784 3512 837 sed
3552 794 3606 841 ut
3640 787 3799 863 plangat

2301 867 2391 922 ubi
2416 877 2754 937 peccaverat.

2370 956 2561 1013 Dibon.
2611 957 2734 1031 (ln.)
2761 957 2963 1014 Fluxus
2985 972 3176 1014 eorum
3208 978 3221 1014 :
3251 958 3572 1019 Mendacium
3596 970 3797 1028 transitet

2300 1048 2438 1116 ﬂuit,
2464 1059 2520 1106 et
2552 1066 2828 1121 nunquam
2856 1051 2912 1105 in
2936 1052 3127 1108 eodem
3158 1060 3307 1107 statu
3333 1067 3628 1125 permanet;
3668 1074 3796 1122 sermo

2302 1150 2482 1197 autem
2540 1141 2755 1197 Domini
2817 1150 2902 1197 est
2953 1153 3273 1214 compactus
3335 1153 3390 1200 et
3445 1147 3647 1206 stabilis.
3693 1151 3795 1212 Unde

2303 1246 2500 1287 manna
2536 1232 2745 1289 videtur
2794 1233 2948 1304 quasi
2972 1233 3217 1304 glacies:
3274 1250 3384 1291 non
3418 1235 3555 1306 ﬂuit,
3600 1242 3678 1297 sed
3710 1259 3797 1302 oon-

2304 1322 2466 1378 sistit.

2374 1414 2545 1487 Super
2572 1413 2746 1471 Nabo.
2774 1415 2896 1489 (ln.)
2927 1416 3066 1485 Quia
3092 1426 3150 1473 et
3176 1420 3355 1475 omnis
3380 1422 3649 1493 prophetia:
3687 1427 3795 1499 hujus

2302 1522 2442 1563 unus
2483 1515 2567 1563 est
2599 1522 2812 1576 sensus,
2853 1516 2984 1578 etc.,
3020 1526 3186 1582 usque
3211 1511 3284 1566 ad
3317 1527 3437 1568 cum
3476 1515 3635 1571 anima
3667 1534 3795 1576 eorum

2303 1597 2591 1653 ululaverit
2614 1598 2739 1654 sibi.

2374 1688 2540 1746 Vens.
2577 1689 2632 1744 ὅ.
2664 1720 2736 1731 -
2777 1689 2963 1747 Omnis
2989 1691 3252 1747 ululatus.
3308 1692 3427 1749 Alia
3454 1692 3795 1756 littera:0mnit

2302 1781 2496 1850 ululat,
2551 1781 2709 1838 Moab
2750 1783 2996 1852 scilicet,
3040 1791 3096 1839 et
3143 1784 3228 1840 sic
3263 1784 3543 1842 descendet
3586 1788 3631 1842 iu
3655 1788 3791 1846 ﬂetum

696 1874 863 1930 Vens.
897 1873 987 1931 28.
1017 1872 1087 1927 In
1122 1887 1260 1926 anno
1281 1887 1383 1942 quo
1410 1879 1667 1925 mortuus.
1708 1868 1754 1949 Α
1790 1866 2053 1941 principio
2079 1866 2200 1922 libri
2227 1867 2277 1930 B
2303 1872 2508 1940 Quasi:
2560 1873 2818 1931 Ascendit
2860 1876 2925 1930 ad
2954 1874 3191 1943 excelsa,
3243 1884 3306 1931 ut
3333 1884 3457 1932 ante
3500 1877 3626 1935 idola
3660 1880 3791 1951 ploret

626 1970 906 2038 hucusque
925 1965 1025 2023 sub
1049 1964 1199 2031 Ozia,
1234 1964 1498 2029 loatham,
1531 1962 1734 2027 Achaz,
1766 1960 2092 2016 vaticinatus
2115 1965 2202 2014 est

625 2056 809 2147 Isaias,
833 2069 1003 2127 usque
1029 2054 1099 2110 ad
1135 2053 1299 2109 linem
1332 2053 1430 2108 sub
1455 2051 1689 2108 Ezechia
1712 2049 1969 2123 przedicta
1996 2055 2053 2104 et
2078 2062 2202 2120 par-

628 2149 725 2205 tim
746 2146 1033 2219 completa.

696 2239 892 2293 Achaz.
943 2237 1061 2306 Quo
1103 2235 1339 2301 vivente,
1388 2240 1647 2305 regnante
1685 2232 1743 2287 in
1785 2228 2195 2303 peccatoribus:

627 2344 727 2387 nec
753 2326 964 2400 pondus
984 2334 1174 2384 contra
1203 2324 1553 2396 alienigenas,
1582 2337 1683 2377 nec
1711 2334 1889 2376 sermo
1909 2319 2004 2376 Dei
2029 2317 2201 2391 (juxta

628 2420 998 2493 Septuaginta)
1045 2419 1164 2475 ﬁeri
1192 2425 1402 2488 poterat
1430 2417 1499 2472 ad
1526 2416 1873 2486 Prophetam.

698 2514 866 2569 Vens.
914 2512 1006 2568 29.
1044 2542 1116 2552 —
1153 2508 1236 2565 Ne
1284 2508 1495 2564 laeteris.
1533 2506 1681 2577 Rege
1711 2512 1954 2571 mortuo,
1996 2500 2201 2558 inimici

627 2606 895 2671 Iactantur,
941 2603 1095 2674 quasi
1140 2602 1340 2674 aliquid
1387 2601 1525 2657 lucri
1572 2598 1768 2656 facturi
1793 2597 1948 2654 novis
1990 2597 2195 2653 rebus:

628 2699 752 2754 hinc
779 2697 1096 2763 Philisthaei,
1150 2710 1285 2766 quos
1323 2695 1503 2750 Achaz
1524 2690 1750 2758 alliixit,
1789 2690 1854 2745 de
1883 2696 2057 2745 morte
2083 2687 2200 2757 ejus

628 2791 880 2847 laetantur
907 2798 963 2845 et
990 2789 1188 2846 ludatis
1216 2790 1494 2855 insultant,
1546 2789 1671 2859 quia
1700 2794 1915 2842 maturo
1934 2799 2059 2857 rege
2085 2800 2203 2855 per-

627 2880 761 2946 dito,
791 2877 1110 2951 subjaceant
1156 2879 1273 2949 ejus
1306 2878 1436 2943 ﬁlio,
1467 2892 1575 2947 quo
1599 2882 1877 2947 regnante,
1924 2888 1983 2930 se
2009 2880 2202 2943 putant

628 2971 762 3028 ﬁnes
785 2985 972 3027 eorum
1001 2983 1159 3041 posse
1184 2968 1456 3023 invadere.

710 3062 865 3135 Virga
893 3062 1232 3133 percussoris.
1266 3059 1474 3132 (HIER.)
1498 3058 1724 3129 Abjecto
1757 3058 1887 3130 jugo
1922 3056 2037 3123 Dei,
2065 3063 2200 3122 etc.,

627 3171 788 3227 usque
808 3154 876 3209 ad
899 3162 955 3209 et
983 3153 1052 3209 de
1079 3153 1159 3209 eis
1181 3160 1460 3224 serpentes
1483 3150 1747 3218 volantes,
1785 3149 1870 3205 vel
1904 3148 1995 3219 qui
2017 3148 2202 3203 absor-

629 3246 798 3303 beant
829 3244 1093 3300 volucres.

698 3337 863 3392 Vens.
894 3336 980 3391 51.
1002 3333 1267 3390 -—Ulula.
1295 3333 1631 3407 (ln.)Quasi:
1656 3331 1976 3399 Philisthtei,
2002 3332 2209 3404 plorate

630 3427 906 3485 miseriam
933 3434 1188 3491 vestram,
1222 3441 1341 3497 quae
1363 3426 1512 3481 venit
1534 3441 1631 3497 per
1658 3424 2049 3481 Sennacherib.

708 3517 890 3585 Ulula,
911 3526 1064 3590 porta
1076 3534 1098 3585 ,'
1128 3516 1314 3583 clama,
1332 3517 1533 3573 ciuitas.
1556 3515 1851 3572 Philisthaei
1876 3516 2093 3586 potione
2117 3530 2208 3572 ca-

632 3612 857 3678 dentes,
902 3618 1031 3677 etc.,
1072 3625 1232 3681 usque
1272 3608 1341 3664 ad
1374 3608 1554 3665 anima
1594 3607 1754 3665 malis
1793 3607 2207 3679 cogitationibus

635 3701 859 3774 repleta.

702 3791 779 3846 Ab
801 3789 1041 3863 aquilone
1068 3790 1208 3844 enim
1252 3788 1449 3859 fumus.
1480 3787 1969 3845 Exardescentlius
1993 3787 2207 3860 sagittis

634 3881 856 3948 diaboli,
883 3881 974 3952 qui
1004 3881 1198 3935 noxius
1230 3881 1401 3937 oculis
1447 3890 1503 3937 et
1525 3882 1828 3939 contrarius
1866 3881 2075 3938 lumini.
2122 3882 2209 3941 Ab

636 3971 886 4044 aquilone
907 3970 1013 4026 olla
1042 3970 1289 4028 Ieremia:
1315 3973 1678 4029 succenditur.

705 4062 830 4117 Non
850 4070 925 4117 est
959 4060 1050 4134 qui
1071 4061 1285 4132 eiugiat
1312 4079 1496 4133 agmen
1515 4064 1648 4133 ejus.
1675 4063 1862 4122 Nullus
1897 4075 2093 4138 praeter
2119 4064 2209 4122 Je-

632 4153 885 4222 rusalem,
930 4159 1058 4220 etc.,
1089 4169 1251 4224 usque
1299 4152 1367 4207 ad
1395 4160 1452 4209 et
1483 4153 1595 4210 sola
1625 4152 1924 4212 Jerusalem
1970 4159 2043 4213 sit
2072 4158 2206 4214 libe-

634 4244 823 4301 randa.

705 4334 867 4391 Vens.
892 4331 982 4390 52.
1003 4361 1076 4374 —
1103 4330 1323 4387 Nuntiis
1351 4331 1540 4404 gentis.
1582 4331 1806 4406 Angelis
1851 4333 1941 4404 qui
1969 4341 2209 4405 praesunt

637 4424 949 4484 civitatibus
993 4431 1051 4481 et
1097 4423 1384 4497 gentibus:
1426 4423 1649 4495 singulis
1699 4425 2060 4493 mirantibus,
2112 4439 2211 4481 cur

638 4518 752 4574 sola
810 4516 939 4572 Sion
996 4515 1411 4572 amaritudinem
1468 4514 1602 4571 fumi
1636 4516 1909 4584 vitaverit,
1946 4517 2033 4573 vel
2077 4532 2207 4573 eva-

639 4608 790 4669 serit.

710 4700 761 4755 F
763 4699 979 4756 undavit
1018 4699 1168 4757 Sion.
1224 4699 1400 4772 Super
1440 4699 1845 4756 fundamentum
1892 4698 2210 4769 prudentiae,

636 4793 878 4866 justitim,
912 4791 1243 4849 fortitudinis
1265 4832 1282 4859 ,
1323 4792 1712 4864 temperantiae,
1759 4807 1877 4863 qua:
1905 4800 2032 4850 sunt
2057 4792 2215 4850 Chri-

642 4898 780 4946 stus.

1248 4996 1474 5057 CAPUT
1510 4997 1626 5056 XV.

713 5159 878 5217 Vens.
922 5159 973 5213 l.
999 5188 1070 5200 —
1094 5157 1241 5213 Onus
1271 5154 1449 5210 Moab.
1488 5154 1616 5213 Haec
1638 5163 1723 5213 est
1748 5155 1887 5212 visio
1918 5155 2073 5212 lsaias
2114 5155 2215 5212 ha-

643 5252 760 5311 bita
787 5253 854 5309 de
878 5265 1066 5318 onere,
1100 5250 1152 5306 id
1176 5257 1279 5315 est,
1313 5250 1379 5305 de
1418 5248 1780 5306 destructione
1810 5249 1986 5305 Moab.
2036 5249 2215 5319 Moab,

646 5344 789 5400 illius
830 5342 990 5407 Loth,
1042 5339 1192 5409 cuius
1229 5338 1511 5411 progenies
1539 5348 1591 5395 et
1619 5340 1895 5409 provincia
1922 5339 2078 5397 Moab
2118 5356 2217 5399 vo-

645 5445 768 5494 cata
802 5442 917 5490 est:
953 5434 1006 5488 in
1033 5433 1148 5503 ipsa
1186 5440 1269 5487 est
1287 5432 1382 5498 Ar,
1411 5446 1531 5502 quae
1554 5444 1694 5487 nunc
1720 5432 1991 5506 Ariopolis
2017 5442 2219 5492 metro-

642 5528 805 5600 polis.

2234 4577 2291 4641 Ι)

2301 1961 2410 2018 Sed
2436 1978 2559 2019 cum
2584 1963 2657 2019 ibi
2686 1963 2889 2019 nullum
2918 1964 3180 2021 auxilium
3203 1966 3488 2037 reperiret,
3519 1968 3794 2028 descenditad

2300 2054 2486 2111 ﬂetum
2509 2056 2563 2110 in
2596 2063 2795 2112 terram
2815 2055 2901 2111 vel
2927 2057 2983 2111 in
3018 2058 3241 2113 domum
3268 2073 3438 2114 suam.

2370 2147 2537 2203 Vens.
2566 2147 2619 2203 ι.
2652 2179 2720 2189 -—
2747 2147 3006 2202 Clamabit
3049 2147 3315 2204 Hesebon.
3361 2148 3407 2203 A
3428 2150 3659 2222 principio
3692 2154 3792 2224 regni

2300 2239 2443 2309 quod
2465 2246 2548 2294 est
2573 2237 2627 2293 in
2655 2236 2924 2304 Hesebon,
2972 2252 3147 2308 usque
3176 2236 3304 2294 Jasa
3334 2239 3604 2308 civitatem,
3631 2240 3701 2296 ubi
3717 2241 3792 2296 ﬁni-

2299 2339 2408 2394 tur,
2435 2331 2634 2400 ubique
2658 2331 2884 2395 clamor,
2915 2330 3117 2401 ubique
3159 2330 3359 2386 luctus.

2371 2422 2618 2493 Expediti
2644 2420 2803 2475 Moab
2826 2419 3124 2475 ululabunt.
3154 2420 3240 2476 Ab
3276 2422 3545 2489 uxoribus,
3571 2418 3790 2478 fortesbel—

2301 2514 2519 2571 latores.
2548 2511 2674 2567 inde
2698 2510 2896 2566 dicitur
2918 2508 3197 2567 Abraham
3223 2513 3535 2570 vernaculos
3554 2514 3789 2568 domussua

2300 2604 2524 2676 elegisse
2562 2602 2862 2674 expeditos,
2899 2601 2952 2656 id
2978 2610 3082 2667 est,
3113 2602 3237 2658 sine
3261 2603 3531 2659 uxoribus.

2374 2695 2537 2751 Vens.
2561 2696 2615 2751 5.
2647 2694 2752 2750 Cor
2773 2710 2942 2748 meum
2973 2693 3042 2747 ad
3067 2693 3252 2748 Moab.
3282 2693 3352 2750 Ut
3376 2693 3564 2750 scilicet
3584 2704 3788 2763 provocem

2301 2800 2396 2841 eos
2424 2788 2490 2841 ad
2510 2785 2907 2855 poenitentiam,
2935 2790 3066 2851 etc.,
3107 2800 3276 2856 usque
3295 2784 3363 2838 ad
3391 2784 3526 2854 quod
3554 2782 3789 2852 interpreta-

2302 2887 2390 2933 tur
2415 2878 2493 2932 leo
2523 2878 2637 2932 Dei.

2373 2970 2455 3024 Ad
2485 2969 2669 3040 Segor.
2703 2967 2828 3042 (ln.)
2860 2967 3031 3040 Segor
3072 2976 3160 3023 est
3181 2982 3248 3024 ex
3276 2967 3506 3039 quinque
3528 2963 3708 3021 urbibus
3725 2959 3785 3015 So-

2305 3062 2744 3128 domorum,etc.,
2784 3076 2946 3131 usque
2994 3060 3063 3113 ad
3110 3060 3159 3116 si
3202 3068 3325 3131 post
3365 3058 3690 3115 liberationem
3719 3068 3784 3108 non

2306 3160 2605 3223 peccasset.

2232 3221 2279 3286 ο
2308 3221 2325 3223 _
2384 3243 2549 3299 Vens.
2582 3242 2635 3298 6.
2672 3272 2745 3284 —
2774 3240 3034 3296 Nemrim.
3062 3240 3306 3298 Nemrim
3334 3241 3571 3314 oppidum
3595 3246 3662 3294 est
3683 3247 3785 3304 super

2312 3348 2483 3399 mare,
2530 3342 2661 3397 etc.,
2706 3348 2868 3403 usque
2910 3333 2980 3386 ad
3005 3340 3057 3386 et
3089 3332 3216 3389 ideo
3242 3340 3448 3388 arescet
3472 3331 3636 3386 herba.

2380 3424 2544 3480 Vens.
2572 3423 2623 3477 7.
2657 3454 2726 3465 -—
2753 3422 2824 3477 Et
2849 3423 3079 3479 visitatio
3104 3439 3308 3479 eorum.
3356 3421 3585 3479 Visitatio
3605 3420 3650 3476 in
3669 3415 3780 3473 malo:

2316 3516 2551 3572 Visitabo
2579 3517 2635 3572 in
2672 3516 2815 3587 virga
2839 3517 3141 3587 iniquitates
3169 3532 3350 3571 eorum
3384 3514 3543 3588 (Psal.
3566 3510 3780 3571 Luxvm);

2306 3608 2547 3665 visitatio
2606 3610 2661 3663 in
2724 3610 2868 3666 bono
2906 3625 2921 3662 :
2991 3606 3234 3663 Visitavit
3288 3624 3381 3662 nos
3436 3606 3588 3661 oriens
3640 3617 3689 3656 ex
3719 3597 3784 3650 alio

2308 3698 2462 3771 (Luc.
2494 3701 2556 3772 ι).

2378 3791 2460 3844 Ad
2508 3799 2787 3846 torrentem
2841 3789 3081 3847 salicum.
3148 3789 3423 3845 Hactenus
3470 3785 3531 3842 de
3559 3779 3781 3855 captivitate

2309 3880 2668 3938 Moabitarum
2720 3895 2818 3953 per
2870 3880 3146 3953 Assyrios,
3207 3881 3366 3937 modo
3407 3878 3468 3935 de
3498 3876 3577 3933 illa
3612 3881 3780 3945 quzpef

2308 3971 2607 4029 Chaldaeos.

2380 4061 2545 4118 Vens.
2580 4063 2634 4119 8.
2665 4091 2738 4105 —
2774 4060 3020 4117 Ululatus
3073 4061 3212 4133 ejus.
3259 4060 3440 4130 Quasi,
3488 4058 3593 4114 ideo
3626 4044 3777 4107 υιυιιδῑι

2308 4154 2485 4220 Moab,
2537 4155 2663 4225 quia
2691 4154 2781 4210 ubi
2828 4154 2985 4210 luxus
3012 4154 3182 4224 prius,
3240 4163 3293 4209 et
3341 4148 3596 4208 delectatio
3628 4146 3774 4214 propter

2311 4247 2517 4316 irrigua
2546 4254 2602 4301 et
2623 4244 2853 4302 fontium
2884 4260 3115 4312 amoena,
3147 4245 3223 4301 ibi
3250 4244 3406 4300 modo
3428 4240 3517 4297 rivi
3537 4229 3751 4304 sanguinis

2385 4336 2545 4392 Vens.
2577 4337 2632 4393 9.
2656 4338 2899 4409 —Aqua
2944 4337 3129 4391 Dibon.
3169 4335 3360 4402 Dibon,
3387 4330 3641 4390 silentium,
3663 4318 3773 4376 ΒὶῙυοη

2308 4426 2475 4496 ﬂens,
2522 4436 2579 4484 et
2612 4436 2793 4484 tamen
2819 4444 2925 4485 una
2947 4436 3032 4484 est
3059 4427 3268 4484 civitas.

2906 4558 3131 4617 CAPUT
3167 4559 3307 4616 XVI.

2387 4692 2554 4749 Vens.
2589 4723 2661 4734 —
2696 4693 2748 4747 l.
2782 4691 2974 4747 Emitte
3023 4670 3237 4762 agnum.
3276 4687 3470 4763 (Ηιει.)
3495 4682 3660 4741 idcirco
3688 4682 3770 4744 ΡΝ·

2316 4785 2492 4857 pheta:
2519 4784 2610 4839 vix
2636 4782 3024 4853 intelliguntur,
3055 4789 3185 4849 etc.,
3215 4776 3455 4852 usquead
3494 4774 3573 4845 qui
3609 4763 3769 4825 domine

2319 4884 2407 4932 tur
2435 4877 2489 4931 in
2516 4883 2630 4933 toto
2656 4876 2808 4931 orbe.

2392 4966 2556 5022 Petra
2581 4967 2785 5022 deserti.
2821 4965 2948 5038 (ln.)
2981 4965 3125 5022 Ruth
3153 4964 3373 5030 scilicet,
3402 4956 3648 5044 quid“?

2320 5066 2535 5129 οεΡίυω
2567 5056 2805 5123 Domini,
2835 5064 2967 5123 θιοο,
2993 5072 3159 5127 usque
3197 5056 3266 5109 ad
3300 5054 3433 5110 sicut
3450 5048 3572 5105 enim

2318 5166 2419 5222 PFO
2466 5159 2698 5221 utroque
2740 5148 2935 5220 populo
2981 5148 3153 5214 venit,
3203 5148 3283 5203 sic
3335 5145 3399 5200 de
3444 5145 3633 5204 utroque
3664 5130 3758 5180 υυα

2322 5241 2509 5297 voluit.

2508 5340 2731 5387 montem
2757 5330 2883 5401 ﬁliae
2924 5330 3077 5388 Sion.
3108 5327 3417 5392 Jerusalem,
3463 5319 3535 5377 vel
3568 5309 3698 5385 potius
3716 5295 3758 5354 ad

2318 5424 2639 5489 Ecclesiam,
2662 5438 2782 5493 qum
2802 5431 2887 5479 est
2912 5423 2966 5478 in
2991 5421 3428 5495 contemplatione
3448 5417 3651 5479 tanquam

2321 5515 2608 5573 culationis
2636 5514 2765 5568 tilia.
2804 5514 2861 5568 In
2896 5494 3424 5584 Jerusalemiquoque
3453 5498 3640 5559 maxime
3667 5494 3755 5584 Pu:

718 5620 864 5675 Onus
895 5616 1071 5672 Moab.
1119 5615 1325 5688 (Ηιειι.)
1367 5616 1463 5670 Est
1510 5615 1850 5673 circumcisio
1903 5618 2135 5674 carnalis
2164 5625 2222 5674 et
2325 5610 2539 5671 dicaVil.
2577 5606 2836 5662 miracula
2875 5606 3020 5672 fecit,
3051 5622 3243 5679 passus
3270 5615 3366 5670 est,
3395 5603 3596 5656 mortuus
3632 5576 3755 5639 esi,“

648 5709 959 5782 spiritualis,
998 5717 1129 5773 etc.,
1164 5723 1326 5779 usque
1350 5707 1419 5761 ad
1444 5706 1581 5763 Loth
1609 5723 1837 5779 quoque,
1871 5708 2103 5766 Sodoma
2123 5725 2221 5781 per

647 5808 826 5864 eunte,
855 5799 1004 5854 venit
1029 5799 1084 5856 in
1110 5797 1299 5867 Segor,
1329 5805 1387 5855 et
1410 5806 1561 5853 ortus
1589 5806 1671 5854 est
1691 5797 1788 5854 sol.

2326 5701 2712 5769 resurrexit,et
2731 5715 2899 5772 genus
2925 5702 3219 5757 humanum
3244 5693 3467 5754 redemit.
3726 5754 3732 5772 ἶ

2396 5795 2559 5851 Vens.
2588 5796 2644 5850 2.
2669 5770 2755 5837 —'
2770 5794 2861 5852 Sic
2881 5804 3054 5851 erunt.
3078 5793 3170 5852 Sic
3194 5793 3247 5851 in
3264 5784 3583 5863 captivitatem
3622 5770 3752 5821 ωηεν
