4028 6332
295 400 426 457 1257

1271 393 1536 452 GLOSSA
1573 390 1965 452 ORDINARIA.
2003 421 2071 430 —-
2108 389 2234 445 LIB.
2275 387 2502 444 lSAIlE.

3386 388 3410 442 1
3420 385 3524 440 258

289 512 421 567 bunt
443 524 540 581 per
575 507 759 565 Arnon
791 525 806 564 :
845 509 939 579 qui
970 515 1054 565 est
1090 508 1355 565 terminus
1398 509 1754 566 Moabitarum
1797 515 1853 564 et
1877 511 1930 572 Α
2023 505 2186 560 Vsus.
2218 503 2306 559 10.
2332 533 2404 546 —
2427 503 2506 558 De
2533 502 2781 558 camelo.
2806 503 3083 559 Carmelus
3102 515 3258 558 mons
3277 510 3359 558 est
3383 503 3524 558 inter

291 599 740 654 Amorrhazorum.

357 690 738 762 (Htsn.)Arnon
755 691 897 762 (quae
911 691 1296 763 interpretatur
1311 691 1650 764 illuminatio)
1663 706 1851 749 eorum

286 780 396 850 qui,
421 779 690 836 derelictis
721 782 1018 848 erroribus,
1046 783 1438 840 transcendunt
1466 784 1533 840 ad
1567 784 1850 840 scientiam

201 941 212 949 δ
284 871 544 928 veritatis.

351 961 516 1018 Vens.
548 963 602 1018 5.
625 993 694 1004 -
715 962 804 1018 Ini
835 964 1132 1020 comitium.
1163 962 1311 1020 Nihil
1341 979 1472 1037 agas
1505 964 1626 1021 sine
1671 963 1853 1021 consi-

281 1054 371 1118 lio,
399 1067 499 1109 nec
523 1053 924 1110 circumferaris
945 1055 1092 1112 omni
1117 1063 1282 1111 vento
1311 1051 1600 1123 doctrinae,
1624 1067 1852 1125 sequere

279 1143 458 1214 magni
484 1143 700 1200 consilii
729 1145 998 1216 angelum.

348 1229 485 1302 Coge
524 1232 821 1288 comitium.
869 1233 948 1290 De
996 1233 1150 1305 vagis
1192 1233 1399 1291 scilicet
1441 1242 1499 1291 et
1543 1234 1852 1292 errantibus

275 1318 580 1379 Ecclesiam
605 1321 872 1379 faciendo.

347 1414 496 1471 Pone
527 1418 678 1488 quasi
709 1426 926 1472 noctem.
952 1416 1380 1474 Tabernaculum
1411 1418 1636 1484 scilicet,
1665 1418 1722 1473 in
1746 1432 1853 1488 quo

273 1507 559 1576 quiescere
623 1516 676 1562 te
739 1509 984 1580 putabas,
1029 1517 1159 1575 etc.,
1219 1526 1382 1580 usque
1429 1510 1498 1564 ad
1541 1517 1602 1563 ut
1645 1508 1854 1578 fugien-

276 1603 382 1650 tem
413 1597 671 1669 pepulum
693 1596 792 1653 Dei
817 1597 958 1667 apud
985 1613 1044 1653 se
1069 1599 1297 1669 recipiat
1321 1608 1378 1654 et
1403 1598 1718 1654 abscondat.

343 1686 514 1741 Vens.
547 1686 693 1742 4.-
722 1686 944 1759 Profugi
980 1689 1103 1742 mei.
1139 1687 1242 1757 Qui
1295 1705 1385 1744 me
1436 1687 1708 1760 fugerunt,
1761 1691 1853 1762 qui

272 1779 340 1833 de
373 1777 620 1834 Ecclesia
661 1779 865 1851 egressi
895 1788 1042 1844 sunt,
1071 1780 1162 1850 qui
1192 1794 1412 1836 sensum
1435 1794 1591 1835 suum
1617 1789 1744 1836 sunt
1769 1797 1856 1836 se-

272 1870 407 1936 cuti,
441 1886 553 1924 non
581 1870 883 1926 doctrinam
917 1868 1149 1940 Spiritus
1174 1871 1368 1926 sancti.

343 1958 565 2014 Finitus
589 1969 666 2015 est
691 1961 831 2015 enim
853 1958 1040 2030 puluis.
1071 1959 1262 2015 Subito
1296 1959 1491 2017 transit
1520 1961 1588 2016 ad
1633 1961 1850 2018 interfe-

269 2052 514 2110 ctionem
545 2051 938 2120 Sennacherib,
962 2053 1055 2123 qui
1078 2053 1258 2122 pulvis
1285 2061 1341 2108 et
1365 2054 1550 2120 miser,
1583 2055 1710 2124 quia
1739 2054 1854 2124 glo-

270 2147 354 2202 ria
369 2146 495 2218 ejus
506 2154 763 2218 tanquam
790 2145 988 2218 pulvis,
1004 2161 1168 2217 quem
1191 2143 1409 2217 projicit
1431 2153 1627 2201 ventus
1655 2161 1686 2200 a
1713 2145 1854 2202 facie

271 2247 459 2304 terrae,
491 2249 546 2294 et
569 2239 951 2296 miserabiliter
977 2241 1044 2296 ab
1073 2241 1178 2296 hac
1199 2239 1321 2296 luce
1339 2240 1616 2312 migravit,
1641 2241 1855 2298 occisus

269 2344 304 2385 a
330 2329 459 2386 ﬁliis
489 2331 602 2386 suis
629 2331 683 2385 in
716 2330 916 2401 templo
939 2331 1034 2388 Dei
1062 2332 1166 2387 sui.

343 2421 520 2477 Vsus.
545 2422 598 2477 5.
629 2453 699 2464 —
726 2422 797 2477 Et
823 2424 1160 2494 prazparabit.
1209 2422 1379 2481 Judaei
1423 2434 1702 2497 exponunt
1752 2427 1858 2483 hoc

236 2585 246 2592 ἢ
271 2513 341 2569 de
368 2513 629 2580 Ezechia,
659 2514 774 2585 qui,
804 2522 926 2586 post
951 2523 1182 2571 mortem
1235 2515 1626 2586 Sennacherib,
1651 2519 1704 2574 in
1725 2532 1860 2590 pace

271 2607 548 2678 regnavit.
598 2605 705 2662 Sed
771 2606 964 2664 melius
1008 2607 1074 2662 ad
1125 2607 1398 2664 Christum
1427 2609 1757 2676 referuntur,
1803 2619 1860 2665 et

271 2698 525 2768 quaedam
559 2697 626 2752 ad
650 2697 909 2768 primum,
938 2697 1181 2768 quaedam
1203 2699 1272 2753 ad
1298 2700 1595 2755 secundum
1616 2698 1861 2755 referun-

273 2798 366 2845 tur
389 2790 702 2845 adventum.

351 2884 524 2938 VEus.
547 2882 602 2936 6.
626 2911 699 2921 -
731 2882 937 2938 Sedebit
976 2901 1131 2954 super
1153 2883 1306 2938 illud.
1333 2881 1631 2949 Quiescens
1647 2891 1705 2939 et
1721 2882 1864 2953 judi-

278 2988 438 3038 cans,
465 2987 626 3043 super
651 2973 814 3028 corda
843 2973 1131 3028 bonorum.

351 3063 666 3117 Audiuimus
695 3064 991 3132 superbiam
1021 3063 1200 3118 Moab.
1226 3062 1372 3118 More
1395 3063 1710 3135 Scriptum,
1735 3064 1862 3136 quia

286 3155 418 3210 laeta
434 3153 798 3222 nuntiaverat,
836 3170 908 3211 ne
948 3153 1280 3226 negligentes
1313 3154 1536 3222 faceret,
1573 3155 1868 3212 commina-

277 3243 435 3300 tione
457 3252 642 3300 terret.

354 3335 431 3390 Et
464 3335 777 3408 indignatio.
810 3336 936 3411 (11).)
960 3336 1161 3394 Contra
1181 3337 1352 3394 Deum
1382 3339 1438 3394 in
1459 3338 1657 3396 cmlum
1681 3339 1864 3412 posuit

277 3441 345 3483 os
376 3441 536 3482 suum
562 3429 840 3498 prophetis
866 3429 1174 3484 detrahens.
1203 3429 1336 3485 Illud
1357 3431 1727 3500 evangelicum
1764 3446 1862 3502 ap-

274 3534 532 3590 ponens:
567 3519 759 3576 Omnes
778 3521 868 3594 qui
888 3531 1132 3576 uenerunt
1158 3525 1226 3576 ad
1255 3531 1305 3578 te
1332 3532 1452 3578 ante
1474 3541 1556 3579 me
1582 3524 1724 3594 fures
1751 3525 1867 3596 fue-

273 3621 409 3667 runt
432 3621 480 3666 et
503 3611 753 3668 latrones.
800 3611 1019 3685 Moysen
1037 3620 1095 3668 et
1117 3611 1288 3668 David
1335 3613 1635 3670 homicidas
1682 3624 1863 3682 vocat,

270 3705 447 3762 Josue
469 3705 894 3775 sanguinarium.

353 3795 523 3850 Vsus.
558 3796 611 3850 7.
638 3825 708 3836 —
730 3794 986 3849 Ululabit.
1014 3793 1167 3850 Alter
1191 3794 1263 3851 ad
1281 3793 1534 3861 alterum,
1555 3808 1745 3850 omnes
1766 3795 1866 3850 sci-

272 3889 415 3944 licet
435 3885 814 3943 haereticorum
835 3897 892 3942 et
901 3886 1344 3958 philosophorum
1371 3885 1712 3943 diversitates
1738 3902 1866 3943 con-

277 3987 370 4036 tra
400 3994 460 4034 se
477 3979 530 4032 in
557 3979 838 4034 tormentis
867 3979 1129 4048 mugient.

357 4070 538 4141 Super
559 4086 759 4124 muros.
785 4068 906 4125 Non
930 4069 1228 4124 aediﬁcatos
1255 4068 1463 4138 quadro
1490 4067 1689 4138 lapide,
1729 4067 1870 4122 sicut

273 4163 551 4232 templum
575 4162 671 4217 Dei
694 4170 840 4228 sunt,
874 4162 930 4216 in
954 4177 1063 4233 quo
1089 4162 1169 4217 sic
1199 4161 1404 4233 lapides
1449 4161 1629 4233 politi,
1658 4169 1718 4216 ut
1767 4174 1869 4216 nec

274 4254 519 4314 malleus
557 4253 771 4309 auditus
798 4254 892 4320 sit,
914 4268 1016 4308 nec
1043 4253 1266 4309 securis.

359 4343 526 4399 Vnus.
556 4345 610 4400 8.
637 4375 707 4385 —
731 4343 1046 4399 Suburbana
1070 4343 1330 4400 Hesebon.
1361 4343 1562 4401 Omnes
1583 4344 1869 4416 cogitatio-

273 4454 387 4496 nes
411 4451 598 4492 eorum
651 4435 816 4508 (quod
849 4436 1118 4508 significat
1159 4436 1430 4507 Hesebon)
1459 4450 1567 4490 non
1594 4435 1869 4505 pertinent

281 4532 359 4586 ad
389 4529 665 4583 civitatem
689 4527 785 4582 Dei
808 4545 824 4592 ;
858 4529 924 4581 de
946 4542 1085 4596 qua:
1110 4525 1376 4580 Fluminis
1396 4526 1615 4595 impetus
1637 4524 1872 4592 laetiﬁcat

1951 596 2264 653 Phoenicem
2293 604 2348 651 et
2383 595 2726 651 Palaestinam
2769 594 3056 650 imminens
3088 593 3440 660 Ptolomaidi,
3470 594 3523 648 in

1952 703 2059 758 quo
2087 684 2230 742 Elias
2271 688 2468 743 oravit.
2502 687 2567 742 Et
2594 687 2811 760 ponitur
2837 702 2978 758 saepe
3001 700 3101 758 pro
3141 686 3381 758 qualibet
3421 688 3524 742 fere

1953 776 2177 844 tilitate;
2215 778 2356 833 unde
2393 787 2448 834 et
2485 778 2575 833 hic
2609 796 2622 831 :
2664 777 2943 848 Auferetur
2965 777 3150 832 lcetitia
3171 787 3217 832 et
3251 778 3527 834 exsultatio

1951 867 2016 922 de
2039 865 2278 922 Carmelo
2301 867 2421 940 (LII
2450 867 2576 939 Reg.
2607 868 2763 937 xvtn)
2785 909 2800 934 ,
2829 868 2884 922 id
2920 875 3023 934 est,
3057 867 3308 925 fertilitas
3339 869 3394 924 in
3422 883 3530 939 qua

1951 956 2279 1014 ltetabantur
2308 957 2574 1015 Moabitae.

2021 1048 2342 1106 Exsultabit.
2359 1050 2494 1118 Quia
2510 1050 2804 1120 spiritualis
2825 1051 3254 1108 circumcisionis
3279 1051 3524 1108 notitiam

1951 1155 2012 1198 se
2045 1140 2248 1197 habere
2263 1139 2476 1210 jactant
2501 1141 2762 1197 haeretici.

2036 1230 2241 1287 Vocem.
2272 1230 2350 1287 Ne
2375 1233 2624 1288 draconis
2649 1247 2857 1289 venena
2894 1234 3019 1290 inde
3046 1235 3442 1307 exprimantur,
3477 1243 3531 1291 et

1951 1321 2200 1379 bibentes
2227 1324 2644 1383 interﬁciantur.

2095 1415 2258 1472 Vnus.
2289 1417 2377 1472 11.
2407 1448 2477 1458 -
2512 1418 2705 1475 Venter
2726 1437 2892 1476 meus.
2923 1420 3193 1491 Propheta
3227 1459 3244 1488 ,
3288 1421 3378 1492 qui
3412 1417 3533 1477 tan-

1953 1521 2116 1578 quam
2136 1509 2346 1564 cithara
2365 1550 2381 1576 ,
2404 1511 2610 1566 musica
2629 1521 2756 1567 arte
2781 1512 3126 1582 compositus,
3165 1520 3222 1567 et
3249 1512 3315 1566 de
3339 1512 3431 1566 Dei
3465 1514 3534 1567 ti-

1953 1613 2105 1655 more
2131 1600 2440 1670 concipiens
2460 1642 2476 1668 ,
2508 1603 2707 1659 multos
2748 1602 2947 1660 liberos
2982 1610 3228 1674 generat,
3270 1611 3331 1657 ut
3357 1603 3536 1658 onmis

1954 1689 2156 1746 chorda
2178 1705 2370 1746 sonum
2395 1707 2551 1748 suum
2577 1695 2782 1750 reddat.

2030 1779 2098 1834 Et
2124 1781 2343 1836 uiscera.
2390 1781 2545 1839 Sicut
2584 1784 2794 1839 cithara
2823 1801 3012 1840 sonum
3045 1787 3402 1857 compositum
3427 1802 3533 1841 non

1884 1874 1933 1936 Β
1959 1869 2193 1938 emittit,
2218 1879 2350 1938 etc.,
2391 1889 2556 1944 usque
2592 1873 2662 1929 ad
2697 1881 2754 1931 et
2787 1872 3044 1940 Iacobus,
3086 1875 3174 1931 cui
3213 1891 3319 1930 una
3363 1876 3537 1942 deest,

1954 1962 2150 2018 desunt
2176 1977 2388 2020 omnes.

2025 2054 2188 2110 Vens.
2229 2055 2316 2110 12.
2353 2085 2424 2098 --
2477 2056 2678 2113 Sancta
2728 2075 2845 2114 sua.
2890 2059 2972 2114 Ad
3012 2068 3280 2126 sanctam,
3329 2060 3539 2116 scilicet

1953 2147 2228 2216 Ecclesiae,
2257 2165 2378 2220 quae
2407 2151 2690 2208 conabitur
2710 2167 2806 2208 sua
2828 2151 3029 2220 facere,
3057 2169 3162 2209 non
3183 2155 3536 2226 praevalebit:

1955 2256 2066 2297 non
2095 2241 2242 2297 enim
2267 2243 2450 2298 statim
2478 2243 2716 2314 perfecte
2735 2245 2991 2301 virtutem
3021 2245 3284 2314 capimus.

2031 2333 2157 2389 Non
2183 2334 2390 2390 ualebit.
2419 2335 2478 2391 In
2497 2337 2578 2392 eis
2598 2337 2806 2394 scilicet
2825 2353 2931 2394 non
2958 2338 3236 2393 invenient
3253 2338 3537 2406 auxilium,

1957 2426 2014 2480 in
2041 2427 2237 2497 quibus
2265 2427 2540 2499 sperabat,
2578 2442 2634 2488 et
2660 2431 2742 2487 sic
2778 2430 3066 2502 apparuit,
3107 2431 3235 2502 quia
3263 2431 3540 2488 incassum

1958 2517 2189 2574 colebat.

2030 2609 2192 2666 Vsus.
2221 2611 2309 2667 15.
2338 2640 2408 2652 -
2429 2609 2548 2667 Hoc
2571 2612 2802 2668 verbum.
2835 2611 2895 2668 In
2923 2613 3217 2684 protumio,
3258 2623 3364 2670 etc.
3390 2653 3406 2680 ,
3459 2630 3543 2668 us-

1958 2715 2059 2770 que
2087 2700 2176 2754 αα.
2209 2700 2364 2767 Quod
2387 2703 2532 2757 enim
2558 2703 2655 2760 tibi
2679 2713 2936 2775 coeperat,
2970 2704 3060 2760 hic
3082 2712 3166 2760 est
3191 2704 3538 2774 completum.

2031 2788 2199 2847 Vitas.
2227 2791 2317 2847 14.
2341 2823 2412 2834 -
2440 2792 2510 2849 In
2537 2795 2704 2850 tribus
2730 2796 2885 2850 annis
2911 2811 2931 2850 :
2965 2794 3121 2865 quasi
3147 2795 3352 2852 diceret
3378 2814 3392 2850 :
3421 2794 3542 2851 Sic-

1961 2888 2023 2934 ut
2049 2881 2207 2950 pauci
2239 2883 2440 2938 racemi
2473 2895 2792 2952 remanent,
2837 2893 2966 2953 etc.,
3016 2902 3180 2958 usque
3207 2887 3278 2941 ad
3311 2887 3407 2943 sed
3450 2903 3540 2942 re-

1961 2966 2091 3023 licto
2130 2985 2316 3026 errore
2350 2987 2664 3040 conversus,
2706 2975 2883 3031 tribus
2912 2976 3070 3031 annis
3097 2984 3306 3032 tantum
3342 2993 3544 3049 parvus

1961 3068 2020 3114 et
2045 3061 2287 3117 modicus
2315 3071 2372 3118 et
2396 3063 2659 3134 inglorius
2682 3064 3022 3136 relinquitur.

2037 3151 2351 3208 Mercenari.
2393 3154 2517 3227 (11).)
2548 3155 2708 3212 Falsa
2733 3155 2980 3213 doctrina
3005 3159 3186 3214 omnia
3216 3159 3354 3214 lucri
3377 3174 3542 3216 causa

1897 3247 1942 3312 C
1972 3241 2124 3310 facit,
2148 3252 2280 3313 etc.,
2310 3261 2474 3312 usque
2501 3247 2572 3300 ad
2595 3247 2767 3303 levius
2793 3255 3079 3318 peccatum
3101 3257 3188 3305 est
3207 3259 3393 3321 aperte
3419 3265 3546 3322 pec-

1969 3350 2094 3394 care
2121 3351 2285 3407 quam
2309 3337 2652 3395 sanctitatem
2681 3339 2954 3395 simulare.

2541 3469 2770 3529 CAPUT
2805 3469 2966 3527 XVII.

2039 3601 2204 3659 Ἴης.
2233 3603 2288 3658 1.
2314 3632 2386 3651 —-
2407 3601 2558 3660 Onus
2589 3604 2857 3660 Damasci.
2886 3602 3023 3659 Ecce
3062 3605 3376 3660 Damascus.
3423 3605 3548 3677 (11).)

1969 3694 2266 3751 Damascus
2293 3696 2610 3767 metropolis
2635 3696 2829 3769 Syriae,
2847 3705 2977 3762 etc.,
3004 3713 3166 3768 usque
3204 3698 3274 3752 ad
3305 3700 3400 3754 sed
3422 3699 3550 3769 quia

1969 3802 2076 3842 non
2112 3797 2340 3858 egerunt
2357 3789 2733 3858 paenitentiam
2758 3789 3015 3859 captivati
3043 3797 3188 3845 sunt.

2041 3875 2206 3932 Vens.
2237 3877 2292 3933 2.
2331 3909 2404 3920 —
2429 3878 2594 3935 Aroer
2619 3880 2878 3952 gregibus.
2917 3880 3140 3960 Myrica,
3172 3895 3292 3952 quae
3328 3890 3414 3938 est
3457 3897 3549 3938 ar-

1969 3969 2071 4024 bor
2095 3968 2450 4035 infructuosa,
2475 3986 2706 4027 nascens
2727 3971 2780 4025 in
2805 3972 3055 4038 desertis,
3084 3982 3141 4028 et
3163 3974 3373 4031 saxosis
3395 3973 3550 4042 locis,

1970 4063 2128 4134 quasi
2159 4062 2366 4118 diceret
2395 4079 2409 4115 :
2442 4060 2644 4120 Omnes
2685 4061 2807 4134 Syri
2845 4061 3165 4118 infructuosi
3192 4073 3352 4118 erunt
3382 4073 3438 4119 et
3463 4066 3556 4120 de-

1971 4154 2148 4212 solati.
2173 4153 2302 4208 'Alii
2343 4153 2533 4209 dicunt
2554 4169 2624 4208 ex
2660 4153 2765 4208 hac
2803 4153 2997 4208 arbore
3039 4152 3301 4210 maleficis
3343 4157 3556 4212 artibus

1971 4249 2096 4304 odia
2119 4246 2402 4322 concitari.

2043 4337 2209 4390 Vens.
2241 4335 2295 4388 5.
2321 4365 2393 4375 -
2416 4333 2487 4389 Et
2521 4350 2758 4406 regnum.
2799 4333 2872 4392 Ut
2897 4343 3188 4406 peccatum
3219 4351 3330 4393 non
3362 4349 3555 4408 regnet

1972 4431 2026 4484 in
2059 4445 2145 4495 ea,
2172 4443 2292 4499 quae
2319 4428 2471 4498 prius
2500 4427 2817 4499 sanguinem
2845 4427 3124 4499 diligebat.

2044 4519 2300 4590 Reliquiae
2349 4518 2542 4590 Syriae.
2592 4519 2826 4586 Ironice,
2874 4535 2974 4589 pro
3015 4520 3349 4591 ignominia,
3401 4532 3505 4577 etc.
3539 4563 3554 4587 ,

273 4619 550 4676 ciuitatem
576 4616 673 4670 Dei
704 4615 876 4684 (Psal.
922 4618 1046 4685 ην)
1077 4631 1091 4681 ;
1130 4615 1224 4670 sed
1269 4615 1580 4680 suburbana
1621 4623 1768 4682 sunt,
1809 4623 1870 4670 ut
1893 4605 1947 4666 Ι)
1970 4629 2132 4684 usque
2157 4613 2226 4666 ad
2259 4612 2418 4667 ambo
2441 4625 2572 4682 ergo
2597 4611 2853 4682 captivati
2877 4611 3254 4681 ignominiose.

276 4711 357 4768 ad
389 4709 581 4764 urbem
611 4707 826 4762 Domini
855 4707 1132 4778 pertinere
1165 4707 1480 4761 credantur.

362 4803 624 4860 Sabama.
650 4800 914 4857 Attollens
934 4801 1297 4867 altitudinem,
1323 4809 1453 4868 etc.,
1484 4818 1646 4873 usque
1675 4803 1742 4856 ad
1767 4801 1872 4858 Do-

279 4893 430 4952 mini
451 4907 581 4963 ergo
604 4893 844 4964 gentium
869 4893 1096 4964 apostoli
1136 4900 1193 4948 et
1234 4893 1513 4964 apostolici
1552 4895 1656 4949 viri
1699 4894 1871 4950 vineae

276 4984 531 5044 Sabama
554 4983 871 5040 exciderunt
903 4983 1129 5056 ﬂagella.

363 5075 716 5132 Errauerunt.
746 5075 1064 5132 Lustrantes
1097 5075 1406 5133 universam
1432 5084 1635 5133 terram
1658 5075 1835 5133 Moab.

367 5167 440 5221 In
463 5167 684 5222 deserto.
718 5166 790 5225 Ut
826 5166 1044 5223 tandem
1072 5183 1208 5238 quos
1230 5167 1620 5235 interﬁcerent,
1647 5182 1756 5223 non
1779 5168 1876 5223 ba-

283 5263 508 5317 herent.

365 5351 712 5426 Propagines.
754 5354 1127 5426 Metaphoram
1162 5355 1335 5412 vinea:
1363 5355 1732 5428 prosequitur.

366 5441 708 5500 Transierunt
743 5441 905 5502 mare.
935 5446 1059 5520 (11).)
1094 5447 1165 5504 Ut
1196 5447 1462 5502 mirabilia
1487 5447 1696 5504 Domini
1725 5446 1873 5502 vide-

279 5541 422 5590 rent
447 5533 503 5588 in
531 5533 798 5604 profundo
827 5537 1180 5592 tentationum
1217 5536 1431 5593 liberati
1453 5553 1521 5592 ex
1539 5537 1637 5593 eis.

366 5621 533 5680 Vens.
560 5625 615 5681 9.
637 5657 709 5668 —
747 5625 1002 5682 Vineam:
1036 5627 1206 5684 Vinea
1231 5627 1408 5697 Moab,
1441 5645 1508 5686 ex
1540 5629 1736 5686 vicinia
1767 5628 1869 5684 loci

279 5715 422 5776 talis
449 5727 551 5785 est,
577 5720 753 5792 qualis
780 5719 1033 5777 Sodoma.

366 5809 617 5869 Sabama.
656 5813 756 5881 Qui
795 5806 860 5869 sed
891 5814 1103 5870 extollit
1149 5827 1338 5873 contra
1379 5817 1699 5874 sententiam
1750 5817 1864 5872 Dei.

692 5905 962 5971 Ps'rnOL.
1009 5910 1232 5975 CXIII.

2046 4705 2208 4760 Vens.
2233 4703 2289 4758 4.
2317 4733 2386 4743 —
2404 4702 2474 4757 Et
2494 4702 2590 4757 erit
2613 4703 2669 4755 in
2697 4701 2783 4755 die
2803 4700 2918 4756 illa.
2947 4701 3072 4773 (11).)
3103 4702 3238 4758 Cum
3265 4703 3423 4776 Syria
3457 4719 3558 4759 va-

1971 4806 2113 4853 stata
2141 4796 2306 4852 fuerit
2331 4797 2400 4852 ab
2424 4795 2808 4866 Assyriis,etc.
2828 4833 2844 4860 ,
2871 4811 3034 4866 usque
3059 4796 3129 4850 ad
3171 4797 3264 4851 alii
3288 4797 3344 4852 in
3391 4797 3553 4870 Cyre-

1973 4906 2096 4947 nem
2124 4889 2390 4954 translati,
2416 4904 2536 4960 quae
2564 4896 2648 4944 est
2680 4888 2831 4959 regio
2856 4889 2996 4944 ultra
3024 4887 3337 4963 Egyptum.

1952 5015 1969 5030 ο
2044 4983 2392 5038 Emarcescet.
2433 4981 2557 5054 (11).)
2605 4981 2723 5036 Non
2780 4983 3055 5039 habebunt
3088 4982 3399 5052 prophetas,
3453 4997 3556 5039 nec

1975 5075 2147 5146 signa,
2170 5087 2271 5129 nec
2316 5075 2572 5139 virtutes,
2601 5089 2702 5131 nec
2730 5089 2978 5146 regnum,
3012 5087 3114 5130 nec
3153 5074 3551 5141 sacerdotium;

1973 5168 2066 5222 sed
2101 5181 2262 5222 omne
2289 5181 2484 5236 corpus
2509 5168 2684 5239 gentis
2712 5175 3032 5226 marcescet.

2048 5259 2212 5314 Vnus.
2237 5259 2291 5314 5.
2323 5289 2391 5299 —
2413 5257 2484 5314 In
2510 5276 2694 5315 messe.
2716 5260 2793 5314 De
2819 5257 3069 5329 gentibus
3094 5257 3291 5314 dicitur
3321 5276 3334 5312 :
3366 5258 3557 5313 Messis

1973 5352 2182 5424 quidem
2200 5349 2369 5406 multa
2394 5352 2642 5422 aperarii,
2663 5359 2837 5404 autem
2881 5349 3036 5419 pauci
3085 5348 3303 5420 (Matth.
3335 5349 3434 5420 ix).
3472 5349 3554 5402 Illi

1978 5457 2110 5499 vero
2147 5455 2436 5512 pauperes,
2463 5441 2658 5497 messis
2697 5439 2957 5509 reliquias
2981 5453 3102 5508 quae
3149 5453 3248 5508 per
3286 5439 3560 5510 apostolos

1979 5533 2200 5589 salvatat
2232 5541 2374 5598 sunt,
2404 5541 2460 5589 et
2509 5531 2816 5587 rarissimas
2870 5531 3046 5601 spicas
3097 5529 3302 5602 legunt.
3347 5527 3458 5586 Nec
3505 5531 3561 5585 in

1977 5624 2385 5689 montibus,sed
2417 5625 2470 5679 in
2497 5622 2635 5678 valle
2655 5622 3010 5692 Raphaim,id
3034 5630 3139 5689 est,
3152 5623 3206 5676 in
3236 5621 3560 5686 humilitate,

1977 5718 2171 5773 litterae
2188 5717 2433 5773 veritate.
2452 5715 2718 5786 Raphaim
2739 5715 2884 5770 enim
2900 5715 3143 5786 gigantes
3166 5720 3343 5769 sonat.

2048 5813 2213 5869 Vens.
2233 5811 2286 5867 6.
2309 5839 2378 5854 κ-
2408 5810 2554 5864 Sicut
2583 5811 2841 5866 ercussio.
2874 5811 2997 5884 (11).)
3046 5809 3313 5864 Percussa
3362 5805 3558 5878 populo

3082 5901 3160 5964 110
