4028 6332
263 369 398 426 £261

1275 365 1542 424 GLOSSA
1580 361 1974 421 0RDlNARlA.
2014 393 2085 406 —
2117 362 2248 418 LIB.
2281 361 2504 418 ιδΑιΑῑ.

3369 365 3508 422 1262

257 481 442 538 Ionica
486 479 570 536 vel
615 479 858 536 Romana
878 519 893 546 ,
961 480 1141 535 omnia
1190 493 1470 552 magorum
1522 476 1835 534 defecerunt
1860 483 1912 544 Α
1939 475 2074 541 hmc,
2109 485 2238 542 etc.,
2267 491 2429 547 usque
2453 476 2522 530 ad
2548 479 2817 547 expugnat
2841 477 2935 534 eos
2963 477 3054 549 qui
3077 482 3317 538 serviunt
3343 499 3506 555 gene-

261 573 515 630 consilia.

331 666 608 735 Principes
626 665 878 721 Titaneos.
899 667 1104 739 (Ηιειι.)
1121 667 1348 724 Humilis
1359 667 1594 722 mandati
1612 683 1626 732 ;
1650 675 1840 721 omnes

255 758 405 814 enim
437 758 681 813 haeretici
707 760 1044 832 contrariam
1066 760 1334 815 altitudini
1357 760 1713 815 humilitatem
1743 759 1837 813 do-

254 856 406 913 cent,
449 856 505 903 et
557 849 624 903 ad
676 847 879 905 inferos
924 851 1324 916 detrahunt,-et-
1347 851 1566 907 humilis
1595 849 1836 906 mandati

251 949 310 994 et
336 940 540 1009 dejecti
570 948 694 994 sunt
723 942 1017 1012 principes.

323 1029 506 1084 Filias
546 1031 875 1104 sapientium.
909 1033 1034 1088 Haec
1062 1034 1277 1090 dicebat
1302 1033 1672 1104 unusquisque
1701 1031 1836 1086 Pha-

248 1119 430 1184 raoni,
459 1128 588 1185 etc.,
615 1137 776 1192 usque
807 1123 876 1175 ad
906 1130 964 1177 et
999 1124 1128 1179 deos
1164 1139 1384 1194 magnos
1427 1131 1678 1179 auctores
1724 1133 1836 1178 suae

244 1208 428 1280 gentis
463 1208 630 1265 fuisse
658 1209 869 1278 jactant
903 1212 1048 1278 lsim,
1080 1221 1136 1269 et
1159 1213 1378 1278 Osirim,
1411 1221 1466 1270 et
1495 1213 1830 1284 Typhonem.

319 1299 524 1370 Regum
546 1303 903 1372 antiquorum.
928 1303 1091 1370 Quasi
1115 1305 1258 1359 dicat
1286 1321 1299 1357 :
1323 1305 1507 1360 Habeo
1551 1304 1831 1360 scientiam

244 1388 666 1460 Scripturarum
688 1407 810 1447 cum
841 1393 1100 1464 sapientia
1130 1395 1396 1450 saeculari.

319 1481 487 1536 Vens.
521 1482 607 1537 M.
640 1512 711 1524 —
733 1481 925 1536 Ebrius
957 1494 1004 1537 et
1032 1499 1260 1539 vomens.
1286 1484 1410 1556 (ln.)
1457 1483 1664 1538 Furore
1710 1484 1832 1538 dra-

241 1588 466 1637 conum,
497 1583 556 1629 ut
577 1577 790 1631 tandem
822 1585 942 1645 post
962 1577 1226 1632 vomitum
1253 1576 1553 1647 intelligant
1595 1575 1832 1630 ebrieta-

239 1676 351 1721 tem
385 1683 564 1722 suam.
589 1668 840 1735 Quandiu
861 1669 1006 1725 enim
1037 1669 1173 1725 ebrii
1215 1669 1446 1736 fuerint,
1485 1685 1585 1724 nec
1626 1668 1829 1740 prineiu

142 1792 144 1794 τ
236 1759 391 1830 pium
424 1761 726 1828 habebunt,
752 1779 853 1818 nec
877 1763 1059 1818 linem.

1936 570 2133 624 rationi
2165 579 2222 623 et
2252 570 2480 624 libidini.

2008 660 2075 715 In
2109 677 2266 714 anno.
2295 661 2518 723 Aestus,
2544 661 2675 715 urbs
2696 659 3106 716 Palaestinorum
3125 665 3504 731 potentissima

1937 749 2004 804 de
2033 751 2289 820 quinque,
2317 759 2448 816 eteo,
2476 765 2639 822 usque
2662 751 2731 804 ad
2753 766 2875 820 quae
2902 767 3001 824 per
3023 768 3150 809 eum
3177 753 3501 825 loquebatur

1935 843 2214 900 Dominus.
2283 899 2288 904 ,
2904 897 2918 906 .

2006 933 2138 990 Cum
2187 937 2427 991 misisset.
2475 936 2712 992 Pulchre
2749 953 2845 993 rex
2884 940 3228 1005 Assyriorum
3274 941 3504 1014 Sargon,

1935 1019 1990 1082 id
2039 1036 2123 1081 est
2150 1023 2403 1098 princeps
2452 1029 2754 1096 hortorum,
2807 1031 3026 1094 dicitur,
3059 1033 3146 1087 cui
3190 1034 3380 1090 similis
3425 1045 3510 1091 est

1933 1117 2158 1174 Achab:
2198 1119 2299 1185 Qui
2330 1119 2546 1174 vineam
2575 1119 2788 1175 Naboth
2828 1120 2883 1175 in
2913 1123 3130 1177 hortum
3155 1134 3370 1180 vertere
3403 1140 3502 1180 cu-

1932 1211 2148 1280 piebat;
2203 1213 2346 1282 quod
2408 1213 2496 1268 ille
2539 1213 2879 1285 trepologice
2927 1215 3231 1288 intelligens
3258 1258 3273 1283 ,
3317 1217 3511 1272 maluit

1933 1306 2072 1360 mori
2091 1319 2264 1375 ‘quam
2295 1305 2494 1371 facere;
2518 1321 2590 1361 ne
2613 1316 2838 1376 paterna
2879 1308 3168 1364 hareditas
3209 1318 3266 1364 et
3293 1323 3508 1380 posses-

1933 1401 2016 1457 sio
2045 1402 2264 1472 antiqua
2290 1403 2346 1456 in
2369 1403 2514 1473 regis
2535 1402 2683 1471 impii
2709 1409 3010 1456 mutaretur
3041 1403 3284 1458 delicias.

2005 1497 2169 1551 Vsus.
2211 1495 2266 1550 2.
2297 1525 2368 1536 —-
2401 1494 2546 1549 Vade
2589 1505 2638 1550 et
2664 1495 2821 1550 solve.
2869 1495 3190 1566 Praecipitur
3234 1497 3510 1568 propheta:

1932 1597 1992 1642 ut
2037 1603 2196 1645 sacco
2227 1588 2717 1659 calceamentisque
2765 1589 3046 1659 depositis,
3078 1595 3209 1656 etc.,
3240 1605 3403 1661 usque
3441 1591 3511 1644 ad

1932 1673 2066 1732 nihil
2097 1679 2240 1732 enim
2267 1679 2539 1732 occultum
2561 1679 2706 1747 quod
2749 1693 2858 1734 non
2885 1677 3173 1735 reveletur.

2009 1767 2074 1821 Et
2099 1768 2218 1837 fecit
2250 1770 2343 1823 sic.
2377 1768 2513 1823 Mira
2536 1769 2864 1833 obedientia,
2899 1771 3014 1824 solo
3041 1771 3218 1826 cilicio
3251 1771 3508 1827 indueba-

312 1853 486 1908 Veas.
517 1854 604 1909 15.
637 1885 705 1895 —-
728 1854 1107 1924 Refrenantem.
1136 1855 1366 1924 (HAYIIO.
1395 1855 1451 1909 in
1475 1854 1604 1926 lsa.)
1626 1855 1730 1909 Pro
1768 1869 1834 1910 eo
1861 1853 1910 1914 B
1937 1868 2026 1914 tur
2049 1861 2132 1914 vir
2152 1853 2538 1925 nobilissimus,
2564 1869 2624 1916 ut
2652 1861 2863 1917 Hebraei
2886 1862 3123 1916 tradunt.
3157 1861 3322 1935 Cujus
3343 1863 3508 1920 ﬁliam

236 1943 386 2011 quod
419 1943 785 2016 Hieronymus
811 1945 993 2000 debuit
1033 1944 1350 2011 transferre,
1383 1951 1514 2012 etc.,
1559 1952 1720 2016 usque
1761 1944 1830 1999 ad

237 2033 330 2088 alii
356 2051 471 2103 pra:
495 2036 714 2091 lascivia
751 2037 882 2106 quid
912 2036 1134 2102 faciant,
1170 2037 1438 2091 nesciunt.

312 2126 485 2183 Vens.
526 2128 612 2182 16.
642 2128 994 2183 “Mulieres.
1027 2128 1171 2196 Quas
1198 2135 1344 2182 amat
1373 2127 1661 2199 IEgypIus,
1695 2125 1830 2197 quas

236 2215 385 2271 solas
411 2217 529 2271 vult
554 2203 766 2273 Pharao
787 2218 990 2282 vivere,
1018 2219 1224 2274 neeatis
1259 2219 1411 2274 viris.
1445 2215 1699 2273 Diabolus
1721 2218 1830 2270 vir-

237 2316 385 2363 tutes
411 2309 693 2375 interficit,
715 2309 842 2364 vitia
873 2319 1174 2366 conservat.

319 2401 489 2457 Vens.
511 2402 600 2456 17.
629 2423 701 2443 —-
731 2401 894 2458 Terra
916 2400 1062 2457 Iuda
1086 2403 1340 2474 ngypto.
1385 2401 1620 2456 Scientia
1678 2400 1827 2455 Seri-

238 2505 528 2569 pturarum
549 2499 658 2564 lex,
678 2508 734 2555 et
760 2499 1064 2570 prophetae;
1095 2496 1385 2569 Evangelia
1413 2504 1574 2552 erunt
1593 2495 1828 2567 Egypto

240 2589 297 2643 in
332 2590 684 2646 festivitatem
720 2607 844 2646 cum
872 2603 930 2646 se
958 2591 1291 2662 cognoverit,
1338 2590 1424 2644 vel
1470 2589 1525 2644 lit
1577 2591 1827 2644 timorem

243 2699 367 2738 cum
393 2701 454 2740 se
479 2686 760 2740 mendacia
789 2685 1038 2740 habuisse
1062 2683 1408 2739 intellexerit.

317 2776 384 2830 In
420 2793 684 2848 pararem.
709 2777 814 2832 Alii
853 2777 908 2832 in
955 2775 1325 2842 festivitatem,
1365 2783 1495 2842 etc.,
1544 2783 1710 2846 usque
1759 2774 1828 2828 ad

241 2869 616 2937 promittendo
643 2869 899 2923 auxilium
920 2870 1020 2924 eis.

318 2960 488 3015 Vens.
528 2960 611 3016 18.
637 2991 710 3000 -
737 2959 977 3031 Quinque
1014 2961 1266 3014 civitates.
1313 2959 1542 3026 Quidam
1591 2959 1828 3028 Quinque

244 3049 421 3107 libros
449 3050 616 3122 Moysi
646 3050 968 3122 intelligunt,
997 3059 1128 3117 etc.,
1157 3065 1317 3120 usque
1337 3049 1408 3104 ad
1431 3049 1555 3119 quia
1587 3049 1654 3103 de
1683 3049 1828 3102 vitiis

247 3145 316 3200 ad
354 3147 585 3201 virtutes
613 3153 1035 3201 commutantur.

322 3236 526 3308 Lingua
547 3236 870 3314 Chananwg.
900 3235 1170 3304 Quatritur
1193 3249 1290 3291 cur
1332 3249 1436 3288 non
1483 3233 1667 3305 lingua
1715 3227 1826 3288 Hc-
1853 3215 1898 3278 Ο

249 3326 566 3396 braea,etc.,
593 3345 756 3401 usque
809 3327 876 3382 ad
920 3337 974 3384 et
1021 3329 1111 3398 qui
1163 3335 1310 3383 tactu
1361 3327 1639 3381 immundo
1682 3317 1826 3381 dele-

246 3429 372 3476 ctan
381 3431 486 3477 ων.

317 3515 486 3570 Vens.
529 3513 615 3570 19.
643 3544 716 3556 -
735 3511 803 3569 In
831 3513 914 3568 die
937 3512 1053 3567 illa.
1089 3511 1212 3584 (ιο.)
1245 3511 1362 3568 Hoc
1388 3527 1493 3566 non
1521 3511 1829 3582 intelligens

244 3606 415 3664 Onias
446 3606 718 3673 sacerdos,
747 3616 876 3671 etc.,
904 3623 1066 3678 usque
1111 3605 1179 3660 ad
1223 3614 1278 3661 et
1311 3611 1404 3661 eus
1451 3605 1621 3675 usque
1668 3605 1828 3660 hodie

246 3699 488 3773 linguam
514 3700 788 3771 propriam
810 3701 1064 3756 tenuisse.

325 3794 396 3849 Et
423 3794 628 3849 titulus.
667 3791 876 3848 Titulus
909 3789 1120 3847 Domini
1146 3789 1455 3860 evangelica
1501 3787 1746 3845 doctrina
1773 3797 1827 3844 et

245 3887 566 3957 apostolica,
595 3901 714 3956 quae
741 3891 1015 3954 estusque
1045 3882 1112 3937 ad
1141 3883 1402 3937 terminos
1433 3890 1614 3947 terrae,
1642 3869 1784 3937 unde
1809 3900 1822 3936 :

249 3979 318 4035 In
361 3997 566 4036 omnem
612 3989 807 4057 terram
848 3977 1005 4032 exivit
1033 3993 1190 4030 sonus
1215 3991 1394 4028 eorum
1443 3972 1614 4041 (Psal.
1645 3973 1822 4044 xvm).

244 4071 346 4128 Vel
367 4071 726 4142 titulusjuxta
750 4069 1040 4124 terminum
1069 4067 1215 4134 fidei,
1239 4066 1485 4136 operatio
1516 4065 1676 4130 bona,
1705 4059 1825 4134 qlia:

247 4175 509 4235 quantum
545 4173 600 4219 et
629 4162 762 4218 ﬁdes
787 4161 1003 4217 extendi
1038 4161 1214 4227 debet,
1245 4159 1332 4215 vel
1359 4157 1592 4214 imitatio
1617 4159 1825 4228 passio-

247 4259 335 4314 nis
370 4256 594 4314 Christi.

319 4353 483 4407 Vnas.
525 4351 617 4404 20.
658 4380 729 4391 -
767 4347 1080 4402 Clamabunt
1124 4343 1282 4402 enim.
1331 4347 1464 4403 Cum
1507 4345 1821 4417 evangelica

245 4443 490 4498 doctrina
532 4441 786 4505 creverit,
814 4446 866 4493 et
907 4438 1211 4509 persecutio
1250 4437 1536 4506 ingruerit,
1561 4429 1690 4490 tu'nc
1730 4435 1822 4502 qui

241 4532 598 4593 crediderint,
631 4529 941 4583 clamabunt
972 4529 1036 4580 ad
1072 4529 1237 4580 Deum
1272 4536 1500 4595 patrem.

1933 1951 2048 2007 Rex
2099 1951 2372 2008 Manasses
2413 1955 2621 2024 accepit
2659 1954 2716 2008 in
2767 1954 3074 2025 coniugium
3100 1997 3114 2021 ,
3143 1967 3251 2010 non
3299 1956 3515 2012 erubuit

1932 2043 2108 2098 nudus
2135 2044 2407 2112 incedere;
2435 2045 2572 2100 nihil
2600 2046 2883 2101 honestius
2916 2044 3169 2114 judicans
3199 2061 3360 2117 quam
3408 2047 3512 2103 Do-

1931 2135 2080 2189 mino
2103 2135 2344 2190 obedire.

2001 2223 2164 2279 Vens.
2208 2225 2261 2279 5.
2289 2256 2361 2265 -
2387 2227 2771 2283 Discalceatus.
2816 2227 2962 2301 (ιθ.)
3011 2229 3317 2285 Notandum
3368 2234 3514 2301 quod
3561 2213 3564 2216 l

1932 2323 2224 2387 ant-equam
2270 2317 2517 2388 capiathr
2554 2321 2778 2381 Motus,
2810 2321 2942 2386 etc.,
2967 2327 3132 2392 usque
3153 2321 3222 2377 ad
3251 2322 3324 2376 ad
3350 2335 3511 2393 quam

1931 2407 2174 2476 festinat,
2207 2409 2292 2464 vel
2315 2419 2484 2476 stare,
2517 2411 2602 2466 vel
2629 2412 2926 2467 ambulare.

2007 2501 2162 2557 Vens.
2205 2503 2259 2556 Δ.
2287 2533 2358 2544 --—
2385 2503 2467 2556 Ad
2495 2503 2853 2573 ignominiam.
2889 2503 3026 2570 Quia
3068 2505 3269 2576 pﬂcha
3296 2505 3510 2560 Domini

1933 2596 2216 2650 comedere
2243 2609 2350 2650 non
2379 2601 2651 2664 poterant,
2675 2597 2817 2665 quod
2845 2595 3078 2650 comedit
3103 2594 3302 2650 lumbis
3329 2597 3511 2652 accin-

1930 2697 2070 2752 ctus,
2112 2689 2361 2744 baculum
2395 2691 2586 2745 tenens
2617 2689 2801 2755 manu,
2835 2687 3092 2744 calceatis
3141 2690 3389 2758 pedibus,
3416 2703 3507 2756 ne,

1928 2797 2028 2856 per
2047 2767 2207 2852 hujus
2228 2783 2410 2840 saeculi
2434 2781 2778 2840 Solitudinem
2804 2781 3092 2847 transiens,
3116 2791 3147 2836 a
3171 2783 3512 2852 serpentibus

1931 2875 2260 2931 mordeatur.

2001 2967 2165 3020 Vens.
2193 2969 2247 3021 6.
2277 2997 2347 3008 —
2377 2967 2626 3021 Hceccine
2655 2976 2788 3020 erat.
2822 2967 3153 3022 Admiranda
3175 2965 3290 3022 'D’e'i
3323 2967 3508 3039 provi-

1932 3059 2136 3123 dentia,
2173 3065 2305 3125 etc.,
2330 3063 2492 3130 usqu‘e
2523 3058 2592 3112 ad
2634 3059 2691 3112 in
2732 3057 2841 3113 fine
2881 3045 3094 3115 et'tdto
3140 3049 3363 3131 peribit,
3389 3061 3510 3116 eam

1933 3147 2160 3220 regnum‘
2191 3138 2397 3205 Cli'risti
2429 3147 2688 3205 illuxerit.

2507 3281 2738 3340 CAPUT
2773 3281 2918 3340 XXI.

2004 3415 2165 3473 Vens.
2199 3417 2251 3472 Ι.
2281 3417 2351 3459 -"—
2385 3413 2533 3472 Onus
2571 3409 2760 3473 deserti
2809 3410 2990 3473 mariti.
3037 3411 3332 3490 Babylonis
3357 3459 3372 3489 ,
3410 3417 3512 3491 pro

1932 3510 2277 3567 multitudine
2305 3511 2484 3582 populi
2517 3511 2658 3566 dicta
2686 3525 2856 3566 mare.

2002 3601 2080 3656 De
2109 3603 2312 3657 deserto
2343 3604 2498 3657 venit.
2531 3602 2590 3656 In
2616 3617 2724 3672 quo
2751 3601 3011 3659 Dominus
3041 3601 3301 3671 tentatus;
3327 3601 3382 3658 in
3403 3605 3512 3676 quo

1930 3695 2188 3751 Israelita:
2223 3695 2466 3766 percussi
2507 3712 2536 3749 a
2574 3693 2937 3766 serpentibus.

2009 3785 2167 3843 Vsus.
2209 3785 2264 3840 2.
2297 3818 2367 3827 -
2394 3785 2496 3852 Qui
2527 3785 2848 3841 incredulus.
2898 3783 3181 3842 Generalis
3221 3793 3510 3858 sententia,

1932 3883 2084 3953 quasi
2113 3883 2268 3954 culpa
2299 3881 2635 3953 singulorum
2679 3891 2766 3938 est
2791 3883 2934 3952 Quod
2976 3881 3028 3937 in
3058 3881 3378 3955 tempestate
3419 3902 3515 3958 op-

1929 3975 2260 4044 primuntur.
3111 4043 3118 4052 .
3249 4047 3254 4056 .
3327 4047 3352 4056 ..

2001 4068 2233 4122 Ascende
2263 4059 2334 4122 ΑΞ
2341 4067 2466 4122 lant.
2499 4066 2645 4122 LXX
2675 4085 2689 4121 :
2725 4065 2998 4123 Elamitae
3029 4057 3083 4122 et
3107 4055 3269 4140 legati
3323 4051 3514 4124 i‘ersa-

1931 4173 2071 4212 rum.
2097 4156 2385 4225 Ailamitae,
2410 4159 2788 4228 despicientes.
2818 4147 3244 4228 Ascende,quaSi
3268 4143 3506 4214 diceret:

1929 4249 1974 4305 Ο
2011 4250 2189 4305 Persae
2219 4259 2274 4304 et
2321 4249 2480 4313 Medi,
2514 4249 2680 4303 nolite
2725 4247 2936 4314 timere,
2986 4255 3155 4318 equus
3205 4250 3504 4318 ascendite,

1929 4341 2255 4410 Babylonem
2282 4339 2542 4394 obsidete.
2574 4341 2826 4394 Ascende.
2872 4335 2966 4395 Dei
2995 4337 3308 4397 fortitudine
3339 4341 3507 4398 confi-

1927 4449 2038 4497 sus,
2079 4434 2356 4496 audacter,
2389 4441 2577 4488 contra
2604 4433 2947 4488 adversarios
2972 4433 3229 4505 loquitur.

2002 4523 2222 4579 Omnem
2268 4525 2533 4596 gemitum.
2587 4525 2704 4592 Quo
2733 4533 2784 4581 te
2814 4533 2868 4582 et
2905 4526 3038 4581 alias
3062 4525 3248 4597 gentes
3291 4511 3508 4599 gemere

317 4577 598 4593 .u----.---,
635 4577 939 4583 --τη--.-π-
1073 4577 1097 4579 ί
2013 4577 2028 4579 -
2268 4577 2316 4596 σί
2369 4577 2372 4578 ν
2597 4577 2696 4592 ,νη
2738 4577 2781 4581 --
2821 4577 2866 4582 --
3062 4577 3245 4597 οη---
3291 4577 3504 4599 οων--

317 4624 478 4677 Vrsas.
510 4621 600 4674 25.
630 4643 700 4660 -ι
729 4619 797 4672 1η
822 4621 904 4672 die
941 4619 1053 4671 illa.
1088 4619 1224 4671 Ante
1255 4608 1544 4698 adventum
1587 4617 1819 4683 Domini,
1847 4577 1901 4638 Β
1929 4617 2188 4683 faciebat;
2218 4617 2322 4682 vel,
2363 4627 2421 4672 ut
2454 4618 2631 4674 nullus
2654 4616 2766 4687 jam
2794 4627 2974 4692 gemat
3000 4619 3217 4689 pressus
3265 4624 3504 4694 potentia

241 4713 470 4784 singulae
493 4711 761 4776 nationes,
792 4718 923 4776 etc.,
950 4725 1110 4779 usque
1131 4709 1200 4762 ad
1241 4709 1330 4780 qui
1364 4711 1429 4764 de
1459 4724 1624 4781 regno
1649 4711 1699 4764 in
1733 4725 1819 4764 re—

243 4821 406 4875 gnum
437 4806 768 4860 discurrunt.

315 4896 382 4950 Et
409 4895 624 4950 servient
657 4894 913 4964 /Egyplii.
947 4891 1063 4948 Non
1091 4894 1232 4963 quod
1281 4902 1465 4963 postea
1494 4894 1566 4948 illi
1601 4894 1824 4949 fuissent

245 4985 536 5058 subjugati,
565 4993 694 5051 etc.,
736 4999 897 5055 usque
932 4983 1001 5038 ad
1035 4981 1274 5051 ejusdem
1309 4999 1430 5039 cum
1468 4985 1598 5055 ipsis
1642 4979 1827 5040 cendi-

245 5078 428 5134 tionis.
1547 5083 1549 5087 ’

315 5170 383 5224 In
430 5170 514 5224 die
555 5169 649 5223 illa
682 5169 798 5224 erit.
855 5167 980 5242 (11).)
1023 5166 1141 5224 Non
1185 5169 1425 5226 vicissim
1467 5171 1536 5225 ab
1580 5171 1820 5242 Assyriis

247 5261 622 5335 [Egyptiisque
645 5264 850 5318 medius
889 5263 1192 5329 vexabitur,
1219 5265 1314 5320 sed
1343 5264 1447 5319 erit
1480 5265 1674 5320 tertius
1699 5280 1820 5320 cum

247 5352 378 5422 ipsis
410 5355 670 5420 serviens,
703 5355 910 5410 scilicet
937 5355 1213 5410 Romanis.

323 5445 484 5502 Vens.
526 5445 617 5501 25.
645 5477 716 5488 -
743 5447 1072 5501 Benedictus.
1118 5445 1210 5500 lim
1243 5445 1489 5518 regiones
1512 5461 1620 5518 pm:
1647 5448 1818 5502 οιηιιί-

1927 4710 2246 4782 Babylonis;
2277 4710 2380 4773 vel,
2411 4712 2574 4765 tantis
2602 4711 2758 4766 malis
2784 4712 2854 4767 sit
2883 4709 3102 4780 afﬂicta,
3133 4721 3193 4767 ut
3218 4709 3408 4768 contra
3451 4721 3504 4768 te

1929 4819 2143 4875 gemere
2167 4820 2271 4859 non
2304 4805 2513 4859 audeat.

2001 4895 2166 4952 Vens.
2199 4898 2252 4952 5.
2279 4896 2508 4952 -—Pone
2532 4915 2783 4953 mensam.
2803 4897 2966 4967 Quasi
2990 4897 3193 4956 diceret
3217 4914 3230 4950 :
3257 4889 3301 4953 Ο
3328 4885 3506 4958 Persa

1929 4997 1982 5042 et
2028 4988 2185 5053 Medi,
2219 4990 2416 5044 sumite
2455 4985 2658 5058 cibum,
2686 5001 2816 5058 etc.,
2846 5008 3006 5063 usque
3037 4985 3105 5044 ad
3135 4990 3188 5045 in
3215 4975 3323 5062 quo
3349 4991 3506 5063 ignea

1935 5079 2037 5134 tela
2074 5080 2269 5134 diaboli
2307 5077 2664 5151 restringatis'.

2005 5171 2386 5241 Contemplare,
2415 5180 2521 5227 ‘cte.
2574 5171 2711 5240 Quid
2743 5169 2863 5243 post
2891 5163 3132 5225 mensam
3173 5163 3391 5242 ingruat
3432 5185 3502 5236 el,

1931 5263 2037 5328 vel,
2063 5265 2445 5334 contemplare,
2480 5282 2511 5321 0
2538 5267 2842 5331 Balthasar,
2868 5264 2995 5333 quid
3023 5253 3304 5333 scripserit
3335 5261 3387 5318 in
3409 5279 3505 5334 pa—

1931 5360 2067 5414 riete
2101 5377 2111 5410 :
2155 5357 2332 5424 Mune,
2368 5357 2566 5424 Tetlzel,
2605 5355 2823 5413 Phares.
3037 5427 3040 5430 _

2000 5449 2166 5504 Vens.
2207 5449 2257 5505 6.
2293 5482 2361 5490 —
2405 5449 2814 5522 Speculatorem.
2853 5431 3209 5520 Speculéhtés
3253 5441 3506 5505 dicuntur

247 5535 348 5592 bus
375 5538 495 5593 aliis
533 5537 846 5594 monarchis
872 5527 1297 5604 abun‘daveraiit,‘
1329 5533 1387 5594 et
1411 5541 1532 5596 ideo
1573 5539 1818 5595 benedici
1922 5546 2220 5613 prophetae.

250 5639 580 5686 meruerunt.

840 5700 1064 5757 CAPUT
1096 5701 1215 5757 XX.

1997 5637 2157 5692 Vens.
2200 5635 2253 5688 7.
2285 5666 2358 5674 ——
2386 5627 2744 5720 Asperum-em.
2783 5613 2956 5705 Cyrus
2983 5634 3236 5704 princeps
3273 5632 3506 5702 impera-

1924 5727 2015 5782 bat
2052 5723 2218 5782 Medis
2241 5737 2294 5782 et
2330 5725 2528 5790 Persis,
2557 5735 2684 5790 etc.,
2719 5743 2879 5796 usque
2907 5725 2974 5778 ad
3003 5725 3195 5781 litterae
3227 5721 3428 5780 scilicet
3452 5733 3508 5778 et

321 5811 485 5872 VIus.
521 5816 572 5871 l.
602 5846 670 5858 -—
697 5815 763 5872 In
801 5831 957 5872 anno.
1003 5817 1131 5890 (lo.)
1160 5819 1378 5889 Assyria
1432 5822 1646 5873 nomina
1700 5821 1823 5874 sont
1926 5819 2142 5888 spiritus
2168 5820 2234 5875 ad
2274 5819 2378 5876 duo
2409 5819 2648 5877 referunt
2675 5818 3042 5875 Testamenta.
