4028 6332
637 480 658 532 l
669 477 771 531 263

702 593 858 647 Vens.
905 590 959 645 8.
984 619 1054 630 —
1084 587 1206 642 Leo.
1237 587 1379 642 [dem
1413 585 1498 640 leo
1527 600 1626 654 pro
1652 583 1858 638 virtute
1881 579 2071 643 animi,
2099 576 2195 646 qui
2221 583 2277 644 Α

629 675 940 755 ερθουιδιοιί
966 679 1321 750 praerogativa
1351 673 1840 745 contemplationis.

663 809 668 816 -
701 773 871 840 Super
907 769 1170 840 speculam
1200 767 1430 821 Domini.
1462 765 1521 820 Id
1549 773 1653 828 est,
1684 776 1782 832 per
1806 759 1946 814 diem
1970 757 2032 812 in
2069 770 2198 811 con-

633 861 979 934 templatione
1007 859 1231 928 positus,
1265 857 1454 912 diebus
1481 869 1547 910 ac
1567 851 1815 910 noctibus
1855 855 2078 921 paratus
2105 859 2198 898 au-

631 955 747 1009 dire
788 960 843 1006 et
874 950 1019 1019 loqui
1048 963 1166 1019 quae
1189 945 1526 1017 praeceperit.

703 1044 862 1100 Stans
889 1041 1006 1095 totis
1047 1040 1302 1095 noctibus.
1363 1039 1433 1093 Ut
1479 1050 1566 1100 me
1609 1033 1910 1091 custodiam
1939 1029 2008 1104 ab
2051 1023 2200 1081 omni

633 1146 858 1208 peccato
875 1176 890 1201 ,
916 1143 977 1189 ut
1003 1135 1105 1188 sim
1131 1133 1321 1202 dignus
1352 1130 1538 1184 audire
1567 1127 1789 1183 verbum
1820 1125 2053 1182 Domini.

702 1228 865 1283 Vens.
894 1225 946 1280 9.
975 1253 1047 1266 -—
1071 1222 1207 1276 Ecce
1240 1223 1335 1276 iste
1359 1221 1491 1274 venit
1521 1221 1620 1274 uir.
1665 1218 1819 1285 Quod
1845 1224 2109 1286 sequitur,
2144 1231 2204 1271 se

628 1321 826 1375 vidisse
872 1317 1156 1388 signiﬁcat,
1179 1315 1383 1380 venire,
1406 1313 1612 1368 scilicet
1662 1311 1998 1368 Salvatorem
2043 1326 2204 1380 super

631 1413 809 1482 higam
835 1411 1130 1472 sedentem,
1159 1413 1214 1460 et
1241 1405 1447 1460 duobus
1471 1401 1814 1469 animalibus,
1839 1403 1893 1458 id
1923 1409 2027 1467 est,
2053 1401 2205 1475 asino

630 1500 943 1564 et'camelo,
974 1513 1139 1552 unum
1170 1511 1389 1551 currum
1411 1495 1744 1565 jungentem.

703 1590 924 1662 Cecidit,
951 1589 1156 1645 cecidit.
1192 1588 1332 1659 Cyro
1365 1596 1420 1642 et
1441 1587 1604 1642 Dario
1625 1585 1955 1659 Babylonem
1985 1595 2206 1642 vastan-

633 1686 796 1756 tibus,
829 1683 997 1738 etiam
1035 1681 1176 1736 idola
1203 1687 1326 1746 sunt
1365 1669 1662 1745 confracta,
1696 1679 1895 1750 templo
1919 1679 2035 1734 Beli
2081 1678 2206 1734 sub-

632 1789 792 1830 verso
816 1759 873 1827 et
898 1772 1020 1842 igne
1055 1779 1422 1826 concremato.

704 1867 866 1921 Vens.
916 1865 1002 1919 i0.
1026 1893 1096 1904 —
1123 1863 1337 1918 Tritura
1361 1881 1496 1918 mea.
1522 1862 1687 1931 Quasi
1709 1863 1884 1920 dicat:
1917 1864 1962 1921 Ο
1988 1864 2203 1937 popule,

1123 471 1514 527 WALAFRIDI
1553 466 1801 524 STRABI
1833 465 2038 522 FULD.
2079 460 2244 518 MON.
2284 459 2435 515 OPP.
2475 457 2654 514 PARS
2692 456 2730 511 Ι.
2770 484 2840 496 --
2876 448 3332 509 THEOLOGICA.

3699 451 3797 509 1264

2373 572 2538 627 Vallis
2565 571 2799 626 visionis.
2843 564 2987 622 LXX
3017 582 3030 619 :
3057 563 3212 629 Sion,
3245 561 3303 617 id
3338 567 3420 616 est
3446 567 3669 632 specula,
3693 566 3800 622 scili-

2297 673 2386 721 cet
2424 662 2702 718 Ecclesiae.

2370 754 2635 822 Quidnam
2673 751 2765 806 tibi
2793 765 3014 822 quoque.
3045 745 3228 813 Quasi-
3255 745 3456 800 diceret
3481 762 3494 797 :
3532 745 3650 800 Cum
3674 748 3799 817 philo-

2297 847 2486 918 sophia
2517 855 2572 901 et
2609 843 2870 916 sapientia
2899 840 3198 904 surcularis,
3228 838 3296 892 de
3335 835 3634 890 sublimibus
3667 837 3799 909 dispu-

2297 949 2443 1005 tans,
2470 937 2867 1007 simplicitatem
2894 932 3151 988 Ecclesia:
3180 935 3510 992 contemnat,
3535 943 3639 992 cur,
3651 937 3694 981 tu
3711 944 3801 998 quo-

2299 1046 2404 1102 que
2437 1029 2668 1084 sectaris
2691 1025 2944 1082 excelsa?

2373 1118 2531 1174 Vens.
2551 1118 2623 1183 2.
2657 1147 2727 1157 —
2757 1113 2945 1169 Plena.
3001 1111 3258 1168 Doctrina
3305 1110 3660 1166 haereticorum
3693 1111 3799 1180 plena

2301 1221 2386 1267 est
2409 1207 2750 1278 multiloquio
2778 1215 2834 1262 et
2860 1205 3118 1261 clamore.

2374 1302 2647 1371 Interfecti
2682 1291 2778 1354 tui.
2823 1298 3028 1370 (HIER.)
3052 1295 3246 1360 Vallis,
3288 1294 3496 1350 scilicet
3520 1292 3795 1359 Sion,volun~

2304 1402 2411 1450 tate
2469 1393 2689 1464 propria
2717 1432 2732 1458 ,
2765 1445 2768 1450 ,
2799 1390 2865 1445 ad
2918 1389 3208 1443 haereticos
3251 1386 3485 1462 scilicet
3531 1385 3800 1439 transierunt.

2303 1483 2718 1554 Comparatione
2747 1495 2934 1536 eorum
2977 1479 3071 1549 qui
3114 1485 3241 1548 post
3291 1476 3529 1546 praelium
3555 1477 3665 1529 victi
3701 1487 3797 1539 sunt,

2304 1573 2573 1630 infelicius
2621 1573 2970 1628 vulnerantur
3007 1571 3100 1640 qui
3137 1577 3332 1639 sponte
3363 1582 3422 1622 se
3466 1567 3691 1622 tradunt:
3717 1582 3802 1635 quo-

2305 1669 2464 1723 modo
2501 1665 2904 1736 inmartyrio,
2951 1664 3042 1734 qui
3087 1671 3212 1732 post
3258 1674 3447 1730 poenas
3498 1658 3798 1727 negat,leviu=:

2302 1760 2524 1831 punitur
2543 1774 2706 1828 quam
2725 1758 2817 1828 qui
2837 1759 2955 1812 sine
2976 1755 3307 1811 necessitate
3333 1753 3592 1809 Christum
3627 1752 3799 1821 abnegat.

2380 1850 2544 1906 Vnus.
2575 1849 2631 1904 5.
2664 1877 2734 1888 -
2759 1846 2946 1901 Cuncti
2991 1846 3280 1915 principes,
3315 1852 3419 1898 etc.
3469 1843 3608 1898 Sicut
3633 1843 3676 1896 in
3705 1841 3797 1895 Jere-

635 1957 725 2026 qui
753 1956 1124 2012 recondendus
1149 1969 1209 2010 es
1234 1955 1288 2009 in
1317 1956 1512 2010 horrea
1540 1971 1855 2026 mea,quem
1885 1934 2010 2012 trivi
2039 1934 2207 2012 variis
2236 1949 2284 2008 B
2311 1939 2421 1995 mia
2443 1938 2656 2010 Ιοείιιπ,
2676 1937 2966 1992 δθάθοίιίθε
2991 1945 3151 1990 ηοοίθ
3179 1951 3278 2006 Per
3299 1934 3438 1989 muri
3472 1934 3701 1996 foramen?
3719 1941 3800 1994 θίαν

636 2048 918 2120 angustiis,
946 2054 1006 2101 ut
1033 2053 1344 2102 excuterem
1371 2046 1554 2116 paleas
1598 2055 1655 2100 et
1698 2046 1940 2102 triticum
1986 2063 2203 2118 purum,

635 2129 938 2195 conferrem
965 2138 1020 2192 in
1052 2139 1268 2203 horrea,
1300 2153 1420 2207 quae
1462 2137 1644 2193 audivi
1679 2153 1712 2193 a
1746 2138 1977 2194 Domino
2001 2154 2069 2194 ex
2097 2140 2208 2194 Deo

589 2229 603 2241 '
634 2229 818 2295 Lsrael,
851 2237 958 2284 etc.

706 2322 872 2376 Vens.
913 2320 999 2374 Η.
1027 2319 1266 2374 —-0mts
1291 2317 1484 2374 Duma.
1528 2316 1715 2374 LXX:
1768 2318 2036 2386 Idumam,
2077 2327 2227 2384 etc.,-

635 2433 795 2487 usque
823 2415 892 2468 ad
927 2430 1064 2470 onus
1092 2415 1262 2468 Duma
1286 2414 1352 2468 ad
1380 2427 1468 2468 me
1493 2412 1710 2468 clamat.

705 2506 786 2560 Ad
839 2522 920 2560 me.
975 2505 1188 2560 clamat.
1248 2503 1497 2576 (Ηιειι.)
1540 2505 1719 2571 Deus,
1769 2504 1980 2561 scilicet
2027 2513 2209 2560 custos

635 2611 806 2660 meus,
844 2604 974 2660 etc.,
1003 2611 1166 2664 usque
1207 2593 1274 2647 ad
1313 2593 1552 2664 loquitur
1597 2593 1791 2648 deinde
1816 2594 2066 2665 gentibus
2103 2612 2115 2648 :
2151 2592 2212 2648 Si

635 2704 715 2741 me
744 2687 998 2758 qureritis,
1029 2685 1323 2741 studiosius
1343 2685 1560 2756 quaerite
1589 2683 1769 2754 (Joan.
1791 2685 1891 2756 ix).

705 2777 872 2830 Vens.
905 2777 994 2831 12.
1021 2805 1093 2816 --
1131 2774 1277 2829 Venit
1299 2792 1472 2840 mane,
1505 2783 1610 2828 etc.
1661 2773 1830 2840 Quasi
1863 2774 2063 2845 p0pulo
2091 2789 2213 2830 meo

637 2866 776 2921 dabo
796 2865 979 2920 lumen
1006 2864 1230 2929 laetitite,
1258 2871 1392 2929 etc.,
1419 2879 1583 2932 usque
1605 2862 1674 2916 ad
1691 2847 2025 2930 operatione,
2051 2871 2108 2918 et
2134 2863 2213 2918 sic

639 2955 853 3010 audiam
881 2970 996 3010 vos.
1433 2972 1442 2974 -
1921 2940 1929 2950 ’

707 3049 873 3103 Vens.
907 3047 996 3102 15.
1027 3077 1098 3088 -
1134 3044 1281 3100 Onus
1321 3045 1377 3099 in
1398 3043 1616 3098 Arabia.
1664 3043 1873 3099 Arabes
1897 3050 2024 3099 sunt
2052 3043 2215 3098 Sara-

641 3137 782 3202 ceni,
811 3145 942 3202 etc.,
969 3152 1128 3207 usque
1157 3135 1226 3188 ad
1257 3134 1380 3189 inde
1409 3132 1697 3203 alloquitur
1718 3133 1861 3188 Deus
1886 3131 2097 3189 Iudaeos
2127 3131 2213 3187 fu-

641 3229 850 3300 gientes
879 3228 959 3283 sic
999 3245 1012 3280 :

2311 2047 2476 2102 usque
2499 2030 2568 2083 ad
2593 2038 2648 2084 et
2683 2029 2736 2083 in
2776 2027 3107 2098 Babylonem
3143 2027 3296 2080 ducti
3319 2033 3461 2079 sunt.

2381 2120 2675 2193 Fugerunt.
2697 2121 2756 2176 In
2783 2120 2907 2192 fuga
2933 2121 3259 2184 concordes,
3289 2133 3516 2190 quorum
3539 2121 3739 2188 princeps
3753 2123 3802 2166 est

2313 2214 2480 2270 draco
2515 2213 2748 2285 fugiens,
2776 2213 3000 2268 coluber
3030 2220 3332 2267 tortuosos.

2384 2303 2529 2358 Vens
2557 2302 2630 2356 .5.
2651 2333 2723 2343 —
2752 2301 2822 2356 Et
2851 2303 3090 2372 ﬂetuum.
3134 2302 3259 2374 (11).)
3286 2301 3428 2356 LXX
3467 2319 3478 2354 :
3518 2301 3710 2356 Erroris.
3729 2297 3800 2352 Non

2312 2395 2456 2465 quod
2505 2393 2662 2449 fletus
2699 2405 2754 2449 et
2799 2407 2954 2448 error
2982 2409 3013 2448 a
3065 2394 3300 2448 Domino
3327 2394 3426 2459 sit,
3471 2393 3557 2447 sed
3601 2391 3799 2447 occasione

2316 2484 2723 2554 Scripturarum
2768 2497 2904 2552 quas
2948 2483 3095 2538 dedit
3127 2483 3210 2538 eis
3239 2482 3516 2555 legendas,
3541 2481 3734 2536 nascitur
3751 2493 3798 2530 er-

2314 2575 2455 2631 roris
2483 2573 2726 2639 occasio,
2773 2581 2828 2627 et
2867 2581 3100 2642 possunt
3132 2573 3317 2628 dicere
3345 2591 3358 2626 :
3392 2571 3557 2638 Quare
3589 2586 3666 2623 nos
3688 2582 3799 2621 errare

2314 2665 2482 2735 fecisti
2505 2683 2538 2720 ιι
2575 2667 2657 2719 via
2683 2673 2774 2718 tua
2799 2666 2824 2718 Ρ
2849 2663 2985 2735 (Isa.
3015 2665 3197 2736 Lxrn.)

2385 2757 2548 2812 Vens.
2578 2755 2718 2810 6.—
2747 2755 2922 2811 Elam.
2949 2756 3153 2812 Civitas
3182 2758 3237 2811 in
3270 2757 3482 2812 Perside
3504 2753 3743 2828 provincia,
3769 2750 3797 2801 in

2313 2864 2421 2919 qua
2441 2848 2627 2919 optimi
2649 2849 2945 2920 sagittarii:
2967 2848 3124 2902 Elam
3146 2850 3366 2920 sumpsit
3389 2849 3670 2917 pharetram.
3690 2845 3796 2900 Elim.

2316 2957 2576 2996 ascensus
2627 2956 2814 2997 eorum
2837 2982 2852 3007 ,
2910 2941 2963 2996 id
3032 2950 3116 2997 est
3184 2943 3429 3011 superbia
3498 2939 3796 2994 haereticorum.

2317 3033 2546 3103 sumpsit
2559 3034 2886 3102 pharetram,
2904 3042 2960 3087 ut
2985 3036 3199 3102 sagittet
3224 3035 3278 3087 in
3299 3034 3508 3088 obscuro
3529 3042 3667 3085 rectos
3685 3025 3796 3081 corde.

2389 3095 2679 3177 Parieiem.
2712 3095 2968 3179 Ecclesiae
2989 3095 3352 3189 lir—mamenta,
3382 3122 3555 3195 clypeo
3581 3136 3678 3183 suo,
3695 3118 3732 3171 id
3751 3123 3798 3168 est
3874 3095 3875 3186 l

2322 3216 2728 3287 impugnatione
2768 3217 3011 3272 nudavit.

720 3320 788 3374 In
808 3319 947 3374 saltu
971 3319 1042 3374 ad
1067 3335 1350 3390 vesperam.
1375 3317 1625 3384 OJudaei,
1649 3318 1740 3388 qui
1761 3319 2093 3376 obsidionem
2115 3318 2221 3374 Ba-
2249 3307 2295 3370 C
2401 3308 2562 3366 Vnus.
2585 3311 2640 3365 8.
2675 3341 2744 3351 ——
2775 3309 3194 3380 Operimentum.
3242 3291 3510 3382 Templum
3536 3306 3657 3379 quod
3689 3299 3799 3372 μηδ’

642 3412 911 3484 byloniam
933 3411 1148 3483 fugietis
1163 3411 1217 3465 in
1247 3409 1406 3476 saltu,
1431 3410 1484 3464 id
1503 3418 1588 3464 est
1601 3411 1655 3464 in
1671 3410 1822 3466 silvis
1835 3409 2226 3466 Saracenorum

643 3503 942 3568 dormietis,
984 3503 1249 3574 fugientes
1297 3501 1576 3557 Chaldaeos
1618 3501 1674 3556 in
1701 3502 1910 3557 semitis
1941 3502 2222 3565 Dodanim,

642 3594 787 3662 quod
811 3592 1198 3661 interpretatur
1220 3591 1278 3644 in
1298 3593 1612 3661 prOpinquos
1637 3590 1721 3645 vel
1747 3601 2014 3662 cognatos,
2044 3593 2098 3646 id
2121 3602 2224 3656 est,

643 3682 700 3738 in
726 3684 814 3738 via
843 3698 963 3752 quae
977 3683 1123 3738 ducit
1148 3682 1479 3751 propinquos
1507 3690 1717 3738 vestros
1747 3681 2066 3738 Saracenos.

729 3771 1021 3843 Vesperam.
1067 3771 1192 3843 (ln.)
1239 3772 1369 3839 Quae
1401 3782 1486 3828 est
1525 3772 1850 3842 principium
1881 3773 2075 3828 noctis.
2123 3771 2228 3839 Qui

645 3877 872 3934 peccare
900 3863 1106 3933 incipit,
1132 3864 1188 3916 in
1217 3878 1440 3932 vespera
1467 3873 1583 3930 est;
1615 3864 1709 3933 qui
1740 3863 1804 3917 ad
1827 3879 2097 3919 summum
2132 3878 2224 3918 ve-

645 3957 818 4028 nit,|in
845 3957 1022 4009 media
1045 3963 1221 4010 nocte.
1246 3955 1420 4011 Media
1443 3965 1598 4012 nocte
1626 3957 1985 4027 primogenita
2008 3955 2228 4027 Egypti

644 4033 986 4101 occiduntur.
1023 4045 1216 4100 Petrus
1245 4054 1426 4116 negat,
1459 4047 1579 4100 luce
1624 4048 1737 4117 jam
1759 4048 1937 4103 vicina
1981 4050 2224 4117 paenitet.

717 4137 786 4192 In
809 4139 1026 4192 semitis.
1054 4138 1177 4210 (ιο.)
1199 4137 1337 4206 Quia
1352 4151 1574 4208 vespera
1595 4139 1916 4209 principium
1938 4141 2222 4203 malorum,

651 4217 784 4295 etc.,
816 4247 978 4300 usque
999 4232 1068 4284 ad
1097 4230 1313 4300 quando
1340 4239 1525 4284 contra
1547 4237 1754 4300 patrem
1783 4231 2083 4286 rebellavit.

721 4321 886 4375 Vens.
937 4321 1024 4374 14.
1049 4351 1120 4360 —-
1145 4319 1459 4375 Occurentes
1491 4322 1686 4376 sitienti
1715 4322 1865 4392 ferte.
1896 4321 2010 4377 Hoc
2039 4329 2227 4377 contra

648 4430 744 4482 eos
771 4405 949 4484 petest
977 4411 1104 4477 dici,
1132 4413 1223 4481 qui
1244 4413 1358 4468 otio
1384 4421 1440 4468 et
1468 4413 1686 4469 desidiae
1711 4429 1769 4468 se
1797 4414 2137 4468 tradiderunt
2173 4422 2229 4468 et

651 4504 871 4576 pmpria
914 4504 1086 4559 salute
1127 4506 1370 4560 contenti
1415 4513 1564 4571 sunt,
1594 4520 1694 4560 nec
1739 4507 2129 4576 paenitentibus
2173 4517 2228 4561 et

651 4596 932 4651 conversis
960 4611 1180 4650 manum
1212 4595 1516 4667 porrigunt.

2328 3400 2430 3456 bus
2466 3409 2520 3454 et
2548 3400 2768 3470 pollutis
2803 3411 2928 3456 ante
2963 3409 3214 3472 opertum
3243 3415 3297 3458 et
3323 3403 3549 3458 clausum
3581 3405 3691 3454 erat.

2429 3494 2928 3550 Annamentarium.
2978 3495 3142 3550 Juxta
3206 3496 3456 3566 templum
3515 3500 3619 3548 erat
3673 3488 3796 3542 domus

2327 3599 2490 3654 quam
2544 3585 2830 3640 aediﬁcavit
2884 3587 3054 3642 David
3116 3589 3186 3644 ad
3245 3585 3538 3658 reponenda
3583 3597 3727 3646 arma,
3764 3583 3795 3634 in

2327 3677 2482 3746 cujus
2538 3676 2769 3732 circuitu
2811 3678 3033 3732 arbores
3089 3678 3314 3744 multae;
3367 3679 3500 3733 unde
3553 3677 3708 3731 dicitur
3740 3675 3795 3726 do

2329 3784 2450 3824 mus
2471 3768 2658 3824 saltus.
2673 3769 2792 3838 Ipsa
2821 3783 3033 3840 quoque
3053 3785 3161 3824 non
3186 3770 3410 3841 lapidea,
3438 3769 3523 3826 sed
3546 3769 3686 3840 lignea
3704 3764 3791 3818 fuit:

2329 3878 2396 3917 ex
2418 3864 2644 3920 humore
2673 3865 2815 3918 enim
2843 3864 3088 3920 carmenti
3111 3875 3169 3920 et
3191 3865 3423 3935 lapidum
3448 3863 3534 3934 (ut
3567 3859 3791 3930 aiunt)eru-

2329 3961 2481 4030 ginat
2515 3962 2744 4016 ferrum.

2404 4052 2564 4108 Vens.
2595 4055 2646 4108 9.
2681 4085 2750 4093 —
2775 4053 2844 4108 Et
2872 4056 3245 4126 congregastis.
3302 4054 3461 4110 Terra
3501 4041 3788 4122 promissionis.

2329 4145 2578 4215 quamvis
2603 4146 2900 4212 uberrima,
2935 4153 3041 4201 etc.
3065 4185 3081 4211 ,
3115 4162 3278 4217 usque
3309 4146 3376 4200 ad
3406 4143 3604 4200 inferior
3635 4151 3720 4206 qua:
3747 4131 3785 4183 ab

2331 4235 2574 4291 hostibus
2599 4238 2719 4308 capi
2756 4246 2992 4308 poterat,
3032 4225 3280 4307 superior
3311 4252 3423 4306 quae
3448 4251 3544 4290 non
3575 4233 3742 4302 Ροιθηί·
3775 4307 3782 4318 ,

2401 4325 2593 4392 Vens,
2616 4327 2704 4379 Μ.
2748 4357 2819 4368 -
2864 4327 2935 4382 Et
2983 4327 3178 4381 lacum.
3222 4325 3340 4398 (Ιυ.)
3389 4324 3498 4382 Non
3534 4328 3700 4393 puteum
3728 4325 3782 4378 (ιω

2331 4430 2524 4486 aquam
2537 4417 2757 4472 vitalem
2785 4419 2951 4476 habet
2973 4427 3030 4473 et
3055 4428 3333 4483 aeternam,
3358 4416 3447 4472 sed
3466 4415 3596 4468 lacus
3613 4401 3781 4464 conuiios

2329 4509 2422 4578 qui
2451 4509 2728 4564 continere
2771 4525 2878 4566 non
2904 4511 3088 4566 valent
3124 4497 3336 4583 aquam.

2410 4597 2561 4653 Inter
2605 4599 2738 4655 duos
2785 4619 2984 4657 muros.
3037 4602 3256 4659 Scilicet
3297 4611 3350 4658 et
3388 4599 3572 4656 Novum
3617 4588 3778 4646 etl'elt‘m‘

723 4686 938 4741 Sitienti
959 4687 1089 4756 ferte
1114 4704 1326 4758 aquam.
1359 4687 1621 4758 Fatigatis
1644 4688 1902 4748 fratribus
1925 4693 2118 4748 ardore
2139 4708 2226 4750 so-
2251 4669 2302 4728 Ῐ)
2331 4691 2757 4758 Testamentum,
2775 4681 3031 4750 iecerunt
3077 4696 3181 4752 sibi
3209 4709 3371 4750 novas
3419 4704 3590 4762 aquas.
3621 4694 3714 4751 «ιιιειε
3733 4676 3779 4726 ⁵η·

652 4777 719 4832 lis
739 4785 796 4830 et
821 4775 940 4830 sitis
963 4774 1099 4830 ferte
1123 4791 1343 4844 aquam,
1370 4791 1438 4832 ne
1471 4778 1526 4832 in
1560 4779 1847 4835 solitudine
1875 4792 2118 4849 pereant.

724 4863 890 4920 Vens.
923 4865 1009 4919 16.
1039 4864 1222 4918 Adhuc
1248 4867 1306 4919 in
1332 4883 1468 4933 uno,
1491 4876 1598 4922 etc.
1631 4869 1794 4935 Quasi
1818 4870 2021 4925 diceret
2049 4890 2060 4925 :
2093 4873 2226 4939 Quia

653 4973 761 5012 non
806 4957 1071 5012 habuistis
1101 4956 1156 5010 in
1202 4971 1298 5011 eos
1325 4959 1770 5027 misericordiam,
1799 4977 1964 5032 prope
1995 4965 2228 5019 sustine-

653 5049 782 5104 bitis
820 5049 1149 5120 captivitatis
1187 5049 1482 5106 miseriam.
1517 5050 1647 5107 Post
1695 5069 1896 5108 annum
1937 5071 1965 5108 a
2006 5053 2231 5112 Judaica

653 5140 968 5210 captivitate
992 5150 1049 5196 et
1067 5139 1370 5197 Jerusalem
1398 5143 1768 5212 subversione,
1809 5146 1866 5200 hi
1894 5162 2106 5218 quoque
2131 5164 2230 5203 va-

657 5234 789 5288 stati
828 5242 974 5288 sunt.

730 5325 896 5391 Quasi
940 5326 997 5379 in
1031 5343 1168 5379 anno
1221 5327 1534 5382 mercenarii
1559 5343 1577 5381 :
1609 5327 1732 5399 (lo.)
1764 5330 1905 5399 quod
1934 5339 2054 5386 est:
2089 5331 2234 5399 Quo-

659 5417 821 5472 modo
851 5419 1217 5473 mercenarius
1245 5435 1446 5474 annum
1473 5435 1650 5484 suum,
1675 5429 1781 5475 etc.
1801 5461 1816 5486 ,
1859 5439 2020 5493 usque
2041 5424 2111 5478 ad
2139 5439 2232 5496 pa-

658 5525 892 5580 nemque
911 5509 1185 5566 caelestem
1215 5512 1566 5566 comederint.

1245 5600 1473 5656 CAPUT
1512 5600 1672 5657 XXII.

731 5692 894 5748 Vens.
924 5691 975 5746 l.
1001 5723 1071 5732 —
1101 5691 1247 5746 Onus
1295 5690 1463 5744 vallis.
1497 5693 1795 5750 Jerusalem
1831 5696 2104 5766 quondam
2141 5698 2237 5752 do-

662 5787 811 5841 mina
843 5787 1111 5856 gentium,
1140 5795 1272 5852 etc.,
1317 5802 1476 5855 usque
1502 5787 1569 5839 ad
1599 5790 1690 5857 qui
1735 5791 1799 5845 de
1826 5789 2041 5845 sublimi
2072 5809 2231 5849 sensu

663 5878 1062 5944 Scripturarum
1090 5875 1157 5929 ad
1189 5878 1368 5930 inlima
1405 5889 1746 5935 corruerunt.

2331 4781 2557 4838 teriores
2601 4793 2792 4853 putant
2847 4794 2902 4840 et
2933 4787 3137 4856 majora
3163 4786 3430 4842 continere
3457 4775 3775 4850 mysteriaqmm

2334 4872 2498 4928 Vetus
2530 4874 2953 4932 Testamentum.

2404 4963 2568 5021 Vens.
2600 4966 2687 5020 12.
2710 4997 2780 5007 —
2800 4967 2867 5021 Et
2891 4970 3090 5024 vocabit
3122 4970 3367 5024 Dominus
3392 4966 3518 5020 Deus
3535 4952 3770 5046 exercitam-1:.

2334 5057 2580 5125 QUOIidie
2609 5067 2866 5128 provocat
2906 5059 3164 5116 Dominus
3213 5059 3477 5117 haereticos
3506 5051 3562 5106 ad
3597 5046 3772 5116 peniten-

2335 5153 2483 5217 tiam,
2535 5165 2641 5208 etc.
2666 5194 2680 5220 ,
2729 5171 2892 5225 usque
2927 5156 2997 5210 ad
3046 5158 3142 5213 sed
3178 5153 3539 5225 vilipendentes
3575 5147 3618 5196 el

2335 5254 2517 5300 rantes
2547 5247 2796 5302 dicebant
2832 5267 2844 5300 :
2877 5247 3221 5304 Comedamus
3245 5256 3291 5302 et
3333 5244 3560 5301 bibamus,
3581 5241 3668 5286 cm
3687 5227 3770 5273 cum

2335 5337 2617 5390 moriemur
2647 5338 2863 5409 (Jerem.
2884 5338 3092 5411 xxxiv).

2408 5427 2568 5482 Vens.
2599 5427 2684 5482 l4.
2714 5461 2783 5470 —
2813 5429 3136 5486 Moriamini.
3183 5429 3302 5503 (ιο.)
3329 5425 3486 5484 Vitiis,
3524 5421 3596 5472 aut
3617 5417 3704 5503 εφη

2338 5519 2405 5573 ad
2453 5518 2653 5575 inferos
2695 5520 3060 5588 descendetis,
3101 5485 3228 5586 etet,
3255 5485 3405 5588 usque
3443 5511 3501 5566 ad
3534 5515 3625 5576 (1³³⁸
3646 5485 3766 5588 medi.

2336 5619 2530 5666 euntur
2559 5626 2668 5666 non
2707 5612 2981 5683 pertinent
3017 5586 3084 5667 ad
3131 5586 3468 5682 captivitatem
3499 5597 3652 5652 factam
3684 5586 3766 5632 δείν’

2335 5720 2467 5775 pore
2497 5705 2756 5760 Ezechiae.

2409 5798 2755 5854 Vens.15.—
2770 5800 3015 5858 Sobnam.
3043 5800 3241 5870 (Ηιειι.)
3255 5798 3540 5854 Convertere
3560 5771 3761 5836 ηυηοιθιίη

2339 5906 2498 5960 usque
2523 5891 2592 5946 ad
2636 5892 2774 5946 unde
2803 5893 2850 5947 ei
2885 5893 3140 5951 Dominus
3167 5895 3272 5949 haec
3305 5886 3426 5947 mala
3450 5878 3634 5937 minatur
