4028 6332
286 432 433 488 1265
485 457 504 476 ο

1288 423 1550 482 GLOSSA
1586 422 1982 481 ORDINARIA.
2017 452 2086 462 —
2121 423 2246 478 LIB.
2288 421 2512 478 ISAIE.

3407 415 3543 472 1266

359 540 529 596 Vitas.
564 539 650 592 16.
680 569 748 577 —-
771 539 909 604 Quid
951 551 1004 592 tu
1033 540 1153 591 hic?
1178 538 1256 591 Ac
1277 537 1322 592 si
1352 537 1556 592 diceret
1589 537 1734 592 :Cur
1763 535 1859 590 tibi
1886 537 1938 595 Α
1965 533 2101 586 Tum
2131 534 2194 587 de
2223 534 2471 589 omnibus
2493 533 2658 598 vitiis,
2700 543 2812 587 tum
2849 534 2914 589 de
2953 533 3247 589 haeresibus
3278 531 3378 586 hoc
3415 545 3540 585 sen-

280 637 368 691 vis
410 630 687 688 mdiﬁcare
712 631 966 686 domum?
993 639 1128 695 etc.,
1174 645 1336 700 usque
1373 630 1442 683 ad
1490 643 1652 698 quam
1692 626 1867 697 sepul-

281 741 443 784 crum
482 731 544 779 et
569 722 826 779 memoria
857 721 1257 792 appellandum.

353 815 528 870 Vsus.
559 813 645 870 18.
683 843 755 854 —
793 812 1062 868 Coronans
1101 813 1368 868 coronabit
1399 821 1467 866 te.
1502 811 1603 879 Qui
1660 811 1866 867 scilicet

277 905 565 976 quondam
599 904 835 959 habebas
858 919 1113 959 coronam
1145 903 1432 974 pontiﬁcis,
1463 911 1520 958 et
1559 902 1863 958 sanctiﬁca-

279 998 494 1051 tionem
525 995 576 1050 in
604 995 801 1050 lamina
840 997 958 1051 auri
988 997 1063 1066 (in
1093 1012 1198 1066 qua
1237 997 1494 1065 scriptum
1519 1003 1641 1051 erat
1665 1009 1861 1051 nomen

277 1086 428 1158 Dei),
468 1086 812 1142 tribulatione
844 1096 900 1142 et
926 1087 1168 1156 angustia
1198 1087 1562 1143 coronaheris.

369 1175 753 1232 Tribulatione.
785 1176 891 1232 Pro
935 1176 1132 1232 lamina
1169 1191 1332 1232 aurea
1362 1178 1416 1231 in
1455 1193 1561 1248 qua
1594 1177 1857 1247 scriptum

274 1273 404 1320 erat
431 1280 629 1321 nomen
673 1266 884 1322 Domini
899 1255 932 1332 ,'
967 1282 1130 1337 quam
1165 1267 1221 1322 in
1275 1266 1452 1323 fronte
1489 1269 1740 1337 portabat
1769 1283 1859 1324 sa-

271 1356 476 1411 cerdos
511 1357 678 1413 semel
703 1358 756 1412 in
785 1373 946 1412 anno.

285 1507 288 1510 g
348 1443 526 1509 Quasi
549 1444 731 1514 pilam.
760 1445 913 1501 Sicut
939 1448 1147 1516 sphera
1182 1448 1237 1503 in
1282 1447 1402 1504 loco
1435 1449 1628 1505 declivi
1652 1459 1708 1505 et
1736 1467 1860 1522 spa-

269 1531 429 1587 cioso
457 1544 606 1590 stare
631 1550 737 1590 non
766 1545 935 1604 potet,
963 1537 1043 1592 sic
1062 1536 1290 1609 populus
1335 1545 1459 1593 tuus
1501 1539 1556 1592 in
1583 1540 1731 1595 orbis
1757 1548 1859 1596 ter-

269 1624 457 1680 minos
490 1625 846 1696 dispergetur.

289 1753 293 1756 ι
345 1714 519 1772 Vsus.
551 1717 641 1771 20.
665 1746 736 1758 —
760 1716 974 1773 Servum
1012 1736 1183 1774 meum
1211 1719 1460 1776 Eliacim.
1489 1719 1594 1774 Per
1618 1721 1856 1778 Sohnam

268 1805 898 1879 superbum,etc.,usque
915 1810 983 1864 ad
1009 1809 1238 1866 'Filium
1260 1810 1478 1880 Helciaz,
1499 1813 1554 1868 id
1574 1821 1658 1870 est
1679 1815 1855 1885 patris

268 1893 517 1951 Domini.

359 1986 536 2043 Vnus.
579 1989 670 2044 22.
711 2021 782 2032 —
826 1991 1053 2047 Clavem.
1101 1993 1206 2049 Per
1239 1994 1446 2051 clavem
1490 2011 1651 2064 quam
1700 2012 1862 2067 super

268 2077 569 2134 humerum
598 2089 795 2150 portat,
846 2092 1117 2154 sceptrum
1160 2087 1310 2157 regni
1346 2095 1403 2140 et
1437 2087 1647 2157 signum
1691 2089 1862 2143 victo-

268 2169 392 2238 riae,
423 2172 484 2226 id
526 2181 610 2227 est
655 2190 860 2229 crucem
890 2193 1166 2245 possumus
1189 2178 1488 2251 intelligere
1518 2193 1678 2248 quam
1703 2177 1862 2234 Chri-

267 2270 393 2318 stus
417 2264 616 2334 ipsein
644 2281 742 2321 suo
779 2268 998 2337 proprio
1037 2270 1274 2338 portavit
1301 2271 1546 2325 humero.

341 2351 553 2409 Domus
598 2355 788 2411 David.
833 2359 1060 2412 Domum
1098 2359 1266 2415 David
1314 2367 1474 2416 vocat
1496 2360 1715 2417 domum
1763 2361 1864 2417 Do-

270 2445 430 2511 mini,
467 2448 522 2502 in
557 2463 660 2517 qua
689 2458 807 2504 erat
847 2466 1011 2506 aurea
1042 2451 1229 2508 clavis.

343 2537 416 2592 Et
463 2518 677 2609 aperiet.
744 2540 939 2597 Unde:
975 2541 1078 2608 Qui
1134 2546 1300 2614 aperit
1338 2553 1388 2600 et
1435 2561 1585 2600 nemo
1638 2545 1860 2618 claudit,

271 2629 480 2682 claudit
523 2640 573 2684 et
620 2647 768 2685 nemo
821 2633 1006 2702 aperit.
1054 2633 1207 2700 Quod
1253 2634 1308 2688 in
1350 2635 1600 2704 passione
1648 2649 1861 2690 resera-

269 2723 350 2777 vit
381 2723 564 2779 claudi
611 2739 719 2780 non
744 2726 972 2796 poterit;
1002 2727 1147 2796 quod
1187 2727 1240 2782 in
1277 2729 1614 2784 caeremoniis
1647 2727 1860 2794 clausit,

273 2830 442 2870 nemo
479 2818 704 2885 aperiet.

351 2909 517 2962 Vens.
547 2909 638 2962 24.
659 2939 730 2949 -
765 2910 832 2963 Et
854 2913 1167 2978 suspendam
1202 2926 1375 2979 super.
1411 2909 1562 2964 Unde
1599 2909 1655 2964 in
1680 2908 1860 2964 Evam-

275 3001 418 3070 gelio
447 3020 458 3054 :
489 3001 672 3056 Omnis
695 3004 917 3074 populus
943 3005 1196 3074 pendebat
1235 3019 1300 3058 ea:
1329 3019 1410 3056 eo.
1439 3001 1610 3056 Hodie
1648 3016 1862 3071 quoque

278 3095 348 3150 ad
374 3097 597 3150 verbum
634 3097 909 3167 sapientia:
946 3095 1062 3164 ejus
1089 3095 1344 3166 pendent.

351 3184 621 3241 Vens.25.
637 3189 994 3258 —Auferetur
1012 3187 1264 3256 paxillus.
1287 3186 1418 3252 Quae
1441 3185 1712 3252 dicuntur,
1728 3192 1860 3251 etc.,

276 3292 442 3347 usque
465 3277 534 3331 ad
565 3276 738 3334 Judaei
765 3288 1147 3334 convertentur
1177 3278 1245 3332 ad
1273 3276 1456 3331 ﬁdem.

842 3367 1068 3425 CAPUT
1107 3367 1294 3422 XXIII.

353 3459 514 3516 Vens.
549 3461 602 3514 1.
632 3490 705 3500 -
733 3459 880 3514 Onus
922 3459 1067 3529 Tyri.
1101 3459 1277 3530 Tyrus
1304 3456 1634 3513 nobilissima
1669 3457 1860 3512 civitas

274 3549 731 3619 Chananaaorum,
769 3563 902 3617 etc.,
931 3569 1092 3622 usque
1119 3553 1187 3606 ad
1230 3553 1371 3606 hanc
1413 3551 1686 3606 miseriam
1723 3566 1862 3620 pra:-

275 3643 412 3698 dicit
434 3643 602 3699 lsaias
637 3663 648 3698 :
678 3643 824 3699 Onus
852 3642 999 3714 Tyri,
1036 3652 1139 3698 etc.
1661 3715 1666 3718 _

352 3730 581 3786 Ululate.
605 3732 664 3787 In
687 3731 875 3788 Graeco
896 3733 1136 3803 apertius
1156 3751 1169 3787 :
1188 3731 1420 3797 Ululate,
1444 3747 1612 3788 naves
1631 3732 1862 3787 Cartha-

273 3824 457 3894 ginis:
486 3838 601 3889 vos,
633 3824 857 3888 scilicet,
901 3824 993 3894 qui
1036 3823 1235 3894 Tyrum
1276 3825 1461 3878 venire
1505 3824 1862 3880 consuevistis

273 3927 444 3967 causa
467 3915 873 3986 negotiationis.
898 3914 1172 3985 Carthago
1199 3913 1410 3969 colonia
1437 3913 1540 3969 fuit
1566 3913 1764 3985 Tyriis,
1792 3915 1860 3970 ab

271 4001 361 4056 eis
392 4010 705 4058 constructa
741 4012 795 4056 et
829 4003 993 4058 culta.

353 4091 527 4147 Naves
558 4095 740 4148 maris.
781 4094 1043 4150 Hebraice
1073 4093 1318 4160 Tharsis,
1352 4095 1405 4152 id
1434 4105 1519 4152 est
1559 4096 1858 4166 exploratio

272 4182 458 4253 gaudii
487 4183 571 4237 vel
593 4185 998 4255 contemplatio,
1029 4185 1156 4254 quia
1179 4185 1361 4254 gaudii
1395 4187 1778 4257 contemplatio
1807 4195 1863 4243 et

277 4272 484 4328 laetitiae
510 4283 752 4330 vertetur
779 4277 830 4330 in
862 4276 1149 4349 lacrymas.

349 4362 512 4420 Vnus.
555 4364 1005 4436 5.—Negotiatio.
1046 4367 1253 4440 (Ηιειι.)
1296 4367 1696 4440 Negotiaeores,
1723 4377 1860 4436 etc.,

273 4471 440 4526 usque
469 4456 538 4510 ad
559 4458 708 4513 etde
737 4458 858 4514 aliis
887 4460 1034 4514 vitiis
1061 4461 1128 4514 ad
1169 4461 1274 4515 alia
1313 4469 1614 4515 transeunt.

352 4544 537 4601 Semen
580 4547 694 4602 Nili
718 4552 898 4603 messis
926 4553 1159 4618 [luminis
1206 4551 1401 4619 fruges,
1434 4559 1541 4605 etc.
1597 4551 1686 4604 Sic
1729 4566 1859 4605 con-

277 4637 507 4690 struitur
541 4654 556 4688 :
586 4651 768 4690 semen
809 4637 913 4690 Nili
953 4637 1187 4692 ﬂuminis
1215 4648 1333 4692 erat
1362 4639 1554 4694 messis
1580 4648 1636 4693 et
1678 4637 1858 4708 fruges

278 4727 414 4798 ejus,
445 4725 651 4780 scilicet
677 4726 825 4797 Tyri.
841 4727 1004 4782 Terra
1018 4726 1463 4794 Chananaeorum,
1487 4730 1541 4784 in
1564 4747 1669 4801 qua
1685 4730 1859 4802 Tyrus

278 4826 382 4881 est,
417 4815 666 4872 infertilis
687 4826 770 4872 est
794 4836 808 4872 :
839 4817 1126 4888 Egyptus,
1149 4835 1306 4889 quam
1335 4821 1526 4892 irrigat
1553 4819 1723 4887 Nilus,
1753 4821 1861 4877 fer-

283 4907 394 4961 tilis
429 4906 700 4977 frugibus,
732 4923 866 4977 quas
890 4907 1065 4979 Tyrus
1083 4911 1150 4965 ab
1180 4909 1448 4982 {Egyptiis
1471 4912 1855 4968 commutabat.

355 4999 515 5052 Vens.
535 4997 857 5053 4.-—-Mare.
876 4999 1068 5054 Saaculi
1101 5001 1307 5056 scilicet
1337 5002 1391 5056 in
1412 5018 1519 5070 quo
1549 5019 1712 5072 parva
1737 5004 1858 5058 ani-

281 5089 444 5144 malia
461 5104 582 5144 cum
599 5091 828 5160 magnis,
850 5091 1014 5146 draco
1027 5091 1208 5162 (quem
1229 5091 1489 5149 Dominus
1516 5092 1768 5148 formavit
1793 5095 1861 5148 ad

215 5169 222 5180 ’
282 5181 609 5238 illudendum
639 5181 711 5253 ei)
739 5183 926 5239 videns
951 5198 1044 5238 eos
1067 5199 1098 5237 a
1121 5184 1468 5239 venatoribus
1488 5183 1691 5240 Christi
1717 5186 1858 5254 capi,

285 5274 430 5339 quia
457 5273 791 5328 daemonibus
829 5272 1049 5328 fuerunt
1070 5275 1234 5344 capti,
1275 5274 1409 5329 dicit
1439 5275 1726 5330 contraria:
1751 5276 1860 5330 for-

282 5366 496 5421 titudini
514 5375 827 5422 venatorum
851 5367 1034 5439 (quam
1054 5368 1320 5440 significat
1333 5367 1520 5439 Sidon)
1537 5385 1551 5423 :
1568 5367 1859 5436 Erubesce,

282 5451 472 5513 Sidon.
1657 5481 1662 5486 α

355 5547 478 5603 Non
514 5551 788 5619 parturivi.
826 5549 990 5618 Quasi
1018 5551 1222 5606 diceret
1254 5569 1266 5604 :
1301 5549 1443 5604 Nihil
1487 5551 1690 5621 profuit
1735 5568 1860 5622 par-

281 5638 503 5701 turisse,
553 5639 825 5708 peperisse
855 5649 910 5694 et
955 5641 1224 5696 enutrisse
1250 5639 1497 5710 juvenes,
1527 5642 1652 5711 quia
1688 5640 1860 5712 Tyrus

282 5729 402 5786 sine
438 5730 744 5786 defensione
775 5743 932 5802 capta
971 5744 1073 5788 est.

359 5819 516 5878 Vsus.
627 5854 697 5863 —
724 5823 856 5879 Cum
885 5826 1121 5881 auditum
1145 5827 1302 5896 fuerit
1350 5829 1404 5882 in
1446 5827 1701 5900 Egypto,
1747 5837 1856 5884 etc.

1883 4599 1937 4658 D

1969 623 2118 689 titur,
2150 625 2274 694 quia
2305 641 2410 679 una
2435 636 2588 696 capta
2619 625 2722 681 alia
2762 626 3114 696 pertimescit,
3147 635 3202 681 et
3235 626 3288 679 in
3320 623 3544 680 alterius

1963 715 2279 773 confusione
2308 717 2479 773 altera
2509 733 2566 774 se
2591 719 2906 788 capiendam
2947 719 3128 774 sentit.
3369 779 3372 782 ,

2035 811 2196 865 Vnus.
2221 812 2274 865 6.
2295 842 2365 852 —
2386 810 2648 878 Transite,
2690 813 2909 880 ululate,
2947 814 3038 882 qui
3073 812 3338 866 habitatis.
3389 810 3547 885 Sicut

1962 917 2121 971 supra
2163 901 2366 956 dictum
2415 910 2539 968 est,
2589 918 2714 958 cum
2768 917 2876 957 non
2920 909 3141 973 possent
3190 900 3544 956 Nabuchodo-

1959 1007 2122 1048 nosor
2159 993 2442 1058 resistere,
2496 993 2887 1048 festinaverunt
2913 993 3004 1062 qui
3043 1000 3337 1062 potuerunt
3379 1007 3544 1045 naves

1959 1086 2358 1142 conscendere:
2388 1085 2478 1140 alii
2515 1093 2892 1158 remanserunt
2931 1085 2987 1140 in
3017 1085 3253 1140 civitate.

2028 1174 2190 1231 Vsus.
2222 1177 2274 1230 7.
2321 1206 2391 1216 —
2429 1175 2679 1247 Nunquid
2712 1193 2813 1230 non
2833 1177 2942 1230 haec
2962 1185 3130 1229 vestra
3157 1183 3268 1239 est,
3293 1189 3408 1246 qua:
3436 1172 3548 1243 glo-

1958 1268 2196 1321 riabatur
2217 1285 2248 1321 a
2271 1267 2451 1321 diebus
2478 1268 2710 1338 pristinis
2749 1268 2803 1321 in
2845 1267 3188 1338 antiquitate,
3223 1275 3329 1321 etc.
3384 1263 3544 1330 Quasi

1958 1358 2215 1414 diceret:
2263 1359 2388 1414 Hzec
2444 1359 2564 1414 ideo
2624 1360 2912 1429 praecipio,
2991 1361 3118 1428 quia
3187 1359 3318 1413 urbs
3369 1365 3548 1411 vestra

1957 1450 2154 1523 Tyrus,
2182 1451 2424 1520 deposito
2445 1467 2631 1507 errore
2652 1453 2846 1515 veteri,
2861 1452 3112 1508 transibit
3140 1453 3206 1505 ad
3239 1451 3544 1504 veritatem.

2027 1541 2190 1598 Vens.
2221 1543 2274 1598 8.
2303 1572 2373 1583 —
2421 1542 2692 1614 Principes
2738 1545 3001 1598 institores
3026 1531 3140 1614 ejus
3166 1542 3349 1612 inclyti
3371 1552 3546 1609 teme,

1957 1639 2065 1688 etc.
2081 1633 2202 1705 (ln.)
2229 1634 2374 1688 lnter
2389 1635 2524 1690 alios
2562 1637 2945 1710 negotiatores,
2967 1635 3052 1691 vel
3072 1637 3233 1690 etiam
3261 1635 3313 1688 in
3343 1633 3547 1704 regnis.

2031 1722 2193 1778 Vnus.
2217 1726 2270 1779 9.
2297 1755 2369 1766 —
2409 1727 2491 1779 Ad
2531 1728 2871 1796 ignominiam
2911 1727 3188 1782 deduceret
3213 1710 3548 1789 ,-etc.'Non

1960 1815 2223 1870 Dominus
2269 1815 2577 1886 ignominiae
2616 1825 2807 1870 auctor
2859 1825 2962 1881 est,
3005 1817 3096 1868 sed
3133 1815 3274 1883 quod
3325 1813 3552 1884 ignomi-

1888 1887 1936 1948 Β
1965 1909 2176 1963 niosum
2207 1915 2291 1962 est
2340 1907 2596 1973 ostendit,
2650 1907 2946 1962 secundum
2999 1907 3169 1961 illud:
3211 1903 3552 1959 Contamina-

1967 1999 2104 2054 tione
2149 1998 2521 2052 contaminabit
2558 2016 2710 2063 eum,
2754 2014 2860 2053 non
2898 1997 3041 2067 quod
3072 1996 3326 2053 sacerdos
3365 2002 3551 2048 conta-

1966 2091 2278 2146 minationis
2301 2098 2490 2145 auctor
2512 2090 2602 2155 sit,
2634 2090 2728 2145 sed
2757 2091 2900 2158 quod
2940 2087 3177 2143 ostendit
3216 2086 3549 2141 contamina-

1965 2193 2078 2239 tum
2100 2199 2223 2238 eum
2262 2197 2420 2251 quem
2446 2181 2704 2236 mundum
2727 2181 2990 2250 putabant
3021 2176 3192 2232 multi.

2035 2273 2199 2329 Vens.
2230 2274 2316 2328 10.
2338 2303 2410 2314 -
2437 2271 2500 2344 .F
2503 2272 2697 2326 lumen.
2742 2270 3183 2341 Babyloniorum.
3237 2266 3406 2337 Super
3449 2267 3550 2336 [lu-

1964 2367 2110 2420 mina
2135 2364 2418 2435 Babylonis
2459 2363 2565 2418 illic
2589 2363 2818 2418 sedimus
2842 2371 2890 2415 et
2913 2361 3170 2430 ﬂeuimus,
3215 2358 3340 2411 dum
3377 2373 3548 2410 recor-

1965 2459 2215 2512 daremur
2248 2456 2377 2513 Sion
2404 2454 2576 2528 (Psal.
2618 2455 2858 2523 cxxxvr).

2037 2548 2317 2620 Cingulum
2347 2548 2486 2602 ultra
2511 2547 2623 2601 tibi.
2674 2547 2952 2601 Fortitudo
2990 2544 3298 2608 resistendi,
3334 2543 3548 2612 cingulo

1962 2641 2110 2694 enim
2157 2639 2367 2694 lumbos
2405 2638 2782 2709 restringimus
2813 2655 2825 2690 :
2854 2637 2908 2691 in
2936 2635 3134 2691 lumbis
3178 2634 3547 2690 fortitudinem

1963 2731 2166 2786 habere
2195 2732 2443 2786 dicimur.

2036 2820 2196 2878 Vens.
2223 2823 2308 2876 11.
2337 2852 2408 2862 -
2433 2820 2973 2891 Conturbavit-regna.
3020 2819 3238 2898 Scilicet
3267 2817 3548 2889 [Egyptio-

1965 2929 2084 2966 rum
2120 2922 2176 2968 et
2230 2912 2604 2978 Moabitarum,
2655 2921 2708 2968 et
2757 2913 2986 2966 aliarum
3015 2911 3069 2966 in
3111 2910 3360 2966 circuitu.
3405 2910 3548 2980 Tyro

1963 3004 2108 3057 enim
2141 3013 2298 3071 capta
2328 3012 2382 3057 et
2409 3005 2691 3066 subversa,
2735 3003 2839 3056 alia
2873 3017 3037 3073 regna
3075 3000 3395 3055 conturbata
3421 3007 3546 3052 sunt

1966 3093 2178 3147 timore.
2205 3091 2450 3162 Regnum
2482 3106 2696 3161 quoque
2729 3091 2948 3162 Egypti
2989 3107 3088 3160 pro
3119 3092 3379 3146 subversa
3403 3089 3548 3160 Tyro

1968 3185 2153 3240 datum
2187 3194 2271 3239 est
2298 3183 2809 3237 Nabuchodonosor.

2041 3276 2206 3333 Vens.
2231 3277 2319 3331 '12.
2345 3307 2414 3316 ——
2453 3274 2594 3329 Filia
2621 3273 2854 3330 Sidonis.
2891 3273 3012 3344 (ln.)
3040 3275 3098 3328 ln
3125 3283 3270 3328 terra
3291 3273 3544 3330 Chanaan

1964 3375 2092 3423 sunt
2136 3367 2311 3439 Tyrus
2345 3373 2400 3421 et
2430 3365 2634 3431 Sidon;
2681 3365 2861 3419 unde:
2897 3363 3084 3418 Mulier
3117 3362 3417 3418 Chananaza
3455 3377 3550 3416 ex-

1964 3459 2061 3513 ivit
2111 3459 2178 3514 de
2215 3456 2414 3512 ﬁnibus
2442 3456 2572 3527 Tyri
2615 3465 2671 3510 et
2700 3453 2917 3511 Sidonis
2953 3469 3249 3510 occurrens
3278 3443 3546 3508 salvatori

1965 3549 2182 3620 (Matth.
2225 3549 2338 3617 1v).

1965 3667 2002 3680 --
2036 3640 2364 3709 Transfreta.
2391 3638 2548 3718 Saepe
2595 3638 2842 3695 videmus
2869 3637 3129 3709 quosdam
3182 3653 3214 3691 a
3260 3637 3543 3708 proposito

1962 3750 2062 3791 suo
2093 3734 2329 3788 transire
2371 3731 2437 3787 ad
2466 3732 2629 3796 aliud,
2664 3747 2694 3786 a
2737 3732 2929 3786 militia
2966 3732 3032 3785 ad
3072 3729 3492 3800 negotiationem
3528 3748 3540 3783 :

1962 3840 1994 3878 a
2019 3824 2199 3879 causis
2235 3824 2302 3877 ad
2331 3838 2483 3877 arma
2531 3831 2739 3876 mutant
2769 3822 3112 3886 industriam,
3141 3829 3201 3874 ut
3229 3829 3435 3874 mutent
3465 3820 3544 3874 in-

1961 3915 2295 3970 felicitatem.
2340 3913 2465 3977 Sed,
2508 3913 2618 3968 Deo
2643 3915 3022 3983 dispensante,
3065 3912 3246 3967 omnia
3285 3912 3547 3968 eveniunt

1963 4006 2254 4067 contraria,
2298 4014 2356 4058 ut
2381 4020 2479 4074 per
2525 4005 2773 4060 miserias
2801 4006 2974 4060 coacti
3013 4021 3120 4060 non
3161 4003 3217 4058 in
3247 3999 3460 4070 se,°sed
3484 4000 3542 4056 in

1965 4096 2194 4150 Domino
2232 4104 2480 4151 creatore
2517 4096 2809 4150 conﬁdant.

2057 4188 2216 4245 Vsus.
2254 4188 2600 4243 l5.—Talts
2646 4188 2866 4259 populus
2911 4205 3011 4241 non
3065 4187 3186 4256 fuit.
3242 4185 3423 4255 Usque
3473 4185 3541 4239 ad

1963 4289 2191 4336 mortem
2252 4279 2750 4334 Nabuchodonosor
2805 4276 3085 4332 fortissimi
3142 4291 3302 4347 super
3351 4291 3539 4332 omnes

1960 4373 2196 4429 Chaldaei
2225 4381 2279 4425 et
2324 4371 2568 4441 Assyrii;
2627 4379 2814 4442 postea
2861 4369 3087 4441 populus
3125 4368 3434 4425 Graecorum
3477 4379 3537 4438 get

1961 4461 2330 4515 Romanorum
2369 4459 2561 4514 fortior
2593 4460 2713 4515 fuit.

2033 4549 2398 4620 Suﬂoderunt.
2427 4549 2651 4617 Quando
2690 4549 3181 4606 Nabuchodonosor
3223 4548 3427 4620 Tyrum
3454 4549 3538 4603 in-

1967 4641 2107 4696 vasit
2155 4641 2400 4711 navigio,
2451 4656 2557 4695 non
2616 4640 2788 4696 solum
2833 4656 3070 4707 murum,
3111 4640 3205 4696 sed
3252 4648 3306 4694 et
3356 4640 3545 4695 domos

1968 4733 2264 4797 subvertit;
2304 4740 2357 4787 et
2396 4747 2516 4801 quae
2559 4740 2676 4786 erat
2697 4731 2987 4801 negotiatio
3023 4731 3349 4808 civitatum,
3398 4727 3543 4785 facta

1967 4832 2052 4877 est
2084 4836 2182 4891 per
2217 4823 2553 4892 septuaginta
2578 4837 2748 4877 annos
2790 4822 3013 4877 siccatio
3052 4835 3393 4892 sagenarum.

2041 4914 2201 4970 Vsus.
2236 4915 2323 4969 M.
2357 4945 2426 4955 —
2457 4914 2632 4970 Naves
2654 4914 2970 4980 maris,'etc.
3004 4914 3269 4970 Hebraice
3297 4912 3543 4980 Tharsis,

1969 5017 2074 5064 etc.
2084 5049 2098 5072 ,
2113 5024 2273 5078 usque
2286 5007 2354 5060 ad
2371 5008 2454 5061 vir
2466 5007 2863 5062 ecclesiasticus
2876 5007 3104 5062 destruit
3122 5014 3177 5059 et
3187 5004 3402 5071 subjicit
3417 5005 3540 5060 sibi.

1965 5101 1970 5107 '
2041 5099 2203 5154 Vens.
2230 5097 2735 5168 15.—Septuaginta
2757 5099 2930 5152 annis.
2959 5095 3542 5168 (Htsu.)Tyrusquon-

1969 5189 2090 5244 dam
2120 5189 2594 5258 angustiata,etc.,
2615 5188 2874 5259 usquead
2904 5187 3024 5257 quis
3057 5187 3188 5257 ergo
3206 5202 3314 5241 non
3346 5177 3545 5264 habeat

1967 5295 2114 5350 spem
2158 5280 2379 5346 salutis,
2412 5281 2458 5335 si
2501 5281 2639 5337 bene
2684 5279 2964 5345 cecinerit,
3011 5279 3058 5334 si
3101 5281 3352 5358 chordas,
3380 5280 3542 5335 idest

1966 5375 2213 5439 virtutes,
2237 5373 2377 5429 bene
2395 5373 2798 5446 composuerit?

1959 5455 1962 5458 ’
2038 5464 2160 5536 (ln.)
2193 5464 2538 5536 Septenarius
2585 5476 2640 5520 et
2673 5466 3117 5536 septuagesimus,
3169 5467 3258 5534 qui
3292 5467 3376 5522 vel
3421 5469 3540 5523 sin-

1964 5555 2104 5626 gulis
2135 5556 2343 5622 diebus,
2389 5558 2473 5612 vel
2505 5565 2710 5626 septem
2754 5555 3042 5611 decadibus
3085 5557 3382 5625 perﬁcitur,
3415 5574 3538 5628 per-

1962 5647 2158 5703 fectam
2188 5649 2456 5720 signiﬁcat
2484 5647 2880 5718 paenitentiam,
2904 5656 2980 5713 ut,
3008 5657 3249 5718 tempore
3274 5650 3538 5720 poeniten-

1964 5739 2050 5793 tia
2089 5741 2322 5810 expleto,
2349 5740 2471 5810 jure
2497 5736 2670 5809 Tyrus
2713 5739 2780 5796 ad
2807 5740 3090 5810 antiquum
3128 5749 3327 5796 statum
3380 5743 3534 5798 resti-

1963 5837 2163 5886 tuatur.
