4028 6332
608 432 746 491 ηδτ

1098 430 1484 488 WALAFBIDI
1524 428 1767 486 STRABI
1804 427 2007 485 FULI).
2049 428 2214 485 ΜΘΝ.
2252 426 2405 485 OPP.
2448 424 2629 485 PARS
2666 427 2707 485 Ι.
2744 454 2818 475 -
2854 426 3310 487 THEOLOGICA.

608 546 617 555 '
690 540 966 598 Canticum
1006 543 1315 597 meretricis.
1360 542 1492 609 Quae
1538 542 1607 597 ab
1649 542 1978 598 amatoribus
2027 544 2178 598 dere-
2200 547 2252 607 Α
2278 555 2343 597 ex
2378 556 2487 611 quo
2539 542 2802 611 ascendit,
2845 542 2901 597 in
2932 536 3060 598 aere
3108 541 3336 611 sedebit,
3373 544 3425 599 in
3446 548 3570 603 nube
3604 556 3751 613 regis;

602 634 728 691 licta
772 635 907 691 solet
947 634 1185 691 carmina
1228 634 1282 689 in
1332 633 1755 690 consolationem
1806 649 2130 705 componere
2150 674 2167 701 ,

602 734 658 782 et
688 727 961 797 praeterita
990 738 1414 781 commemorare
1437 765 1453 791 ,
1495 725 1574 781 sic
1617 734 1672 780 et
1720 723 1894 797 Tyrus
1926 740 2168 781 reversa.

668 816 836 876 Vm.
884 818 971 874 l6.
1004 848 1074 861 -ι
1099 817 1261 875 Sume
1298 818 1395 872 tibi
1439 818 1715 873 citharam.
1767 817 1913 885 Quas
1952 818 2025 873 de
2069 819 2172 874 hoc

600 928 765 970 onere
794 921 1094 984 sequuntur
1131 912 1197 966 ad
1239 910 1605 967 reversionem
1635 909 1763 982 Tyri
1796 917 2059 981 spectant.

670 1008 810 1062 Bene
858 1023 1004 1071 cane,
1033 1006 1345 1077 frequenter,
1380 1014 1485 1061 etc.
1526 1003 1795 1059 Admonet
1833 1018 1952 1057 eam
1992 1002 2171 1058 canti-

601 1116 722 1157 cum
749 1100 1086 1155 miseriarum
1112 1112 1335 1153 suarum
1370 1110 1587 1168 θεωρεῖ·
1611 1107 1850 1162 cantare,
1876 1110 1947 1150 ne
1972 1096 2169 1151 itemm

599 1192 787 1249 eadem
819 1193 1079 1264 patiatur.
1104 1190 1303 1247 Dicunt
1329 1191 1471 1245 enim
1504 1190 1646 1245 hanc
1673 1202 1794 1244 esse
1827 1190 2047 1244 musicae
2072 1204 2169 1244 na-

600 1296 773 1343 turam
800 1304 812 1339 :
839 1284 884 1340 si
902 1285 1079 1341 laetum
1101 1283 1385 1350 invenerit,
1404 1283 1662 1339 lzetiorem
1686 1278 1845 1349 facit;
1869 1280 1917 1337 si
1938 1281 2165 1347 tristem,

599 1380 892 1437 tristiorem
920 1376 1111 1453 reddit,

666 1468 831 1526 Vens.
863 1468 1116 1526 18.-—Et
1142 1478 1293 1525 erunt
1316 1464 1688 1541 negotiationes
1713 1464 1849 1537 ejus,
1883 1472 1937 1520 et
1976 1480 2171 1519 merce-

595 1560 685 1614 des
714 1562 847 1631 ejus.
880 1559 1033 1617 Sicut
1071 1558 1203 1617 dicit
1246 1559 1606 1632 Hieronymus
1651 1558 1705 1613 ln
1744 1556 1996 1624 Jeremia,
2035 1566 2165 1624 etc.,

596 1664 758 1725 usque
783 1651 852 1706 ad
882 1652 1159 1708 mercedes
1187 1652 1415 1707 Domino
1441 1648 1903 1705 sacriﬁcaverunt.

1156 1740 1382 1798 CAPUT
1416 1738 1604 1796 XXIV.

672 1829 831 1887 Vsus.
884 1829 1149 1887 L-Ecce
1178 1831 1434 1886 Dominus
1476 1827 1723 1892 nudabit,
1781 1836 1884 1884 etc.
1917 1824 2165 1897 Clima.)

2345 634 2617 700 Quomodo
2642 636 2688 689 si
2713 650 2894 705 paucas
2914 635 3084 702 suae,
3122 646 3231 691 etc.
3258 634 3442 693 Peneis
3458 640 3752 709 validis,“

2271 725 2577 795 persecutio
2598 726 2867 781 voraverit
2886 734 3087 781 terra.
3107 767 3122 793 ,
3158 734 3283 790 em,
3326 744 3480 798 «me
3494 731 3556 783 ad
3574 733 3755 795 ωηιυά

2268 798 2486 891 unoque
2504 819 2731 875 racemis
2750 819 2836 872 vix
2862 820 3019 890 pauci
3044 826 3327 875 remanent
3340 819 3393 874 in
3410 820 3588 876 vitibus
3604 828 3750 885 mis.

2347 913 2506 968 Vsus.
2532 912 2620 967 14.
2645 942 2717 953 --
2756 912 2919 984 Atque
2962 912 3253 979 laudabunt
3295 929 3314 967 :
3359 929 3469 989 cum
3506 914 3755 984 glwiﬁam

2271 1005 2429 1076 fuerit
2471 1005 2747 1060 Dominus.
2794 1004 2916 1076 (Ie.)
2956 1005 3280 1059 Laudabunt
3330 1005 3418 1074 qui
3462 1015 3671 1074 potorum
3697 1027 3755 1066 rs-

2272 1110 2489 1151 manere
2515 1105 2570 1151 et
2610 1110 2926 1166 pressuram
2953 1095 3273 1153 Antichristi
3314 1094 3510 1166 fugere,
3532 1096 3606 1152 vel
3645 1101 3754 1158 udo.

2271 1198 2385 1240 rem
2425 1185 2755 1243 imminentis
2788 1186 3065 1256 gehennam
3202 1218 3207 1223 -

2342 1272 2609 1329 Hinnient.
2632 1275 2905 1346 Equorum
2928 1274 3298 1342 similitudine,
3326 1272 3513 1332 iustitiae
3526 1279 3756 1348 gestientes

2274 1367 2721 1438 magnitudinem.

2342 1457 2502 1514 Vsus.
2524 1460 2614 1514 16.
2659 1488 2729 1501 --
2756 1459 2801 1512 Α
2841 1460 3034 1530 ﬁnibus
3076 1469 3253 1527 terrm,
3296 1460 3472 1516 laudes
3511 1463 3754 1532 audivimus,

2267 1547 2491 1619 gloriam
2515 1548 2670 1620 justi.
2696 1550 2753 1605 ln
2782 1550 3030 1618 Hebme,
3064 1551 3170 1606 alis
3196 1561 3368 1605 teme.
3407 1552 3511 1607 Mc
3539 1564 3682 1608 autem
3701 1554 3757 1611 vel

2269 1634 2404 1691 ﬁnes
2427 1645 2607 1703 terrm,
2640 1639 2912 1708 propheta:
2937 1650 3063 1695 sunt
3098 1649 3154 1695 et
3181 1640 3424 1711 apostoli,
3444 1641 3529 1712 qui
3565 1643 3757 1699 detene-

2269 1726 2355 1782 nis
2380 1727 2446 1781 ad
2478 1728 2717 1783 omlestia
2748 1729 2964 1797 velant,
3004 1738 3063 1785 et
3086 1732 3412 1802 quibusdem
3448 1741 3755 1802 praceptorum

2269 1816 2468 1875 ﬁnibus
2498 1818 2713 1875 vivendi
2752 1820 2971 1876 modun
2998 1823 3317 1878 terminant.
3350 1823 3531 1878 Dicunt
3550 1838 3656 1894 ergo
3672 1839 3753 1879 sut-

592 1920 722 1977 Post
801 1922 1087 1993 specialem
1157 1920 1397 1993 gentium
1469 1919 1799 1991 singularum
1867 1918 2166 1988 correptio-
2193 1926 2241 1988 Β
2268 1911 2339 1967 cti
2376 1911 2567 1968 :Sicut
2602 1928 2632 1967 a
2663 1914 2941 1984 prophetis
2984 1922 3039 1969 et
3084 1915 3343 1985 apostolis
3392 1916 3678 1980 audivimus,
3707 1915 3756 1969 sic

592 2026 748 2077 nem,
800 2024 902 2068 etc.
942 2055 957 2080 ,
1016 2026 1176 2083 usque
1220 2010 1291 2066 ad
1332 2010 1708 2085 Egyptiorum
1765 2018 1820 2067 et
1867 2010 2162 2066 multorum

592 2102 818 2159 aliorum
855 2104 924 2159 ad
970 2102 1220 2175 generale
1263 2116 1401 2158 onus
1443 2101 1632 2173 iudicii
1668 2101 1896 2157 ertremi
1942 2102 2157 2157 transit.

658 2196 819 2255 Vens.
846 2197 898 2251 2.
938 2208 1009 2238 -'-
1038 2196 1174 2252 Erit.
1216 2196 1356 2269 (ln.)
1398 2195 1598 2253 Omnes
1632 2194 1881 2251 similiter
1921 2196 2007 2251 vel
2061 2209 2162 2266 pro

588 2288 745 2344 bonis
776 2289 1282 2351 remunerabuntur,
1306 2286 1391 2344 vel
1416 2302 1515 2360 pro
1550 2288 1707 2345 malis
1736 2289 2156 2345 damnabuntur.

591 2376 744 2435 Nulla
789 2380 1074 2436 diversitas
1124 2382 1229 2436 erit
1268 2380 1408 2437 inter
1445 2380 1678 2437 nobilem
1722 2389 1782 2436 et
1830 2382 2158 2457 ignobilem,

591 2472 926 2526 sacerdotem
974 2481 1029 2528 et
1066 2473 1294 2539 laicum,
1339 2487 1556 2529 servum
1604 2480 1661 2527 et
1704 2472 2001 2538 dominum,
2053 2484 2157 2530 etc.

587 2564 787 2621 Omnes
811 2565 955 2620 enim
982 2578 1206 2637 exzequo
1248 2566 1468 2621 stabunt
1492 2572 1618 2620 ante
1652 2566 1887 2620 tribunal
1918 2566 2157 2631 Christi;

586 2673 688 2713 nec
715 2658 818 2712 erit
843 2656 1085 2727 acceptio
1119 2672 1473 2726 personarum
1508 2656 1649 2728 apud
1677 2652 1866 2711 Deum.

658 2747 749 2803 Sic
778 2747 1038 2801 sacerdos.
1072 2747 1253 2801 Bonus
1287 2746 1515 2817 populus
1555 2762 1678 2802 cum
1709 2746 1853 2802 bono
1882 2747 2165 2803 sacerdote

586 2838 846 2911 percipiet
879 2851 1134 2892 coronam
1160 2838 1313 2903 vitae;
1347 2838 1471 2893 mali
1502 2837 1661 2894 simul
1683 2839 2025 2894 sustinebunt
2052 2848 2164 2895 tor-

588 2912 767 2987 menta
794 2929 1051 3001 gehennae
1090 2929 1211 2984 sine
1238 2931 1549 3001 acceptione
1574 2944 1841 3001 personae.

659 3016 841 3073 Terra.
873 3018 1008 3089 (in)
1050 3016 1295 3076 Terrena
1339 3032 1503 3095 opera
1548 3021 1613 3075 ad
1650 3020 1873 3077 nihilum
1918 3022 2164 3095 redigen-

586 3118 698 3177 tur,
726 3120 786 3165 ut
813 3111 1011 3168 abolita
1057 3113 1293 3186 imagine
1339 3114 1539 3170 terreni
1586 3115 1822 3172 hominis
1846 3125 2164 3186 permaneat

2267 2004 2427 2060 modo
2466 2003 2739 2075 impletum
2767 1994 3031 2060 videmus;

2340 2091 2610 2148 Sacrorum
2628 2110 2800 2149 neunt
3006 2094 3129 2167 (19.)
3162 2080 3271 2151 Nec
3290 2104 3465 2166 potest
3484 2095 3620 2166 plene
3641 2110 3755 2150 emr-

2267 2199 2390 2239 rare
2417 2185 2634 2255 prtesnia
2653 2187 2938 2252 honorum,
2956 2198 3264 2257 necpmnas
3286 2186 3760 2256 malorummmpre-

2264 2276 2411 2331 videt
2434 2290 2531 2347 per
2556 2276 2837 2346 spiritum;
2878 2285 2938 2332 et
2954 2278 3080 2332 inde
3111 2277 3292 2344 dolet,
3316 2277 3494 2335 dicens
3520 2296 3534 2332 ς
3571 2274 3756 2330 νηπίη

2336 2366 2499 2423 Vens.
2526 2367 2615 2421 17.
2638 2396 2715 2409 --
2738 2366 2991 2423 Formido
3018 2379 3067 2423 et
3096 2368 3269 2439 (om.
3290 2366 3517 2424 Possunt
3556 2369 3648 2423 hec
3680 2376 3758 2424 tam

2268 2456 2338 2512 ad
2364 2465 2605 2526 tempora
2632 2468 2958 2529 martyrum,
2983 2467 3113 2525 ete.,
3138 2474 3310 2531 usque
3330 2460 3398 2515 ad
3438 2460 3512 2517 sic
3530 2461 3668 2517 diem
3694 2460 3757 2514 iet

2266 2547 2321 2603 in
2342 2542 2583 2619 tempore
2609 2548 2946 2605 Antichristi.

2342 2639 2506 2694 Vsus.
2539 2641 2625 2695 18.
2654 2640 2948 2711 -Αριικω
2976 2650 3248 2709 sunt,etc.
3276 2639 3535 2699 Utvideet
3556 2641 3760 2696 Destiti-

2268 2731 2501 2802 quitates
2530 2731 2853 2787 Antichristi
2879 2742 2933 2787 et
2953 2733 3181 2804 iudicet.
3210 2732 3348 2789 Dum
3370 2733 3512 2801 enim
3532 2746 3621 2786 me
3646 2732 3757 2802 puni

2265 2832 2513 2892 peccata,
2546 2837 2606 2877 se
2642 2824 2824 2878 videre
2849 2839 2913 2878 ea
2939 2824 3266 2880 dissimulat.

2338 2912 2707 2970 Fundamenta
2718 2926 2891 2971 rem.
2908 2916 3190 2988 Principes
3204 2918 3406 2985 mli,
3416 2927 3615 2975 senem
3626 2928 3759 2988 opm.

2338 3005 2505 3065 Vens.
2534 3007 2619 3063 19.
2650 3036 2719 3053 -ρ-
2743 3005 3114 3078 Confractione
3144 3011 3509 3082 confriugstw.
3540 3007 3756 3079 lienus“

2269 3107 2416 3156 terra
2452 3102 2724 3173 redigatur
2758 3100 2809 3156 in
2832 3101 3131 3173 pulverem,
3182 3103 3267 3160 vel
3296 3104 3530 3169 nihilum,
3572 3102 3648 3158 sed
3670 3101 3757 3172 qua

586 3203 766 3274 imago
796 3203 1050 3281 caelestis.
1083 3203 1225 3260 Caro
1266 3205 1409 3260 enim
1446 3215 1503 3261 et
1530 3208 1749 3279 sanguis
1800 3220 2024 3281 regnum
2064 3206 2162 3265 Dei

2268 3190 2446 3246 omnia
2476 3199 2696 3247 terrena
2718 3194 3047 3249 transibunt.
3076 3195 3147 3250 Et
3160 3196 3427 3266 quomodo
3450 3194 3611 3251 ebrius
3630 3192 3756 3249 uomit

588 3308 693 3350 non
724 3296 1091 3367 possidebunt,
1134 3298 1261 3370 quia
1284 3300 1514 3371 mortale
1539 3302 1642 3357 hoc
1668 3302 1856 3357 induet
1879 3302 2162 3359 immorta-

2200 3282 2237 3347 Β
2268 3282 2397 3353 quid
2427 3292 2571 3354 agat,
2628 3283 2707 3338 sic
2743 3299 2933 3340 omnes
2956 3287 3049 3357 qui
3072 3298 3365 3343 versentur
3392 3288 3445 3343 in
3486 3296 3611 3342 tem
3640 3284 3763 3340 mlo-

583 3382 813 3447 litatem.

590 3480 595 3489 '
656 3474 821 3534 Vsus.
844 3477 908 3534 ‘6.
936 3510 1009 3522 —
1049 3478 1352 3537 Maledictio
1399 3483 1600 3539 vorabit
1640 3493 1856 3540 terram.
1906 3482 2066 3541 Sicut
2102 3484 2165 3541 in

585 3568 854 3640 principio
907 3569 1181 3627 benedixit
1229 3572 1374 3629 Deus
1419 3574 1570 3629 omni
1627 3585 1959 3642 creatum,’
1993 3576 2071 3631 sic
2108 3576 2167 3631 in

584 3652 693 3715 line
733 3660 1005 3718 maledicit
1040 3663 1125 3720 bis
1154 3665 1245 3735 qui
1290 3666 1490 3721 terreni
1522 3674 1679 3734 sunt;
1734 3680 1833 3722 nec
1869 3668 2162 3739 peregrini,

587 3755 680 3813 sed
713 3753 1048 3813 habitatores
1087 3768 1245 3814 terrae
1278 3776 1291 3815 :
1323 3768 1379 3815 et
1407 3761 1497 3831 qui
1526 3761 1583 3815 lu
1611 3777 1675 3816 ea
1724 3773 1971 3833 peccant,
2011 3762 2164 3822 obliti

587 3850 916 3909 conditionis
960 3869 1070 3909 suae
1106 3862 1292 3910 contra
1322 3871 1380 3912 se
1403 3866 1590 3912 mutuo
1642 3854 2055 3916 debacchantes.
2096 3854 2164 3919 Et

587 3944 742 4014 pauci
777 3945 1164 4012 remanebunt,
1209 3948 1299 4018 qui
1328 3948 1563 4005 habeant
1591 3950 1879 4023 imaginem
1904 3952 2162 4010 caelestis.

658 4032 820 4090 Vsus.
844 4035 898 4090 7.
920 4066 991 4076 —
1008 4035 1161 4090 Luxit
1186 4039 1461 4104 vindemia,
1493 4042 1759 4113 inﬁrmata
1784 4046 1899 4101 vitis
1926 4057 2021 4102 est.
2038 4048 2163 4123 (lo.)
2209 4060 2219 4069 '

584 4125 641 4183 in
687 4125 1166 4187 consummatione,
1211 4126 1394 4187 mundi
1427 4133 1818 4200 praeteritarum
1847 4135 2162 4194 deliciarum

586 4212 889 4271 recordatio
909 4214 1014 4270 erit
1031 4217 1253 4275 materia
1269 4218 1603 4275 cruciatuum
1622 4238 1637 4293 ;
1660 4223 1819 4284 unde.
1836 4234 2164 4299 purpuratus

585 4308 733 4363 dives
761 4307 851 4379 qui
874 4317 1154 4378 receperat
1176 4310 1317 4366 bona
1340 4311 1394 4367 in
1424 4313 1535 4369 vita
1556 4330 1652 4373 sua
1678 4355 1693 4380 ,
1736 4316 1953 4375 elevans
1981 4319 2166 4387 oculos

587 4398 654 4453 de
672 4397 902 4463 inferno,
920 4399 1367 4458 cernitLazarum
1382 4403 1435 4458 in
1453 4402 1802 4477 ret|uie(Luc.
1825 4410 1962 4481 tux);
1985 4410 2159 4467 unde:

600 4486 690 4544 γω
714 4489 855 4542 vobis
876 4490 967 4559 qui
989 4492 1213 4545 saturati
1236 4494 1380 4561 estis,
1404 4495 1527 4566 quia
1556 4497 1792 4553 esurietis
1824 4498 1973 4571 (Luc.
2003 4503 2099 4573 v1).

650 4578 1021 4655 Ingentuerunt
1044 4599 1217 4637 omnes
1242 4586 1331 4657 qui
1371 4585 1704 4651 la’tabuntur,
1739 4600 1842 4645 etc.
1868 4588 1979 4648 Hoc
2006 4595 2159 4649 testi-

586 4672 826 4727 monium
876 4674 1173 4745 ingerimus
1201 4674 1281 4733 eis
1317 4678 1408 4749 qui
1438 4678 1490 4733 iu
1522 4680 1782 4737 conviviis
1826 4698 1935 4740 non
1988 4682 2161 4743 solum

587 4758 719 4834 gula
741 4770 797 4819 et
841 4764 1133 4833 ebrietate,
1177 4768 1270 4826 sed
1313 4770 1534 4828 auribus
1574 4772 1936 4843 luxuriantur,
1980 4789 2037 4833 ut
2068 4795 2164 4851 per

585 4852 774 4911 omnes
798 4872 993 4914 sensus
1031 4860 1225 4917 animm
1266 4858 1522 4919 fortitudo
1556 4864 1850 4923 mollescat.

656 4946 819 5004 Vsus.
850 4950 931 5009 10.
959 4982 1030 4991 -
1054 4950 1249 5007 Attrita
1274 4967 1347 5008 est
1370 4956 1550 5012 civitas
1572 4958 1834 5017 vanitatis.
1864 4954 2087 5017 Mundus
2108 4963 2162 5021 in

584 5055 691 5110 quo
718 5041 898 5097 omnia
925 5040 1083 5109 vana,
1106 5044 1315 5099 vanitas
1343 5047 1702 5105 vanitatumct
1726 5051 1905 5107 omnia
1930 5055 2161 5111 vallitas.

654 5126 822 5187 Vsus.
858 5133 943 5188 11.
970 5165 1025 5174 -
1069 5130 1281 5190 Clamor
1308 5139 1403 5191 erit
1450 5157 1605 5210 super
1650 5143 1788 5196 riuo.
1821 5140 1925 5199 Per
1952 5144 2163 5215 viuum,

586 5238 858 5289 errorem;
895 5224 1031 5280 ebrii
1059 5227 1203 5282 enim
1227 5238 1432 5285 errant.
1459 5226 1565 5285 Per
1585 5231 1791 5301 plateas
1817 5234 1955 5303 (qua:
1977 5232 2164 5294 Grmce

588 5329 619 5368 a
647 5312 929 5370 latitudine
948 5315 1218 5389 dicuntur)
1251 5320 1543 5389 spatiosum
1571 5330 1624 5375 et
1647 5322 1813 5378 latam
1852 5324 2011 5395 viam,
2045 5344 2165 5398 qua:

587 5404 737 5460 ducit
769 5405 837 5459 ad
866 5415 1121 5472 mortem,
1160 5411 1472 5481 accipimus.
1506 5411 1679 5483 Super
1704 5412 1789 5468 his
1811 5430 1939 5486 ergo
1964 5417 2055 5486 qui
2086 5433 2166 5473 er-

590 5508 847 5561 raverunt
882 5500 938 5557 in
988 5501 1095 5556 lata
1137 5512 1191 5557 et
1243 5505 1481 5574 Spatiosa
1529 5506 1615 5560 via
1652 5504 1813 5575 hujus
1865 5509 2079 5577 saeculi,
2111 5511 2162 5566 in

589 5591 676 5648 die
696 5591 886 5661 judicii
920 5592 1124 5649 clamor
1157 5594 1355 5651 doloris
1381 5597 1503 5653 erit.

660 5680 822 5740 Vsus.
861 5680 947 5739 l3.
974 5715 1046 5726 —
1072 5680 1138 5740 In
1167 5687 1336 5742 medio
1371 5698 1542 5743 terrm.
1571 5686 1891 5759 Jerusalem,
1934 5707 2054 5762 quae
2081 5702 2167 5750 est

589 5774 672 5842 (ut
720 5775 893 5845 aiunt)
937 5772 1224 5833 umbilicus
1274 5787 1449 5834 terrae.
1502 5780 1606 5847 Et,
1662 5790 1941 5837 autumant
1989 5784 2161 5853 multi,

591 5862 715 5937 quia
784 5864 1042 5920 Dominus
1104 5865 1446 5934 iudicaturus
1508 5885 1668 5940 super
1734 5879 1969 5927 montem
2004 5860 2160 5939 'Sion,

2273 3391 2392 3430 rum
2423 3375 2791 3446 magnitudine
2817 3378 2953 3433 ebrii
2978 3388 3141 3434 erunt
3160 3391 3217 3435 et
3232 3381 3515 3452 smpebunt
3536 3379 3595 3434 ad
3611 3376 3756 3433 omnia.

2342 3486 2504 3543 Vsus.
2526 3484 3136 3547 20.—Tabernacatum
3158 3495 3316 3548 unius
3336 3494 3508 3549 noctis.
3532 3486 3635 3564 (ιο.)
3650 3487 3761 3557 Quod

2267 3592 2298 3633 a
2316 3578 2524 3634 viatore
2550 3580 2897 3647 transfertur,
2926 3590 2984 3637 ut
3004 3582 3210 3639 nullum
3236 3596 3504 3641 remaneat
3524 3582 3757 3657 vestigium.

2267 3674 2346 3729 sic
2361 3674 2610 3729 transibit
2627 3675 2793 3747 ﬁgura
2810 3678 2968 3753 hujus
2980 3681 3162 3736 mundi
3180 3678 3233 3752 (1
3248 3678 3368 3738 Cor.
3385 3684 3496 3753 vn),
3510 3680 3762 3736 eterittem

2267 3764 2478 3820 deserta
2506 3774 2566 3821 ut
2592 3780 2699 3823 non
2732 3769 2802 3823 sit
2824 3770 3081 3826 habitatio
3106 3773 3340 3845 amplius
3379 3772 3623 3830 hominum
3643 3770 3682 3824 in
3702 3782 3759 3823 ea.

2342 3856 2503 3912 Vsus.
2532 3856 2621 3912 21.
2644 3889 2715 3898 —
2738 3857 2805 3912 Et
2840 3860 2960 3926 erit,
3015 3871 3120 3917 etc.
3177 3863 3345 3933 Quasi
3388 3863 3572 3918 diceret
3605 3858 3762 3914 :l-‘ene-

2266 3957 2394 4003 stne
2416 3948 2537 4004 caeli
2564 3958 2763 4021 apertae
2784 3958 2928 4016 sunt,
2969 3959 3029 4007 ut
3057 3952 3417 4024 prospiciente
3456 3950 3652 4008 Domino
3688 3956 3761 4000 ter-

2268 4055 2395 4095 rena
2432 4050 2674 4110 peccata,
2701 4043 2878 4101 omnis
2904 4042 3071 4112 ﬁgura
3099 4053 3436 4107 terrenorum
3459 4056 3646 4114 operum
3663 4052 3758 4110 pm-

2268 4142 2438 4188 tercat
2457 4142 2511 4189 et
2540 4141 2780 4202 corruat,
2812 4151 2987 4207 neque
3011 4137 3064 4192 in
3088 4136 3316 4208 pristina
3342 4146 3533 4192 statura
3560 4137 3756 4201 resurgat

2265 4218 2519 4278 Visitahit
2547 4240 2676 4296 ergo
2702 4222 2962 4282 Dominus
3000 4226 3053 4280 in
3105 4228 3192 4282 die
3247 4228 3336 4283 illa
3382 4242 3531 4301 super
3576 4223 3759 4279 militiam

2265 4311 2409 4378 caeli,
2440 4323 2499 4368 ut
2521 4329 2626 4388 non
2654 4316 2826 4373 solum
2857 4326 3091 4383 terrena,
3117 4320 3212 4373 sed
3238 4318 3470 4379 coelestia
3488 4314 3676 4388 judicet.

2336 4402 2503 4474 Super
2526 4384 2784 4460 nﬂliliam.
2819 4406 2941 4479 (ιθ.)
2971 4408 3273 4464 Inebriatus
3301 4420 3375 4465 est
3403 4413 3453 4464 in
3475 4384 3588 4462 caelo
3607 4398 3756 4476 gladius

2264 4510 2427 4548 meus.
2454 4497 2607 4548 Astra
2629 4510 2731 4549 non
2758 4508 2876 4553 sunt
2905 4501 3097 4553 munda
3128 4502 3182 4559 in
3208 4512 3479 4572 conspectu
3505 4499 3618 4569 ejus.
3658 4490 3758 4545 Eli!

2265 4586 2464 4658 angelis
2480 4589 2589 4641 suis
2605 4588 2789 4661 reperit
2802 4592 3105 4663 pravitatem
3145 4591 3279 4664 (Isa.
3298 4586 3594 4657 xxxrv,Iob.
3610 4602 3675 4645 xv.
3688 4582 3753 4649 IV)-

2340 4678 2502 4749 !leges
2532 4690 2704 4735 terrm.
2753 4680 2957 4755 (Hum)
3002 4682 3243 4739 Rectores
3276 4684 3597 4745 tenebrarum,
3628 4682 3754 4729 contra

2264 4770 2561 4843 spiritantia
2609 4773 2850 4845 nequitia
2893 4776 2948 4828 in
2983 4775 3265 4831 caelestibus
3295 4774 3498 4847 (Ep/tes.
3524 4770 3616 4839 vl);
3658 4760 3754 4817 "mle

2267 4864 2321 4918 in
2354 4860 2540 4921 Daniel
2566 4883 2577 4919 :
2601 4860 2741 4920 Eat-iit
2771 4864 2827 4920 in
2854 4882 3127 4921 occursum
3156 4868 3282 4923 mihi
3300 4867 3521 4939 princeps
3542 4857 3657 4931 regni
3670 4852 3754 4907 Ρετ·

2265 4974 2465 5023 sarum,
2487 4969 2532 5011 et
2562 4956 2797 5030 princeps
2822 4959 2966 5029 regni
2992 4958 3262 5014 Medorum
3286 4956 3437 5032 (Dan.
3464 4954 3513 5027 κ)

2338 5042 2502 5102 Vens.
2550 5046 2637 5101 Ἡ.
2668 5078 2737 5088 -
2766 5040 2833 5101 Et
2881 5042 3351 5121 congregabantur:
3395 5046 3521 5127 (1ο.)
3560 5038 3751 5127 οτὶεεηέε

2271 5138 2400 5193 dicit
2420 5140 2582 5208 quod,
2620 5149 2743 5211 post
2762 5136 2901 5195 hanc
2928 5140 3247 5196 sententiam
3279 5159 3290 5194 :
3329 5124 3427 5205 Ite,
3468 5124 3747 5190 ηιαίεάίτιίιίπ

2270 5228 2437 5301 ignem
2469 5240 2713 5285 aternum
2740 5230 2951 5303 (Matth.
2986 5234 3135 5303 xxv),
3163 5240 3282 5305 post
3309 5230 3491 5285 multos
3508 5222 3619 5287 dies,
3639 5218 3747 5273 ἱιιεεῐ

2270 5333 2391 5396 post
2416 5320 2561 5380 mille
2581 5342 2751 5381 annos
2772 5326 3025 5381 visitandi
3053 5320 3391 5383 et'libermdi
3427 5328 3553 5377 sunt.

2200 5404 2209 5413 ’
2262 5414 2508 5489 Ecclesia
2535 5434 2639 5473 non
2670 5418 2880 5488 recipit.
2908 5418 3119 5475 Dictum
3140 5429 3221 5475 est
3238 5420 3405 5474 enim:
3429 5414 3568 5469 Ibunt
3585 5402 3744 5473 impii“

2267 5508 2577 5579 supplicium
2609 5519 2878 5573 retentum,
2910 5510 3045 5579 justi
3076 5521 3247 5565 autem
3289 5511 3340 5563 in
3382 5509 3523 5562 vitam
3561 5500 3743 5579 amuli”

2268 5578 2484 5671 (Matth.
2514 5598 2654 5669 xui).
2694 5598 2845 5669 Quod
2877 5578 3055 5657 autem
3096 5610 3348 5657 teteruum
3400 5605 3472 5652 est
3516 5585 3632 5645 omni
3669 5578 3742 5633 ﬁne

2267 5700 2433 5755 caret,
2466 5704 2520 5744 et
2549 5692 2687 5745 sicut
2715 5690 2966 5763 gaudium
2991 5702 3268 5758 mternum,
3300 5692 3370 5746 ita
3403 5698 3454 5744 et
3477 5676 3738 5755 supplicium-

2338 5780 2485 5839 Unus
2502 5783 2661 5853 fascis
2685 5786 2737 5838 in
2760 5784 2953 5840 lacum.
2980 5787 3128 5842 Unde
3146 5806 3158 5842 :
3179 5784 3391 5857 Alﬁgate
3404 5798 3457 5837 ea
3476 5792 3553 5848 per
3572 5766 3740 5842 fascicu-

2265 5873 2341 5929 los
2368 5874 2437 5929 ad
2462 5877 2884 5933 comburendum.
3350 5872 3355 5877 ξ
