4028 6332
258 426 424 488 1289

1307 424 1574 488 GLOSSA
1611 425 2010 486 0RDINARIA.
2052 457 2121 468 -—
2159 428 2286 490 LIB.
2325 428 2552 495 IS”.

3388 441 3526 496 £270

343 542 421 598 Et
459 551 574 612 post
595 541 806 602 multos.
839 539 1308 612 Nomm
1329 559 1437 600 non
1461 543 1611 602 addit
1638 562 1649 596 :
1680 559 1710 597 a
1731 542 1846 600 Βο-
1875 547 1928 608 Α
1953 541 2057 598 lius
2090 552 2194 610 est,
2237 553 2298 600 ut
2330 545 2532 613 videat,
2580 555 2636 602 et
2667 547 2950 622 erubescat
2983 548 3050 606 de
3089 551 3247 612 malis
3275 554 3407 610 suis.
3451 552 3519 608 Et

255 633 428 692 mino
453 634 538 694 vel
559 631 871 704 abstractis,
901 643 1033 702 etc.,
1065 650 1226 705 usque
1243 634 1316 700 ad
1339 635 1485 705 quod
1503 635 1718 692 Domini
1763 650 1845 692 ar-

253 721 441 780 bitrio
477 725 792 790 Melicum
815 733 917 780 est.

338 815 511 876 Vsus.
533 815 622 882 23.
645 846 715 858 -
738 816 1106 880 εεεηιθωιει.
1141 816 1292 878 Unde
1333 826 1580 886 creatum
1621 817 1848 887 ingemi-

249 906 379 962 scit
402 916 457 962 et
485 908 737 978 parturit,
773 917 904 974 etc.,
945 926 1105 981 usque
1129 909 1202 970 ad
1231 909 1405 978 qualis
1421 907 1531 971 t‘uit
1570 909 1844 974 Abraham

247 1008 517 1055 mortuus
539 1000 593 1054 in
621 1009 897 1058 senectute
925 1001 1086 1058 bona.

833 1091 1057 1149 CAPUT
1105 1092 1270 1149 XXV.

330 1177 506 1236 Vens.
557 1183 1162 1254 1.-τΑηκ».(111ειι.)
1210 1185 1530 1253 Hebraeum,
1573 1198 1843 1256 quocum

239 1270 526 1327 Dominus
555 1273 722 1327 utitur
751 1274 806 1328 in
842 1275 1170 1344 Evangelio:
1214 1277 1376 1336 Amen
1425 1291 1594 1339 amen,
1650 1273 1703 1328 id
1757 1281 1842 1330 est

239 1377 389 1419 vere
417 1379 548 1421 vere
565 1366 682 1422 dico
701 1367 863 1422 vobis.

319 1454 500 1512 Vsus.
544 1455 598 1512 8.
642 1485 713 1510 -.—-
763 1456 976 1513 Ciuitas.
1037 1456 1239 1514 Eversa
1261 1473 1290 1517 a
1322 1455 1835 1522 Nabuchodonosor,

233 1546 510 1601 restituta
536 1557 666 1614 este
689 1547 929 1612 Necmia,
962 1557 1018 1603 et
1042 1564 1071 1602 a
1092 1547 1220 1604 Jesu
1269 1565 1480 1606 summo
1531 1549 1833 1606 sacerdOte.

230 1635 458 1691 Eversa
487 1654 515 1692 a
541 1637 821 1703 Romanis,
851 1641 1098 1694 restituta
1132 1649 1214 1696 est
1253 1640 1320 1694 ab
1367 1639 1512 1698 ﬁlio
1553 1640 1832 1706 Adriano;

229 1730 336 1783 sed
363 1744 484 1784 non
509 1731 563 1786 in
591 1733 780 1786 eodem
812 1731 952 1796 loco,
983 1736 1086 1788 nec
1110 1733 1166 1787 in
1192 1741 1393 1790 statum
1416 1732 1726 1800 pristinum.

307 1821 387 1873 Et
416 1823 473 1875 in
495 1824 880 1893 sempiternum.
897 1825 1021 1892 (11).)
1049 1825 1117 1880 Ut
1146 1825 1288 1879 mille
1315 1839 1580 1880 annorum
1607 1838 1832 1894 regnum

225 1918 287 1965 et
321 1927 514 1967 aurem
535 1913 834 1969 Jerusalem
859 1925 911 1968 et
938 1925 1216 1985 gemmata:
1235 1915 1414 1970 fabula
1457 1915 1719 1984 quiescat.

310 2003 489 2058 Valte.
523 2005 610 2059 ω.
641 2035 712 2050 --
735 2005 806 2058 Et
825 2006 1162 2060 triturabitur
1183 2005 1364 2069 Moab,
1393 2014 1497 2060 etc.
1527 2003 1653 2075 (11).)
1677 2003 1828 2062 Licet

221 2095 576 2165 generaliter
628 2097 694 2152 de
741 2097 1208 2154 consummatione
1252 2095 1438 2154 mundi
1492 2094 1824 2164 loqueretur,

216 2195 365 2252 etc.,
401 2205 570 2258 usque
585 2189 656 2242 ad
681 2205 784 2259 per.
804 2189 959 2245 Moab
987 2189 1150 2260 igitur
1177 2197 1320 2244 recte
1347 2186 1690 2259 intelligimus
1713 2187 1829 2244 dia.

215 2278 429 2334 bolum
470 2279 593 2335 [iliis
621 2281 714 2336 Dei
738 2297 949 2351 semper
976 2281 1368 2336 adversarium.

293 2370 498 2427 Palem
515 2375 578 2427 in
629 2371 888 2444 plaustro.
945 2375 1206 2430 ‘Fcrratis
1272 2373 1532 2444 plaustris
1575 2379 1825 2428 teruntur

212 2462 430 2534 paleae,
451 2473 514 2518 ut
531 2479 625 2520 eas
641 2464 854 2522 facilius
877 2466 1128 2521 animalia
1155 2473 1210 2520 et
1223 2473 1512 2535 pascantet
1528 2465 1819 2520 ruminent.

810 2555 1036 2612 CAPUT
1071 2555 1257 2610 XXVI.

288 2645 478 2701 Vens.
509 2646 564 2700 1.
593 2673 662 2687 --
693 2645 762 2701 In
800 2647 883 2702 die
921 2647 1040 2713 illa,
1091 2656 1195 2702 etc.
1229 2645 1365 2718 (1ο.)
1415 2647 1527 2703 Hoc
1567 2648 1658 2702 ad.
1684 2661 1822 2717 prte-

219 2741 447 2790 sentem
487 2735 782 2791 Ecclesium
817 2745 995 2806 potest
1021 2737 1229 2802 referti,
1262 2744 1317 2791 et
1345 2738 1413 2792 ad
1441 2736 1582 2792 diem
1604 2735 1815 2806 judicii.

224 2827 390 2882 Nunc
461 2827 699 2882 Ecclesia
771 2830 1040 2884 canticum
1097 2843 1293 2883 novum
1355 2836 1536 2882 cantat
1571 2845 1585 2880 :
1615 2824 1818 2881 Christi

223 2919 596 2983 nativitatem,
651 2920 974 2988 passionem,
1025 2919 1496 2979 resurrectionem,
1543 2918 1814 2972 ascensio,

226 3024 382 3065 nem.
466 3008 631 3063 Vetus
681 3023 912 3079 namque
963 3018 1046 3064 est
1103 3009 1381 3076 antiquum
1421 3007 1699 3061 hominem
1745 3007 1816 3062 ad

225 3097 451 3153 inferna
473 3098 833 3164 descendere;
873 3113 1093 3162 nouum,
1149 3095 1220 3152 ad
1251 3097 1450 3152 emtum
1500 3096 1810 3152 ascendere.

305 3188 450 3245 Urbs
492 3190 838 3260 (munditiis.
889 3193 1004 3248 Vox
1037 3191 1326 3261 iustorum,
1361 3197 1420 3245 et
1447 3204 1613 3255 nunc,
1653 3196 1708 3242 et
1745 3189 1804 3244 in

226 3282 436 3337 futuro.

301 3371 469 3427 Vsus.
498 3373 555 3428 2.
579 3403 650 3413 -
670 3374 876 3444 Aperite
897 3356 1099 3446 portas.
1135 3373 1249 3431 Hoc
1277 3374 1548 3430 canticum
1578 3383 1804 3446 repeats

226 3474 410 3520 mutat
437 3475 720 3536 pascuae.
1027 3471 1032 3476 ’

301 3556 518 3613 Parta’s.
549 3557 811 3625 Iustitia;
857 3559 1003 3615 unde
1039 3575 1054 3613 :
1093 3559 1300 3630 Aperite
1337 3558 1468 3614 mihi
1495 3566 1678 3629 portas
1714 3560 1805 3630 ju-

221 3652 406 3706 stitite.
475 3650 652 3708 Porta:
680 3652 804 3708 vitae
827 3661 883 3708 ct
911 3649 1153 3722 iustitiae,
1179 3661 1306 3717 etc.,
1344 3669 1505 3724 usque
1531 3652 1600 3707 ad
1629 3662 1684 3708 et
1707 3670 1808 3725 per

220 3743 429 3800 multas
455 3753 640 3814 portas
671 3743 736 3799 ad
762 3759 886 3800 cum
912 3745 1004 3816 qui
1027 3746 1156 3801 dicit
1179 3759 1199 3799 τ
1248 3743 1415 3800 Nemo
1435 3746 1570 3800 venit
1589 3746 1658 3800 ad
1690 3743 1799 3800 Pa-

221 3845 356 3888 trem
385 3835 502 3888 nisi'
523 3845 615 3904 per
635 3843 715 3889 me
737 3835 918 3906 (Joan.
953 3836 1086 3907 χὴ).

292 3923 462 3978 Vsus.
513 3923 568 3980 3.
595 3927 665 3966 —°
699 3926 911 3981 Pacem.
957 3927 1092 3999 (1ο.)
1148 3927 1416 3998 Repetitio
1457 3927 1801 3984 conﬁrmatio

216 4028 323 4076 est.
359 4019 512 4075 Hanc
536 4021 697 4076 habet
722 4021 810 4077 ille
834 4022 898 4078 de
923 4038 1030 4092 quo
1059 4022 1258 4076 dicitur
1285 4037 1299 4074 :
1332 4020 1505 4075 Homo
1534 4022 1687 4075 homo
1732 4022 1800 4090 ﬁ-

215 4113 417 4168 liorum
449 4111 618 4167 Israel
669 4111 882 4185 (Ezech.
926 4113 1066 4184 nv);
1097 4123 1153 4169 ct
1189 4113 1315 4169 alibi
1345 4133 1357 4168 :
1393 4113 1488 4168 Vir
1520 4115 1599 4169 vir
1643 4113 1796 4186 cuius

215 4223 356 4260 uxor
388 4206 556 4260 cubile
598 4206 931 4262 maculaverit
961 4208 1157 4278 (Num.
1191 4207 1267 4280 v),
1295 4215 1357 4262 ut
1403 4207 1597 4278 duplex
1635 4209 1796 4264 homo

215 4305 271 4352 et
307 4295 507 4365 duplex
535 4297 618 4350 vir
665 4313 852 4367 pacem
870 4304 1228 4370 consequatur
1252 4298 1536 4370 duplicem.

288 4384 460 4440 Vens.
483 4385 538 4441 ϐ.
575 4403 644 4427 =—
671 4386 1006 4442 Conculcalrit
1033 4403 1147 4443 eam
1177 4405 1286 4458 pes,
1335 4398 1440 4446 etc.
1479 4389 1618 4456 Quia
1671 4389 1792 4444 0m-

212 4483 295 4536 nis
334 4482 426 4552 qui
463 4489 521 4536 se
567 4481 762 4536 exultat
808 4482 1170 4537 huntiliabitur
1206 4481 1356 4554 (Luc.
1389 4483 1452 4554 1).
1499 4483 1674 4536 Etiam
1722 4483 1788 4536 ad

214 4575 527 4630 contrarias
555 4573 895 4630 fortitudines
927 4575 1046 4629 11ωο
1071 4573 1274 4629 referre
1296 4585 1603 4642 possumus.

1953 650 2056 690 non
2084 635 2294 700 videbit,
2325 638 2484 708 quasi
2523 637 2725 698 diceret
2755 656 2768 692 :
2803 639 2871 700 ad
2907 653 3123 708 poenam
3149 641 3364 710 suﬂicit,
3393 642 3519 713 quia

1950 739 2059 782 non
2083 725 2283 790 videbit
2303 743 2389 784 me
2416 738 2728 799 regnantem
2755 729 2811 790 in
2827 731 2964 794 callo
2985 747 3109 794 cum
3133 735 3336 792 sanctis
3359 735 3515 791 meis.

1948 814 2093 872 LXX
2113 835 2126 870 :
2152 817 2430 888 Auferetur
2461 822 2668 889 impius,
2695 831 2747 876 ut
2772 839 2874 876 non
2893 823 3061 878 videat
3073 823 3375 886 claritatem
3395 826 3514 884 Dei.

2018 907 2182 963 Vens.
2205 908 2289 963 11.
2311 940 2380 949 -
2414 909 2818 980 Confundantur
2841 912 3086 968 zelantes.
3137 914 3282 969 LXX
3316 933 3328 978 ;
3357 916 3516 974 Zelus

1948 999 2315 1068 apprehendat
2335 1001 2592 1071 populum
2621 1003 2967 1062 ineruditum.

1977 1151 1980 1156 _
2018 1091 2180 1172 Vitas.
2216 1091 2638 1166 12.—Donune,
2663 1095 2832 1152 dabis.
2879 1096 3002 1167 (11).)
3029 1095 3331 1154 Notandum
3371 1101 3516 1168 quod

1943 1189 2228 1252 postquam
2244 1198 2406 1254 opera
2422 1194 2605 1240 nostra
2619 1186 2910 1246 reddiderit
2931 1188 3110 1253 nobis,
3137 1205 3322 1259 pacem
3344 1191 3507 1246 etiam

1944 1269 2167 1332 daturus
2191 1272 2280 1338 sit,
2309 1281 2362 1328 et
2385 1273 2524 1342 quod
2547 1275 2666 1332 ideo
2685 1275 2956 1345 postulent
2987 1293 3196 1347 pacem,
3231 1280 3354 1348 quia
3383 1294 3512 1349 cpe-

1942 1372 2094 1420 ratus
2123 1365 2194 1424 sit
2223 1367 2276 1420 in
2298 1367 2396 1422 eis.
2423 1365 2636 1432 Dicunt,
2674 1384 2750 1432 se,
2779 1370 2990 1428 scilicet
3020 1377 3311 1439 tormenta,
3342 1373 3508 1428 susti-

1941 1453 2146 1520 nuisse,
2180 1463 2240 1509 ut
2274 1464 2394 1526 post
2435 1456 2858 1516 miscricordiam
2901 1470 3320 1530 consequantur.

2010 1547 2174 1602 Vsus.
2207 1547 2292 1601 15.
2320 1579 2390 1589 -—
2413 1547 2656 1614 Domine,
2677 1550 3030 1615 possederunt.
3054 1552 3175 1623 (11).)
3207 1554 3507 1621 Daemones,

1938 1652 2073 1707 quos
2110 1639 2166 1694 in
2215 1640 2374 1698 idolis
2412 1640 2696 1698 coluimus.
2743 1641 2886 1700 LXX
2929 1658 2944 1697 :
2997 1643 3238 1710 Domine,
3274 1656 3422 1700 extra
3457 1653 3510 1701 te

1937 1730 2191 1786 nescimus
2233 1731 2412 1794 alium,
2469 1748 2574 1787 non
2603 1733 2846 1790 absolute
2873 1735 3058 1802 alium,
3109 1735 3202 1792 sed
3229 1746 3379 1792 extra
3414 1745 3504 1790 te:

1934 1822 2096 1878 Pater
2116 1823 2260 1879 enim
2291 1824 2344 1877 in
2373 1823 2528 1890 Filio,
2553 1834 2606 1879 et
2633 1826 2800 1880 Filius
2832 1827 2886 1880 in
2935 1827 3111 1881 Patre.
3167 1889 3170 1892 ,

1854 1905 1904 1966 Β
2005 1915 2227 1972 Tantum
2253 1916 2309 1972 in
2333 1925 2382 1970 te
2405 1918 2749 1978 recordemur.
2780 1916 2900 1989 (11).)
2933 1917 3046 1972 Non
3075 1917 3221 1974 aliud
3245 1919 3504 1988 petimus,

1931 2008 2037 2064 nisi
2069 2019 2129 2064 ut
2154 2016 2278 2079 post
2304 2023 2517 2065 errores
2546 2010 2692 2080 digni
2715 2010 2905 2077 simus,
2941 2011 3033 2080 qui
3061 2011 3295 2074 nominis
3317 2013 3394 2066 tui
3419 2027 3504 2068 re-

1929 2098 2232 2152 cordemur.

2001 2189 2286 2246 Perdidisti
2303 2203 2530 2246 omnem.
2561 2188 2682 2262 (11).)
2709 2188 2854 2246 LXX
2879 2205 2895 2246 :
2924 2190 3273 2252 Maseulinum
3288 2207 3496 2259 eorum,

1925 2288 2055 2347 etc.,
2107 2297 2268 2351 usque
2307 2281 2379 2338 ad
2422 2283 2679 2340 memoria
2713 2282 3067 2340 masculinum
3109 2285 3498 2355 interpretatus

1925 2379 2010 2428 est
2048 2380 2234 2426 contra
2271 2371 2400 2426 illud
2430 2389 2443 2426 :
2477 2372 2656 2428 Nolite
2681 2391 2883 2438 errare,
2913 2374 3054 2430 Deus
3091 2391 3194 2430 non
3219 2377 3491 2430 irridetur.

1996 2464 2159 2518 Vsus.
2189 2464 2275 2519 is.
2301 2494 2370 2506 -
2398 2464 2672 2535 Nunquid.
2715 2463 2830 2520 Non
2861 2467 3230 2535 paenitentiam
3257 2468 3386 2537 egit,
3435 2475 3494 2524 et

1921 2556 2025 2611 hoc
2050 2567 2162 2610 est:
2193 2555 2464 2626 Nunquid,
2495 2564 2623 2619 etc.,
2653 2556 2807 2625 quasi
2839 2557 3076 2614 diceret:
3105 2555 3382 2614 Securitas
3401 2571 3498 2615 ne-

1921 2646 2248 2717 gligentiam,
2281 2646 2603 2718 negligentia
2637 2656 2999 2718 contemptum
3020 2649 3183 2718 parit.

1993 2737 2154 2793 Vsus.
2188 2738 2273 2796 18.
2301 2768 2369 2778 --
2397 2737 2464 2790 Et
2487 2739 2796 2808 peperimus.
2821 2739 2925 2798 Alii
2951 2739 3248 2809 distingunt
3272 2741 3351 2794 sic
3374 2759 3386 2794 :
3419 2740 3490 2796 Et

1919 2830 2212 2900 peperimus
2231 2829 2493 2899 spiritum,
2527 2831 2746 2884 salutem
2767 2847 2872 2884 non
2893 2830 3108 2899 fecimus
3142 2835 3195 2884 in
3223 2840 3381 2884 terra.

1991 2920 2286 2990 Spiritum:
2311 2921 2498 2986 salute,
2523 2931 2627 2977 etc.
2660 2922 2730 2978 Ut
2764 2932 2870 2978 tota
2909 2933 3086 2980 mente
3111 2924 3412 2990 credamus,
3433 2935 3491 2981 et
3517 2989 3520 2992 ,

1917 3023 2016 3082 per
2053 3023 2209 3076 quem
2251 3011 2513 3068 beneﬁcia
2565 3028 2672 3072 non
2723 3015 2990 3072 sensimus
3009 3055 3024 3081 ,
3077 3029 3178 3086 per
3222 3024 3486 3072 tormenta

1918 3097 2208 3158 discamus.

1990 3189 2152 3244 Vens.
2200 3189 2288 3244 21.
2316 3219 2385 3236 -ρ
2411 3189 2677 3246 Revelabit
2715 3200 2874 3246 terra.
2925 3192 3049 3264 (11).)
3089 3192 3312 3252 Terreni
3355 3204 3484 3254 tunc

1830 3280 1882 3346 C
1911 3291 2018 3333 non
2088 3287 2342 3349 poterunt
2383 3280 2561 3336 celare
2626 3298 2760 3352 quos
2801 3284 3138 3350 occiderunt,
3193 3287 3318 3356 quia
3357 3297 3486 3343 tunc

1909 3372 2088 3426 omnia
2102 3382 2286 3442 aperta
2304 3390 2317 3438 ;
2339 3373 2443 3439 vel,
2471 3383 2610 3429 terra
2626 3389 2746 3444 qua:
2757 3377 2990 3447 suscepit
3003 3378 3316 3446 sanguinem
3341 3395 3481 3434 mar-

1907 3473 2088 3535 tyrum
2109 3467 2414 3537 etopcruit,
2434 3475 2563 3522 tunc
2585 3468 2907 3526 revelabitur
2933 3471 3147 3539 quando
3173 3482 3472 3543 resurgant.

2462 3556 2689 3615 CAPUT
2728 3559 2937 3620 XXVII.

1980 3650 2144 3705 Vsus.
2163 3649 2214 3703 1.
2230 3649 2377 3704 -ς-Ιη
2389 3650 2474 3706 die
2488 3650 2600 3715 illa,
2615 3659 2720 3706 etc.
2739 3651 2868 3721 (11).)
2885 3652 3124 3714 Tradunt
3137 3653 3345 3712 Hebraei
3361 3656 3479 3712 dia-

1903 3743 2106 3809 bolum,
2128 3752 2259 3808 etc.,
2273 3761 2434 3814 usque
2455 3744 2525 3798 ad
2554 3752 2611 3797 ut
2625 3745 2909 3802 inducatur
2921 3746 3131 3816 gladius
3151 3764 3310 3818 super
3329 3765 3474 3806 eum.

1985 3833 2435 3906 Vectcm.(1lius.)
2455 3834 2597 3890 LXX
2634 3853 2646 3888 :
2679 3835 3004 3904 Fugit-iitum.
3037 3837 3187 3894 Tunc
3213 3841 3356 3896 enim
3389 3840 3473 3896 111-

1901 3928 2030 3998 giet,
2073 3937 2200 3993 etc.,
2261 3943 2424 3997 usque
2465 3928 2536 3982 ad
2573 3941 2798 3997 serpens
2835 3937 3038 3995 autem,
3087 3930 3213 4000 quia
3247 3932 3474 3988 insidias

1909 4021 2148 4077 molliter
2178 4019 2430 4076 infundit.
3469 4047 3488 4078 s

1969 4110 2173 4168 Catum.
2207 4111 2436 4176 Hebraei,
2473 4110 2718 4177 Tanniu;
2753 4112 2895 4170 unde
2927 4111 3134 4168 Hebraei
3165 4112 3476 4172 fabulaban-

1899 4212 1988 4259 tur
2011 4202 2311 4258 Leviathan
2349 4204 2596 4258 habitare
2620 4203 2719 4258 sub
2749 4210 2892 4259 terra
2915 4212 2971 4258 et
2999 4203 3052 4256 in
3075 4203 3298 4269 aethere,
3329 4203 3474 4262 Tan-

1895 4295 1988 4350 niu
2013 4309 2144 4349 vero
2170 4294 2222 4348 in
2245 4293 2431 4371 nutri.~

1965 4384 2128 4439 Vsus.
2159 4384 2301 4436 2.-
2317 4381 2476 4436 Vinea
2497 4384 2626 4437 meri
2649 4383 2900 4438 cantabit.
2929 4383 3028 4439 Cui
3049 4383 3313 4443 Jeremias
3341 4403 3469 4458 pro-

1889 4474 2042 4544 pinat
2067 4473 2287 4529 calicem
2317 4473 2762 4528 meracissimum.
2807 4472 3013 4532 Merum
3036 4474 3241 4542 (hunc,
3269 4492 3466 4548 parum

1889 4565 2102 4622 Latine.

284 4661 606 4733 Egenorum.
649 4661 851 4732 (Ilium)
882 4659 1276 4732 Apostolorum,
1305 4675 1440 4731 quos
1464 4660 1785 4730 ἥρωες-11111
1809 4665 1864 4726 D
1961 4658 2122 4712 Vens.
2160 4656 2213 4710 5.
2235 4685 2306 4700 --
2339 4656 2422 4710 Αη
2467 4656 2677 4726 potius?
2706 4656 2822 4711 Vox
2861 4656 3042 4714 Patris
3091 4658 3466 4731 deliberative,

208 4752 380 4810 Judaei
405 4750 472 4806 de
495 4749 690 4807 ﬁnibus
715 4752 848 4815 suis,
879 4752 991 4822 qui,
1019 4751 1234 4806 Domini
1258 4751 1527 4806 imitantes
1553 4763 1786 4822 pauper-

214 4849 379 4898 tatem
427 4841 763 4913 privilegium
784 4842 1020 4908 virtutis,
1049 4840 1166 4910 ejus
1191 4841 1466 4897 consecuti
1491 4852 1638 4898 sunt.

285 4940 447 4995 Vsus.
471 4929 794 4993 9.-Αηὲηια
828 4945 942 4992 mea
965 4933 1293 5001 desideravit,
1334 4944 1439 4991 etc.
1471 4936 1588 4991 Non
1613 4951 1778 5004 caro;

101 5073 106 5078 ρ
211 5031 355 5086 unde
380 5049 392 5084 :
414 5025 584 5084 Sitivit
607 5030 780 5082 anima
803 5045 916 5082 mea
934 5029 1002 5082 ad
1028 5027 1188 5082 Deum
1202 5027 1395 5097 fontem
1414 5028 1584 5082 vivum
1601 5026 1776 5099 (Psal.

213 5119 346 5190 xu).
375 5119 511 5174 Caro
527 5119 838 5186 concupiscit
860 5119 1106 5173 adversus
1129 5119 1368 5186 spiritum
1390 5116 1531 5189 (Gal.
1560 5118 1634 5188 v).
1684 5155 1687 5159 -

285 5211 570 5268 Vens.'10.
602 5241 671 5251 —
703 5211 1066 5266 Misereamur.
1121 5211 1246 5283 (11).)
1285 5211 1542 5266 Dominus
1563 5211 1627 5265 ad
1653 5223 1778 5282 pro-

214 5303 462 5372 phetam:
496 5301 944 5358 Anmiserea'mur
965 5301 1149 5372 impio,
1179 5303 1254 5356 ita
1277 5313 1337 5356 ut
1359 5302 1552 5367 discat,
1576 5301 1779 5358 scilicet

217 5393 558 5448 clementiam
589 5403 784 5460 meam,
836 5393 963 5447 dum
1003 5393 1117 5462 ipse
1143 5389 1416 5447 salvatur?
1448 5391 1624 5462 quasi,
1675 5392 1779 5448 hoc

218 5485 407 5556 melius
426 5495 528 5542 est.
1679 5485 1690 5492 ’

289 5573 352 5628 Et
380 5592 480 5629 non
508 5575 667 5630 discet
696 5576 882 5642 iustus,
908 5583 1012 5631 etc.
1045 5571 1206 5642 Quasi
1238 5571 1476 5630 diceret:
1503 5573 1778 5642 Quomodo

217 5665 407 5734 poterit
430 5681 585 5722 nosse
608 5675 749 5722 tuam
774 5666 1064 5736 justitiam,
1089 5676 1343 5738 expertus
1375 5675 1522 5721 tuam
1546 5668 1776 5722 clemen-

219 5755 378 5808 tiam?

286 5847 352 5902 Et
373 5865 474 5906 non
495 5852 696 5907 videbit.
731 5853 987 5908 Dominus
1017 5851 1083 5908 ad
1108 5853 1446 5924 prophetam,
1471 5851 1625 5922 quasi
1657 5865 1770 5907 me-

1890 4757 2020 4814 etc.,
2047 4765 2208 4820 usque
2227 4748 2298 4802 ad
2321 4749 2415 4818 qui
2443 4764 2548 4804 non
2577 4757 2702 4803 sunt
2731 4749 2925 4810 saluati
2963 4752 3284 4809 auctoritate
3305 4753 3458 4824 legis.

1961 4841 2123 4896 Vsus.
2140 4843 2192 4896 6.
2210 4869 2279 4882 -ο
2302 4840 2489 4905 Israel,
2505 4839 2558 4893 id
2579 4852 2662 4894 est
2675 4840 3214 4911 populusludreorum
3237 4857 3460 4898 conver-

1886 4953 1999 5004 sus,
2022 4938 2209 4992 videns
2233 4936 2475 4992 doctrina
2497 4934 2724 4989 ﬁliorum
2748 4950 2966 4990 suorum
2985 4937 3172 4989 orbem
3191 4933 3454 4990 ﬂoruisse.

1955 5027 2118 5080 Vens.
2150 5027 2201 5080 9.
2227 5055 2295 5065 —-
2329 5025 2552 5078 Idcirco.
2593 5023 2758 5090 Quasi
2807 5024 3014 5079 diceret
3042 5043 3055 5076 :
3090 5022 3220 5078 Ideo
3267 5023 3447 5076 dimit-

1882 5128 2020 5173 tetur
2050 5118 2296 5188 iniquitas
2333 5116 2512 5169 domui
2548 5115 2712 5170 Jacob
2737 5132 2756 5170 :
2783 5122 2836 5171 et
2863 5123 3056 5169 caetera
3089 5121 3306 5183 propter
3342 5129 3456 5169 me-

1880 5211 1982 5265 rita
2011 5210 2216 5266 scilicet
2239 5209 2625 5280 postolorum,
2645 5210 2738 5280 qui
2765 5223 2863 5278 per
2897 5205 3155 5262 mundum
3179 5205 3446 5264 idolorum

1881 5303 2074 5359 altaria
2098 5303 2547 5358 comminuerunt.
3093 5353 3096 5358 _

1953 5394 2115 5448 Vens.
2146 5394 2231 5447 11.
2255 5423 2324 5432 -
2350 5391 2711 5448 Conterentur.
2757 5388 2881 5461 (11).)
2927 5389 3080 5446 Sicut
3119 5388 3348 5446 Delbora
3378 5388 3448 5444 ad

1879 5486 2076 5541 bellum
2104 5487 2200 5540 ivit
2223 5495 2279 5541 et
2305 5486 2558 5556 populum
2580 5485 2649 5539 ad
2675 5484 3020 5555 ignominiam
3036 5481 3451 5552 Μάκαι-11111111-

1882 5579 2113 5646 dicavit;
2147 5585 2199 5634 et
2219 5580 2530 5633 imminente
2555 5576 2926 5632 Chaldaeorum
2953 5576 3286 5646 captivitate,
3314 5576 3448 5632 viris

1878 5671 2179 5725 tacentibus
2201 5668 2332 5726 Olda
2353 5668 2732 5739 prephetavit:
2765 5669 2844 5723 sic
2873 5668 3186 5722 imminente
3210 5667 3438 5736 captivi-

1879 5767 1987 5813 tate
2015 5759 2376 5832 1tomanorum
2394 5797 2409 5821 .
2439 5756 2723 5812 veniebant
2751 5755 2892 5814 forte
2919 5755 3174 5812 mulieres
3197 5764 3255 5812 et
3278 5754 3443 5810 doce-

1874 5852 2005 5907 bant
2029 5865 2140 5906 eos.
