4028 6332
640 433 771 491 I271

1128 431 1518 488 WALAFBIDI
1556 431 1800 490 STRABI
1839 433 2040 492 FULD.
2083 431 2246 490 MON.
2283 431 2436 491 OPP.
2479 435 2657 492 PARS
2695 437 2736 492 Ι.
2775 465 2847 481 -
2884 435 3339 494 THEOLOGICA.

3689 454 3787 512 nu

711 549 976 605 Mulieres.
1002 549 1236 606 Diversae
1259 539 1574 622 Synagogae;
1608 551 1688 606 vel
1717 561 1900 622 aperte
1928 553 2202 620 mulieres,
2232 552 2280 611 A
2310 555 2482 609 ricors
2508 555 2648 610 Deus
2677 535 2846 626 genus
2863 557 3179 622 humanum,
3202 565 3264 612 ut
3289 555 3511 616 fructum
3536 567 3641 622 boni
3661 577 3787 640 operis

639 658 759 712 quae
774 641 986 696 nudatis
1001 641 1307 711 pectoribus
1320 641 1701 710 sanguinantes
1727 641 1928 698 feriunt
1954 642 2203 699 lacertos.

708 731 960 786 Docentes
988 747 1122 786 eam.
1155 730 1360 802 (litem)
1389 730 1580 802 Magna
1619 731 1906 788 infelicitas
1948 733 2132 804 populi
2155 743 2211 789 et

637 822 990 893 reprehensio
1013 861 1028 887 ,
1079 838 1110 876 a
1157 821 1474 879 mulieribus
1522 823 1922 879 lamentationis
1967 826 2209 880 carmina

639 913 866 970 discere.

712 1003 870 1060 Vens.
901 1004 987 1059 12.
1009 1034 1080 1045 -
1103 1005 1180 1059 Ab
1211 1004 1377 1062 alveo.
1420 1004 1598 1061 LXX:
1645 1006 1713 1062 ab
1751 1006 2048 1078 Euphrate,
2071 1019 2208 1076 etc.,

637 1116 799 1172 usque
818 1100 887 1154 ad
903 1099 1031 1168 quia
1049 1100 1215 1155 habet
1232 1100 1473 1155 turbidas
1493 1115 1682 1169 aquas,
1704 1110 1761 1155 et
1780 1115 1884 1157 non
1902 1112 2206 1172 perpetuas.

1168 1189 1396 1246 CAPUT
1434 1190 1672 1246 XXVIII.

707 1281 873 1338 Vens.
899 1282 1036 1336 1.-
1073 1280 1165 1335 Vae
1193 1297 1400 1336 corona:
1421 1282 1694 1352 superbiat.
1733 1284 1857 1354 (ln.)
1888 1283 2005 1340 Huc
2041 1299 2212 1354 usque

635 1371 706 1426 ad
732 1371 1246 1427 consummationem
1273 1372 1477 1434 mundi,
1511 1380 1643 1440 etc.,
1681 1390 1842 1444 usque
1867 1375 1936 1427 ad
1965 1389 2066 1431 nec
2091 1390 2208 1445 poe-

634 1463 877 1519 nitentia:
903 1462 1135 1519 fructum
1163 1463 1354 1518 salutis
1381 1462 1590 1518 habuit.

710 1552 879 1608 Vallis
937 1553 1312 1623 pinguissimae.
1361 1551 1710 1608 Gethsemani
1756 1553 2037 1610 fertilitate
2093 1553 2208 1609 fru-

634 1662 782 1718 gum,
815 1660 910 1717 per
937 1661 1059 1701 eam
1089 1655 1208 1700 erat
1232 1645 1313 1701 eis
1341 1659 1597 1700 ascensus
1625 1646 1678 1700 in
1709 1645 2017 1711 civitatem,
2050 1654 2105 1700 et
2134 1646 2208 1700 ibi

635 1739 872 1811 figebant
896 1739 1092 1810 aliqui,
1122 1738 1234 1793 ludi
1263 1753 1458 1804 causa,
1490 1739 1723 1794 tentoria
1749 1739 1876 1794 dum
1905 1739 1961 1793 in
1989 1738 2210 1794 civitate

633 1831 1007 1886 morabantur.

2313 643 2500 701 aderat
2516 687 2531 711 ,
2571 656 2691 702 arat
2719 656 2778 702 ut
2807 648 3040 721 agricola
3064 663 3289 706 vomere
3313 652 3683 726 pmdicationis,
3703 678 3788 734 pro-

2311 738 2508 794 scindit
2529 739 2753 796 verbere
2777 741 3162 809 tribulationis,
3186 758 3331 799 nunc
3354 755 3518 814 peste,-
3535 765 3653 808 nunc
3670 762 3788 827 capti-

2309 831 2478 888 vitate
2499 834 2754 905 corrigit;
2783 843 2840 890 et
2863 835 2966 891 hoc
2987 843 3102 891 est:
3132 834 3385 907 Nunquid
3410 847 3509 892 tota
3531 841 3616 906 die,
3636 853 3715 900 etc.

2379 920 2544 976 Vens.
2573 920 2663 976 25.
2699 951 2769 962 -
2810 919 2934 978 Gith
2960 931 3008 978 et
3037 922 3320 994 cyminum.
3371 923 3493 981 Gith
3517 937 3567 983 et
3587 933 3786 1000 cyminum

2309 1026 2429 1082 quae
2475 1013 2532 1067 in
2572 1012 2726 1082 virga
2769 1014 3137 1080 excutiuntur,
3169 1022 3302 1079 etc.,
3349 1032 3501 1086 usque
3549 1019 3608 1072 ad
3645 1021 3786 1078 clavem

2309 1103 2554 1160 scientia:
2582 1105 2867 1162 habentes.

2381 1193 2546 1250 Vens.
2571 1193 2661 1252 29.
2683 1225 2756 1237 —
2779 1194 2852 1250 Et
2875 1196 2974 1250 hoc
2998 1213 3033 1250 a
3055 1195 3284 1252 Domino
3311 1195 3417 1252 Deo
3440 1198 3597 1254 exivit.

2554 1290 2558 1294 ’
2872 1286 3102 1342 CAPUT
3142 1285 3337 1342 XXIX.

2380 1375 2547 1432 Vens.
2576 1379 2629 1433 1.
2667 1407 2738 1419 -
2781 1377 2874 1434 Va:
2904 1377 3068 1432 Ariel.
3118 1378 3244 1450 (In.)
3275 1379 3356 1433 Ad
3401 1376 3661 1438 Jerusalem
3693 1400 3788 1441 oon-

2309 1467 2563 1539 patientis
2584 1467 2776 1524 aﬂectu
2801 1487 2813 1522 :
2841 1467 2980 1534 Quia
3005 1469 3051 1522 si
3074 1469 3401 1538 cognovisses
3422 1477 3470 1523 et
3490 1478 3540 1524 tu
3554 1469 3674 1542 (Luc.
3690 1477 3784 1542 xu);

2308 1557 2478 1623 Ariel,
2511 1557 2594 1614 leo
2622 1557 2751 1623 Dei;
2785 1557 2870 1614 leo
2897 1558 3042 1614 enim
3066 1557 3164 1612 Dei
3189 1555 3484 1614 Jerusalem
3506 1563 3786 1630 potentium:

2308 1656 2364 1702 et
2389 1647 2680 1705 fortissima
2701 1649 2820 1704 fuit.

2377 1738 2727 1811 Expugnavit.
2773 1741 2896 1812 (Ιυ.)
2934 1741 3067 1798 Cum
3095 1742 3466 1812 potentissima
3489 1752 3638 1810 esset,
3673 1761 3779 1815 repu-

2308 1831 2596 1902 gnantibus
2623 1832 2782 1888 caecis
2808 1840 2865 1888 et
2889 1831 3116 1898 claudis,
3149 1831 3376 1902 quando
3398 1829 3525 1889 Joab
3548 1833 3710 1904 primus
3728 1836 3785 1890 do-

704 1919 864 1975 Vens.
895 1919 948 1974 5.
973 1949 1047 1960 —
1071 1919 1139 1973 In
1169 1919 1252 1973 die
1278 1917 1394 1974 illa.
1449 1918 1572 1990 (ιθ.)
1625 1917 1930 1974 Secundum
1975 1919 2210 1988 prophe-
2233 1904 2284 1965 Β
2310 1927 2514 1976 matum
2538 1920 2751 1992 excelsa
2776 1923 3108 1978 conscendit.

635 2011 798 2074 tiam,
840 2025 963 2064 cum
991 2008 1274 2073 Dominus,
1304 2018 1433 2072 etc.,
1463 2024 1624 2078 usque
1652 2007 1720 2062 ad
1750 2005 1954 2068 Scriba:
1979 2007 2125 2063 enim
2153 2017 2210 2065 et

633 2101 891 2158 Pharisaei
918 2101 1045 2156 vino
1071 2108 1126 2156 et
1150 2100 1325 2156 sicera
1352 2100 1604 2156 inebriati
1631 2108 1775 2155 sunt.

701 2192 870 2246 Vens.
901 2191 953 2245 6.
979 2220 1050 2231 —
1077 2187 1360 2244 Fortitudo
1387 2189 1778 2244 revertentibus.
1811 2189 1936 2261 (ln.)
1979 2189 2096 2246 Non
2125 2190 2206 2246 Ie-

633 2293 832 2354 guntur
854 2283 995 2339 bella
1022 2282 1297 2347 Ezechiae,
1347 2281 1440 2337 sed
1485 2281 1746 2336 Dominus
1790 2295 1888 2350 pro
1913 2295 1980 2336 eo
2006 2280 2206 2336 bellum

633 2375 832 2447 gessit,
860 2372 1162 2430 interfectis
1192 2380 1407 2429 centum
1436 2380 1494 2428 et
1518 2371 1790 2442 octoginta
1819 2371 2058 2442 quinque
2085 2371 2208 2424 mil-

633 2467 774 2524 libus
798 2467 1170 2538 Assyriorum,
1195 2480 1422 2537 quorum
1447 2464 1617 2521 Judaei
1643 2465 1813 2535 spolia
1838 2464 2201 2536 collegerunt:

633 2567 689 2613 et
715 2555 782 2612 ad
810 2566 994 2628 portas
1015 2555 1312 2613 Jerusalem
1339 2570 1462 2611 cum
1491 2555 1688 2626 gaudio
1715 2555 1916 2611 reversi
1941 2564 2087 2610 sunt.

703 2649 868 2705 Vens.
898 2651 953 2706 8.
976 2678 1048 2690 —
1079 2647 1270 2704 Omnes
1296 2647 1454 2702 enim.
1504 2648 1642 2702 Dum
1672 2645 2072 2716 Scripturarum
2101 2661 2207 2702 non

634 2743 886 2814 digerunt
912 2744 1083 2808 cibos,
1125 2758 1228 2798 nec
1264 2741 1480 2812 corpori
1508 2741 1714 2796 faciunt
1738 2738 1949 2806 vitales,
1985 2738 2080 2794 sed
2107 2738 2205 2792 im-

633 2844 875 2891 maturos
903 2843 958 2890 et
981 2834 1210 2890 fetentes
1237 2840 1486 2904 egerunt,
1526 2841 1589 2887 ut
1614 2832 1671 2888 in
1695 2831 1775 2887 eis
1800 2831 2058 2886 Dominus
2087 2828 2208 2884 nul-

633 2926 744 2982 lum
772 2927 1012 2982 inveniat
1037 2925 1234 2981 locum.

703 3016 866 3072 Vens.
897 3017 950 3071 9.
976 3047 1048 3057 —
1073 3015 1376 3071 Ablactatos
1403 3033 1436 3069 α
1461 3014 1614 3080 lacte,
1643 3013 1868 3070 avulsas.
1900 3013 2050 3070 Alios
2076 3029 2204 3082 non,

632 3108 757 3178 quia
802 3115 1019 3177 portare
1057 3122 1164 3162 non
1202 3113 1446 3177 possunt.
1497 3103 1564 3160 Hi
1602 3107 1747 3160 enim
1795 3111 1922 3160 sunt
1961 3104 2054 3174 qui
2087 3101 2202 3172 jam

631 3198 802 3253 solido
826 3197 945 3254 cibo
982 3197 1061 3252 uti
1096 3205 1351 3268 possunt;
1402 3195 1521 3251 aliis
1554 3195 1685 3249 dicit
1725 3193 2050 3264 Apostolus:
2097 3191 2206 3248 Lac

631 3289 745 3345 dedi
781 3288 920 3344 vobis
952 3297 1153 3359 potum,
1185 3304 1290 3343 non
1313 3303 1486 3343 escam
1513 3284 1566 3356 (Ι
1593 3285 1716 3340 Cor.
1744 3285 1848 3356 Ill).

701 3379 866 3436 Vens.
898 3379 986 3436 10.
1009 3410 1080 3420 -
1111 3377 1251 3445 Quia
1277 3376 1503 3444 manda,
1544 3373 1826 3440 remanda,
1862 3374 2088 3440 manda,
2128 3389 2209 3428 re-

631 3473 822 3529 manda
834 3490 854 3540 ;
893 3481 1132 3538 exspecta
1149 3512 1164 3536 ,
1206 3478 1499 3539 rempecta
1513 3509 1530 3532 ,
1568 3477 1807 3537 exspecta
1823 3507 1840 3534 ,
1879 3474 2176 3538 rempecta
2190 3508 2206 3533 ,

631 3566 892 3622 modicum
913 3565 1012 3631 ibi,
1038 3565 1296 3619 modicum
1315 3561 1408 3616 ibi.
1435 3559 1557 3632 (10.)
1579 3559 1744 3628 Quasi
1773 3559 1935 3615 dicat.
1965 3558 2074 3614 Vos
2101 3572 2209 3614 non

631 3659 858 3729 petestis
886 3658 1088 3723 doceri,
1130 3656 1258 3727 quia
1285 3653 1574 3710 irridentes
1600 3652 1891 3722 prophetas
1923 3649 2043 3722 (per
2074 3664 2210 3722 quos

632 3750 874 3820 praedicit
901 3748 1158 3804 Dominus
1183 3745 1336 3800 vobis
1357 3743 1498 3799 mala
1519 3750 1928 3814 superventura,
1958 3750 2019 3797 ut
2038 3739 2212 3812 pinni-

633 3841 856 3895 tentiam
892 3839 1066 3910 agatis
1103 3843 1158 3892 et
1183 3835 1540 3903 liberemini);
1563 3833 1854 3904 opponitis,
1879 3832 2094 3898 manda,
2123 3848 2210 3887 re-

635 3929 860 3994 manda;
890 3929 1042 3998 quasi
1067 3928 1212 3982 dicat
1240 3923 1320 3981 :0
1346 3924 1612 3996 Propheta
1630 3966 1646 3992 ,
1675 3924 1906 3996 praecipe
1934 3924 2078 3995 quod
2104 3925 2207 3991 vis,

636 4019 842 4074 minare
853 4033 972 4087 qua:
983 4018 1063 4072 vis
1079 4034 1093 4082 ;
1117 4018 1231 4072 haec
1254 4027 1432 4072 tamen
1447 4033 1552 4071 non
1567 4018 1820 4072 eveniunt
1831 4032 1950 4087 qua:
1963 4017 2207 4073 minaris.

705 4107 867 4163 Vens.
901 4108 989 4161 11.
1025 4135 1096 4147 -
1125 4104 1196 4160 1η
1228 4104 1436 4176 loquela
1462 4106 1618 4158 enim.
1659 4104 1826 4171 Quasi
1855 4107 2037 4161 dicat:
2071 4105 2210 4162 Malo

637 4213 815 4258 vestro
845 4201 960 4256 haec
988 4200 1186 4265 dicitis,
1217 4197 1348 4269 quia
1377 4211 1484 4252 non
1512 4197 1897 4265 praenuntiabit
1921 4197 2077 4252 vobis
2104 4198 2212 4253 Do-

638 4293 816 4346 minus
843 4291 1038 4348 amodo
1073 4291 1234 4355 mala,
1274 4289 1372 4345 sed
1396 4288 1578 4344 statim
1609 4286 1825 4343 inferet.
1868 4287 1937 4343 Et
1961 4288 2067 4343 hoc
2088 4299 2206 4344 est:

635 4381 704 4438 I'n
741 4382 945 4452 loquela
989 4382 1126 4438 enim
1158 4380 1285 4435 labii
1332 4389 1380 4436 et
1422 4378 1604 4450 lingua
1645 4377 1813 4434 altera
1839 4377 2116 4450 loquentur
2140 4379 2210 4433 ad

635 4471 884 4543 populum
907 4472 1087 4536 istum,
1113 4479 1216 4526 etc.

709 4563 872 4620 Vens.
907 4562 994 4619 16.
1019 4591 1093 4604 --
1425 4559 1678 4663 Lapidem
1704 4576 1858 4631 quem
1887 4560 2208 4666 cedi/imam
2233 4603 2287 4666 Β

638 4654 1058 4727 reprobaoerunt,
1085 4655 1169 4709 hic
1195 4653 1368 4724 factus
1393 4661 1470 4707 est
1495 4653 1551 4705 in
1575 4662 1727 4722 caput
1755 4650 1955 4722 anguli.

709 4742 873 4799 Vens.
903 4743 1074 4798 19.-
1093 4742 1222 4799 Sola
1245 4742 1446 4798 vmtio
1473 4739 1793 4796 intellectum
1815 4740 1959 4795 dabit
1985 4741 2213 4796 audilui.

710 4833 877 4889 Vens.
906 4832 996 4888 21.
1023 4861 1089 4872 -
1117 4831 1263 4888 Sicut
1291 4833 1448 4886 enim.
1499 4829 1838 4886 Philistharos
1863 4840 2216 4902 congregatos

640 4925 1025 4998 superveniens
1067 4923 1238 4979 David
1282 4922 1482 4979 auxilio
1506 4923 1740 4990 Domini,
1779 4922 1963 4979 divisit
1993 4924 2146 4979 vivos
2182 4939 2216 4980 a

641 5018 874 5074 mortuis
913 5026 970 5072 et
995 5031 1251 5088 perversa
1281 5016 1400 5071 loca
1427 5015 1714 5087 dispersit;
1759 5015 1901 5071 unde
1947 5016 2102 5072 locus
2127 5016 2216 5073 ille

640 5107 1014 5179 Baalphrasim
1040 5121 1238 5163 nomen
1264 5105 1490 5174 accepit.

712 5201 955 5256 Alienum
982 5216 1133 5270 opus.
1184 5198 1308 5270 (ιθ.)
1337 5196 1486 5268 Opus
1512 5197 1792 5268 proprium
1820 5197 1915 5254 Dei
1943 5207 2028 5254 est
2054 5199 2217 5255 mise-

641 5295 775 5360 reri,
796 5306 1041 5364 parcere,
1059 5291 1384 5348 condonare.
1411 5290 1528 5347 Non
1549 5307 1727 5358 suum,
1745 5290 1839 5348 sed
1860 5289 2090 5347 alienum
2112 5300 2214 5359 est,

639 5385 828 5450 irasci,
853 5384 1065 5454 punire.
1747 5447 1750 5450 _

713 5477 932 5551 (Gram)
974 5477 1032 5532 In
1061 5477 1320 5532 mundum
1345 5477 1554 5542 veniet,
1584 5483 1646 5530 ut
1673 5473 1838 5530 faciat
1864 5489 1998 5544 opus
2025 5489 2212 5540 suum,

643 5570 853 5627 scilicet
874 5578 935 5623 ut
961 5569 1189 5623 redimat
1217 5582 1386 5639 genus
1413 5568 1745 5630 humanum;
1775 5566 1871 5621 sed
1899 5566 1968 5621 ab
1995 5566 2112 5636 ipso
2135 5575 2220 5622 est

649 5662 886 5719 alienum
915 5674 1050 5730 opus
1079 5658 1226 5728 ejus;
1276 5674 1382 5714 non
1408 5657 1659 5713 convenit
1693 5656 1839 5712 enim
1868 5656 2062 5712 Deitati
2092 5671 2220 5711 con-

647 5758 788 5828 spui,
817 5753 1094 5825 ﬂagellari,
1120 5751 1380 5821 crucifigi.

719 5844 880 5899 Vens.
910 5843 1001 5896 24.
1025 5869 1096 5883 -
1126 5840 1379 5910 Nunquid
1411 5850 1539 5894 tota.
1583 5839 1786 5909 alien.)
1827 5839 1954 5894 Pius
1981 5847 2036 5896 et
2058 5839 2218 5894 mise-

2234 3257 2282 3322 Ο

2377 2012 2595 2067 Additus
2616 2021 2691 2067 est
2713 2029 2901 2068 annus.
2937 2011 3072 2068 Cum
3102 2014 3403 2084 captivitati
3428 2023 3638 2071 essenta
3659 2013 3780 2071 Nabu-

2309 2101 2668 2168 chodonosor,
2718 2115 2894 2173 neque
2923 2103 3184 2172 templum
3228 2103 3520 2171 habebant,
3547 2120 3687 2176 neque
3721 2121 3781 2160 sa-

2306 2191 2596 2257 crificium,
2615 2200 2670 2248 et
2691 2194 2794 2250 hoc
2817 2210 2917 2264 per
2941 2194 3141 2251 multos
3165 2209 3337 2251 annos
3382 2215 3396 2250 :
3438 2195 3604 2252 ethoc
3624 2205 3688 2251 est
3718 2213 3782 2250 an-

2307 2298 2411 2338 nus
2437 2283 2505 2338 ad
2533 2298 2734 2338 annum
2761 2283 2994 2340 additus.

2377 2372 2540 2427 Vens.
2566 2373 2618 2427 5.
2642 2403 2715 2414 -
2733 2373 2899 2440 Quasi
2923 2376 3187 2445 splueram
3211 2377 3268 2431 in
3290 2376 3549 2431 circumitu
3571 2385 3658 2430 tuo.
3679 2376 3783 2430 Ten-

2307 2462 2380 2532 pli
2411 2462 2815 2520 similitudinem
2844 2464 3132 2521 retinentis
3160 2466 3460 2536 antiquam,
3490 2480 3585 2522 non
3609 2464 3780 2536 magniﬁ-

2309 2550 2562 2606 centiam.

2381 2640 2551 2696 Vens.
2580 2641 2634 2695 4.
2661 2671 2733 2685 -
2761 2641 3042 2713 Pythonis,
3070 2651 3180 2699 etc.
3234 2643 3358 2716 (In.)
3400 2643 3678 2716 Phytonissa
3709 2657 3782 2712 qua

2309 2740 2428 2786 erat
2467 2732 2524 2787 in
2565 2732 2748 2789 Endor
2786 2748 2887 2804 per
2917 2734 3352 2790 necromantiam
3394 2733 3687 2797 Samuelem,
3717 2733 3782 2786 imo

2309 2827 2608 2882 daemonem
2640 2827 2960 2882 suscitavit:
2999 2835 3056 2883 et
3090 2826 3398 2896 huiusmodi
3427 2827 3587 2881 futura
3613 2824 3780 2894 praediti

2308 2917 2366 2971 in
2383 2916 2579 2988 populo
2597 2916 2708 2972 illo.
2737 2917 2937 2986 Munia,
2959 2917 3191 2985 insania,
3209 2917 3352 2974 unde
3370 2917 3673 2981 manichaaos,
3688 2928 3781 2968 man-

2310 3011 2454 3075 thos,
2483 3010 2764 3068 divinatio.

2380 3099 2546 3157 Vens.
2576 3099 2630 3156 6.
2651 3128 2721 3142 —
2745 3099 2817 3156 In
2840 3100 3091 3156 tonitrua.
3125 3099 3242 3158 Visi
3269 3110 3394 3158 sunt
3419 3096 3621 3154 Romani
3642 3095 3781 3150 irruere

2310 3191 2442 3249 cum'
2465 3193 2724 3260 tonitruo,
2766 3199 2823 3248 et
2862 3200 3009 3247 terra
3052 3192 3262 3266 moveri
3299 3206 3480 3248 eorum
3513 3189 3720 3250 adventu,
3748 3195 3780 3238 el

2311 3299 2436 3340 eum
2464 3285 2679 3341 ﬂamma
2717 3281 2878 3356 ignis,
2919 3283 3048 3354 quia
3086 3293 3146 3339 et
3185 3283 3454 3340 civitatem
3487 3277 3782 3336 succendens:

2309 3384 2366 3432 et
2393 3375 2674 3446 templum.

2379 3465 2546 3522 Vens.
2575 3464 3059 3538 9.—0bstupescite
3087 3473 3135 3521 et
3164 3462 3512 3520 admiramini.
3527 3452 3782 3529 (Hm.)I‘osl

2309 3559 2716 3617 subversionem
2739 3557 3054 3619 Jerusalem,
3068 3565 3124 3612 et
3154 3555 3362 3626 templi,
3401 3554 3452 3609 id
3473 3561 3550 3608 est
3569 3547 3685 3606 Ariel
3701 3558 3782 3600 oon-

2312 3662 2396 3708 tra
2427 3650 2647 3708 Scribas
2671 3658 2728 3706 et
2751 3650 3056 3705 Pharisaaos
3081 3647 3367 3719 prophetia
3390 3643 3629 3714 dirigitur.

2382 3738 2550 3794 Vens.
2579 3737 2666 3792 11.
2680 3765 2752 3777 -
2773 3734 3026 3806 Signatus
3049 3744 3124 3790 est
3149 3736 3311 3790 enim.
3345 3733 3464 3788 Haec
3488 3727 3666 3799 impleta
3686 3727 3779 3782 soni.

2309 3831 2526 3904 quando
2553 3838 2609 3884 et
2636 3827 2952 3900 dignitatem
2981 3835 3039 3884 et
3070 3825 3430 3884 sacerdotium
3458 3821 3719 3878 amiserunt,
3745 3817 3778 3862 ει

2309 3924 2504 3980 civitas
2523 3921 2799 3978 destructa
2818 3927 2904 3975 est
2929 3926 2984 3975 et
3008 3917 3272 3989 templum
3293 3933 3325 3973 a
3346 3910 3638 3988 principibus
3654 3905 3778 3960 Roma-

2309 4029 2524 4072 norum.

2380 4109 2548 4167 Vens.
2583 4111 2669 4166 I3.
2694 4139 2764 4150 —
2790 4107 2873 4163 Eo
2916 4107 3054 4180 quod
3096 4106 3471 4179 appropinquat
3503 4093 3678 4168 populus
3704 4089 3774 4140 im.

2312 4202 2435 4274 (Ῑυι)
2466 4202 2727 4257 Dominus
2753 4201 2809 4257 in
2835 4199 3132 4270 Evangelio
3161 4196 3396 4254 Matthaei
3423 4191 3590 4254 utitur,
3608 4193 3773 4247 eloqu-

2309 4309 2406 4361 que
2432 4292 2500 4345 ad
2523 4292 2706 4346 verbis
2733 4290 2971 4361 pr0priis
2999 4303 3145 4344 usos.

2381 4380 2558 4436 Labiis
2584 4381 2716 4434 suis.
2767 4379 2892 4451 (ln.)
2940 4378 3100 4434 LXX.
3141 4378 3326 4435 Labiis
3361 4377 3465 4433 suis
3498 4385 3574 4428 me
3597 4367 3772 4424 honorat.

2313 4484 2406 4526 cor
2433 4478 2612 4525 autem
2643 4469 2760 4540 ejus
2779 4469 2936 4541 longe
2957 4479 3040 4525 est
3066 4485 3098 4524 a
3123 4485 3212 4526 me
3237 4487 3250 4524 :
3284 4469 3474 4524 frustra
3491 4470 3641 4517 autem
3657 4451 3771 4508 coll!nl

2313 4576 2400 4617 me
2422 4601 2438 4626 ,
2463 4561 2719 4617 docentes
2743 4568 3012 4631 praecepta
3038 4560 3316 4616 hominum
3344 4566 3494 4626 atque
3517 4545 3731 4631 doctrinas.

2387 4651 2553 4709 Vens.
2584 4651 2674 4708 lt.
2696 4628 2768 4694 -ᾇ
2800 4628 2997 4706 Peribit
3023 4651 3183 4706 enim.
3207 4648 3330 4721 an.)
3357 4645 3435 4700 Ab
3461 4643 3564 4696 loco
3586 4637 3664 4691 hoc
3684 4628 3772 4726 At»

2317 4743 2486 4801 stolus
2502 4743 2871 4802 testimonium
2889 4741 3071 4812 ponit:
3101 4738 3326 4796 Perdam
3353 4730 3624 4805 sapientiam
3641 4730 3771 4815 ’ΨῩΤ

2317 4838 2524 4903 tium,et
2544 4835 2857 4892 intellectum
2881 4810 3212 4903 prudentium
3234 4827 3530 4902 reprobabo:
3547 4818 3642 4875 aliis
3655 4810 3768 4903 verbis

2316 4900 2565 4986 eumdem
2595 4942 2812 4984 sensum
2835 4900 3008 4981 :Vere
3029 4925 3235 4996 grande
3259 4900 3552 4978 miraculum
3569 4900 3766 4996 [θοίιυευξ

2317 5023 2372 5078 in
2418 5020 2614 5091 populo
2662 5027 2724 5073 ut
2768 5018 2960 5073 eodem
3009 4991 3250 5086 tempore
3294 5011 3473 5068 civitas
3514 4991 3765 5092 πάθηξ

2321 5083 2576 5181 templum
2606 5114 2911 5171 corrueret,
2960 5115 3016 5162 et
3049 5083 3228 5162 omnis
3257 5099 3596 5172 magistrorum
3615 5083 3761 5139 scienti!

2320 5201 2608 5272 deperiret.
3570 5268 3586 5272 _
3670 5259 3678 5270 ι

2389 5263 2554 5345 Vens.
2577 5287 2662 5343 15.
2676 5317 2746 5328 -
2759 5287 2806 5342 Α
2827 5287 3054 5342 Domino
3075 5283 3413 5342 abscondatis.
3434 5273 3542 5349 (ἰν.)
3559 5263 3680 5335 0“lsi

2319 5381 2497 5438 videat
2521 5381 2680 5435 Deus.
2723 5379 2837 5434 Hoc
2865 5393 3050 5435 errore
3076 5379 3244 5435 Adam
3272 5383 3322 5430 et
3349 5348 3449 5427 Eva
3473 5348 3757 5420 abscondet!"ll

2320 5489 2377 5530 se
2401 5491 2413 5526 :
2447 5471 2580 5527 Cain
2605 5485 2821 5542 quoque
2846 5471 3016 5526 dixit:
3042 5471 3088 5524 A
3115 5469 3248 5525 facie
3275 5476 3358 5521 tua
3384 5450 3641 5542 abscondat:-

2390 5560 2554 5617 Vens.
2586 5531 2674 5616 iii.
2713 5531 2785 5602 --
2832 5559 3086 5616 Peruersa
3127 5568 3223 5624 est,
3252 5565 3350 5612 etc.
3390 5546 3496 5621 (ιν.)
3533 5531 3755 5624 mam“?

2320 5657 2530 5726 ignoret
2557 5661 2896 5717 creaturam;
2920 5653 3061 5707 unde
3088 5647 3396 5721 Apostolus:
3419 5640 3458 5694 0
3483 5623 3754 5726 homorlliz‘

2318 5700 2530 5815 ξεῖν...-
2548 5700 2863 5813 genus
2883 5700 3290 5812 nausea.
3316 5731 3426 5788 ...η
3449 5723 3680 5796 μνη...
3702 5700 3752 5768 [ω

2320 5837 2450 5892 ctori
2475 5849 2602 5892 suo:
2632 5834 2808 5900 Quare
2831 5851 2912 5889 me
2939 5831 3145 5903 fecisti?
3167 5829 3335 5900 (Rom.
3361 5819 3449 5889 Ix.)
