4028 6332
245 4721 250 4726 -
308 4686 518 4742 ruinam
567 4683 784 4740 difﬁcile
830 4683 1147 4749 instaurari,
1192 4691 1247 4738 et
1295 4683 1585 4752 pristinum
1631 4685 1880 4740 decorem

253 458 432 515 1275
1309 456 1575 515 GLOSSA
1609 402 1880 514 URDINAI

1905 455 2005 511 11A.
2043 483 2110 494 -—
2146 453 2272 510 LIB.
2315 454 2538 512 ISALE.
3436 464 3573 520 1274

343 571 560 630 Vm.
593 571 822 628 17.-1η
849 574 1047 628 modico
1071 581 1119 627 et
1145 574 1199 626 in
1227 572 1386 627 brevi.
1411 572 1615 643 (Ηιειι.)
1640 571 1904 627 Modicum
1930 572 1984 632 Α
2007 567 2214 624 scilicet
2235 583 2354 638 quae
2376 569 2442 624 ad
2469 568 2877 624 similitudinem
2901 571 3146 627 veritatis
3167 571 3362 628 artifex
3394 572 3572 644 lingua

255 674 328 722 et
354 665 568 722 breve
597 682 663 722 ex
691 681 796 736 quo
823 665 926 721 hoc
952 666 1266 735 praedictum
1298 674 1382 720 est
1409 681 1580 735 usque
1611 666 1677 720 ad
1707 680 1896 720 ascen-
2000 661 2381 730 composuerit,
2414 662 2470 716 in
2498 661 2785 732 splendore
2827 661 3148 732 eloquentiae
3193 665 3360 735 (quod
3408 665 3570 736 signi-

255 757 520 813 sionem
537 757 976 813 Domini:omnia
991 758 1133 812 enim
1153 767 1418 830 tempora,
1443 759 1734 814 aeternitati
1755 775 1901 814 com-
1998 750 2129 806 fleat
2154 751 2457 823 argentum)
2488 759 2542 806 et
2589 751 2644 806 in
2673 752 2880 807 ratione
2909 752 3191 822 sapientiae
3215 754 3380 824 (quod
3406 754 3574 825 signi-

255 856 526 918 parata,
554 848 741 904 brevia
765 856 892 903 sunt
910 857 967 903 et
989 858 1386 906 momentanea.
1999 843 2125 900 ticat
2163 844 2375 915 aurum)
2407 844 2763 911 comminues,
2789 853 2844 900 et
2869 844 3168 916 disperges,
3217 853 3274 900 et
3295 844 3570 900 immunda

344 935 623 993 Libanus
641 939 695 993 in
711 937 935 993 Carmel.
950 939 1186 997 Libanus
1205 957 1362 998 mons
1380 943 1436 998 in
1449 941 1747 1010 Phoenicia,
1764 952 1868 1000 etc.
1880 984 1896 1012 ,
1990 934 2280 1005 iudicabis-

256 1043 461 1098 usque
489 1031 570 1084 ad
591 1030 636 1084 si
661 1037 802 1086 esset
827 1046 951 1086 cum
972 1032 1216 1089 adultero
1237 1026 1402 1091 vim.'
2066 1029 2229 1086 Vens.
2273 1030 2365 1086 25.
2390 1060 2462 1070 —
2493 1029 2563 1083 Et
2604 1029 2816 1084 dabitur
2847 1029 3040 1100 pluvia.
3092 1028 3217 1100 (1a.)
3261 1027 3321 1084 1n
3359 1028 3567 1100 Regum

347 1115 555 1174 Vens.
583 1120 864 1175 21.—Et
887 1121 1272 1178 declinaverunt
1299 1125 1497 1195 frustra
1528 1143 1560 1179 a
1581 1126 1745 1195 justo.
1777 1127 1896 1182 Dae-
1995 1123 2266 1180 volumine
2310 1125 2570 1194 scriptum
2617 1131 2722 1189 est,
2766 1132 2897 1190 etc.,
2945 1139 3109 1194 usque
3153 1123 3225 1179 ad
3269 1121 3376 1178 nisi
3420 1123 3568 1178 enim

263 1221 502 1265 mones
532 1211 717 1266 conati
745 1222 886 1276 sunt,
918 1220 1050 1278 etc.,
1085 1229 1245 1284 usque
1291 1213 1361 1267 ad
1390 1212 1594 1270 Scribae
1625 1223 1680 1268 et
1700 1213 1898 1270 Phari-
1995 1214 2126 1270 vitia
2153 1213 2472 1284 abjecerint,
2503 1215 2734 1269 virtutes
2767 1230 2873 1269 non
2911 1214 3162 1268 subeunt.

265 1299 384 1353 saai
446 1299 870 1356 declinaverunt
919 1301 1120 1358 frustra
1168 1318 1198 1358 a
1236 1303 1404 1372 justo,
1453 1305 1736 1361 dicentes:
1771 1305 1894 1362 Non
2066 1307 2338 1363 Pascetur.
2379 1307 2605 1375 Quidam
2653 1307 2770 1361 haec
2792 1305 3171 1376 hyperbolicos
3195 1304 3323 1378 Cyri
3359 1313 3568 1376 tempo-

261 1389 565 1446 habemus
594 1409 761 1463 regem
785 1394 886 1448 nisi
912 1392 1172 1448 Cursarem
1197 1394 1378 1466 (Joan.
1409 1395 1546 1467 xix).
1995 1412 2164 1465 riuus,
2189 1398 2281 1467 qui
2326 1396 2692 1468 captivitatem
2739 1396 2920 1467 populi
2971 1395 3252 1463 relaxavit,
3303 1396 3359 1451 in
3383 1395 3567 1452 Iudaea

351 1481 553 1537 Vens.
579 1481 759 1537 22.—
783 1482 1020 1538 Redemit
1043 1483 1326 1556 Abraham.
1361 1487 1437 1540 De
1465 1486 1588 1557 igne
1609 1485 1891 1544 Chaldmo-
1993 1487 2276 1557 completa,
2318 1489 2673 1543 contendunt.

265 1588 444 1640 rum,
479 1582 622 1642 etc.,
659 1592 820 1646 usque
843 1575 913 1629 ad
948 1574 1089 1647 ignis
1115 1575 1261 1631 enim
1288 1576 1471 1648 lingua
1496 1592 1686 1634 eorum
1718 1596 1783 1634 ur
1806 1577 1894 1637 di;
2061 1579 2226 1635 Vens.
2266 1579 2356 1634 24.
2379 1610 2451 1620 —
2471 1580 2821 1635 Commixtum
2857 1581 3072 1652 migma.
3119 1579 3269 1636 Isaac
3303 1579 3567 1634 hordeum

267 1666 462 1722 citur.
892 1737 920 1743 _
940 1739 950 1743 Α
970 1737 1106 1743 ____
1147 1737 1292 1743 _____
1991 1672 2148 1738 sevit,
2173 1680 2303 1738 etc.,
2332 1689 2493 1743 usque
2513 1681 2568 1728 et
2587 1673 2656 1726 ad
2683 1687 2780 1743 per
2805 1673 2988 1743 paleas
3012 1681 3068 1726 et
3091 1671 3351 1727 hordeum
3379 1669 3568 1741 paula-

881 1737 1107 1796 CAPUT
1147 1737 1316 1794 xxx-
1992 1764 2086 1819 tim
2113 1737 2426 1835 proficiunt.
2449 1773 2503 1818 et
2527 1737 2824 1820 transeunt
2841 1765 2909 1820 ad
2933 1763 3281 1819 frumentum.

350 1849 547 1904 Vens.
608 1849 661 1904 1.
693 1878 763 1890 --
802 1847 914 1914 νω,
957 1849 1057 1919 filii
1085 1851 1397 1916 desertores,
1441 1852 1568 1908 dicit
1606 1853 1884 1911 Dominus.
2061 1855 2225 1910 Vens.
2254 1855 2344 1908 25.
2366 1886 2435 1895 —--
2457 1853 2526 1907 Et
2547 1865 2718 1909 erunt.
2745 1854 2804 1908 In
2833 1856 2917 1910 die
2940 1855 3130 1924 judicii
3157 1870 3322 1925 super
3345 1863 3558 1909 montes

270 1938 418 2011 (10.)
463 1939 602 1996 Post
650 1939 989 2022 prophetiam
1016 1951 1204 1998 contra
1239 1941 1386 1998 Ariel
1416 1951 1472 1999 et
1514 1953 1729 2024 caetera,
1755 1937 1964 2024 etc.,.B
1992 1953 2047 2000 et
2072 1945 2235 2000 colles
2263 1955 2422 2000 erunt
2457 1945 2576 2008 rivi,
2617 1955 2747 2008 etc.,
2790 1961 2951 2017 usque
2975 1946 3044 1999 ad
3067 1945 3159 2015 qui
3185 1944 3330 1998 enim
3369 1941 3570 1999 biberit

271 2047 464 2100 usque
492 2031 565 2084 ad
592 2029 844 2103 fugerunt
871 2032 926 2089 in
949 2031 1243 2104 Egyptum
1273 2050 1287 2086 ε
1315 2044 1372 2091 et
1394 2034 1498 2091 hoc
1521 2044 1604 2091 est
1628 2051 1642 2090 :
1664 2021 1758 2104 vta,
1785 2021 1906 2106 ﬁlii.
1989 2035 2056 2090 de
2087 2036 2242 2106 aquis
2267 2034 2383 2102 ejus
2411 2051 2516 2090 non
2545 2035 2690 2090 sitiet
2712 2036 2768 2090 in
2791 2046 3073 2091 aeternum.

273 2122 614 2178 desertores.
2061 2125 2449 2196 Interfectionis
2472 2125 2777 2181 multorum.
2818 2125 2941 2198 (19.)
2968 2125 3116 2180 Multi
3149 2126 3293 2180 enim
3322 2133 3448 2179 sunt
3474 2138 3567 2179 vo-

355 2213 544 2272 Vans.
589 2214 645 2270 2.
667 2244 741 2258 —
764 2214 868 2282 Qui
897 2215 1195 2272 ambulatis.
1231 2217 1300 2275 Ut
1336 2218 1468 2275 dicit
1494 2219 1883 2292 Hieronymus:
1987 2219 2117 2284 cati,
2145 2227 2275 2284 etc.,
2299 2237 2460 2289 usque
2482 2219 2550 2272 ad
2580 2235 2808 2288 quorum
2835 2219 3030 2290 linguae
3069 2219 3122 2274 in
3150 2218 3420 2290 Babylone
3440 2233 3568 2273 con-

277 2304 576 2361 Jeremias
596 2320 724 2361 cum
747 2305 828 2361 eis
858 2305 974 2373 ivit,
1001 2315 1136 2374 etc.,
1165 2323 1326 2378 usque
1361 2308 1431 2362 ad
1459 2322 1477 2360 :
1499 2319 1556 2362 ut
1582 2309 1886 2365 habitaretis
1991 2308 2148 2376 fusae,
2181 2319 2238 2366 et
2264 2325 2426 2380 super
2452 2325 2590 2380 quos
2615 2311 2810 2366 cecidit
2837 2313 3003 2367 turris
3030 2312 3086 2366 in
3111 2310 3276 2366 Siloe.

280 2397 342 2452 in
368 2407 529 2452 terra
549 2407 741 2452 vestra.
938 2417 940 2420 ν
2063 2399 2227 2456 Vens.
2273 2400 2362 2456 26.
2384 2431 2454 2440 —
2475 2399 2545 2454 Et
2575 2402 2670 2455 erit
2703 2401 2813 2455 lux.
2861 2399 2996 2455 Cum
3038 2400 3317 2470 praemium
3363 2399 3566 2456 laboris

361 2487 552 2542 Erant
577 2487 713 2542 enim
738 2488 794 2542 in
822 2487 1105 2559 Thaphnis.
1131 2488 1295 2555 Quasi
1327 2490 1615 2545 dicatzAn
1645 2490 1767 2546 ideo
1801 2505 1885 2546 re-
1990 2494 2329 2564 percipient,
2381 2493 2505 2563 quia
2559 2499 2806 2546 creatura
2859 2491 3176 2546 liberabitur
3224 2505 3255 2544 a
3301 2491 3562 2544 servitute

285 2579 552 2636 cessistis
576 2596 608 2635 a
645 2595 733 2636 me
756 2620 771 2645 ,
820 2590 880 2635 ut
923 2579 1177 2653 fugeretis
1204 2597 1375 2652 usque
1425 2583 1477 2637 in
1521 2583 1794 2652 Thaphnis
1831 2590 1887 2638 et
1989 2583 2374 2654 corruptionis.
2411 2582 2530 2639 Non
2557 2583 2754 2638 mirum
2788 2583 2833 2638 si
2868 2582 2992 2637 luna
3030 2583 3160 2638 solis
3188 2582 3448 2652 fulgorem
3481 2597 3567 2638 re-

289 2675 494 2731 Anes?
519 2673 798 2743 Thaphnis
823 2673 1015 2730 civitas
1044 2675 1098 2729 in
1128 2689 1234 2744 qua
1259 2675 1400 2746 magi
1450 2683 1636 2730 contra
1665 2674 1882 2746 Moysen
1987 2677 2151 2746 cipiat
2181 2693 2193 2728 :
2229 2675 2365 2740 Quia
2386 2675 2520 2743 justi
2543 2674 2811 2745 fulgebunt
2833 2674 2966 2728 sicut
2988 2672 3064 2728 sol
3092 2673 3306 2744 (Matth.
3330 2673 3473 2745 xm).

291 2767 462 2838 signa
507 2764 789 2832 fecerunt;
847 2765 992 2822 Anes
1037 2767 1092 2821 in
1133 2765 1332 2821 ﬁnibus
1357 2765 1578 2837 Egypti
1610 2767 1712 2821 sita
1759 2774 1879 2821 est:
2057 2764 2222 2820 Vsus.
2271 2765 2360 2819 27.
2385 2764 2611 2819 —Ecce
2653 2781 2840 2819 nomen
2877 2763 3112 2818 Domini.
3155 2762 3322 2818 Filius
3371 2763 3425 2817 in
3465 2778 3560 2817 no-

296 2858 541 2914 forsitan
578 2858 772 2912 timore
802 2857 1003 2912 turbati
1044 2873 1148 2912 non
1197 2857 1313 2912 ausi
1349 2865 1474 2912 sunt
1521 2857 1575 2911 in
1606 2856 1882 2927 Thaphnis
1986 2857 2132 2911 mine
2163 2855 2359 2921 Patris,
2389 2870 2556 2909 unum
2605 2855 2749 2910 enim
2793 2870 2990 2910 nomen
3032 2863 3116 2908 est
3139 2853 3317 2909 Patris
3355 2863 3412 2908 et
3438 2853 3562 2907 Filii

297 2961 556 3012 manere,
588 2955 644 3001 et
666 2944 917 3015 fugerunt
940 2961 1109 3014 usque
1134 2947 1200 2999 ad
1224 2946 1388 3001 Anes.
1986 2958 2043 3004 et
2067 2949 2299 3019 Spiritus
2328 2949 2498 3004 sancti
2525 2963 2540 3002 :
2566 2949 2708 3004 unde
2734 2964 2746 3000 :
2773 2946 3112 3018 Baptizantes
3151 2963 3236 3000 eos
3275 2947 3333 3000 in
3359 2947 3564 3000 nomine

322 3049 328 3054 ‘
374 3034 545 3091 Vens.
590 3033 644 3091 6.
667 3065 737 3076 -—
759 3034 904 3090 Onus
935 3035 1314 3104 jumentorum.
1367 3034 1490 3107 (In.)
1539 3034 1669 3091 Post
1697 3037 1883 3092 decem
1989 3037 2191 3104 Patris,
2215 3047 2261 3092 et
2285 3037 2436 3103 Filii,
2461 3049 2508 3110 et
2531 3037 2760 3105 Spiritus
2786 3039 2994 3094 sancti:
3017 3053 3124 3093 non
3150 3039 3206 3093 in
3232 3038 3560 3105 nominibus,

301 3143 478 3186 onera
531 3128 863 3184 diversarum
891 3127 1150 3197 gentium,
1185 3126 1531 3182 undecimum
1572 3141 1711 3183 onus
1759 3127 1884 3182 reli-
1991 3128 2094 3183 sed
2113 3129 2168 3183 in
2194 3128 2410 3183 nomine
2435 3128 2576 3197 quod
2605 3136 2688 3183 est
2713 3129 2875 3184 Deus.

305 3237 542 3292 quarum
585 3220 812 3276 duarum
847 3219 1084 3274 tribuum
1128 3218 1300 3288 ponit,
1345 3233 1464 3289 quae
1505 3227 1884 3274 remanserunt
2057 3219 2220 3274 Vsus.
2251 3218 2426 3274 28.-—
2451 3217 2678 3288 Spiritus
2717 3218 2830 3288 ejus
2869 3219 3004 3274 velut
3046 3229 3248 3275 torrens
3279 3221 3561 3276 inundans.

305 3315 472 3368 ducto
495 3311 760 3368 Sedechia
789 3319 844 3367 et
871 3310 990 3366 aliis
1019 3309 1351 3381 principibus
1377 3310 1432 3365 in
1459 3310 1808 3382 Babylonem.
1909 3295 1954 3358 C
1987 3309 2354 3382 (Hieu.)Sicut
2383 3319 2596 3364 torrens
2625 3310 2888 3365 inundans
2912 3325 3035 3364 cum
3056 3310 3365 3380 pervenerit
3393 3326 3563 3379 usque

378 3405 450 3460 In
476 3417 638 3460 terra.
685 3403 809 3476 (11).)
845 3403 1072 3460 Eremus
1096 3418 1196 3474 per
1223 3417 1384 3474 quam
1415 3403 1653 3472 pontifex
1677 3403 1886 3459 Joanna
1987 3403 2054 3458 ad
2099 3402 2296 3458 collum
2321 3443 2337 3469 ,
2388 3404 2719 3458 animantem
2765 3401 2993 3458 suifocat
3017 3443 3032 3470 ,
3073 3403 3152 3458 sic
3195 3402 3415 3473 spiritus
3468 3403 3559 3457 ira:

303 3497 454 3551 filius
482 3494 704 3551 Chares:
727 3502 782 3548 et
805 3494 899 3549 alii
927 3494 1092 3550 duces
1143 3494 1497 3549 traduxerunt
1541 3495 1796 3565 reliquias
1832 3496 1885 3550 in
1987 3496 2084 3551 Dei
2139 3495 2193 3550 in
2227 3495 2431 3564 judicio
2477 3495 2670 3566 impios
2718 3495 3020 3552 suﬂ'ocabit.
3079 3493 3268 3550 Finem
3319 3494 3560 3550 omnium

309 3587 610 3659 IEgyptum
663 3594 852 3642 contra
899 3595 1231 3656 praeceptum
1280 3586 1529 3652 Domini;
1597 3587 1714 3651 vel,
1769 3587 1888 3657 ipsa
1985 3587 2204 3641 venisse
2249 3586 2578 3655 signiﬁcans,
2621 3586 2761 3642 sicut
2806 3593 3019 3641 torrens
3061 3583 3286 3640 suffocat.
3331 3599 3454 3640 eum
3493 3583 3566 3640 ad

303 3675 578 3752 Egyptus
621 3679 677 3735 in
715 3693 820 3750 qua
859 3677 1057 3736 multas
1099 3677 1474 3735 tribulationes
1513 3687 1568 3734 et
1608 3678 1886 3752 angustias
1985 3676 2138 3747 cujus
2185 3678 2378 3732 collum
2419 3679 2695 3749 pervenit;
2733 3678 2811 3733 sic
2841 3677 2938 3732 Dei
2979 3675 3242 3747 judicium
3291 3675 3562 3751 neminem

307 3774 704 3830 suStinuerunt.
1985 3770 2240 3824 transibit
2278 3771 2621 3840 impunitum.

374 3861 541 3918 Vitas.
572 3861 884 3919 8.--Nunc
909 3862 1190 3936 ergo.(lo.)
1215 3863 1473 3938 Dominus
1494 3862 1883 3930 adJeremiam,
2019 3918 2021 3920 ,
2057 3860 2210 3926 Quod
2240 3871 2350 3915 erat
2383 3861 2435 3915 in
2471 3861 2723 3916 maxillis.
2776 3861 2849 3918 Ut
2887 3879 2989 3933 pro
3032 3862 3310 3919 voluntate
3365 3861 3562 3918 diaboli

300 3955 393 4012 vel
421 3955 511 4020 ad
553 3954 748 4010 Isaiam
798 3954 1092 4010 secundum
1122 3953 1397 4017 Hebrans,
1428 3961 1556 4020 etc.,
1606 3969 1769 4021 usque
1815 3953 1882 4006 ad
1984 3951 2483 4018 circumferrentur,
2511 3953 2627 4009 haec
2653 3953 2842 4022 perdet
2867 3954 3128 4010 Dominus
3155 3954 3212 4009 in
3238 3953 3324 4008 die
3347 3952 3561 4022 judicii,

300 4045 436 4117 quia
465 4044 604 4100 bene
631 4043 734 4100 feci
765 4043 862 4108 eis,
896 4044 1033 4099 bene
1058 4044 1236 4109 docui,
1281 4052 1336 4099 et
1372 4043 1474 4113 ipsi
1503 4049 1844 4112 spreverunt.
1989 4043 2074 4098 vel
2110 4043 2164 4098 in
2190 4045 2578 4114 praedicatione
2616 4046 2984 4116 apostolorum
3015 4061 3136 4102 cum
3183 4053 3372 4116 gentes
3400 4045 3464 4100 ad
3501 4045 3560 4100 ﬁ-

373 4135 542 4190 Vans.
593 4135 681 4190 12.
724 4165 794 4176 -
845 4133 954 4189 Pro
1002 4151 1061 4190 eo
1103 4135 1242 4206 quod
1289 4135 1601 4206 reprobastis
1650 4135 1881 4190 verbum.
1987 4135 2108 4191 dem
2138 4137 2406 4202 venerint,
2436 4143 2491 4192 et
2518 4137 2659 4193 idola
2691 4139 3016 4208 relinquent.

303 4227 713 4302 (1b.)1laeretici
761 4242 976 4299 quoque
1019 4234 1074 4282 et
1109 4241 1270 4283 omne
1309 4226 1504 4298 dogma
1552 4226 1883 4282 contrarium
2055 4224 2216 4282 VERS.
2269 4226 2359 4282 29.
2386 4257 2456 4268 ——
2482 4225 2757 4282 Canticum
2805 4229 2900 4282 erit
2946 4226 3104 4282 vobis.
3167 4225 3296 4282 Post
3342 4241 3560 4297 poenam

306 4320 541 4382 veritati,
579 4327 712 4386 etc.,
740 4335 904 4389 usque
933 4319 1001 4373 ad
1032 4327 1088 4374 et
1123 4318 1315 4374 saltem
1355 4331 1631 4374 caenosam
1668 4325 1723 4374 et
1757 4333 1881 4389 par-
1985 4319 2249 4373 malorum
2276 4319 2386 4388 agit
2415 4319 2481 4372 de
2507 4317 2674 4387 gloria
2703 4327 3038 4373 sanctorum.
3069 4316 3224 4372 Sicut
3251 4317 3343 4372 filii
3374 4317 3562 4386 Israel,

304 4410 485 4468 vulam
517 4425 713 4481 aquam
751 4410 1058 4467 sitientibus
1083 4411 1344 4482 praebere.
1887 4429 1890 4432 θ
1985 4408 2214 4462 transito
2259 4407 2398 4461 mari
2429 4407 2632 4472 Rubro,
2686 4423 2811 4463 cum
2855 4408 3116 4465 vidissent
3142 4407 3482 4466 Pharaonem
3508 4419 3563 4467 et

375 4501 541 4558 Vsus.
574 4503 661 4557 15.
684 4499 918 4558 —Sicut
941 4504 1249 4573 interruptio
1277 4503 1487 4557 cadens.
1512 4502 1711 4568 Quasi:
1734 4500 1880 4568 Quo-
1984 4499 2269 4571 IEgyptios
2300 4499 2629 4564 submersos,
2661 4515 2782 4554 cum
2829 4499 3014 4556 laetitia
3055 4501 3344 4559 dixerunt:
3369 4501 3563 4557 Cante-

307 4595 468 4650 modo
502 4595 824 4662 interruptio
851 4579 1008 4648 Imuri
1051 4591 1298 4647 altissimi
1343 4593 1434 4659 qui
1472 4592 1686 4661 longam
1715 4591 1882 4646 traxit
1906 4642 1959 4664 ,ἱ
1984 4609 2098 4647 mus
2120 4591 2365 4659 Domino,
2393 4591 2614 4663 gloriose
2649 4592 2812 4659 enim,
2849 4601 2979 4660 etc.;
3010 4593 3088 4649 sic
3137 4595 3191 4648 in
3240 4595 3326 4650 die
3350 4594 3560 4664 judicii,

1905 4642 1960 4702 D
1987 4685 2213 4740 transito
2235 4642 2437 4740 mund;
2461 4693 2516 4739 et
2537 4685 2796 4741 damnato
2823 4684 3036 4740 diabolo
3063 4695 3118 4740 et
3144 4642 3401 4740 membris
3425 4685 3562 4751 suis,

308 4777 548 4847 recipere
570 4783 770 4847 potest,
788 4775 868 4831 sic
885 4775 1067 4830 veniet
1086 4773 1238 4829 vobis
1260 4775 1541 4843 repentina
1561 4775 1834 4830 contritio.
1984 4777 2156 4832 sancti
2195 4792 2318 4832 cum
2348 4777 2530 4832 laetitia
2558 4777 2902 4834 exsultabunt
2945 4779 2996 4833 in
3025 4779 3121 4835 Dei
3156 4779 3434 4846 laudibus;
3469 4795 3561 4834 eo-

319 4875 323 4879 '
377 4871 541 4926 Vens.
581 4868 759 4925 19.—
802 4867 1029 4922 Plorans
1079 4883 1405 4938 nequaquam
1459 4866 1702 4938 plorabit.
1761 4865 1883 4940 (Ιο.)
1983 4871 2107 4926 dem
2129 4869 2289 4925 modo
2315 4869 2371 4924 in
2393 4869 2747 4924 conversione
2771 4871 3033 4940 gentium.

293 4963 478 5038 _Juda:i
524 4960 766 5018 referunt
824 4961 926 5015 hoc
975 4960 1041 5014 ad
1095 4968 1306 5030 tempus
1351 4958 1481 5013 illud
1527 4961 1739 5028 quando
1783 4962 1884 5016 sub
2054 4958 2198 5015 Sicut
2229 4960 2319 5032 qui
2352 4960 2537 5032 pergit.
2584 4959 2921 5032 Pmceptum
2965 4971 3050 5018 est
3095 4963 3220 5017 filiis
3265 4962 3454 5028 Israel,
3500 4972 3560 5018 ut

307 5053 630 5121 Zorobabel,
659 5061 788 5118 etc.,
817 5069 975 5120 usque
1007 5052 1075 5106 ad
1109 5052 1162 5106 in
1185 5043 1418 5122 'specula
1455 5051 1662 5108 scilicet
1699 5065 1753 5108 et
1794 5054 1879 5109 vi-
1986 5053 2251 5108 decimam
2281 5052 2544 5108 bonorum
2575 5067 2794 5108 suorum
2823 5053 3051 5108 Domino
3085 5051 3365 5118 oﬂ‘errent,
3396 5053 3559 5106 Dato-

309 5150 460 5205 sione
486 5147 658 5218 pacis,
685 5145 740 5201 id
766 5155 850 5202 est
869 5144 1131 5200 Ecclesia.
1992 5150 2412 5224 rem’bonorum
2455 5147 2823 5219 glorificantes
2868 5163 2882 5200 :
2929 5146 3009 5200 sic
3051 5145 3223 5200 sancti
3277 5144 3332 5198 in
3356 5142 3559 5214 judicio

377 5241 542 5298 Vatis.
566 5241 747 5296 2l.'—
769 5237 900 5294 Post
934 5248 1152 5310 tergum.
1180 5239 1364 5294 Prima
1390 5237 1697 5295 conditione
1721 5242 1878 5310 quasi
1989 5245 2216 5302 offerent
2255 5243 2555 5314 manipulos
2615 5258 2741 5297 suos
2789 5238 3121 5295 exsultantes
3155 5245 3212 5294 et
3234 5237 3402 5293 Deum
3447 5237 3558 5292 lau-

308 5334 362 5389 in
375 5332 512 5389 facie
535 5331 706 5387 Adam
723 5330 930 5385 audivit
950 5343 979 5382 a
1009 5328 1258 5394 Domino,
1281 5337 1411 5396 etc.,
1435 5346 1596 5400 usque
1609 5330 1678 5383 ad
1700 5338 1754 5385 et
1777 5331 1879 5386 hoc
1988 5340 2194 5404 dantes,
2225 5345 2280 5393 et
2303 5344 2488 5408 gentes
2516 5351 2788 5392 conversae
2815 5332 3081 5389 similiter.

308 5431 390 5480 est
411 5441 428 5480 :
453 5423 616 5478 Aures
637 5432 741 5477 tua:
762 5420 978 5476 audient
1005 5420 1213 5475 verbum
1239 5423 1492 5476 monentis
1521 5433 1631 5492 post
1655 5432 1876 5491 tergum.
2057 5426 2222 5482 Vsus.
2248 5426 2336 5480 55.
2361 5457 2428 5467 --
2451 5426 2747 5496 Sulphuris.
2797 5424 2857 5480 1n
2887 5423 3102 5481 inferno
3128 5423 3267 5480 fetor
3303 5422 3555 5479 intolera-

382 5516 563 5589 Neque
591 5516 661 5570 ad
689 5515 977 5570 dexteram.
1027 5513 1084 5568 In
1132 5523 1362 5586 utraque
1415 5525 1569 5586 parte
1612 5517 1880 5590 quidquid
1985 5519 2108 5575 bilis
2129 5527 2184 5574 et
2210 5517 2662 5588 inexstinguibilis
2689 5517 2847 5588 ignis.

310 5623 469 5680 supra
522 5607 740 5663 modum
791 5614 895 5671 est,
954 5606 1009 5660 in
1051 5607 1183 5661 vitio
1229 5616 1329 5662 est.
1379 5607 1561 5678 Neque
1606 5609 1676 5663 ad
1704 5610 1882 5664 dexte-
2532 5605 2760 5663 CAPUT
2801 5607 2973 5663 XXXI

310 5716 447 5766 ram,
475 5707 579 5754 etc.
612 5697 987 5754 declinandum
1017 5705 1118 5761 est,
1152 5698 1245 5752 sed
1271 5698 1358 5753 via
1389 5698 1602 5770 publica
1633 5700 1884 5772 gradien-
2057 5702 2222 5759 Vens.
2280 5705 2329 5758 l.
2361 5731 2430 5742 —
2469 5696 2559 5752 Va:
2611 5699 2700 5769 qui
2760 5699 3075 5754 descendunt
3143 5699 3197 5753 in
3243 5697 3555 5770 Egyptum.

311 5790 458 5866 dum,
482 5789 538 5844 id
563 5798 646 5844 est
680 5788 851 5860 regia,
883 5801 1002 5856 quae
1027 5801 1134 5841 non
1165 5785 1319 5843 fallit.
1984 5793 2110 5865 (ιν.)
2159 5794 2280 5866 Egit
2324 5793 2388 5846 de
2439 5788 2608 5860 gloria
2644 5789 2905 5844 bonorum
2937 5797 2992 5843 et
3019 5790 3085 5844 de
3117 5803 3276 5858 poena
3304 5790 3557 5860 reprobo-

314 5865 320 5871 ’
380 5880 540 5936 Vens.
581 5879 670 5934 22.
696 5911 766 5921 -
791 5879 856 5934 Et
898 5879 1274 5933 contaminabis
1320 5879 1560 5936 laminas.
1589 5882 1710 5951 (1a.)
1735 5883 1879 5940 ldola
1983 5901 2126 5951 rum,
2159 5865 2300 5940 nunc
2329 5879 2618 5936 revertitur
2641 5880 2706 5932 ad
2747 5881 3003 5952 reliquias
3030 5897 3151 5960 qua:
3182 5889 3559 5944 remanserunt
