4028 6332
242 443 379 500 1277

1253 437 1519 497 GLOSSA
1552 434 1949 499 DECIMA.
1986 466 2057 478 —
2088 437 2217 497 LIB.
2253 437 2483 499 ιεΑιλε.

3344 433 3503 497 1878-

234 561 309 616 tis
348 566 565 626 nostrae,
597 572 758 629 quam
809 556 1067 612 Dominus
1114 554 1290 611 ill-viis
1326 556 1441 612 suis
1490 554 1808 611 circumdat.
1838 556 1889 617 Α
1915 554 2082 611 editio
2111 569 2129 610 :
2159 555 2347 612 Facite
2373 555 2517 627 quod
2541 555 2694 613 vobis
2715 554 2846 613 utiie
2871 563 2976 621 ost.
3006 562 3065 613 ut
3090 568 3179 619 me
3198 553 3485 627 recipiatis

760 671 985 729 CAPUT
1038 666 1274 726 XXXIV.

304 768 466 824 Vens.
509 767 561 823 4.
610 762 791 825 Omnis
831 766 1019 821 militia
1064 766 1328 821 caelorum.
1359 760 1564 837 misit.)
1595 760 1722 829 Sol,
1753 768 1810 818 et

231 860 382 929 luna,
436 869 491 916 et
530 856 712 917 stella:
761 858 1042 914 obscurari
1070 858 1428 923 videbuntur,
1478 856 1807 912 clarescente

229 942 361 1008 vera
399 950 544 1021 luce,
575 967 693 1021 quae
721 957 803 1005 est
832 948 1115 1005 Christus.'
1133 948 1368 1019 Spiritus
1406 942 1619 1025 quoque
1648 945 1799 1012 mali,

232 1043 429 1099 amissa
454 1051 736 1112 potestate,
770 1042 821 1095 in
848 1040 1060 1095 inferno
1089 1040 1455 1097 recludentur.

304 1133 372 1187 Et
418 1132 867 1202 complicabuntur
893 1133 1026 1187 sicut
1063 1131 1211 1186 liber.
1242 1130 1357 1186 Non
1408 1130 1616 1187 scilicet
1660 1129 1803 1185 inte-

225 1225 363 1288 rior,
387 1234 516 1289 etc.,
540 1241 700 1296 usque
722 1225 791 1279 ad
816 1224 949 1280 nihil
973 1226 1119 1281 enim
1140 1233 1325 1295 postea
1348 1221 1613 1281 scribetur
1634 1224 1687 1279 in
1702 1224 1800 1281 eis.
1824 1242 1834 1251 ε

306 1319 461 1375 Vens.
496 1318 548 1377 6.
587 1316 750 1377 -Ὶη
799 1316 989 1377 Bosra.
1026 1316 1174 1390 ‘(ln.)
1228 1316 1287 1371 In
1348 1317 1567 1372 civitate
1618 1315 1831 1407 mundi‘

226 1418 417 1471 contra
466 1409 633 1469 Deum
683 1409 909 1465 munita.
956 1408 1124 1463 Bosra
1171 1410 1314 1464 enim
1348 1410 1574 1474 munita,
1618 1408 1700 1464 vel
1735 1424 1803 1465 ex

223 1498 369 1566 Deo;
435 1500 665 1556 mundus
714 1484 858 1555 enim
913 1498 1188 1555 voluntate
1242 1498 1455 1554 Domini
1506 1499 1799 1569 'ﬁrmatur;

223 1590 431 1655 unde:
472 1589 592 1661 Ipse
632 1606 796 1660 super
826 1590 997 1645 maria
1042 1590 1282 1660 {undavit
1331 1607 1448 1651 eum
1488 1604 1507 1641 :
1556 1600 1609 1646 et
1644 1610 1657 1645 :
1691 1586 1803 1662 Ego

221 1681 527 1750 confirmavi
576 1682 846 1739 columnas
898 1682 1032 1753 ejus.
1082 1683 1306 1736 Bosram
1354 1690 1409 1736 et
1454 1682 1645 1749 Edom,
1693 1682 1802 1738 He-

219 1769 490 1827 braeorum
532 1773 799 1845 magistri,
841 1772 1068 1831 Romam
1097 1772 1283 1830 volunt
1326 1772 1571 1847 intelligi,
1608 1782 1661 1829 et
1686 1790 1804 1829 om-

219 1861 311 1918 nia
338 1863 402 1919 de
437 1864 559 1935 ipsa.
578 1863 683 1923 dici
712 1878 831 1932 qua:
853 1863 1099 1934 sequenti
1121 1863 1465 1918 continentur
1485 1862 1740 1935 capitulo.

1911 658 1967 705 et
1994 664 2101 720 pax
2130 659 2348 708 maneat
2378 651 2677 709 vobiscum.

2420 760 2649 819 CAPUT
2694 760 2957 817 XXXVII.

1970 854 2138 911 Vens.
2169 853 2222 909 1.
2257 884 2323 896 —
2345 854 2412 909 Et
2436 855 2657 926 factum,
2684 865 2761 910 est
2786 872 2904 909 cum
2931 854 3210 910 audivisset
3228 870 3325 910 rea:
3349 854 3486 912 Eze-

1905 948 2050 1002 chias
2077 988 2093 1015 ,
2141 948 2294 1002 scidit
2333 949 2635 1002 vestimenta
2684 964 2802 1002 sua.
2836 947 2956 1019 (lo.)
2989 946 3253 1002 Scindurrt
3281 955 3482 1015 vestes,

1904 1043 2030 1114 quia
2061 1042 2338 1097 audierant
2364 1041 2641 1098 Rabsacen
2658 1040 3143 1112 blasphemantem.
3177 1039 3349 1096 Scidit
3364 1054 3481 1108 rex,

1904 1136 2132 1191 credens
2163 1150 2230 1191 ex
2259 1135 2494 1208 peccatis
2522 1135 2634 1191 suis
2662 1143 2715 1191 et
2742 1120 2923 1207 populi
2952 1135 3054 1189 hoc
3090 1134 3422 1204 provenisse.

1974 1224 2137 1281 Vens.
2169 1224 2224 1279 2.
2261 1255 2329 1265 —-
2357 1224 2557 1279 Isaiam
2606 1224 2775 1294 ﬁlium
2809 1226 2987 1279 Amos.
3014 1223 3077 1278 in
3104 1223 3244 1278 libro
3264 1222 3477 1291 Regum

1901 1314 2133 1385 legitur,
2166 1316 2257 1386 qui
2301 1315 2449 1371 misit
2489 1315 2556 1370 ad
2604 1314 2796 1371 Isaiam
2831 1315 3171 1386 prophetam.
3213 1313 3319 1369 Sed
3358 1315 3483 1382 hic,

1903 1406 2027 1477 quia
2057 1407 2123 1463 de
2159 1422 2219 1461 se
2250 1405 2418 1462 Isaias
2456 1406 2593 1461 texit
2634 1406 2940 1472 historiam,
2990 1420 3099 1461 non
3140 1405 3482 1476 prophetam,

1904 1498 1998 1553 sed
2034 1497 2200 1553 (ilium
2225 1499 2502 1569 prophetae
2527 1513 2585 1553 se
2613 1498 2875 1552 nominat.

1932 1582 1939 1589 ’
1974 1590 2139 1647 Vens.
2168 1576 2223 1646 d.
2254 1623 2323 1634 —
2347 1590 2456 1645 Pro
2482 1591 2735 1662 reliquiis.
2766 1588 2885 1645 1am
2916 1590 3060 1647 enim
3085 1589 3273 1646 decem
3310 1589 3486 1645 tribus

1905 1678 2182 1747 adductae,
2211 1684 2459 1738 civitates
2483 1680 2634 1738 Iudae
2659 1692 2714 1737 et
2748 1682 3025 1752 Beniamin
3054 1691 3279 1739 vastatas
3312 1701 3329 1738 :
3361 1696 3489 1754 pars

1903 1770 2067 1830 etiam
2110 1773 2338 1829 inferior
2359 1776 2593 1830 civitatis
2614 1776 2671 1830 in
2697 1791 2891 1832 manus
2928 1777 3165 1831 hostium
3188 1775 3390 1831 tradita
3419 1776 3488 1832 ab

1907 1866 2071 1938 impio
2094 1876 2148 1921 et
2168 1866 2399 1937 superbo
2422 1866 2677 1938 pontiﬁce
2692 1866 2897 1923 Sobria.
2929 1867 3065 1923 Leva
3088 1866 3285 1932 oculos,
3319 1876 3427 1922 etc.

290 1927 540 2013 Vens-8.
570 1984 642 1995 -—
669 1927 807 2021 Quia
828 1927 947 2008 dies?
964 1952 1179 2009 ultionis
1210 1952 1423 2009 Domini
1451 1927 1620 2008 anulis
1650 1955 1799 2008 retri-
1827 1927 1877 1990 Β
1968 1927 2131 2012 Vens.
2160 1956 2212 2010 7.
2234 1927 2314 1997 ί·-
2338 1927 2473 2012 Ecce
2503 1972 2594 2028 ego
2628 1958 2763 2011 dabo
2789 1958 2839 2012 ei
2866 1959 3142 2028 spiritum,
3174 1927 3282 2013 etc;
3312 1956 3484 2027 Quasi

218 2047 466 2103 butionis.
498 2047 626 2105 Post
661 2046 963 2119 generalem
990 2046 1182 2102 mundi
1220 2046 1499 2112 ultionem,
1546 2048 1612 2102 ad
1638 2046 1795 2102 Jeru-

216 2136 387 2193 salem
417 2137 724 2201 revertitur,
754 2137 839 2192 cui
867 2138 1098 2209 primum
1131 2137 1450 2207 loquebatur
1501 2148 1556 2193 et
1579 2122 1827 2193 destru-i

216 2226 455 2281 ctionem
496 2225 611 2299 ejus
660 2228 825 2299 plano
866 2240 1120 2284 sermone
1168 2228 1444 2295 describ-t,
1485 2244 1604 2300 quin
1653 2228 1798 2285 facta

216 2329 300 2381 est
332 2337 361 2375 a
399 2320 678 2377 Romanis.

289 2411 450 2473 Vens.
483 2413 571 2467 11.
596 2444 666 2453 -
706 2412 840 2469 Ibis.
879 2412 1010 2469 Avis
1040 2413 1293 2493 aquatica
1324 2412 1664 2483 serpentibus
1695 2413 1817 2468 ini-‘

214 2507 394 2562 mica:
426 2508 527 2562 has
552 2493 681 2564 aves
710 2508 842 2563 dicit
884 2508 1151 2579 Iosephus
1198 2523 1229 2567 a
1265 2506 1445 2579 Moyse
1487 2506 1695 2564 delatas
1742 2508 1798 2564 in

214 2598 414 2655 bellum
439 2611 628 2669 contra
666 2598 993 2670 Ethiopes;
1022 2587 1150 2670 quia
1202 2606 1487 2672 serpentes
1516 2600 1798 2657 abundant

213 2690 269 2745 in
296 2698 439 2745 terra
471 2690 559 2745 illa
580 2707 684 2765 per
710 2707 870 2767 quam
898 2691 1146 2749 aditurus
1171 2701 1308 2749 erat.

286 2780 448 2835 Vens.
509 2780 593 2835 12.
643 2811 712 2821 —
766 2780 979 2835 Nobiles
1025 2780 1161 2851 ejus.
1210 2779 1455 2851 Apostoli
1484 2781 1629 2841 enim
1676 2780 1796 2850 jam

212 2870 547 2931 transierant
573 2871 643 2926 ad
670 2879 860 2940 gentes
890 2889 902 2923 :
947 2870 1038 2925 alii
1066 2868 1252 2927 ﬁdeles
1279 2872 1643 2931 admonitione
1679 2871 1800 2943 Spi-

212 2961 354 3016 ritus
379 2960 572 3025 sancti,
603 2959 920 3019 imminente
946 2961 1283 3030 captivitate,
1317 2961 1653 3017 transierunt
1672 2960 1798 3015 Jor-

212 3051 409 3105 danem
438 3050 491 3104 in
518 3064 743 3121 regnum
769 3049 1022 3121 Agrippae
1061 3049 1154 3119 qui
1194 3064 1384 3120 pacem
1408 3038 1644 3113 habebat
1671 3067 1796 3106 cum

212 3139 496 3197 Romanis.

760 3228 987 3291 CAPUT
1021 3226 1237 3285 XXXV.

287 3319 448 3376 Vens.
501 3320 650 3375 1.—
679 3320 985 3377 Ltetabitur.
1037 3322 1294 3392 Exposita
1343 3322 1657 3403 captivitate
1704 3319 1798 3379 Ju-

213 3415 477 3480 daeorum,
513 3415 624 3485 agit
650 3417 717 3470 de
738 3414 1093 3477 conversione
1124 3416 1392 3488 gentium.

283 3505 447 3563 Vnus.
478 3504 531 3563 2.
553 3534 626 3547 ——-
653 3503 849 3565 Sinon.
880 3506 1068 3575 Populi
1094 3504 1435 3571 Judacorutn;
1464 3504 1605 3571 unde
1635 3523 1648 3561 :
1676 3506 1795 3565 Erit

210 3594 389 3652 Saron
418 3596 553 3653 sicut
581 3596 840 3655 desertum
867 3595 1002 3667 (Isa.
1028 3596 1224 3669 xxxii).
1504 3586 1513 3593 ’

285 3687 447 3745 Vens.
473 3687 524 3742 7.
545 3718 618 3729 -—
647 3686 803 3743 Viror
824 3687 1033 3743 calami.
1064 3688 1308 3761 Impletio
1332 3688 1645 3763 Scriptum,
1671 3706 1793 3761 quae

210 3795 306 3852 per
332 3780 630 3847 calamum;
674 3770 736 3836 et
762 3782 1078 3838 intentionis
1134 3768 1482 3851 adjutorium,
1532 3799 1653 3853 qua:
1694 3799 1795 3855 per

211 3873 463 3945 jnncum:
492 3874 734 3932 calamus
760 3876 906 3933 enim
935 3873 1207 3946 etjuncus
1228 3876 1386 3947 juxta
1412 3889 1583 3946 aquas
1604 3872 1807 3931 oriun-'

211 3971 301 4019 tur
341 3971 396 4019 et
422 3963 618 4019 virent.

736 4055 966 4114 CAPUT
1014 4054 1256 4115 XXXVI.

283 4145 446 4202 Vsus.
483 4148 536 4202 1.
567 4146 732 4233 —.Et
768 4150 967 4220 factum
1000 4161 1096 4207 est.
1156 4148 1364 4224 (Ηιειι.)
1404 4152 1551 4209 Libri
1582 4148 1793 4226 Regum

211 4247 265 4295 et
282 4239 814 4311 Paralipomeuormn
844 4245 1349 4313 eonsentiunt,etc.,
1366 4264 1527 4319 usque
1548 4247 1617 4303 ad
1637 4238 1794 4304 Jeru-i

212 4330 377 4387 salem
407 4331 637 4387 obsedit.

286 4422 446 4479 Vsus.
477 4423 532 4480 5.
560 4455 631 4501 τ-
659 4423 856 4482 Sobna.
891 4426 1012 4499 (ln.)
1044 4426 1222 4485 Sobna
1250 4430 1448 4497 scriba,
1479 4428 1641 4499 alius,
1684 4448 1792 4488 non

214 4518 495 4585 superbus,
539 4517 654 4586 qui,
700 4527 759 4572 ut
814 4521 1035 4575 tradunt
1077 4521 1325 4589 Ilzebrzei,
1373 4524 1795 4580 comminatione

214 4601 472 4659 Rabsacis
524 4607 887 4673 perterritus,
944 4607 1257 4667 inferiorem
1304 4620 1513 4679 partem
1556 4612 1790 4670 civitatis

154 4732 162 4739 -
217 4695 448 4757 tradidit,
481 4710 607 4750 arce
634 4706 946 4753 remanente
970 4706 1026 4753 et
1049 4701 1264 4770 templo.

286 4784 446 4855 Vsus.
474 4786 532 4841 4.
555 4817 626 4828 -
646 4785 776 4843 Haec
800 4789 948 4844 dicit.
980 4791 1132 4847 Sicut
1159 4792 1341 4849 forsan
1365 4810 1394 4849 a
1416 4803 1571 4867 patre
1599 4797 1789 4852 audie-

215 4885 336 4942 rat,
369 4879 484 4935 Iace
507 4878 640 4934 dicit
680 4874 937 4937 Dominus
970 4900 982 4935 :
1014 4891 1068 4935 et
1110 4891 1169 4938 ut
1211 4885 1373 4940 verba
1413 4884 1530 4955 ejus
1554 4887 1790 4951 habeant

215 4966 387 5037 majus
427 4969 667 5039 pondus,
718 4979 870 5025 notat
908 4974 1271 5045 arrogantiam
1312 4993 1325 5030 :
1363 4976 1488 5034 Haec
1520 4978 1653 5035 dicit
1692 4995 1787 5039 rex

216 5074 456 5129 magnus,
487 5060 642 5133 quasi
668 5063 942 5118 contraria
967 5063 1246 5123 fortitudo.

283 5149 444 5205 Vens.
489 5149 542 5205 6.
587 5182 660 5192 —
702 5151 835 5207 Ecce
877 5157 1116 5225 conﬁdis.
1158 5155 1280 5230 (11).)
1317 5158 1570 5217 Mentitur
1604 5163 1785 5235 plane.

218 5240 486 5312 Nusquam
528 5242 673 5299 enim
716 5244 909 5316 legitur
936 5246 1226 5304 Ezechiam
1264 5250 1319 5305 in
1362 5250 1596 5325 Egypto
1632 5270 1786 5327 spem

218 5346 477 5403 posuisse.

289 5426 444 5482 Vens.
478 5425 531 5482 8.
567 5458 637 5470 —-
664 5428 776 5485 Nec
797 5432 1009 5501 poteris.
1041 5432 1156 5489 Non
1183 5449 1249 5490 ex
1272 5435 1664 5504 imbecillitate,
1691 5438 1786 5496 sed

220 5528 600 5588 praeceptorum
632 5520 842 5577 Domini
876 5524 1253 5584 observatione
1278 5568 1294 5593 ,
1332 5530 1423 5601 qui
1449 5545 1545 5601 per
1569 5531 1788 5602 Moysen

223 5607 283 5663 de
310 5626 433 5679 rege
469 5609 634 5665 Israel
672 5613 946 5683 praecepit,
989 5615 1174 5673 dicens
1207 5636 1219 5671 :
1256 5616 1381 5673 Non
1417 5620 1787 5691 multiplicabis

223 5700 309 5757 tibi
337 5719 514 5789 equos,
543 5713 593 5758 et
619 5721 828 5771 currus,
859 5723 950 5763 nec
982 5724 1169 5764 uxores
1196 5710 1469 5781 plurimas.

289 5792 449 5851 Vens.
496 5797 582 5853 16.
631 5829 702 5839 —
745 5797 930 5856 Facite
956 5818 1156 5877 mecum
1190 5806 1595 5864 benedictionem
1618 5849 1635 5877 ,
1677 5817 1786 5869 etc.
1820 5828 1833 5843 ί

225 5883 460 5945 Laudato
504 5904 588 5947 me
611 5930 626 5958 ,
666 5890 968 5948 benedicite
1007 5909 1110 5950 me.
1156 5895 1253 5954 Vel
1292 5898 1435 5956 sicut
1475 5900 1639 5957 habet
1681 5902 1787 5959 alia

1822 3285 1869 3350 Ο

1814 4654 1869 4714 D

1900 2047 2046 2104 dicat
2074 2066 2087 2101 :
2117 2046 2230 2102 Non
2268 2047 2444 2103 dicam
2472 2048 2726 2105 universa
2752 2065 2871 2121 quae
2904 2048 3128 2121 Assyrio
3151 2049 3371 2115 faciam,
3410 2060 3480 2105 ne

1900 2154 2077 2195 meam
2127 2139 2313 2195 videar
2344 2140 2555 2211 jactare
2600 2142 2936 2212 potentiam,
2983 2141 3080 2197 sed
3122 2142 3227 2198 hoc
3269 2157 3435 2196 unum
3469 2156 3485 2197 :

1899 2226 2035 2284 Ecce
2055 2246 2148 2302 ego
2173 2232 2328 2286 dabo.

1970 2318 2134 2377 Vens.
2174 2321 2229 2377 8.
2254 2353 2324 2363 ——
2357 2322 2427 2377 Et
2454 2324 2670 2379 invenit.
2696 2324 2975 2397 Pugnasse
3007 2324 3378 2382 Sennacherib
3399 2341 3489 2384 re-

1899 2418 2018 2484 gem
2044 2410 2391 2483 Assyriorum
2443 2424 2634 2469 contra
2678 2414 3156 2488 £gyptios,‘etc.,
3210 2434 3372 2489 usque
3418 2416 3493 2472 ad

1898 2501 2203 2560 Chaldaicae
2226 2506 2522 2576 scriptores
2550 2507 2809 2564 historiae.

1970 2595 2133 2650 Vens.
2166 2595 2252 2651 15.
2277 2595 2553 2653 —Oravit.
2580 2599 2787 2674 (Ηιειι.)
2808 2599 2925 2656 Iam
2952 2602 3197 2658 securior
3214 2603 3282 2659 de
3297 2601 3492 2660 libera-

1903 2686 2068 2743 tione.
2102 2688 2240 2743 Ante
2275 2682 2418 2745 enim
2449 2694 2728 2760 ascendit,
2765 2696 2860 2750 sed
2898 2710 3005 2752 non
3051 2697 3250 2769 legitur
3277 2713 3488 2767 orasse,

1900 2779 2026 2849 quia
2054 2794 2155 2848 pro
2176 2782 2416 2849 peccatis
2450 2783 2564 2839 suis
2592 2787 2866 2841 metuebat
2894 2786 3008 2843 haec
3039 2786 3175 2844 fore.

1970 2866 2132 2925 Vens.
2167 2871 2255 2927 18.
2282 2902 2354 2912 —
2394 2870 2522 2928 Vere
2545 2876 2704 2939 enim,
2728 2874 2949 2932 Domine
2974 2897 2987 2933 :
3017 2877 3205 2935 multis
3229 2878 3494 2950 probatur

1899 2959 2144 3017 historiis
2179 2965 2392 3021 venisse
2437 2982 2592 3037 reges
2639 2965 2930 3024 Persarum
2982 2970 3039 3026 in
3082 2968 3394 3040 Graeciam,
3439 2977 3495 3029 et

1901 3050 2232 3107 subvertisse
2253 3061 2308 3109 et
2329 3056 2591 3125 spoliasse
2618 3060 2834 3130 templa.

1971 3142 2135 3200 Vens.
2174 3146 2262 3201 21.
2307 3177 2377 3187 —
2418 3146 2487 3201 Et
2518 3149 2678 3203 misit.
2727 3146 2965 3207 Historia
3006 3148 3141 3211 libri
3182 3148 3395 3225 Regum
3438 3162 3495 3212 et

1900 3234 2439 3309 Paralipomenorum
2487 3241 2819 3298 admiscetur
2863 3244 3193 3315 prophetiae,
3236 3246 3361 3316 quia
3407 3255 3492 3305 est

1900 3329 2180 3399 prophetia
2221 3329 2289 3386 de
2322 3330 2642 3389 liberatione
2672 3336 2824 3392 urbis
2848 3379 2863 3403 ,
2895 3336 2963 3393 de
2998 3336 3220 3395 interitu
3263 3342 3491 3415 Assyrii,

1897 3417 1963 3473 de
1993 3421 2303 3477 reversione
2330 3421 2481 3489 solis,
2520 3432 2577 3479 et
2596 3424 2662 3480 de
2691 3427 2847 3482 annis
2876 3422 3123 3485 Ezécbiaa
3163 3431 3381 3488 additis.

1968 3508 2134 3567 Vens.
2186 3511 2277 3568 22.
2330 3542 2402 3554 —
2452 3512 2596 3571 Filia
2641 3516 2960 3577 Jerusalem.
3005 3514 3134 3589 Quae
3183 3524 3334 3595 prius
3382 3538 3491 3599 non

1898 3607 2268 3675 responderat,
2295 3604 2407 3675 jam
2430 3616 2578 3663 certa
2610 3610 2675 3667 de
2704 3610 2928 3685 ultione,
2962 3628 3153 3689 secura
3184 3616 3250 3671 de
3270 3628 3451 3687 paena.

1966 3690 2132 3752 Vens.
2179 3697 2270 3753 25.
2318 3728 2387 3739 —
2432 3698 2502 3753 Et
2554 3703 2829 3759 exsiccavi.
2884 3702 3088 3763 Tantus
3137 3706 3240 3763 fuit
3283 3708 3489 3765 exerci-

1896 3793 1983 3842 tus
2025 3796 2084 3842 ut
2112 3787 2314 3844 ﬂuenta
2359 3790 2719 3860 exsiccarent,
2750 3803 2807 3851 et
2837 3794 2956 3853 ideo
3004 3807 3197 3869 puteos
3224 3815 3377 3872 aqum
3409 3801 3490 3857 in-

1894 3876 2016 3947 o‘pia
2044 3877 2307 3934 facerent.

1964 3968 2132 4026 Vens.
2163 3968 2253 4028 29.
2298 4004 2367 4015 —
2407 3974 2683 4044 Superbia.
2718 3972 2842 4051 (11).)
2874 3976 2991 4037 Non
3016 3981 3158 4037 ultra
3190 3982 3489 4055 sustinebo,

1894 4068 1955 4118 ut
1984 4063 2128 4119 scias
2167 4073 2221 4119 te
2253 4081 2360 4121 non
2402 4068 2609 4125 viribus
2642 4066 2759 4126 hmo
2802 4074 3045 4142 potuisse
3070 4116 3084 4141 ,
3130 4076 3225 4131 sed
3261 4076 3490 4135 arbitrio

1898 4169 2039 4209 meo.
2084 4154 2431 4213 Merebantur
2459 4162 2602 4216 enim
2633 4161 2812 4232 impia:
2838 4174 3026 4235 gentes
3055 4176 3109 4221 et
3142 4166 3491 4225 infructuosae

1896 4245 2120 4301 arbores
2148 4256 2207 4302 ut
2236 4262 2335 4320 per
2357 4258 2425 4315 te,
2467 4253 2620 4320 quasi
2658 4255 2894 4309 securim
2922 4257 3349 4314 succiderentur.

1916 4347 1920 4351 ‘
1966 4336 2130 4393 Vens.
2174 4338 2262 4392 50.
2294 4371 2365 4380 --
2398 4340 2515 4395 Tibi
2563 4352 2756 4399 autem.
2804 4344 2926 4420 (11).)
2979 4344 3171 4405 Omnia
3227 4350 3342 4405 haec
3392 4368 3492 4427 per

1894 4428 2115 4483 nuntios
2134 4428 2399 4500 PrOpheta
2426 4432 2493 4486 ad
2523 4432 3090 4509 Ezechiamloquitur,
3123 4440 3251 4511 quid
3281 4440 3489 4499 Senna-

1896 4518 2083 4573 cherib
2112 4520 2338 4588 dixerit,
2373 4523 2505 4593 quid
2542 4526 2593 4579 ei
2626 4524 2886 4584 Dominus
2924 4533 3265 4603 responderit
3299 4553 3311 4589 :
3343 4548 3489 4593 nunc

1894 4608 1961 4661 ad
1996 4609 2382 4703 ipsu‘mjerba
2434 4616 2719 4681 convertit,
2758 4633 2826 4673 ne
2874 4618 3080 4676 dubitet
3108 4634 3336 4680 ventura
3364 4641 3485 4703 quae

1897 4696 2163 4766 prmdixit.
2188 4699 2245 4754 1n
2277 4701 2378 4756 hoc
2405 4703 2549 4758 enim
2574 4706 2809 4761 maxime
2832 4710 3108 4782 prOphetis
3128 4696 3449 4773 credebatur
3466 4758 3482 4786 ,

1897 4789 2023 4857 quia
2064 4806 2168 4845 non
2203 4791 2374 4847 solum
2404 4793 2560 4865 longe
2597 4806 2720 4868 post
2756 4797 2960 4869 futura,
3006 4805 3099 4860 sed
3140 4807 3196 4862 in
3235 4810 3486 4879 proximo

1897 4881 2209 4955 complenda
2244 4885 2600 4943 testabantur.
3264 4898 3271 4907 ’
3434 4896 3443 4905 ’

1967 4968 2036 5027 Et
2068 4977 2120 5029 in
2150 4993 2310 5031 anno.
2344 4972 2565 5036 Scilicet
2609 4981 2925 5041 imminente
2964 5002 3163 5053 messe,
3206 4989 3482 5048 irruerunt

1894 5064 2122 5141 Assyrii,
2150 5080 2205 5124 et
2233 5080 2575 5129 vastaverunt
2600 5091 2824 5144 messes,
2848 5088 2902 5134 et
2926 5080 3131 5146 vineta,
3158 5089 3215 5137 et
3240 5082 3436 5139 oliveta
3462 5103 3476 5140 :

1894 5170 1949 5217 et
1972 5163 2043 5218 ob
2072 5165 2295 5220 nimiam
2322 5167 2657 5225 obsidionem
2684 5212 2697 5239 ,
2731 5172 2872 5245 quod
2898 5188 2963 5229 ex
2981 5160 3177 5246 granis
3204 5185 3477 5247 repertum

1893 5261 2008 5320 est,
2040 5254 2344 5312 habuerunt
2389 5258 2444 5313 in
2484 5260 2684 5317 victum
2716 5262 2891 5333 primo
2932 5280 3073 5321 anno
3112 5275 3167 5321 et
3207 5268 3474 5339 secundo;

1893 5344 2019 5414 quia
2047 5345 2189 5400 enim
2219 5345 2272 5401 in
2311 5362 2453 5405 anno
2481 5350 2777 5408 obsidionis
2812 5369 2996 5409 serere
3027 5372 3132 5412 non
3162 5366 3474 5429 potuerunt,

1893 5451 2012 5506 qua:
2039 5448 2356 5509 repererunt
2385 5457 2451 5497 ex
2482 5442 2656 5513 pomis
2687 5456 2739 5499 et
2764 5442 3009 5517 frugibus
3046 5458 3412 5520 sumpserunt.

1964 5531 2129 5588 Vsus.
2160 5532 2332 5588 55.-
2358 5534 2664 5609 Propterea.
2697 5536 2819 5609 (In.)
2850 5537 3164 5597 Revertitur
3188 5543 3261 5595 ad
3279 5552 3473 5615 propo-

1891 5624 2078 5691 situm,
2106 5634 2157 5679 et
2187 5635 2307 5695 post
2337 5626 2639 5683 futurorum
2671 5627 2817 5701 spem
2848 5640 3046 5687 metum
3088 5635 3292 5689 excutit
3336 5650 3474 5707 pra:-

1891 5722 2119 5771 sentem.
2143 5716 2255 5772 Nec
2278 5718 2421 5772 enim
2448 5726 2594 5773 tanta
2637 5720 2740 5775 erit
2774 5720 2957 5777 laetitia
2993 5722 3058 5779 de
3088 5722 3171 5780 his
3197 5742 3317 5796 quae
3342 5710 3471 5798 pro;

1891 5810 2143 5869 mittebat
2184 5811 2387 5881 futura,
2415 5822 2615 5884 quanta
2645 5814 2710 5872 de
2740 5812 3143 5876 imminentibus
3172 5836 3301 5878 cura

1964 5904 2123 5962 Vsns.
2154 5904 2243 5962 35.
2270 5935 2345 5948 —
2370 5906 2731 5984 Propterﬂme.
2777 5908 3077 5986 Signiﬁcat,
3098 5910 3234 5989 quia
3263 5931 3372 5975 non
3398 5929 3470 5975 ex
