4028 6332
665 387 804 447 1879

1153 389 1543 445 WALAFRIDI
1580 389 1823 444 STRABI
1860 391 2061 447 FULD.
2105 390 2267 446 MON.
2303 390 2452 449 OPP.
2494 391 2674 449 PARS
2705 392 2748 448 Ι.
2787 421 2855 434 —
2891 389 3331 450 THEOLOGICA.

3562 408 3758 464 'l280

662 486 857 553 merito
883 511 1002 564 suo,
1031 498 1124 553 sed
1148 499 1242 553 Dei
1273 493 1557 554 clementia
1585 507 1999 567 conservantur,
2043 501 2151 555 imo
2176 509 2231 556 et
2257 506 2310 566 Α
2337 501 2506 558 dolosi
2539 517 2648 558 non
2682 503 3039 559 dimidiabunt
3074 503 3188 560 dies
3209 521 3344 572 suos,
3372 510 3479 577 quia
3509 527 3592 568 non
3613 516 3760 587 implent

661 589 834 658 patris
875 603 1061 644 eorum
1103 589 1269 643 David
1313 590 1589 644 memoria.
1631 590 1689 644 In
1731 607 1838 659 quo
1877 592 2230 648 admonentur

664 693 775 733 suae
794 677 1147 750 negligentiae,
1181 688 1236 734 et
1259 678 1384 734 ﬁdei
1414 679 1577 744 illius,
1613 689 1774 750 atque
1791 681 2036 751 justitiae,
2063 697 2228 751 quam

662 774 876 821 tantum
905 767 1078 838 diligit
1103 767 1264 835 Deus,
1305 777 1365 824 ut
1399 777 1644 840 posteros
1686 779 1998 826 sanctorum
2035 772 2230 827 merito

661 870 851 914 eorum
879 868 1107 914 tueatur.

694 1019 696 1022 τ
733 947 894 1003 Vnus.
922 948 1012 1002 δη.
1036 979 1108 990 -
1130 949 1202 1004 Et
1216 965 1467 1006 reversus.
1495 950 1622 1006 Ideo
1644 960 1981 1016 reservatus,
2012 959 2072 1006 ut
2095 952 2232 1007 sciat

659 1023 951 1108 potentiam
982 1041 1078 1096 Dei
1115 1050 1172 1096 et
1203 1041 1632 1112 blasphemantia
1676 1043 1995 1112 comprimat
2017 1057 2136 1108 ora,
2178 1051 2234 1098 et

658 1129 915 1200 praedicet
937 1132 1272 1202 majestatem
1308 1132 1452 1188 illius
1477 1149 1646 1202 quem,
1667 1143 1794 1188 ante
1817 1134 2157 1203 despexerat.

728 1220 893 1278 Vens.
921 1223 1008 1280 58.
1035 1253 1105 1264 —
1130 1223 1260 1278 Filii
1289 1225 1422 1294 ejus.
1447 1226 1751 1281 lnvidentes
1766 1227 2082 1298 (secundum
2117 1237 2230 1282 tra-

660 1311 916 1368 ditionem
946 1313 1271 1387 Judteorum)
1297 1314 1631 1382 Asaratldon,
1667 1328 1794 1383 etc.,
1827 1335 1986 1389 usque
2027 1319 2096 1372 ad
2137 1334 2230 1375 re-

658 1414 905 1463 servatus
930 1423 961 1462 a
981 1408 1107 1464 ﬁliis
1141 1409 1197 1464 in
1225 1411 1424 1480 templo
1445 1410 1542 1465 Dei
1573 1412 1652 1465 sui
1691 1411 2034 1481 occidendus.

681 1553 684 1556 ,
726 1496 940 1552 Ararat.
997 1499 1222 1572 (Ηιειι.)
1255 1501 1420 1572 Regio
1448 1503 1718 1558 Armeniae
1770 1507 2109 1576 campestris,
2136 1521 2236 1577 per

657 1602 820 1656 quam
839 1588 956 1644 lluit
983 1591 1209 1658 Araxes,
1233 1593 1566 1649 incredibilis
1585 1595 1867 1664 ubertatis,
1907 1598 1973 1651 ad
1999 1599 2234 1655 radicem

659 1675 825 1732 Tauri
852 1681 1074 1748 montis,
1103 1683 1196 1751 qui
1226 1683 1351 1739 illuc
1397 1700 1567 1754 usque
1611 1686 1868 1742 tenditur.
1917 1689 2058 1742 Arca
2102 1704 2234 1744 vero

657 1767 772 1824 Noe
800 1787 908 1828 non
937 1774 1004 1828 ad
1039 1783 1247 1829 montes
1276 1777 1600 1846 generaliter
1625 1777 1896 1834 Armeniae
1923 1780 2098 1835 delata
2126 1789 2230 1847 est,

2331 607 2494 662 opera
2520 594 2802 660 virtutum,
2827 610 2928 649 nec
2949 596 3258 665 paenitendo
3284 599 3536 655 emendant
3553 604 3711 661 delicta.

2401 681 2482 736 Ad
2522 691 2700 752 portas
2761 683 2936 754 inferi.
2992 683 3233 748 Quwsivi.
3287 687 3381 742 Ubi
3438 693 3668 750 constituta
3711 711 3763 756 at

2331 772 2522 827 domus
2545 775 2694 828 omni
2716 774 2918 829 viventi
2945 783 3071 829 ante
3105 775 3384 831 adventum
3409 777 3595 835 Christi.

2402 863 2564 918 Vens.
2608 864 2696 917 ll.
2742 855 2814 904 '—
2851 863 3070 929 Quietis.
3116 862 3337 929 Quidam
3391 868 3572 923 codices
3606 871 3760 928 habent:

2332 952 2546 1030 Quievit
2591 955 2864 1024 generatio
2913 969 3068 1018 mea,
3114 955 3250 1024 quod
3297 964 3350 1009 et
3395 955 3683 1031 Hieronymus
3705 966 3763 1018 ali-

2332 1033 2545 1112 quando
2585 1043 2888 1112 transtulit,
2937 1044 3191 1112 deceptus
3235 1046 3548 1114 ambiguitate
3583 1053 3705 1118 verbi,
3733 1066 3765 1110 et

2331 1140 2514 1202 postea
2538 1133 2792 1188 correxit.

2373 1217 2568 1281 ‘Vnns.
2600 1226 2686 1280 15.
2718 1256 2786 1266 -
2813 1225 3161 1296 Respondebit
3192 1226 3334 1280 mihi.
3367 1225 3477 1298 (lu.)
3510 1227 3632 1294 Quod
3654 1234 3765 1285 errari

2333 1319 2646 1382 emendabo,
2687 1327 2744 1373 tu
2769 1327 2886 1375 esto
2928 1318 3209 1388 ﬁdejussor
3231 1328 3284 1376 et
3323 1330 3594 1390 protector:
3619 1322 3766 1377 Nones:

2333 1410 2470 1462 enim
2519 1407 2734 1463 volentis
2781 1425 2942 1480 neque
2988 1410 3274 1476 currentis,
3321 1410 3404 1464 sed
3447 1410 3534 1464 Dei
3571 1410 3767 1465 miserantis

2335 1496 2512 1568 (Rom.
2543 1498 2641 1568 lx).

2405 1587 2535 1643 Cum
2576 1590 2701 1660 ipse.
2751 1589 2877 1646 Haec
2905 1592 3036 1646 mihi
3075 1592 3246 1661 juste,
3282 1592 3429 1661 quasi
3469 1592 3768 1648 diceretnihil

2333 1687 2502 1734 restat
2537 1680 2640 1734 nisi
2681 1680 2948 1749 patienter
2977 1681 3246 1736 sustinere
3270 1691 3323 1736 et
3349 1681 3507 1752 ipsum
3529 1680 3686 1752 fortem
3717 1697 3770 1736 et-

2333 1787 2491 1826 orare
2511 1772 2601 1840 qui
2636 1772 2766 1826 fecit
2800 1775 2940 1841 quod
2968 1772 3160 1828 voluit.

659 1875 778 1928 qua:
805 1863 1070 1932 appellata
1097 1873 1180 1919 est
1204 1864 1419 1933 Ararat,
1448 1868 1542 1923 sed
1569 1868 1635 1922 ad
1662 1879 1870 1926 montes
1897 1871 2058 1927 Tauri
2081 1873 2228 1932 altis-

2180 1889 2228 1932 ε-
2255 1854 2305 1916 Β
2401 1862 2732 1933 Recogitabo.
2762 1864 2915 1931 Quod
2937 1865 3269 1934 pratteritum
3292 1873 3488 1918 estnon
3511 1863 3681 1932 adjuvat
3701 1876 3771 1914 sus-

659 1948 850 2016 simos,
880 1952 973 2021 qui
1000 1951 1283 2008 imminent
1306 1957 1510 2025 campis
1529 1958 1744 2014 Ararat.

675 2089 680 2094 .
1169 2043 1393 2102 CAPUT
1432 2046 1712 2102 XXXVIII.

729 2129 890 2187 Vens.
941 2133 992 2186 l.
1047 2163 1118 2173 —
1163 2134 1232 2189 In
1277 2137 1454 2192 diebus
1503 2138 1607 2194 illis
1653 2144 1936 2214 wgrolaait.
1989 2144 2226 2225 (HlEBo)

653 2220 788 2289 Quia
813 2223 877 2279 de
897 2225 1125 2284 victoria
1145 2228 1334 2301 dignas
1355 2229 1468 2288 Deo
1492 2243 1670 2303 grates
1694 2253 1799 2291 non
1827 2240 2028 2306 retulit,
2052 2245 2147 2299 sed
2168 2220 2226 2300 in

655 2316 904 2385 superbia
927 2320 1184 2400 evanuit,
1205 2321 1348 2376 sicut
1375 2323 1582 2395 Regum
1609 2333 1662 2380 et
1686 2326 2224 2398 Paralipomenorum

653 2407 789 2462 liber
817 2412 988 2478 aperit
1013 2429 1027 2477 ;
1057 2414 1198 2468 unde
1224 2433 1236 2468 :
1272 2415 1442 2482 Quem
1473 2416 1614 2473 Deus
1634 2419 1828 2491 diligit,
1877 2426 2124 2494 corripit,
2157 2442 2226 2482 ne

649 2499 886 2556 elevetur
906 2504 960 2558 in
985 2507 1295 2574 superbiam
1322 2518 1446 2578 post
1469 2509 1808 2570 incredibiles
1834 2515 2151 2586 triumphos.

725 2590 966 2647 Morieris
996 2604 1072 2647 tu.
1127 2593 1226 2650 Cui
1277 2597 1488 2653 simile:
1517 2600 1708 2656 Ninive
1745 2604 2064 2659 subvertetur
2107 2624 2126 2662 .'
2171 2619 2228 2666 et

650 2681 818 2735 multa
839 2682 937 2736 sub
965 2685 1384 2743 comminatione
1410 2691 1688 2758 praedicta,
1723 2709 1820 2748 nec
1845 2696 2094 2765 impleta;
2118 2681 2240 2755 non

647 2771 758 2826 Deo
801 2781 1040 2829 mutante
1072 2779 1419 2843 sententiam,
1447 2779 1541 2834 sed
1570 2793 1896 2850 provocante
1928 2802 2027 2840 nos
2050 2788 2116 2840 ad
2141 2790 2225 2842 sui

647 2862 914 2918 notitiam.
959 2866 1218 2922 Dominus
1251 2869 1396 2922 enim
1437 2871 1650 2938 patiens
1691 2882 1775 2927 est
1805 2889 1965 2943 super
1996 2878 2218 2933 malitia.

661 2943 664 2946 ί
719 2951 882 3008 Vens.
915 2953 970 3008 2.
1000 2985 1071 2994 —
1115 2957 1196 3010 Ad
1238 2959 1510 3029 parietem.
1561 2960 1682 3032 (ln.)
1735 2961 1964 3034 Templi,
2017 2967 2225 3024 scilicet

640 3042 798 3113 juxta
826 3044 969 3112 quod
998 3043 1252 3102 Salomon
1292 3050 1562 3104 exstruxit
1589 3051 1868 3121 palatium.

718 3135 877 3192 Vens.
902 3136 954 3191 5.
984 3168 1056 3178 -—-
1081 3136 1329 3208 Obsecro,
1361 3141 1598 3199 Domine.
1625 3147 1798 3202 lturus
1827 3151 1891 3204 ad
1913 3151 2222 3221 Dominum,

644 3238 828 3283 narrat
849 3245 1013 3301 opera
1033 3247 1149 3288 sua.
1173 3233 1325 3290 Felix
1349 3240 1697 3305 conscientia,
1750 3257 1868 3311 quae
1892 3242 1946 3297 in
1985 3253 2224 3316 tempore

643 3322 906 3377 malorum
935 3334 1115 3394 potest
1157 3329 1432 3384 recordari
1468 3332 1755 3388 bonorum.

653 3473 660 3482 ,
717 3411 972 3478 Obsecro,
1021 3415 1262 3471 Domine.
1317 3418 1554 3474 Audiens
1599 3435 1657 3474 se
1707 3424 2067 3491 moriturum,
2112 3441 2221 3482 non

646 3515 818 3558 annos
842 3503 1106 3572 plurimos
1132 3507 1287 3576 petit,
1333 3509 1426 3564 sed
1465 3510 1560 3564 Dei
1593 3510 1796 3582 judicio
1823 3515 2046 3570 dimittit
2090 3517 2221 3586 quid

2330 1957 2622 2022 tinentem;
2671 1956 2809 2010 unde
2855 1955 3018 2011 stulta
3063 1965 3150 2010 est
3192 1955 3401 2024 Epicuri
3447 1954 3695 2016 sententia,
3722 1954 3773 2020 qui

2327 2050 2522 2104 asserit
2574 2049 2949 2104 recordatione
2998 2048 3387 2118 praeteritorum
3440 2047 3657 2102 bonorum
3690 2044 3775 2100 mala

2326 2123 2616 2212 prtesenﬁa
2646 2137 2904 2211 mitigari.

2398 2230 2466 2285 In
2496 2231 2848 2286 amaritudine
2867 2232 3084 2296 animre,
3120 2231 3276 2300 quasi
3307 2230 3497 2285 diceret
3523 2230 3656 2309 :ethi
3679 2229 3777 2281 eum

2330 2323 2384 2376 in
2425 2321 2804 2388 amaritudine,
2841 2323 2968 2393 quia
3017 2337 3258 2392 praesens
3297 2320 3548 2376 tribulatio
3579 2319 3679 2373 nihil
3705 2320 3778 2372 boni

2328 2411 2586 2480 praeteriti
2634 2413 2818 2479 sentit,
2845 2422 2902 2468 el.
2932 2428 3150 2484 semper
3177 2413 3406 2468 humana
3433 2411 3628 2467 felicitas
3659 2408 3778 2477 aliqui-

2327 2501 2426 2557 bus
2465 2503 2768 2572 aspergitur
2795 2503 3019 2558 aversis.

2399 2591 2560 2647 Vnns.
2592 2593 2678 2648 18.
2703 2622 2774 2632 -
2803 2592 2939 2658 Quia
2983 2609 3086 2646 non
3111 2591 3344 2661 infernus
3385 2589 3678 2656 conﬁtebitur.
3705 2585 3781 2639 Sine

2327 2683 2433 2737 ﬁne
2456 2682 2696 2736 damnati
2756 2697 2927 2751 neque
2965 2684 3018 2736 in
3050 2681 3264 2736 inferno
3297 2680 3628 2750 pteniteutiam
3662 2685 3779 2746 agunt.

2327 2785 2500 2840 neque
2521 2771 2708 2826 laudes
2746 2773 2856 2827 Deo
2896 2772 3161 2828 referunt.

2370 2859 2534 2916 Vens.
2555 2861 2909 2916 l9.—Vivens
2921 2863 3109 2927 vivens,
3129 2873 3236 2919 etc.
3253 2862 3368 2919 Non
3387 2862 3601 2918 infernus
3616 2861 3780 2915 velmors

2398 2949 2558 3006 Pater
2595 2951 2741 3021 ﬁliis.
2791 2952 2943 3008 Unde
2987 2971 3000 3006 :
3052 2955 3328 3026 interroga
3379 2965 3566 3025 patrem
3613 2963 3734 3014 tuum,
3753 2957 3784 3000 et

2327 3046 2689 3113 annuntiabit,
2711 3057 2817 3102 etc.

2397 3132 2558 3188 Vens.
2598 3134 2688 3188 21.
2730 3165 2801 3174 -
2841 3134 3012 3205 Super
3053 3135 3244 3190 vulnus
3286 3134 3413 3204 ejus.
3472 3131 3615 3187 Aiunt
3649 3129 3782 3185 Hebrai

2329 3223 2492 3280 Seltin
2517 3226 2692 3314 (pi-1w)
2711 3225 2862 3281 ulcus
2887 3242 3103 3294 sonare,
3126 3243 3234 3282 non
3263 3226 3466 3292 vulnus,
3487 3234 3599 3290 etc.,
3619 3219 3784 3293 usquead

2325 3332 2450 3372 cum
2471 3316 2610 3372 Deus
2637 3315 2826 3373 fecerit
2867 3332 3009 3371 eam.
3201 3387 3214 3402 ⁸

2847 3407 3074 3465 CAPUT
3123 3407 3375 3464 XXXIX.

2357 3502 2360 3509 ‘
2395 3499 2554 3556 Vens.
2585 3498 2779 3554 l.—In
2800 3510 3025 3570 tempore
3053 3499 3167 3554 illo.
3199 3499 3400 3573 (HIER.)
3423 3497 3645 3570 Superius
3659 3496 3786 3550 dictum

641 3602 902 3665 praestare
930 3597 1096 3652 velit:
1138 3608 1360 3654 noverat
1404 3599 1748 3659 Salomonem
1787 3604 1898 3660 Deo
1927 3607 2218 3676 placuisse,
2320 3598 2891 3668 est,quiaAsaraddon
2907 3597 3278 3656 Sennacherib
3301 3599 3559 3663 successit,
3573 3606 3787 3660 eloquii“

643 3687 769 3757 quia
794 3703 901 3748 non
934 3690 1165 3759 petierat
1193 3692 1481 3762 ampliores
1513 3691 1696 3751 annos
1719 3697 1861 3752 vitm.
2321 3691 2389 3744 ad
2414 3699 2466 3744 et
2488 3691 2686 3745 amisso
2699 3689 2840 3745 virili
2853 3692 3465 3762 robore,inmuliebrem
3478 3689 3691 3760 redigitur
3706 3682 3788 3738 mol-

648 3765 652 3770 ’
711 3776 781 3831 Et
807 3779 944 3848 quod
986 3779 1195 3835 bonum.
1227 3779 1371 3838 ldola
1418 3786 1589 3854 patris
1633 3788 1715 3841 sui
1763 3789 2047 3857 destruxit,
2080 3793 2218 3847 ostia
2320 3782 2508 3838 lilieln-

641 3868 830 3924 domus
855 3871 1088 3938 Domini,
1124 3888 1244 3942 quae
1270 3873 1358 3930 ille
1393 3875 1682 3942 clauserat,
1723 3881 1956 3950 aperuit,
2000 3898 2220 3953 serpen-
2396 3878 2553 3933 VERS-
2589 3877 2644 3932 2-
2690 3909 2760 3917 -
2793 3877 2862 3931 Et
2905 3879 2962 3932 ἱη
3002 3881 3145 3934 omni
3193 3887 3440 3951 ροιεεεαεο
3480 3893 3582 3931 ενα·
3619 3869 3724 3941 (“vi
3756 3865 3787 3918 ί¹¹

643 3967 750 4014 tem
779 3977 986 4018 aeneum
1021 3981 1182 4034 quem
1207 3967 1263 4020 in
1289 3967 1511 4024 Gabaon
1539 3968 1709 4028 Judaei
1737 3975 2034 4031 adorabant
2073 3993 2219 4034 com-
2323 3973 2593 4028 thesauris
2630 3972 2819 4026 domus
2850 3971 3080 4036 Domini.
3118 3972 3174 4026 in
3206 3987 3314 4043 quo
3343 3970 3589 4042 ρι’τιεοίρυο
3625 3958 3784 4019 οπθυῶί·

640 4054 850 4116 minuit,
885 4057 1010 4111 etin
1043 4069 1261 4114 ventum
1301 4063 1514 4131 sparsit.
2323 4063 2435 4118 Hoc
2479 4062 2620 4117 enim
2666 4076 2772 4116 non
2802 4070 2921 4116 erat
2960 4063 3246 4131 potestatis
3289 4061 3422 4129 ejus.
3465 4058 3572 4116 Jam
3599 4065 3729 4110 tamen
3751 4049 3787 4100 de

710 4143 779 4198 Et
803 4146 966 4214 ﬂevit.
989 4147 1305 4219 F’levitquia
1330 4153 1662 4209 moriebatur
1682 4157 1799 4211 sine
1814 4158 1956 4222 ﬁliis,
1977 4169 2106 4226 etc.,
2126 4178 2216 4216 us-
2320 4153 2490 4207 valViS
2512 4153 2617 4207 illis
2648 4151 2830 4220 templi
2860 4152 2976 4206 auri
3011 4151 3244 4208 laminas
3273 4152 3481 4206 tulerat.
3617 4236 3642 4240 _
3719 4232 3726 4240 _
3754 4231 3760 4238 _

637 4254 735 4308 que
751 4238 819 4292 ad
837 4249 1026 4310 etpost
1046 4251 1271 4297 mortem
1292 4243 1552 4313 plurimos
1577 4249 1924 4305 resuscitatos
1955 4249 2214 4322 legamus.
2391 4243 2458 4296 1η
2506 4244 2766 4296 thesauris
2808 4243 2940 4312 ejus.
2989 4242 3154 4298 Tacet
3202 4245 3269 4298 de
3322 4240 3575 4298 thesauris
3617 4236 3785 4322 Domini,

712 4331 871 4386 Vens.
905 4332 957 4386 4.
978 4361 1052 4375 -
1074 4333 1143 4386 Et
1195 4334 1394 4403 factum
1420 4346 1495 4391 est
1531 4335 1755 4392 Verbum
1796 4318 2032 4396 Domini:
2075 4341 2222 4397 Prae.
2320 4343 2564 4390 metuens
2595 4335 2936 4404 reprehendi,
2959 4334 3100 4402 quod
3129 4333 3338 4390 scilicet
3365 4330 3580 4388 ostendit
3597 4327 3660 4381 eis
3683 4318 3788 4391 quod-

639 4431 856 4492 postero
877 4423 1066 4478 ordine
1095 4423 1182 4479 hic
1208 4423 1438 4480 refertur
1465 4427 1711 4494 historia,
1747 4443 1867 4499 quae
1909 4430 1962 4484 in
2005 4429 2216 4501 Regum
2321 4441 2534 4495 cunque
2565 4425 2788 4480 haberet
2812 4425 2866 4479 in
2899 4433 3193 4494 potestate,
3223 4425 3424 4495 templi,
3466 4419 3642 4477 scilicet
3674 4408 3786 4479 supel-

640 4513 910 4567 volumine
939 4516 1356 4584 consequentius
1387 4517 1600 4585 legitur.
2241 4555 2294 4614 Β
2318 4518 2584 4584 lectilem;
2616 4519 2757 4574 unde
2798 4535 2810 4570 :

710 4602 873 4658 Vnns.
899 4603 952 4657 5.
972 4633 1043 4643 —
1061 4603 1196 4660 Ecce
1215 4622 1308 4676 ego
1329 4604 1577 4675 adjiciunt
1596 4623 1750 4676 super
1763 4607 1894 4664 dies.
1913 4608 2218 4664 Secundum
2241 4591 2294 4614 ν
2393 4609 2558 4667 Vns.
2605 4610 2659 4663 7.
2687 4639 2757 4650 -
2783 4609 2850 4662 Ει
2885 4619 3034 4663 erunt
3069 4609 3314 4664 eunuchi.
3367 4605 3486 4677 (ἰν.)
3515 4600 3705 4657 Tradunt
3725 4591 3786 4684 lle-

641 4698 782 4768 quod
813 4697 986 4752 visum
1015 4706 1118 4766 est,
1145 4708 1280 4765 etc.,
1309 4714 1470 4769 usque
1499 4697 1566 4751 ad
1596 4706 1650 4753 et
1671 4697 1736 4752 de
1771 4699 1930 4754 annis
1969 4700 2214 4755 Ezechiae
2319 4703 2448 4759 brari
2473 4701 2576 4756 hoc
2604 4700 2881 4770 impletum
2910 4714 3030 4754 esse
3058 4700 3110 4753 in
3138 4697 3328 4752 Daniel
3359 4693 3541 4762 eteius
3562 4687 3782 4748 sociis,qlll~

641 4789 857 4845 additis.
2319 4803 2475 4863 capto
2501 4790 2744 4845 Joachim
2775 4789 2882 4843 ﬁlio
2909 4787 3094 4854 Josue,
3127 4802 3250 4842 cum
3284 4801 3381 4841 suo
3407 4781 3584 4855 populo
3606 4785 3699 4872 sunt

711 4883 874 4938 Vens.
903 4881 955 4936 7.
986 4911 1057 4922 ——
1085 4880 1200 4935 Hoc
1227 4891 1397 4935 autem
1415 4880 1506 4935 tibi
1545 4881 1642 4936 erit
1663 4883 1869 4952 signum
1901 4900 1932 4936 α
1966 4882 2213 4949 Domino,
2316 4885 2394 4956 pti
2421 4892 2477 4938 et
2503 4883 2559 4937 in
2583 4880 2907 4951 Babylonem
2937 4879 3080 4933 ducti
3103 4887 3155 4932 et
3175 4873 3528 4937 eunuchizati,
3550 4867 3616 4922 vel
3637 4865 3781 4917 etin“?

638 4975 763 5044 quia
793 4973 912 5042 fecit
956 4973 1207 5027 Dominus
1239 4971 1446 5025 verbum
1492 4972 1589 5026 hoc
1629 4973 1766 5043 quod
1815 4972 2037 5027 locutus.
2089 4973 2212 5044 (lu.)
2319 4988 2424 5027 non
2454 4979 2632 5025 tamen
2662 4968 2957 5039 putandum
2986 4968 3125 5036 quod
3154 4965 3387 5019 eunuchi
3415 4959 3592 5016 fuerint
3614 4957 3782 5017 corpore,

637 5065 929 5123 Praesentis
957 5063 1162 5120 scilicet
1189 5063 1444 5132 temporis
1467 5071 1521 5117 et
1541 5061 1728 5127 futuri,
1757 5071 1816 5116 ut
1848 5063 2115 5132 quomodo
2137 5063 2214 5117 sol
2321 5061 2414 5116 sed
2444 5067 2642 5122 mente,
2677 5059 2814 5111 sicut
2843 5057 2928 5126 qui
2965 5072 3019 5110 se
3051 5062 3408 5109 castraverunt
3443 5057 3626 5121 propter
3641 5045 3781 5108 "9W

639 5157 928 5215 revertitur
949 5155 1016 5210 ad
1043 5154 1324 5210 exordium
1347 5154 1450 5218 sui,
1484 5153 1556 5207 ita
1583 5153 1826 5208 Ezechiae
1856 5152 1966 5206 vita
1995 5153 2063 5205 ad
2089 5166 2216 5206 evo-
2321 5151 2566 5205 caelorum
2593 5147 2805 5220 (Matth.
2836 5148 2972 5218 xix).

640 5252 783 5306 lutos
826 5251 1010 5304 redeat
1053 5262 1244 5302 annos.
1275 5245 1440 5300 Nobis
1467 5259 1680 5314 quoque
1731 5245 1787 5299 in
1837 5242 2114 5299 liebdoade
2157 5252 2212 5298 et
2389 5240 2554 5296 Vens.
2603 5241 2654 5296 8.
2690 5270 2760 5280 —
2799 5235 2924 5290 Fiat
2963 5246 3162 5292 tantum
3203 5251 3328 5304 pax.
3375 5231 3552 5288 Debuii
3587 5225 3782 5295 Ρθθαίυω

639 5342 880 5414 ogdoade
908 5341 1210 5396 viventibus
1238 5344 1361 5408 post
1383 5336 1836 5392 resurrectionem
1859 5334 2060 5391 Christi
2087 5335 2210 5388 vitae
2317 5352 2470 5392 suum
2519 5351 2638 5390 cum
2669 5333 2836 5388 David
2883 5331 3146 5396 conﬁteri,
3191 5329 3425 5424 etuiram
3462 5325 3547 5424 Dei

639 5398 810 5506 353m
840 5432 1193 5504 ρτοιειεηιυιο,
1238 5398 1256 5408 ’
2316 5443 2346 5481 a
2381 5426 2630 5495 posteris,
2677 5434 2771 5478 aut
2813 5424 3044 5493 compati
3089 5436 3214 5478 cum
3245 5398 3782 5511 Μογέεμξυὶξίείί

710 5501 872 5581 Vnus.
908 5524 994 5578 10.
1020 5554 1091 5564 -
1117 5523 1230 5594 Ego
1274 5521 1404 5575 dixi.
1440 5519 1563 5592 (ιο.)
1604 5517 1739 5575 Cum
1786 5520 1926 5576 Deus
1966 5517 2211 5573 Ezechias
2313 5519 2458 5570 mitte
2504 5518 2577 5570 eis
2629 5516 2762 5568 hanc
2806 5531 3024 5580 noxam,
3067 5523 3158 5605 aut
3195 5511 3309 5605 dele
3350 5526 3427 5564 me
3461 5501 3782 5605 delibrq

637 5619 756 5674 sine
783 5616 963 5671 labore
987 5591 1266 5670 victoriam
1295 5591 1548 5680 dedisset,
1575 5620 1702 5678 etc.,
1727 5629 1885 5684 usque
1920 5612 1988 5665 ad
2016 5626 2209 5681 pecca-
2313 5607 2565 5676 scripsisti
2589 5605 2784 5676 (Exod.
2806 5606 2997 5676 χχχιι).
3017 5604 3168 5672 Quod
3191 5603 3318 5671 quia
3340 5616 3442 5654 non
3462 5595 3592 5658 fecit,
3613 5591 3781 5684 proli“?

640 5718 790 5765 tores
814 5707 870 5760 in
908 5706 1130 5762 dimidio
1157 5707 1368 5761 dierum
1389 5675 1712 5761 moriuntur.
1801 5675 1812 5684 ’
2016 5675 2032 5681 “
2312 5715 2376 5755 ea
2413 5675 2516 5753 non
2566 5675 2853 5766 respondet
2881 5698 2929 5751 ei
2947 5675 2965 5763 ;7
3012 5698 3125 5762 sed,
3163 5707 3451 5752 conversus
3490 5686 3550 5744 ad
3581 5675 3779 5756 ρορυιιωιν

712 5799 782 5852 In
798 5797 1016 5851 dimidio
1037 5797 1240 5852 dierum
1269 5813 1520 5851 meorum.
1580 5797 1774 5852 Unde:
1806 5793 1920 5849 Viri
1963 5794 2112 5862 impii
2159 5803 2213 5847 et
2312 5792 2884 5857 dicit:Consolamini,
2911 5800 3015 5847 etc.
