4028 6332
223 421 356 478 128!

859 530 1089 588 CAPUT
1125 528 1238 586 XL.

301 622 468 678 Vens.
493 622 545 677 l.
561 618 1022 676 —Consolamini.
1046 619 1210 688 Quasi
1234 619 1378 675 dicat
1401 633 1417 672 :
1440 616 1576 685 Quia
1601 633 1697 674 rex
1715 633 1808 674 ve-

1233 413 1500 472 GLOSSA
1537 411 1933 472 ORDINARIA.
1972 440 2044 454 -
2077 410 2206 468 LIB.
2252 407 2482 466 lSAltE.

1833 533 1887 594 Α
1914 527 2188 582 maximus
2239 534 2294 581 et
2341 523 2559 594 pascuis
2602 521 2910 578 uberrimus
2952 528 3007 577 et
3047 521 3362 589 arboribus;
3397 523 3496 580 sed

3353 406 3496 464 ηδε

1911 618 2014 674 etsi
2056 617 2236 673 omnia
2282 617 2423 689 ligna
2473 614 2821 670 succidantur
2851 611 2918 666 ad
2952 613 3412 680 succendendum,
3438 621 3497 669 et

229 725 470 772 sternon
484 714 808 785 compatitur
824 711 1614 780 vobis,consolaminiChristo.
1630 711 1816 767 Potest
1911 713 2093 771 omnia
2146 713 2402 768 animalia
2462 710 2810 767 immolentur
2864 709 2934 763 ad
2984 707 3382 774 holocaustum,
3426 707 3497 762 ad

227 809 296 863 ad
319 817 514 878 gentes
532 805 748 870 referri,
763 805 829 860 de
849 805 1044 875 quibus
1058 805 1320 860 Dominus
1338 819 1436 875 per
1457 803 1809 858 Zachariam:

227 897 346 967 Ego
369 896 695 968 eongregabo
721 895 970 965 populum
1008 895 1243 959 orientis,
1282 902 1332 947 et
1389 902 1541 947 erunt
1581 893 1710 946 mihi
1760 893 1816 946 in

223 990 484 1060 populum
506 1030 520 1054 ,
560 996 610 1042 et
646 1003 738 1058 ego
782 1003 870 1041 ero
914 986 1025 1041 illis
1061 987 1118 1040 in
1158 985 1328 1040 Deum
1351 983 1540 1054 (Zach.
1577 981 1722 1053 vul).

299 1081 602 1152 Loquimini
645 1079 712 1134 ad
766 1096 875 1134 cor.
908 1077 1151 1151 (Ηιειι.)
1203 1076 1283 1131 Ad
1314 1092 1408 1132 cor
1443 1075 1682 1146 loquitur
1723 1073 1819 1144 qui

225 1181 490 1228 maestum
505 1172 837 1238 consolatur,
862 1171 1000 1226 sicut
1020 1169 1088 1224 de
1109 1169 1307 1224 Sicben
1323 1168 1520 1223 dicitur
1546 1183 1558 1218 :
1589 1166 1817 1221 Locutus

225 1275 303 1318 est
329 1264 526 1320 Sichen
541 1264 610 1318 ad
629 1281 719 1318 cor
730 1265 862 1334 ejus,
880 1272 927 1317 et
943 1262 1240 1318 consolatus
1254 1269 1328 1315 est
1342 1277 1456 1314 eam
1471 1257 1623 1330 (Gen.
1642 1257 1815 1328 xxrv).

299 1351 622 1407 Jerusalem.
649 1351 948 1407 Jerusalem
979 1367 1010 1406 a
1033 1350 1298 1407 Chaldaeis
1323 1358 1379 1404 et
1402 1348 1664 1404 Romanis
1699 1363 1819 1402 cor-

224 1462 364 1517 pore
415 1453 472 1500 et
523 1445 744 1511 anima;
776 1444 1018 1500 Ecclesia
1046 1460 1076 1499 a
1110 1441 1548 1513 persecutoribus
1593 1455 1821 1511 corpore

227 1537 502 1601 cruciata,
535 1535 718 1588 animo
743 1533 1072 1603 angustiata.

303 1626 525 1700 Maliﬁa
568 1626 702 1695 ejus.
749 1624 950 1678 Malitia
993 1623 1210 1678 alﬁictio
1252 1623 1392 1679 sicut
1443 1621 1572 1677 illud
1611 1638 1624 1674 :
1666 1620 1722 1675 Si
1745 1631 1821 1675 est

229 1717 435 1771 malum
459 1718 516 1770 in
537 1716 740 1770 civitate
760 1716 899 1786 quod
921 1732 1023 1769 non
1046 1715 1204 1785 faciat
1219 1713 1476 1768 Dominus
1493 1712 1692 1784 (Amos.
1711 1711 1817 1784 tu).

304 1807 543 1862 Dimisso
573 1817 666 1861 est.
691 1807 862 1862 Causa
899 1805 1302 1870 consolationis,
1332 1803 1583 1859 remissio
1618 1817 1816 1871 pecca-

232 1905 440 1965 torum,
469 1906 598 1964 etc.,
643 1913 804 1966 usque
833 1897 901 1951 ad
927 1896 1057 1966 quia
1097 1903 1327 1966 purgata
1374 1902 1501 1948 sunt
1544 1901 1599 1948 et
1643 1892 1819 1947 soluta
1846 1890 1895 1952 B

228 1993 577 2062 perpetuas.

307 2079 478 2135 Vens.
509 2079 563 2134 5.
590 2111 662 2121 -
690 2079 806 2135 Voa:
834 2078 1130 2133 clamantis.
1172 2077 1295 2150 (1ο.)
1328 2077 1500 2148 Hujus
1531 2075 1683 2131 vocis
1708 2090 1822 2130 me-

233 2186 441 2236 mores,
473 2169 641 2226 Judzei
666 2171 932 2225 miserunt
959 2169 1029 2225 ad
1054 2168 1316 2224 Joannem
1339 2176 1400 2222 ut
1427 2167 1826 2236 interrogarent

236 2277 364 2317 eum
391 2278 406 2315 :
436 2261 518 2316 Tu
546 2261 667 2332 quis
693 2262 789 2317 es?

312 2351 484 2407 Vens.
500 2351 555 2405 4.
577 2382 648 2394 -
671 2351 854 2406 Omnis
881 2351 1030 2406 vallis
1047 2349 1384 2405 exaltabitur.
1406 2348 1510 2415 Qui
1524 2365 1578 2403 se
1605 2347 1822 2414 exaltat,

237 2440 626 2507 humiliabitur,
650 2449 698 2495 et
717 2441 807 2512 qui
832 2458 885 2495 se
905 2441 1168 2505 humiliat,
1195 2448 1301 2494 etc.
1329 2439 1443 2494 Hoc
1466 2453 1636 2508 usque
1669 2439 1826 2494 hodie

233 2533 291 2587 in
343 2532 568 2586 deserto
607 2531 883 2600 gentilium
909 2531 1272 2586 Ecclesiarum
1295 2529 1531 2583 clamant
1558 2528 1822 2600 magistri.

312 2623 491 2679 VEns.
541 2623 594 2677 5.
619 2621 779 2676 ——Et
804 2623 988 2676 videbit
1013 2624 1180 2676 omnis
1221 2637 1361 2674 caro.
1409 2620 1484 2675 De
1507 2621 1684 2689 primo
1729 2623 1828 2675 ad-

235 2723 415 2769 ventu
450 2713 628 2769 subito
669 2714 737 2768 ad
772 2713 1069 2769 secundum
1109 2719 1296 2782 raptus
1334 2712 1466 2767 dicit
1494 2730 1505 2765 :
1535 2711 1606 2765 Et
1640 2711 1830 2766 videbit

247 2810 421 2864 omnis
451 2824 596 2862 caro.

331 2900 405 2954 Os
428 2899 658 2952 Domini.
691 2897 969 2967 Pmphetae
994 2898 1086 2966 qui
1113 2898 1542 2966 praedicaverunt
1589 2896 1830 2950 l‘utumm

251 2989 552 3054 Christum,
590 2987 796 3042 scilicet
830 2988 1063 3042 salutare
1088 2987 1182 3040 Dei
1213 2988 1404 3042 nostri.

327 3077 489 3132 Vens.
529 3077 583 3131 6.
603 3106 677 3119 -—
704 3076 844 3141 Quid
879 3075 1163 3130 clamabo?
1212 3075 1335 3146 (11).)
1366 3073 1481 3128 Non
1521 3075 1637 3129 sine
1670 3089 1831 3130 causa

256 3171 488 3241 quaerit:
513 3186 637 3226 cum
673 3170 816 3226 enim
847 3186 907 3226 se
947 3176 1135 3239 sponte
1177 3169 1392 3234 obtulit,
1442 3168 1667 3224 dicens:
1695 3168 1831 3222 Ecce

253 3279 371 3333 ego,
407 3263 552 3317 mitte
587 3279 668 3316 me
702 3277 722 3316 :
759 3260 956 3332 populo
987 3276 1086 3316 suo
1106 3260 1240 3315 dura
1269 3259 1559 3326 nuntiavit,
1598 3268 1653 3314 et
1686 3275 1831 3314 nunc
1859 3248 1903 3312 C

256 3354 402 3410 idem
431 3354 642 3410 metuit.

329 3445 514 3500 Omnis
546 3461 688 3498 caro.
718 3443 818 3511 Qui
846 3454 1028 3514 portat
1082 3444 1370 3515 imaginem
1418 3445 1644 3508 terreni,
1699 3451 1831 3510 etc.,

255 3551 422 3606 usque
443 3535 512 3589 ad
533 3535 612 3590 sic
637 3535 821 3600 homo,
851 3549 950 3604 per
974 3543 1191 3590 aetatum
1221 3535 1614 3601 successiones,
1636 3535 1835 3589 amittit

255 3628 509 3682 decorem
537 3635 594 3681 et
626 3625 770 3680 cadit
800 3627 854 3680 in
886 3635 1135 3681 mortem.
1473 3619 1476 3622 ’

328 3716 494 3773 Vens.
519 3717 572 3772 8.
599 3748 667 3757 —
703 3715 920 3772 Verbum
959 3729 1133 3773 autem
1154 3719 1385 3773 Domini.
1415 3719 1651 3775 Verbum
1676 3718 1833 3775 Chri-

253 3818 374 3868 stus
413 3822 533 3862 cum
561 3823 787 3878 corpore
817 3824 933 3874 suo,
963 3810 1104 3878 quod
1135 3817 1219 3863 est
1246 3809 1506 3864 Ecclesia.

325 3897 491 3953 Vens.
535 3899 586 3954 9.
614 3929 686 3940 -—
724 3898 872 3953 Sion.
922 3898 1044 3970 (11).)
1090 3899 1194 3953 Per
1225 3898 1357 3954 Sion
1409 3910 1462 3954 et
1509 3899 1829 3967 Jerusalem,

251 3989 527 4062 apostolos
553 3997 610 4044 et
650 3989 786 4044 alios
809 3991 1056 4045 doctores
1095 3989 1366 4062 intelligit,
1397 4005 1533 4060 quos
1579 3992 1833 4046 admonet

251 4091 314 4137 ut
344 4096 466 4150 quae
497 4096 528 4134 a
556 4080 786 4134 Domino
816 4090 1143 4150 acceperunt
1167 4081 1477 4150 praedicent,
1512 4089 1568 4136 et
1595 4082 1830 4136 culmina

253 4172 518 4228 virtutum
559 4171 932 4238 ascendentes,
965 4173 1132 4227 verbo
1161 4181 1216 4227 et
1239 4173 1485 4244 exemplo
1510 4175 1758 4230 doceant.
1820 4209 1822 4211 ›
1913 4181 1916 4184 ’

332 4261 499 4316 Vens.
533 4261 618 4315 ll.
643 4292 715 4302 -—
737 4260 953 4331 Gregem
973 4278 1147 4328 suum,
1175 4273 1280 4318 etc.
1313 4262 1462 4319 Nunc
1507 4266 1835 4336 contempla-

255 4353 427 4420 tione,
455 4354 510 4408 in
536 4354 720 4408 futuro
745 4353 862 4424 ipsa
889 4354 1099 4410 visione
1123 4372 1137 4409 :
1171 4371 1315 4411 nunc
1343 4356 1606 4424 docendo,
1641 4367 1831 4427 postea

257 4447 520 4504 salvando
542 4446 628 4502 vel
654 4447 920 4502 satiando.

327 4539 508 4594 Fetas.
549 4541 811 4596 Doctores
835 4541 975 4596 ﬁlios
1004 4542 1244 4611 quotidie
1269 4543 1385 4598 Deo
1408 4542 1791 4612 parturientes.

328 4629 493 4685 Vens.
510 4632 596 4700 l2.
612 4661 681 4670 —
698 4632 824 4697 Quis
847 4649 1053 4686 mensus
1081 4635 1196 4687 est?
1217 4634 1340 4705 (11).)
1363 4634 1440 4688 Ne
1457 4636 1522 4691 de
1547 4638 1831 4692 vocatione
1857 4615 1912 4674 D

256 4722 496 4793 gentium
526 4723 819 4787 dubitetur,
846 4724 1158 4795 magnitudo
1202 4728 1447 4782 vocantis
1485 4728 1829 4784 describitur.

331 4814 560 4885 Pugillo.
589 4815 848 4886 Pugillus,
880 4818 1174 4874 contractis
1214 4818 1396 4890 digitis
1438 4835 1670 4892 pugnus,
1713 4822 1832 4891 pal-

259 4923 381 4961 mus
425 4923 455 4960 a
484 4906 676 4976 pollice
724 4922 895 4976 usque
941 4909 1005 4963 ad
1033 4910 1315 4964 minimum
1343 4901 1569 4982 digitum
1617 4920 1834 4967 extenta

257 5013 468 5062 manus,
500 5006 560 5052 ut
595 5012 692 5069 per
719 4999 958 5068 palmum
1003 5009 1057 5055 et
1085 5001 1348 5072 pugillum
1393 5003 1559 5059 caelos
1585 5012 1834 5060 extentos

258 5097 313 5144 et
342 5089 557 5159 globum
586 5097 744 5144 terrae
772 5091 1100 5146 noverimus.

330 5177 492 5234 Vens.
542 5178 628 5233 15.
653 5210 723 5220 -
747 5179 1006 5251 Spiritum
1032 5182 1245 5238 Domini
1276 5201 1432 5255 super
1460 5202 1563 5252 me,
1604 5203 1665 5241 eo
1695 5189 1836 5258 quod

261 5271 466 5326 unxerit
508 5288 588 5326 me
627 5273 697 5327 ad
738 5275 1156 5329 annuntiandum
1214 5278 1500 5332 mansuetis
1541 5278 1684 5332 misit
1721 5290 1833 5332 me:

261 5363 330 5419 Et
362 5367 639 5436 requiescet
665 5386 820 5440 super
849 5386 967 5424 eum
991 5371 1219 5440 Spiritus
1245 5372 1477 5427 Domini.

332 5453 496 5511 Vens.
547 5457 636 5513 15.
663 5489 734 5500 —
770 5459 936 5526 Quasi
983 5460 1152 5532 pulvis
1194 5464 1431 5532 exiguus.
1475 5464 1597 5536 (ln.)
1625 5464 1833 5521 Hebraei

262 5545 368 5602 hoc
413 5550 580 5605 verbo
628 5553 1003 5608 tenuissimum
1050 5555 1324 5624 pulverem
1387 5557 1678 5626 signiﬁcari
1731 5575 1833 5628 pu-

261 5647 402 5710 tant,
427 5654 563 5710 etc.,
588 5663 748 5716 usque
771 5647 840 5701 ad
865 5658 920 5703 et
945 5657 1053 5703 tam
1079 5649 1278 5706 Graecae
1307 5668 1469 5722 quam
1512 5653 1716 5711 Latina:
1739 5656 1841 5712 lin-

259 5747 378 5803 guae
405 5748 795 5808 paupertatem.

339 5826 501 5884 Vens.
536 5831 622 5886 16.
648 5861 717 5873 -
739 5831 969 5888 Libanus
999 5851 1100 5889 non
1136 5839 1372 5907 sufﬁciet.
1415 5839 1651 5895 Libanus
1685 5860 1836 5900 mons

1913 804 2236 876 implendam
2264 803 2348 859 vel
2381 803 2707 874 placandam
2745 809 2924 856 tamen
2965 799 3269 870 majestatis
3305 808 3496 871 poten-

1919 897 2053 952 tiam
2090 912 2199 952 non
2233 896 2524 951 sufﬁciunt.

1987 987 2152 1045 Vens.
2181 988 2268 1044 l9.
2289 1020 2360 1028 —
2379 987 2655 1059 Nunquid.
2696 988 2993 1044 Stultitiam
3029 987 3292 1058 gentium
3319 986 3502 1044 redar-

1917 1083 2054 1156 guit,
2086 1091 2147 1138 ut
2173 1084 2241 1138 ab
2264 1081 2564 1138 idololatria
2589 1083 2866 1138 recedant.

1990 1174 2156 1232 Vens.
2206 1175 2297 1230 20.
2323 1205 2395 1215 —
2419 1172 2577 1229 Forte
2606 1174 2824 1245 lignum.
2856 1173 2982 1245 (ln.)
3013 1171 3276 1231 Hebraice
3315 1188 3498 1229 meeu-

1921 1269 2059 1325 chan
2093 1268 2302 1354 (pom),
2327 1267 2455 1337 quia
2482 1281 2649 1344 genus
2673 1265 2804 1336 ligni
2825 1277 2908 1322 est
2931 1265 3282 1336 imputribile,
3307 1266 3376 1321 de
3397 1279 3504 1336 quo

1923 1358 2160 1413 maxime
2204 1357 2346 1414 idola
2394 1358 2532 1410 ﬁunt
2569 1374 2581 1409 :
2620 1357 2724 1412 hoc
2751 1364 2930 1410 autem
2961 1357 3092 1412 dicit
3117 1365 3192 1420 ut,
3228 1355 3384 1411 idolis
3414 1369 3501 1409 re-

1920 1450 2185 1521 probatis,
2215 1449 2542 1519 suscipiatur
2577 1448 2820 1504 doctrina
2846 1449 3124 1520 Evangelii
3158 1457 3214 1503 et
3238 1447 3507 1503 reveletur

1921 1541 2091 1613 gloria
2119 1539 2353 1604 Domini,
2381 1547 2442 1594 ut
2467 1539 2645 1594 videat
2683 1541 2860 1594 omnis
2888 1554 3017 1594 caro
3046 1538 3289 1595 salutare
3313 1537 3429 1592 Dei.

1994 1632 2160 1686 Vens.
2189 1633 2278 1685 2i.
2299 1631 2447 1685 —Ab
2471 1632 2640 1686 initio.
2672 1631 2833 1702 Legis
2859 1631 3052 1702 Moysi,
3077 1631 3216 1686 vela
3241 1630 3506 1700 principio

1923 1725 2112 1781 mundi
2143 1725 2197 1779 in
2231 1725 2362 1795 ipsis
2384 1725 2654 1781 creaturis
2679 1740 2802 1794 quae
2828 1740 3022 1781 omnes
3047 1739 3202 1780 suum
3230 1737 3330 1780 suo
3347 1723 3508 1778 modo

1921 1817 2216 1888 praedicant
2240 1816 2529 1872 artiﬁcem.

2005 1911 2164 1966 Vens.
2195 1911 2285 1965 22.
2312 1939 2386 1953 —
2411 1911 2583 1980 Super
2617 1926 2824 1981 gyrum.
2874 1909 3011 1964 Hinc
3037 1909 3283 1965 nonnulli
3308 1917 3511 1964 terram

1927 2003 2081 2074 quasi
2109 2009 2368 2071 punctum
2405 2009 2460 2055 et
2489 2001 2706 2071 globum
2744 2016 2864 2056 esse
2891 2001 3241 2056 contendunt.

1911 2157 1916 2164 ,
2001 2095 2170 2161 Quasi
2193 2093 2426 2147 locustae.
2472 2092 2529 2146 In
2555 2093 2672 2163 ejus
2703 2093 3126 2163 comparatione,
3155 2092 3240 2148 vel
3266 2093 3514 2149 conside-

1926 2197 2046 2245 rata
2083 2196 2242 2243 terra:
2270 2187 2660 2256 magnitudine.

2000 2279 2441 2336 Tabernaculum.
2523 2279 2675 2349 Hinc
2714 2293 2928 2348 quoque
2990 2279 3046 2333 in
3105 2277 3510 2335 similitudinem

1927 2375 2154 2446 sphaera:
2201 2372 2398 2429 caelum
2427 2387 2548 2428 esse
2578 2372 2934 2440 contendunt,
2965 2381 3022 2427 et
3046 2371 3163 2444 ejus
3189 2373 3513 2443 hemisphae-

1930 2466 2071 2520 rium
2104 2463 2266 2518 terris
2293 2463 2598 2518 imminere.

1999 2552 2164 2608 Vens.
2206 2553 2296 2608 25.
2324 2583 2396 2593 —
2430 2551 2533 2618 Qui
2578 2551 2669 2606 dat
2716 2561 3054 2608 secretorum.
3104 2551 3338 2623 Stultum
3394 2551 3514 2622 fecit

1933 2645 2070 2698 Deus
2113 2643 2425 2714 sapientiam
2463 2643 2624 2713 hujus
2663 2645 2866 2708 mundi,
2898 2651 2953 2698 et
2979 2645 3084 2700 hoc
3126 2653 3211 2699 est
3241 2662 3254 2698 :
3288 2643 3391 2710 Qui
3425 2643 3515 2697 dat

1931 2744 2247 2790 secretorum
2273 2743 2611 2800 scrutatores,
2639 2735 2790 2805 quasi
2820 2751 2922 2788 non
2950 2737 3054 2789 sint
3080 2735 3136 2808 (Ι
3161 2735 3283 2791 Cor.
3308 2739 3370 2808 ι).

2001 2825 2164 2882 Vens.
2215 2825 2305 2880 25.
2337 2856 2407 2866 —
2439 2823 2538 2880 Cui
2561 2825 2893 2880 assimilastis
2933 2843 3036 2892 me,
3065 2828 3384 2899 adazquastis
3407 2845 3513 2894 me,

1930 2919 2056 2972 dicit
2101 2918 2346 2972 Sanctus.
2409 2917 2574 2984 Quasi
2625 2917 2832 2972 diceret
2884 2935 2898 2972 :
2947 2917 3125 2986 Quare
3182 2919 3514 2976 similitudini

1931 3013 2101 3067 Deum
2133 3011 2478 3078 comparatis,
2525 3025 2626 3064 nec
2665 3025 2734 3064 ex
2781 3021 3153 3066 creaturarum
3192 3013 3521 3084 magnitudi-

1935 3118 2058 3157 nem
2089 3100 2258 3156 Deum
2301 3109 2607 3155 creatorem
2657 3101 2998 3173 intelligitis?
3049 3103 3095 3158 si
3143 3119 3251 3158 non
3297 3105 3518 3160 creditis

1934 3191 2146 3256 verbis,
2183 3191 2388 3246 credite
2421 3190 2590 3246 oculis
2635 3191 2848 3256 vestris,
2891 3200 2946 3247 et
2980 3191 3372 3248 elementorum
3398 3209 3511 3250 om-

1940 3286 2088 3340 nium
2117 3283 2376 3339 servitute
2403 3283 2849 3352 omnipotentiam
2879 3284 3093 3338 Domini
3122 3285 3374 3355 cogitate.

2008 3374 2171 3429 Vens.
2220 3372 2312 3428 26.
2337 3403 2411 3414 —
2430 3372 2498 3426 In
2533 3389 2768 3426 numero.
2819 3373 2943 3445 (ιθ.)
2974 3373 3054 3428 llli
3083 3381 3364 3429 numerata
3393 3385 3518 3430 sunt

1937 3479 2061 3535 qua:
2093 3464 2368 3519 Abraham
2413 3477 2703 3518 numerare
2745 3478 2852 3517 non
2897 3463 3074 3533 potuit
3117 3482 3131 3518 ε
3180 3473 3236 3520 et
3280 3467 3523 3522 serviunt

1937 3556 2184 3627 delegato
2235 3553 2430 3618 oﬁicio,
2477 3563 2538 3608 ut
2588 3555 2670 3610 sol
2722 3569 2941 3609 cursum
2987 3554 3112 3609 caeli
3157 3569 3266 3610 uno
3307 3557 3521 3627 expleat

1937 3666 2110 3715 anno,
2139 3659 2192 3705 et
2222 3658 2415 3706 caetera
2443 3665 2541 3704 suo
2568 3649 2747 3705 modo.

2008 3741 2256 3795 Militiam
2278 3757 2482 3806 eorum,
2503 3752 2608 3796 etc.
2634 3742 2871 3812 Angelos
2897 3742 3285 3817 scilicet,unde
3309 3760 3323 3796 :
3348 3742 3521 3797 Millia

1936 3829 2160 3884 millium
2203 3831 2570 3885 ministrabant
2603 3833 2650 3885 ei
2679 3831 2840 3900 (Dan.
2873 3832 2990 3904 vn).
3023 3832 3152 3888 inde
3185 3841 3243 3888 et
3263 3833 3521 3888 Dominus

1940 3923 2179 3978 Sabaoth
2224 3923 2442 3988 dicitur,
2475 3923 2528 3978 id
2565 3931 2649 3979 est
2681 3923 2910 3990 militiae,
2933 3924 3018 3980 vel
3051 3925 3405 3989 exercituum,
3434 3924 3521 3979 vel

1935 4015 2219 4068 virtutum.

1937 4097 1940 4100 ’
2007 4105 2172 4162 Vens.
2209 4106 2298 4160 27.
2322 4137 2394 4147 —
2423 4105 2598 4172 Quare
2618 4106 2773 4172 dicis,
2799 4115 2906 4162 etc.
2938 4106 3062 4178 (10.)
3088 4106 3221 4163 Cum
3247 4108 3363 4164 haec
3388 4122 3516 4177 pro-

1934 4201 2094 4270 pheta
2121 4201 2324 4256 diceret
2353 4241 2368 4266 ,
2403 4208 2535 4266 etc.,
2579 4215 2742 4270 usque
2772 4200 2841 4252 ad
2871 4199 2990 4254 sine
3015 4199 3199 4270 judice
3225 4216 3432 4266 sumus,
3463 4211 3520 4257 et

1936 4290 2209 4346 immerito
2235 4289 2538 4360 alﬂigimur.

2017 4380 2114 4434 Via
2152 4397 2288 4434 mea.
2332 4379 2478 4434 Bona
2527 4396 2716 4452 opera,
2771 4398 2874 4438 non
2920 4383 3195 4452 pertinent
3238 4384 3306 4440 ad
3347 4385 3514 4441 Deum

1940 4480 2171 4536 terrena,
2191 4487 2296 4526 non
2315 4473 2762 4543 consideratquid
2791 4475 3019 4545 quisque
3047 4485 3185 4546 agat.
3225 4476 3353 4534 Inde
3378 4478 3517 4547 inju-

1939 4568 2019 4616 ste
2041 4562 2386 4632 opprimitur,
2414 4564 2565 4634 quasi
2581 4563 2825 4632 jumenta
2848 4574 2901 4621 et
2923 4567 3120 4637 pisces,
3137 4568 3267 4644 sine
3282 4579 3514 4626 rectore.

2011 4654 2174 4711 Vens.
2209 4656 2297 4712 28.
2322 4657 2638 4712 —Creavit.
2691 4658 2883 4715 Omnia
2929 4660 3098 4728 novit,
3125 4663 3307 4717 omnia
3342 4663 3516 4717 conti-

1942 4758 2056 4812 net,
2087 4747 2267 4802 omnia
2297 4748 2579 4819 majestate
2605 4765 2700 4804 sua
2726 4749 3021 4819 dispensat.

1945 4841 1948 4844 ’
2012 4836 2297 4908 Sapientia:
2321 4844 2456 4908 ejus.
2510 4841 2632 4912 (Ιυ.)
2681 4841 2759 4896 Ex
2802 4843 2902 4899 hoc
2941 4843 3056 4900 loco
3101 4845 3244 4899 aliud
3291 4845 3518 4914 apostoli

1940 4937 2213 4998 sumptum
2241 4929 2455 4983 videtur
2495 4947 2508 4984 :
2554 4930 3109 5002 Incompreltensibilia
3144 4935 3352 5004 judicia
3379 4937 3516 5006 ejus,

1939 5029 1986 5074 et
2013 5020 2391 5091 investigabiles
2425 5023 2521 5076 via:
2546 5023 2660 5092 ejus
2685 5040 2703 5078 :
2731 5026 2886 5094 quasi
2914 5026 3120 5082 diceret
3148 5043 3161 5079 :
3192 5025 3352 5082 Solus
3377 5029 3516 5083 Deus

1939 5119 2190 5175 aeternus,
2221 5111 2588 5181 impassibilis,
2617 5123 2812 5170 cetera
2841 5117 3021 5171 omnia
3051 5117 3324 5173 deﬁcient.

2009 5201 2173 5257 Vens.
2214 5202 2302 5256 30.
2325 5233 2393 5242 —
2433 5202 2688 5273 Deﬁcient
2726 5209 2895 5278 pueri.
2929 5207 3030 5274 Qui
3057 5207 3261 5263 scilicet
3284 5211 3518 5280 gaudent

1936 5297 2181 5367 corporis
2241 5298 2493 5365 sanitate,
2546 5310 2602 5355 et
2646 5302 2934 5371 pueritiam
2987 5311 3042 5358 et
3095 5304 3515 5362 adolescentiam

1934 5396 2125 5458 putant
2149 5403 2269 5442 esse
2295 5399 2634 5460 perpetuam.

2006 5478 2168 5534 Vens.
2219 5481 2402 5535 51.-
2430 5481 2728 5537 Mutabunt.
2765 5473 2865 5540 'Ut
2909 5486 3018 5540 sint
3066 5485 3234 5542 fortes
3284 5486 3339 5542 in
3381 5487 3514 5554 Deo,

1944 5569 2074 5626 ﬁent
2119 5571 2320 5627 debiles
2368 5573 2586 5641 mundo,
2637 5581 2692 5629 et
2735 5584 2857 5644 post
2901 5585 3128 5633 mortem
3163 5578 3345 5635 carnis
3385 5578 3517 5635 ﬁent

1946 5665 2298 5722 immortales.
2351 5669 2354 5671 λ

2016 5759 2161 5813 Sicut
2205 5761 2417 5832 aquilw.
2471 5760 2622 5817 Sicut
2674 5765 2852 5834 aquila
2901 5768 3192 5824 secundum
3242 5768 3514 5839 physicos,

1944 5849 2096 5906 alliso
2135 5852 2201 5906 ad
2239 5851 2442 5906 silicem
2490 5862 2692 5920 rostro,
2739 5865 3006 5913 vetustate
3045 5859 3206 5914 nimia
3250 5861 3517 5916 aduncato
