4028 6332
656 444 798 512 {283

1143 446 1537 537 WALAFRlDl
1573 432 1820 505 srnant
1854 440 2062 505 ruta.
2102 428 2269 505 non.
2309 440 2459 507 opp.
2499 436 2679 503 tutas
2712 430 2758 505 i.
2793 474 2868 491 -
2897 444 3371 505 THEOLOGICA.

3738 450 3830 509 1984

658 570 967 633 innovatur,
1005 567 1085 624 sic
1123 567 1215 637 qui
1260 570 1581 622 vetustatem
1621 562 1826 634 peccati
1868 574 1967 633 per
1995 568 2223 632 petram,
2252 566 2305 627 Α
2332 577 2475 627 mus,
2492 561 2618 633 quia
2642 560 2823 632 justus
2840 564 2952 628 est;
2986 560 3041 615 in
3069 561 3312 616 adventu
3337 558 3481 622 Filii,
3505 558 3753 633 daemones,
3771 574 3829 641 qui

656 674 777 733 quae
802 669 881 716 est
911 660 1179 725 Christus,
1222 654 1582 722 mortilicant,
1621 654 1817 710 mortui
1850 655 2048 710 mundo
2080 655 2235 716 inno-

658 762 853 809 vantur
882 748 1013 818 Deo,
1052 753 1196 807 unde
1238 748 1634 805 :Renovabitur
1674 757 1733 803 ut
1774 744 1966 820 aquila:
1982 746 2233 817 juventus

632 848 639 853 '
658 848 750 899 tua
782 841 955 913 (Psal.
984 843 1104 912 cn).

1239 932 1470 990 CAPUT
1510 934 1646 990 XLI.

728 1024 893 1083 Vens.
951 1026 1002 1083 i.
1025 1042 1093 1067 —‘
1122 1020 1348 1081 Taceant
1384 1024 1595 1081 inculte.
1622 1018 1828 1095 (Hiram)
1860 1008 1997 1091 Quid
2032 1014 2085 1077 in
2118 1020 2234 1078 salo

657 1127 867 1191 gentes,
889 1118 1095 1175 scilicet
1114 1133 1234 1189 qua:
1272 1116 1432 1173 salsis
1470 1126 1525 1173 et
1545 1114 1746 1172 amaris
1764 1103 2015 1170 ﬂuctibus
2053 1108 2235 1170 saeculi

658 1208 1003 1265 tunduntur.l

724 1300 893 1357 Vens.
929 1302 983 1356 2.
1007 1298 1221 1368 -—Quis
1260 1296 1529 1356 suscitavit
1574 1296 1640 1353 ab
1680 1296 1895 1352 oriente.
1946 1294 2081 1369 (11).)
2108 1290 2236 1362 Qui-

656 1394 778 1451 dam
826 1392 1175 1450 Hebraeorum
1223 1392 1329 1449 hoc
1377 1391 1445 1447 ad
1487 1388 1684 1463 Cyrum
1732 1404 1912 1460 regem
1946 1376 2234 1443 Persarum

654 1484 913 1549 referunt,
947 1494 1079 1552 etc.,
1120 1498 1284 1556 usque
1311 1484 1380 1538 ad
1412 1482 1503 1554 qui
1535 1482 1603 1538 ab
1632 1480 1786 1537 initio
1812 1476 2061 1551 cognovit
2096 1478 2231 1534 hcce.

728 1573 889 1631 Vens.
927 1576 982 1632 3.
1005 1605 1077 1617 —
1099 1572 1296 1631 Semita
1318 1575 1374 1629 in
1393 1572 1629 1645 pedibus.
1664 1571 1934 1627 Laborem
1961 1569 2043 1625 vel
2070 1566 2231 1625 lassi-

651 1668 893 1724 tudinem
921 1667 1037 1739 ejus
1059 1668 1185 1725 vita)
1207 1682 1315 1724 non
1341 1660 1880 1724 sentienExsultavit
1912 1672 1968 1718 ut
1993 1663 2138 1735 gigas
2164 1662 2233 1716 ad

652 1758 967 1815 currendam
991 1760 1148 1816 viam.
1774 1832 1781 1837 ι

722 1852 886 1908 Vnus.
918 1852 1059 1906 5.—
1093 1850 1341 1908 Viderunt
1372 1851 1578 1907 insulae.
1621 1844 1747 1923 (11).)
1772 1846 1830 1905 id
1859 1852 1942 1905 est
1966 1856 2151 1918 gentes
2178 1842 2235 1902 lh

650 1942 940 1999 circumitu
961 1984 976 2008 ,
1013 1950 1141 2007 etc.,
1170 1956 1333 2015 usque
1359 1942 1429 1996 ad
1462 1948 1519 1999 et
1547 1942 1872 1999 conlortavit
1907 1952 2029 1996 eum
2065 1938 2234 1996 clavis

651 2040 1066 2102 praeceptorum,
1097 2038 1157 2087 ut
1188 2030 1243 2086 in
1268 2031 1462 2087 timore
1490 2024 1697 2088 Domini
1725 2026 2089 2102 permaneret.

722 2121 887 2177 Vens.
913 2122 965 2178 8.
987 2150 1058 2164 -ο-
1082 2120 1243 2188 Ettn,
1266 2120 1458 2189 Israel,
1488 2138 1629 2178 serve
1651 2138 1816 2177 meus.
1838 2120 1959 2193 (ln.)
1977 2116 2235 2176 Dominus

652 2212 719 2266 ad
747 2213 1018 2282 apostolos
1062 2210 1371 2277 aﬂ‘ectuose,
1396 2222 1528 2279 etc.,
1576 2226 1739 2284 usque
1765 2210 1833 2267 ad
1857 2212 2044 2282 postea
2073 2206 2235 2266 electi

651 2304 707 2358 in
735 2303 1032 2357 amicitiam
1060 2303 1155 2359 Dei
1175 2304 1474 2375 jungitnur.

722 2392 885 2450 Vnus.
917 2396 1048 2452 9.—
1067 2396 1137 2450 Et
1163 2395 1525 2469 alonyin'qiiis.
1556 2395 1672 2451 Jam
1701 2408 1872 2465 usque
1899 2395 1965 2449 ad
1991 2396 2234 2450 extrema

648 2487 820 2545 Judaei
844 2489 1099 2561 dispersi,
1129 2498 1185 2545 et
1214 2490 1338 2545 inde
1365 2491 1430 2545 ad
1455 2490 1619 2544 tinem
1649 2488 1804 2543 multi
1827 2486 2024 2544 vocati.

722 2580 887 2641 Vens.
912 2580 1000 2639 14.
1022 2613 1094 2625 -
1126 2581 1323 2638 vertitis
1352 2578 1536 2637 Iacob.
1579 2582 1700 2655 (ln.)
1730 2581 1955 2637 vermes
1980 2580 2235 2636 dicuntur

651 2675 902 2746 apostoli,
954 2683 1215 2746 tanquam
1260 2673 1376 2743 ejus
1411 2674 1714 2729 imitatores
1759 2672 1851 2743 qui
1890 2670 2020 2728 dicit
2060 2689 2074 2725 :
2119 2666 2232 2742 Ego

651 2785 769 2823 sum
788 2770 975 2824 vermis
998 2779 1045 2823 et
1072 2784 1177 2824 non
1196 2772 1349 2824 homo
1378 2767 1551 2838 (Psal.
1579 2766 1717 2837 xxt).
1754 2764 1820 2821 Et
1858 2766 1999 2821 Sient
2029 2765 2234 2822 vermis

650 2858 901 2928 penetrat
944 2866 1175 2926 terram,
1225 2859 1303 2915 sic
1345 2856 1659 2928 praedicatio
1704 2870 1891 2912 eorum
1932 2854 2095 2912 corda
2137 2871 2233 2911 au-

652 2951 937 3007 dientium.

724 3044 830 3111 Qui
863 3046 1054 3100 mortui
1085 3045 1208 3101 estis
1253 3060 1317 3100 ea:
1360 3036 1549 3099 Israel.
1589 3040 1743 3100 Sicut
1776 3042 1865 3099 ille
1908 3038 2000 3114 qui
2045 3042 2175 3099 dicit
2213 3061 2225 3096 :

654 3134 903 3202 Quotidie
948 3136 1147 3191 morior
1196 3134 1407 3208 propter
1451 3145 1674 3190 vestram
1729 3135 1983 3206 gloriam,
2043 3134 2230 3204 fratres

652 3225 707 3298 (Ι
728 3225 851 3282 Cor.
880 3228 1005 3299 xv);
1045 3234 1100 3285 et
1125 3228 1253 3285 alibi
1286 3246 1299 3282 :
1339 3226 1461 3284 Vivo
1490 3232 1665 3283 autem
1684 3228 1800 3298 jam
1824 3244 1927 3283 non
1951 3228 2082 3298 ego;
2111 3224 2229 3281 vivit

647 3336 768 3375 vero
801 3320 859 3374 in
883 3337 965 3375 me
989 3318 1228 3376 Christus
1258 3320 1400 3393 (Gal.
1429 3320 1511 3393 It).

720 3410 884 3467 Vens.
922 3410 1008 3467 15.
1046 3418 1119 3453 -‘—
1153 3408 1268 3483 Ego
1311 3412 1462 3485 posui
1506 3420 1556 3467 te
1598 3411 1751 3484 quasi
1787 3411 2101 3484 plaustrum.
2133 3411 2231 3468 Vir

647 3503 1050 3561 ecclesiasticus
1077 3505 1243 3561 habet
1263 3505 1665 3575 prmdicationis
1690 3510 1888 3573 rostra,
1913 3512 2041 3575 etc.,
2065 3522 2229 3579 usque

648 3595 719 3651 ad
748 3600 808 3650 ut
830 3595 969 3651 male
993 3596 1315 3667 congregati
1346 3596 1480 3653 bene
1510 3596 1837 3653 dividantur.

718 3687 881 3744 Vens.
926 3690 1012 3745 i9.
1039 3721 1110 3731 —
1138 3689 1284 3744 Dabo
1338 3690 1393 3744 in
1450 3686 1787 3746 solitudinem
1832 3691 2063 3746 cedrum.
2103 3688 2226 3763 (ln.)

647 3780 915 3836 Arborum
943 3781 1239 3837 varietates
1285 3782 1655 3837 diversitatem
1704 3780 2000 3853 spiritualis
2038 3778 2227 3854 gratia:

647 3870 972 3943 signiﬁcant,
1023 3886 1093 3928 ne
1134 3872 1326 3929 saltem
1372 3872 1480 3928 una
1527 3862 1728 3928 chorda
1772 3872 1840 3930 de
1883 3873 2093 3928 cithara
2122 3874 2227 3929 Do-

647 3962 806 4025 mini,
850 3972 905 4018 et
943 3965 1121 4035 aliqua
1170 3967 1346 4022 virtus
1391 3967 1688 4038 gratiarum
1734 3966 1987 4024 Ecclesiae
2040 3966 2227 4025 deesse

646 4056 896 4111 videatur
938 4074 951 4111 :
993 4073 1221 4127 quarum
1269 4060 1650 4117 sublimitatem
1691 4064 1758 4118 ad
1798 4064 2039 4120 coelestia
2075 4060 2229 4120 festi-

647 4156 869 4204 nantem
898 4140 1163 4205 illuminal
1186 4148 1390 4222 lignum
1419 4146 1590 4218 olivae,
1625 4146 1795 4207 fomes
1821 4152 1979 4220 lucis,
2012 4146 2226 4224 requies

648 4239 945 4297 laborantis
970 4243 1054 4297 vel
1085 4242 1294 4298 lassati.

722 4331 963 4401 Spinam,
985 4342 1032 4386 et
1058 4344 1370 4404 myrtum,et
1398 4335 1594 4406 lignum
1619 4335 1788 4392 olivar.
1806 4332 1981 4393 LXX:
2007 4335 2226 4405 Sethim,

649 4438 770 4493 quae
802 4430 888 4479 est
919 4412 1083 4479 arbor
1107 4426 1241 4482 albae
1272 4427 1442 4497 spinae
1484 4428 1694 4496 similis,
1726 4440 1858 4495 etc.,
1892 4449 2051 4503 usque
2082 4428 2149 4485 ad
2178 4439 2233 4489 et

652 4512 778 4569 ideo
806 4515 1173 4573 consolatores
1202 4528 1404 4574 sanctae
1432 4516 1689 4575 Ecclesia:
1717 4512 2002 4592 signiﬁcat.

720 4602 885 4697 YBBS.
939 4602 1030 4661 2‘2.
1071 4639 1144 4650 —
1186 4604 1529 4665 Annuntiate.
1608 4610 1730 4684 (Ιυ.)
1780 4606 2059 4683 Signiﬁcat
2099 4617 2225 4697 quia

651 4694 790 4752 idola
824 4711 925 4753 nec
964 4699 1215 4756 audiendi
1246 4716 1344 4757 nec
1371 4700 1727 4773 respondendi
1761 4704 1962 4759 habent
1994 4694 2225 4761 faculta-

651 4795 779 4869 tem,
807 4797 935 4855 etc.,
962 4806 1123 4862 usque
1149 4792 1220 4846 ad
1245 4802 1392 4863 patet
1415 4795 1559 4865 quod
1602 4794 1743 4851 idola
1780 4805 1905 4867 post
1941 4786 2227 4853 adventum

649 4875 849 4935 Christi
873 4894 1062 4937 vocem
1092 4884 1411 4940 amiserunt.

720 4969 882 5029 Vens.
916 4970 1008 5029 23.
1031 5003 1100 5015 —
1124 4968 1187 5030 Si
1215 4978 1446 5046 potestis.
1474 4972 1659 5049 Neque
1687 4977 1958 5035 daemones
1980 4989 2225 5051 possunt,

650 5065 753 5121 nisi
782 5064 877 5119 Dei
908 5066 1283 5136 permissione,
1306 5067 1448 5138 quod
1480 5068 1732 5125 assident.
1762 5066 1938 5137 idolis,
1964 5066 2089 5142 quia
2128 5087 2229 5128 nec

650 5171 863 5228 porcos,
914 5172 1014 5213 nec
1058 5160 1229 5214 sancti
1269 5156 1636 5229 Johjumcnta
1686 5171 1985 5239 potuerunt
2020 5161 2229 5239 disper—

652 5245 781 5301 dere
808 5246 926 5302 sine
950 5246 1041 5303 Dei
1088 5250 1463 5319 permissioue.
1510 5248 1708 5309 Paulus
1758 5238 1971 5326 quoque
2009 5238 2230 5311 tradidit

654 5336 866 5394 Batante
896 5340 1175 5409 quosdam.
2160 5330 2177 5343 ’

719 5429 884 5488 Vens.
927 5431 1016 5489 25.
1044 5432 1411 5507 -—Suscitavi.
1465 5438 1587 5512 (ln.)
1627 5438 1817 5495 Adhuc
1855 5451 2043 5497 contra
2085 5434 2224 5497 idola

649 5521 889 5595 loquitur
913 5532 968 5583 et
992 5540 1178 5584 contra
1206 5518 1439 5589 cultores
1464 5526 1673 5599 eorum,
1705 5540 1838 5599 etc.,
1882 5550 2044 5605 usque
2066 5535 2134 5589 ad
2165 5542 2225 5589 ut

650 5612 875 5674 credant
915 5618 967 5675 in
992 5634 1114 5677 eum
1141 5622 1232 5692 qui
1255 5626 1404 5680 venit
1435 5627 1502 5681 ab
1528 5630 1648 5682 or'tu
1676 5627 1828 5681 solis.

724 5705 883 5765 Vens.
914 5710 1213 5779 26.-—Quis
1234 5716 1561 5771 annuntiavit
1587 5718 1650 5771 ab
1680 5716 1934 5772 exordio?
1957 5718 2107 5786 quasi
2138 5716 2222 5776 di-

649 5811 801 5857 ceret
825 5817 841 5858 :
867 5799 1056 5857 Nullus
1083 5802 1138 5858 in
1165 5806 1414 5873 gentibus
1455 5806 1557 5861 fuit
1576 5808 1669 5878 qui
1700 5807 2102 5864 annuntiaverit
2129 5810 2224 5866 ad-

652 5900 873 5948 ventum
895 5890 1037 5947 Filii.
1077 5892 1132 5949 Si
1161 5907 1243 5951 est
1287 5904 1463 5952 autem
1490 5898 1583 5967 'qui
1616 5896 2031 5964 attnuntiavcrit,
2076 5899 2220 5957 dice-

2332 654 2391 711 in
2418 653 2572 709 idolis
2596 654 2823 709 ventura
2857 652 3202 718 nuntiabant,
3228 650 3622 707 obmutuerant.

2402 744 2636 801 Audiens
2677 762 2937 801 sermones
2978 754 3197 799 vestros.
3242 738 3385 810 Quia
3434 736 3584 798 bruta
3626 746 3829 815 gentilium

2333 840 2494 895 corda
2520 853 2762 895 errorem
2791 852 2948 894 suum
2979 830 3395 901 intellexerunt,
3423 842 3480 889 et
3498 832 3722 910 vaticinia
3742 834 3829 893 falsa

2334 930 2690 1000 reliquerunt.
3108 994 3125 1011 ς

2404 1020 2568 1077 Vens.
2622 1010 2806 1089 27.;-
2840 1008 3054 1073 Primus
3105 1000 3179 1073 ad
3222 1015 3363 1073 Sion
3410 1000 3562 1070 (licet.
3615 1012 3829 1074 Ecclesiam

2335 1112 2675 1186 signiﬁcant;
2729 1127 2856 1168 ecce
2903 1111 3200 1166 astiterunt
3250 1098 3373 1173 ﬁlii,
3413 1104 3610 1163 scilicet
3644 1107 3721 1172 tui,
3743 1126 3828 1179 quos

2333 1221 2430 1277 per
2461 1204 2617 1260 ﬁdem
2653 1220 2831 1260 meam
2859 1202 3057 1259 donavi
3088 1198 3215 1267 tibi,
3248 1194 3465 1256 scilicet
3506 1200 3722 1271 apostoli,
3745 1218 3829 1271 quu-

2335 1296 2453 1349 rinn
2480 1293 2857 1365 praedicatione
2888 1292 2999 1347 nati
3029 1298 3157 1348 sunt
3184 1288 3289 1345 tibi
3312 1288 3431 1344 ﬁlii.

2406 1384 2570 1442 Vens.
2627 1384 2811 1440 29.—
2861 1382 2997 1440 Ecce
3044 1401 3225 1440 omnes
3275 1380 3483 1454 iniusti.
3544 1366 3763 1455 Quidquid
3790 1388 3829 1442 de

2335 1476 2491 1535 idolis
2528 1477 2613 1533 vel
2646 1474 2712 1534 de
2739 1478 2990 1550 gentibus
3026 1476 3290 1543 diximus,
3341 1472 3411 1530 ad
3448 1474 3827 1535 haeresiarchaset

2333 1554 2615 1639 pravitatis
2640 1570 2890 1640 dogmata
2920 1562 3246 1633 referamus,
3286 1567 3440 1638 quia,
3484 1564 3679 1622 Christo
3705 1582 3828 1637 pacem

2334 1648 2590 1714 Ecclesiae
2640 1658 2921 1715 nuntiante
2962 1667 3016 1715 et
3056 1659 3354 1713 veritatem
3404 1664 3730 1724 monstrante,
3764 1660 3825 1728 ipsi

2320 1750 2546 1807 errores
2576 1760 2896 1822 sequuntur,
2925 1759 2981 1805 et
3003 1759 3164 1805 vento
3192 1759 3251 1805 et
3283 1746 3488 1805 turbini
3514 1760 3822 1821 comparantur.

2913 1836 3139 1897 CAPUT
3180 1838 3346 1897 XLII.

2407 1932 2571 1991 Vens.
2602 1934 2655 1989 l.
2683 1964 2756 1977 —
2783 1918 2919 1990 Ecce
2947 1951 3147 1991 servus.
3194 1920 3411 2008 (Ηιειι.)
3442 1918 3712 1991 Notandum
3746 1937 3823 2006 quia

2335 2027 2564 2100 apostoli
2592 2025 2781 2093 Iacob,
2810 2028 2994 2094 Israel,
3009 2038 3065 2085 et
3089 2044 3281 2103 semen
3304 2029 3536 2085 Abrahae
3555 2020 3821 2103 appellantur,

2333 2118 2528 2191 quibus
2574 2130 2761 2192 postea
2809 2118 2963 2191 quasi
3013 2123 3188 2179 servis
3234 2100 3293 2179 ei
3339 2100 3632 2179 hominibus
3665 2122 3821 2176 dicitur:

2335 2196 2466 2264 Noli
2492 2211 2693 2278 timere,
2720 2211 2906 2266 vermis
2938 2204 3127 2276 Iacob,
3150 2220 3264 2267 etc.
3317 2211 3561 2267 Christus
3588 2218 3732 2264 autem
3758 2223 3823 2263 non

2334 2318 2517 2361 semen
2546 2301 2714 2360 Jacob
2742 2304 2826 2361 vel
2851 2304 3034 2387 lsrael,
3067 2305 3163 2361 sed
3194 2320 3393 2361 servus
3415 2294 3622 2360 dicitur.

2402 2392 2536 2451 Dedi
2551 2394 2825 2466 Spiritum.
2847 2396 2905 2452 ln
2927 2397 3318 2468 conceptione;
3344 2396 3483 2473 unde
3509 2412 3522 2449 :
3546 2394 3822 2466 Spiritum-

2333 2496 2446 2542 ctus
2476 2489 2879 2571 superveniet‘in
2909 2499 2981 2555 te,
3008 2498 3116 2546 etc.
3146 2487 3321 2569 (Phil.
3350 2489 3435 2559 ιι).
3460 2487 3525 2565 Et
3549 2488 3597 2541 in
3633 2485 3820 2556 baptismo

2334 2580 2551 2648 claruit,
2572 2597 2696 2637 cum
2728 2581 2965 2653 Spiritus
2985 2584 3041 2641 iu
3068 2584 3255 2655 specie
3268 2581 3531 2641 columbae
3553 2594 3691 2650 super
3708 2579 3821 2650 ipsum

2334 2674 2601 2751 requievit
2628 2674 2780 2748 (Luc.
2812 2676 2876 2748 ι).

2410 2766 2569 2821 Vitas.
2617 2767 2670 2821 5.
2703 2797 2773 2807 -
2812 2765 3003 2822 Linum
3048 2767 3340 2840 fumigans.
3392 2762 3725 2822 Sacerdotium
3750 2759 3819 2828 jam

2332 2871 2471 2928 pene
2513 2856 2864 2926 exstinctum,
2896 2856 2965 2914 de
2989 2856 3099 2915 lino
3125 2867 3315 2915 autem
3355 2854 3419 2912 lit
3452 2849 3741 2911 sacerdotale
3759 2862 3815 2901 te-

2334 2947 2676 3003 stimentum.

2403 3039 2606 3096 Educet
2624 3041 2911 3112 judicium.
2951 3041 3246 3112 Judicabit,
3277 3040 3483 3101 scilicet
3518 3053 3615 3095 non
3641 3042 3812 3092 metuens

2333 3130 2557 3188 Scribas
2580 3142 2635 3189 et
2669 3132 2997 3191 Pharisaeos.
3646 3194 3653 3201 ,

2406 3210 2565 3285 itm.
2600 3229 2656 3284 4.
2687 3228 2902 3285 -Νοη
2933 3232 3030 3286 erit
3060 3214 3250 3286 trislis.
3292 3227 3437 3303 uo.)
3480 3226 3585 3285 Hoc
3612 3221 3811 3278 huius

2256 3300 2303 3365 Ο
2334 3338 2441 3379 non
2487 3321 2687 3392 posuit,
2709 3322 2824 3378 sive
2853 3323 2995 3379 inter
3028 3300 3313 3392 judicium
3340 3331 3396 3377 et
3424 3317 3660 3388 judicium
3698 3308 3811 3366 media

2335 3417 2615 3489 scriptoris
2659 3431 2847 3473 errore
2892 3417 3105 3473 sublata
3145 3426 3296 3477 eunt.
3346 3415 3438 3473 Est
3468 3422 3637 3468 autem
3666 3418 3807 3463 ιωειιςι

2331 3510 2695 3587 aequalitatem
2721 3507 2902 3565 vultus
2920 3509 3069 3565 omni
3092 3517 3337 3580 tempore
3358 3502 3691 3563 conservabit:
3712 3494 3809 3565 θυοδ

2332 3603 2397 3659 de
2425 3602 2650 3659 Socrate
2678 3601 2814 3657 falso
2842 3602 3145 3671 gloriantur
3170 3598 3495 3672 philosophi,
3527 3594 3651 3668 quod
3670 3590 3809 3649 scilicﬂ

2330 3683 2449 3767 plus
2476 3695 2634 3752 solito
2665 3711 2767 3752 non
2796 3695 2972 3752 tristis
2995 3693 3183 3761 fuerit,
3213 3710 3317 3753 nec
3334 3693 3501 3753 laetus.
3799 3768 3806 3778 .

2400 3788 2467 3843 In
2513 3800 2654 3844 terra
2686 3789 2971 3859 judicium.
3006 3786 3163 3844 Unde
3198 3807 3213 3843 :
3250 3789 3323 3844 In
3353 3785 3596 3857 judicium
3629 3793 3702 3850 εσυ
3737 3786 3805 3827 Μ’

2327 3884 2385 3938 in
2423 3881 2561 3937 hunc
2603 3880 2880 3947 mundum,
2925 3890 2983 3935 ut
3015 3881 3109 3951 qui
3159 3896 3267 3937 non
3315 3879 3484 3936 vident
3523 3873 3801 3932 videamus

2331 3977 2647 4050 (Joan..tx).

2336 4122 2341 4131 ,
2405 4070 2567 4127 Vens.
2599 4069 2651 4123 6.
2685 4097 2755 4109 -—
2787 4067 3027 4123 Iustitia.
3056 4066 3279 4125 Iustum
3307 4065 3411 4120 fuit
3446 4070 3503 4118 ut
3527 4055 3800 4118 transiet!”

2331 4159 2606 4230 apostolos
2634 4160 2704 4216 ad
2733 4168 2924 4231 gentes
2954 4168 3301 4230 contemptus
3328 4173 3361 4213 a
3386 4153 3586 4211 iam.
3765 4230 3773 4239 '

2403 4253 2567 4307 Vens.
2619 4252 2670 4306 7.
2710 4281 2782 4293 —
2817 4250 3083 4307 Vinctum.
3134 4252 3375 4308 Funibus
3401 4248 3696 4319 peccatorum
3725 4251 3735 4285 ε
3765 4244 3797 4281 ιιι

2335 4343 2650 4414 Evangelia.
2680 4359 2842 4414 quem
2873 4344 3109 4400 Satanas
3130 4346 3381 4401 vinxerat
3403 4338 3634 4398 Dmuinus
3653 4328 3775 4423 solvit.

2402 4435 2568 4491 Vens.
2613 4433 2667 4489 8.
2694 4465 2767 4475 —
2789 4434 2975 4491 Alteri.
3024 4435 3195 4492 Filius
3218 4445 3276 4492 et
3323 4432 3541 4505 Spiritus
3566 4430 3732 4480 sanctus
3762 4424 3791 4463 II

2334 4526 2544 4583 Deitate
2570 4542 2600 4580 a
2631 4525 2795 4595 Patre
2815 4528 2955 4583 alter
2978 4544 3086 4584 non
3108 4537 3214 4597 est,
3228 4542 3286 4585 et
3307 4529 3421 4584 ideo
3446 4516 3653 4579 eamdem
3669 4506 3793 4576 Ml“

2298 4668 2302 4672 .
2336 4617 2472 4673 riam
2500 4626 2557 4672 et
2579 4617 2793 4673 laudem
2821 4618 3003 4675 habet.

2342 4774 2349 4781 .
2402 4708 2565 4766 Vnus.
2616 4710 2668 4766 9.
2709 4740 2781 4752 —-
2814 4709 2966 4769 Vobis
3014 4712 3230 4783 faciam.
3283 4713 3355 4771 Ut
3398 4706 3580 4769 sciatis,
3619 4696 3790 4783 mihi!“

2332 4802 2611 4867 Dominus,
2641 4817 2747 4857 non
2776 4811 2861 4859 est
2904 4781 3043 4861 alius
3090 4814 3289 4876 praeter
3336 4818 3417 4863 me
3447 4820 3458 4855 :
3486 4805 3534 4853 et
3572 4781 3783 4862 (ιιιίιπιοη

2331 4894 2554 4951 cernitis
2579 4894 2821 4966 impleta,
2856 4897 3096 4953 credatis
3120 4913 3241 4967 qua:
3266 4896 3507 4969 polliceor
3528 4886 3687 4941 futura.
3748 4956 3758 4967 .

2403 4986 2570 5055 Vens.
2611 4988 2695 5043 10.
2725 5019 2796 5029 -
2820 4987 3048 5047 Novum.
3082 4991 3140 5045 In
3166 4991 3400 5045 novitate
3420 4979 3638 5053 δρίνὶιαεν
3658 4976 3731 5020 non
3747 4970 3779 5009 ’³

2331 5087 2625 5136 vestustate
2652 5080 2883 5147 litterae;
2918 5096 3017 5136 nec
3045 5079 3217 5137 solum
3252 5082 3309 5135 in
3330 5073 3495 5135 Veteri
3515 5058 3778 5124 Τθθηωεδίθν

2332 5173 2431 5229 sed
2456 5173 2619 5229 etiam
2652 5173 2705 5231 in
2730 5171 2902 5229 Novo.
3751 5230 3759 5241 ,

2403 5262 2506 5331 Qui
2530 5264 2843 5323 descenditis
2881 5264 2939 5321 in
2964 5281 3133 5321 mm.
3162 5265 3282 5339 (In).
3312 5263 3457 5321 Prius
3481 5245 3777 5339 ρίεεεωτθθῗζ

2332 5328 2525 5421 scium,
2542 5364 2666 5426 post
2690 5355 3000 5423 hominum;
3022 5328 3647 5413 undead'littorttm:Illlim
3662 5328 3771 5385 ⁵⁸³⁸³
3817 5364 3824 5375 ’

2332 5449 2683 5507 transierunt.
2865 5488 2881 5513 κ
3246 5488 3255 5503 .
3705 5505 3715 5517 ,

2729 5570 2800 5581 -
2827 5499 3020 5596 Gestar.
3052 5541 3221 5598 Filius
3245 5499 3498 5597 lsmaelis:
3525 5499 3770 5607 Sancti"?

2334 5647 2429 5705 eo,
2452 5633 2555 5708 qui:
2576 5631 2769 5687 melius
2794 5631 3029 5703 Agareni
3072 5650 3086 5687 :
3116 5633 3213 5689 sed
3242 5631 3447 5688 nomine
3466 5619 3613 5708 lib?rm
3632 5596 3770 5708 "'1':

2332 5680 3085 5794 runtjignominiam-oancillaa.
3125 5723 3315 5780 lsmael
3339 5718 3466 5777 enim
3488 5707 3602 5794 illius
3628 5680 3769 5794 ηαξ

2334 5813 2476 5887 Agar
2506 5779 2625 5877 iuit,
2660 5813 2727 5871 ab
2757 5813 2859 5871 hac
2906 5813 3189 5889 saraceni.
3242 5807 3500 5875 Duodecim
3520 5793 3637 5889 θέω,

2334 5882 2536 5975 genuit.
2562 5903 2791 5961 Nomine
2815 5882 3029 5975 quoque
3052 5904 3168 5975 ejus
3192 5907 3304 5977 ipsa
3332 5900 3504 5961 dicitur
3520 5882 3731 5958 pWVlW"
