  <div class='ocr_page' id='page_1' title='image "/cluster/home/n/w/nwhite01/storage/ocr_20150623/113/hvd.32044018909572/648.png"; bbox 0 0 4028 6332; ppageno 0'>
   <div class='ocr_carea' id='block_1_1' title="bbox 240 414 392 473">
    <p class='ocr_par' dir='ltr' id='par_1_1' title="bbox 240 414 392 473">
     <span class='ocr_line' id='line_1_1' title="bbox 240 414 392 473; baseline 0.026 -3"><span class='ocrx_word' id='word_1_1' title='bbox 240 414 392 473; x_wconf 74' lang='lat' dir='ltr'><strong>I285</strong></span> 
     </span>
    </p>
   </div>
   <div class='ocr_carea' id='block_1_2' title="bbox 1292 427 3519 498">
    <p class='ocr_par' dir='ltr' id='par_1_2' title="bbox 1292 427 3519 498">
     <span class='ocr_line' id='line_1_2' title="bbox 1292 427 3519 498; baseline 0.005 -13"><span class='ocrx_word' id='word_1_2' title='bbox 1292 427 1557 487; x_wconf 82' lang='lat' dir='ltr'><strong>CLOSSA</strong></span> <span class='ocrx_word' id='word_1_3' title='bbox 1594 429 1988 487; x_wconf 77' lang='lat' dir='ltr'><strong>ORDINARIA.</strong></span> <span class='ocrx_word' id='word_1_4' title='bbox 2029 459 2098 472; x_wconf 86' lang='lat'><strong>-—</strong></span> <span class='ocrx_word' id='word_1_5' title='bbox 2135 429 2260 488; x_wconf 85' lang='lat' dir='ltr'><strong>LIB.</strong></span> <span class='ocrx_word' id='word_1_6' title='bbox 2301 433 2524 494; x_wconf 71' lang='lat' dir='ltr'><strong>ISAIAE.</strong></span> <span class='ocrx_word' id='word_1_7' title='bbox 2759 471 2762 474; x_wconf 84' lang='lat'>~</span> <span class='ocrx_word' id='word_1_8' title='bbox 3381 441 3519 498; x_wconf 64' lang='grc'><strong>1286</strong></span> 
     </span>
    </p>
   </div>
   <div class='ocr_carea' id='block_1_3' title="bbox 319 529 3514 625">
    <p class='ocr_par' dir='ltr' id='par_1_3' title="bbox 319 529 3514 625">
     <span class='ocr_line' id='line_1_3' title="bbox 319 529 3514 625; baseline 0.009 -41"><span class='ocrx_word' id='word_1_9' title='bbox 319 529 405 584; x_wconf 85' lang='lat' dir='ltr'><strong>De</strong></span> <span class='ocrx_word' id='word_1_10' title='bbox 433 535 624 588; x_wconf 60' lang='lat' dir='ltr'><strong>verme</strong></span> <span class='ocrx_word' id='word_1_11' title='bbox 651 537 1338 611; x_wconf 68' lang='lat' dir='ltr'><strong>mor.tium.~(liten.)Super</strong></span> <span class='ocrx_word' id='word_1_12' title='bbox 1353 553 1575 598; x_wconf 83' lang='lat' dir='ltr'><strong>montem</strong></span> <span class='ocrx_word' id='word_1_13' title='bbox 1590 545 1848 600; x_wconf 70' lang='lat' dir='ltr'><strong>excelsum</strong></span> <span class='ocrx_word' id='word_1_14' title='bbox 1880 548 1929 606; x_wconf 68' lang='grc' dir='ltr'><strong>Α</strong></span> <span class='ocrx_word' id='word_1_15' title='bbox 1959 543 2178 610; x_wconf 85' lang='lat' dir='ltr'><strong>idolum,</strong></span> <span class='ocrx_word' id='word_1_16' title='bbox 2211 547 2335 616; x_wconf 84' lang='lat' dir='ltr'><strong>quia</strong></span> <span class='ocrx_word' id='word_1_17' title='bbox 2383 547 2483 602; x_wconf 88' lang='lat' dir='ltr'><strong>I&#39;eci</strong></span> <span class='ocrx_word' id='word_1_18' title='bbox 2536 550 2807 607; x_wconf 79' lang='lat' dir='ltr'><strong>hominem</strong></span> <span class='ocrx_word' id='word_1_19' title='bbox 2846 551 3050 623; x_wconf 81' lang='lat' dir='ltr'><strong>justum</strong></span> <span class='ocrx_word' id='word_1_20' title='bbox 3081 568 3110 608; x_wconf 84' lang='lat' dir='ltr'><strong>a</strong></span> <span class='ocrx_word' id='word_1_21' title='bbox 3163 569 3270 624; x_wconf 90' lang='lat' dir='ltr'><strong>quo</strong></span> <span class='ocrx_word' id='word_1_22' title='bbox 3318 554 3514 625; x_wconf 83' lang='lat' dir='ltr'><strong>injuste</strong></span> 
     </span>
    </p>
   </div>
   <div class='ocr_carea' id='block_1_4' title="bbox 242 627 1840 693">
    <p class='ocr_par' dir='ltr' id='par_1_4' title="bbox 242 627 1840 693">
     <span class='ocr_line' id='line_1_4' title="bbox 242 627 1840 693; baseline 0.009 -17"><span class='ocrx_word' id='word_1_23' title='bbox 242 627 510 680; x_wconf 82' lang='lat' dir='ltr'><strong>ascende.</strong></span> <span class='ocrx_word' id='word_1_24' title='bbox 560 627 632 681; x_wconf 88' lang='lat' dir='ltr'><strong>De</strong></span> <span class='ocrx_word' id='word_1_25' title='bbox 659 633 844 684; x_wconf 77' lang='lat' dir='ltr'><strong><em>vertice</em></strong></span> <span class='ocrx_word' id='word_1_26' title='bbox 867 635 1076 687; x_wconf 84' lang='lat' dir='ltr'><strong>montis.</strong></span> <span class='ocrx_word' id='word_1_27' title='bbox 1124 635 1198 690; x_wconf 89' lang='lat' dir='ltr'><strong>De</strong></span> <span class='ocrx_word' id='word_1_28' title='bbox 1226 635 1507 692; x_wconf 81' lang='lat' dir='ltr'><strong>altitudine</strong></span> <span class='ocrx_word' id='word_1_29' title='bbox 1537 637 1755 692; x_wconf 71' lang='lat' dir='ltr'><strong>virtutis</strong></span> <span class='ocrx_word' id='word_1_30' title='bbox 1784 646 1840 693; x_wconf 86' lang='lat' dir='ltr'><strong>et</strong></span> 
     </span>
    </p>
   </div>
   <div class='ocr_carea' id='block_1_5' title="bbox 241 719 1844 800">
    <p class='ocr_par' dir='ltr' id='par_1_5' title="bbox 241 719 1844 800">
     <span class='ocr_line' id='line_1_5' title="bbox 241 719 1844 800; baseline 0.011 -31"><span class='ocrx_word' id='word_1_31' title='bbox 241 719 757 789; x_wconf 85' lang='lat' dir='ltr'><strong>contemplationis,</strong></span> <span class='ocrx_word' id='word_1_32' title='bbox 787 731 846 776; x_wconf 84' lang='lat' dir='ltr'><strong>ut</strong></span> <span class='ocrx_word' id='word_1_33' title='bbox 869 723 1032 778; x_wconf 86' lang='lat' dir='ltr'><strong>etiam</strong></span> <span class='ocrx_word' id='word_1_34' title='bbox 1055 726 1302 797; x_wconf 81' lang='lat' dir='ltr'><strong>exemplo</strong></span> <span class='ocrx_word' id='word_1_35' title='bbox 1322 728 1550 784; x_wconf 82' lang='lat' dir='ltr'><strong>doceam</strong></span> <span class='ocrx_word' id='word_1_36' title='bbox 1568 745 1688 800; x_wconf 64' lang='lat' dir='ltr'><strong>quat.-</strong></span> <span class='ocrx_word' id='word_1_37' title='bbox 1706 745 1844 800; x_wconf 68' lang='lat' dir='ltr'><strong>pra:-</strong></span> 
     </span>
    </p>
   </div>
   <div class='ocr_carea' id='block_1_6' title="bbox 246 805 477 864">
    <p class='ocr_par' dir='ltr' id='par_1_6' title="bbox 246 805 477 864">
     <span class='ocr_line' id='line_1_6' title="bbox 246 805 477 864; baseline 0.004 -3"><span class='ocrx_word' id='word_1_38' title='bbox 246 805 477 864; x_wconf 87' lang='lat' dir='ltr'><strong>dicant.</strong></span> 
     </span>
    </p>
   </div>
   <div class='ocr_carea' id='block_1_7' title="bbox 323 897 1842 984">
    <p class='ocr_par' dir='ltr' id='par_1_7' title="bbox 323 897 1842 984">
     <span class='ocr_line' id='line_1_7' title="bbox 323 897 1842 984; baseline 0.011 -32"><span class='ocrx_word' id='word_1_39' title='bbox 323 897 504 954; x_wconf 80' lang='lat' dir='ltr'><strong>Vens.</strong></span> <span class='ocrx_word' id='word_1_40' title='bbox 547 901 638 959; x_wconf 64' lang='lat'><strong>45-.</strong></span> <span class='ocrx_word' id='word_1_41' title='bbox 667 917 738 944; x_wconf 86' lang='lat'><strong>-&#39;-</strong></span> <span class='ocrx_word' id='word_1_42' title='bbox 771 901 1174 975; x_wconf 81' lang='lat' dir='ltr'><strong>Vociferabitur.</strong></span> <span class='ocrx_word' id='word_1_43' title='bbox 1223 905 1373 967; x_wconf 64' lang='lat' dir='ltr'><strong>unde</strong></span> <span class='ocrx_word' id='word_1_44' title='bbox 1414 928 1430 966; x_wconf 87' lang='lat'><strong>:</strong></span> <span class='ocrx_word' id='word_1_45' title='bbox 1475 910 1589 983; x_wconf 81' lang='lat' dir='ltr'><strong>Ipsi</strong></span> <span class='ocrx_word' id='word_1_46' title='bbox 1613 930 1694 967; x_wconf 87' lang='lat' dir='ltr'><strong>me</strong></span> <span class='ocrx_word' id='word_1_47' title='bbox 1719 929 1842 984; x_wconf 86' lang='lat' dir='ltr'><strong>pro-</strong></span> 
     </span>
    </p>
   </div>
   <div class='ocr_carea' id='block_1_8' title="bbox 237 995 1844 1077">
    <p class='ocr_par' dir='ltr' id='par_1_8' title="bbox 237 995 1844 1077">
     <span class='ocr_line' id='line_1_8' title="bbox 237 995 1844 1077; baseline 0.011 -34"><span class='ocrx_word' id='word_1_48' title='bbox 237 1004 580 1047; x_wconf 71' lang='lat' dir='ltr'><strong>uocauerunt</strong></span> <span class='ocrx_word' id='word_1_49' title='bbox 606 995 660 1048; x_wconf 84' lang='lat' dir='ltr'><strong>in</strong></span> <span class='ocrx_word' id='word_1_50' title='bbox 699 1011 760 1049; x_wconf 86' lang='lat' dir='ltr'><strong>eo</strong></span> <span class='ocrx_word' id='word_1_51' title='bbox 780 998 870 1066; x_wconf 78' lang='lat' dir='ltr'><strong>qui</strong></span> <span class='ocrx_word' id='word_1_52' title='bbox 893 1013 994 1052; x_wconf 86' lang='lat' dir='ltr'><strong>non</strong></span> <span class='ocrx_word' id='word_1_53' title='bbox 1022 1009 1140 1053; x_wconf 84' lang='lat' dir='ltr'><strong>erat</strong></span> <span class='ocrx_word' id='word_1_54' title='bbox 1173 1000 1318 1056; x_wconf 77' lang='lat' dir='ltr'><strong>Deus</strong></span> <span class='ocrx_word' id='word_1_55' title='bbox 1345 1001 1522 1074; x_wconf 77' lang='lat' dir='ltr'><strong>(Deut.</strong></span> <span class='ocrx_word' id='word_1_56' title='bbox 1552 1003 1755 1077; x_wconf 77' lang='lat' dir='ltr'><strong>xuii);</strong></span> <span class='ocrx_word' id='word_1_57' title='bbox 1788 1013 1844 1060; x_wconf 86' lang='lat' dir='ltr'><strong>et</strong></span> 
     </span>
    </p>
   </div>
   <div class='ocr_carea' id='block_1_9' title="bbox 241 1085 1214 1156">
    <p class='ocr_par' dir='ltr' id='par_1_9' title="bbox 241 1085 1214 1156">
     <span class='ocr_line' id='line_1_9' title="bbox 241 1085 1214 1156; baseline 0.011 -19"><span class='ocrx_word' id='word_1_58' title='bbox 241 1099 356 1154; x_wconf 78' lang='lat' dir='ltr'><strong>ego</strong></span> <span class='ocrx_word' id='word_1_59' title='bbox 385 1085 446 1138; x_wconf 88' lang='lat' dir='ltr'><strong>in</strong></span> <span class='ocrx_word' id='word_1_60' title='bbox 476 1095 636 1156; x_wconf 79' lang='lat' dir='ltr'><strong>gente</strong></span> <span class='ocrx_word' id='word_1_61' title='bbox 662 1087 824 1143; x_wconf 86' lang='lat' dir='ltr'><strong>stulta</strong></span> <span class='ocrx_word' id='word_1_62' title='bbox 856 1090 1080 1146; x_wconf 87' lang='lat' dir='ltr'><strong>irritabo</strong></span> <span class='ocrx_word' id='word_1_63' title='bbox 1102 1105 1214 1148; x_wconf 82' lang='lat' dir='ltr'><strong>eos.</strong></span> 
     </span>
    </p>
   </div>
   <div class='ocr_carea' id='block_1_10' title="bbox 318 1173 1840 1252">
    <p class='ocr_par' dir='ltr' id='par_1_10' title="bbox 318 1173 1840 1252">
     <span class='ocr_line' id='line_1_10' title="bbox 318 1173 1840 1252; baseline 0.011 -24"><span class='ocrx_word' id='word_1_64' title='bbox 318 1173 500 1231; x_wconf 78' lang='lat' dir='ltr'><strong>Vens.</strong></span> <span class='ocrx_word' id='word_1_65' title='bbox 557 1179 644 1232; x_wconf 75' lang='grc'><strong>14.</strong></span> <span class='ocrx_word' id='word_1_66' title='bbox 692 1211 762 1222; x_wconf 85' lang='grc'><strong>-</strong></span> <span class='ocrx_word' id='word_1_67' title='bbox 808 1179 954 1236; x_wconf 84' lang='lat' dir='ltr'><strong>Sicut</strong></span> <span class='ocrx_word' id='word_1_68' title='bbox 997 1183 1308 1252; x_wconf 75' lang='lat' dir='ltr'><strong>parturiens.</strong></span> <span class='ocrx_word' id='word_1_69' title='bbox 1361 1179 1580 1242; x_wconf 72' lang='lat' dir='ltr'><strong>Partum</strong></span> <span class='ocrx_word' id='word_1_70' title='bbox 1633 1190 1840 1245; x_wconf 83' lang='lat' dir='ltr'><strong>consilii</strong></span> 
     </span>
    </p>
   </div>
   <div class='ocr_carea' id='block_1_11' title="bbox 233 1267 1840 1347">
    <p class='ocr_par' dir='ltr' id='par_1_11' title="bbox 233 1267 1840 1347">
     <span class='ocr_line' id='line_1_11' title="bbox 233 1267 1840 1347; baseline 0.011 -28"><span class='ocrx_word' id='word_1_71' title='bbox 233 1267 352 1320; x_wconf 88' lang='lat' dir='ltr'><strong>mei</strong></span> <span class='ocrx_word' id='word_1_72' title='bbox 402 1267 732 1337; x_wconf 80' lang='lat' dir='ltr'><strong>profundam</strong></span> <span class='ocrx_word' id='word_1_73' title='bbox 762 1271 813 1325; x_wconf 89' lang='lat' dir='ltr'><strong>in</strong></span> <span class='ocrx_word' id='word_1_74' title='bbox 842 1273 1014 1327; x_wconf 87' lang='lat' dir='ltr'><strong>lucem</strong></span> <span class='ocrx_word' id='word_1_75' title='bbox 1046 1274 1188 1330; x_wconf 80' lang='lat' dir='ltr'><strong>sicut</strong></span> <span class='ocrx_word' id='word_1_76' title='bbox 1212 1273 1406 1332; x_wconf 85' lang='lat' dir='ltr'><strong>mulier</strong></span> <span class='ocrx_word' id='word_1_77' title='bbox 1450 1279 1732 1347; x_wconf 79' lang='lat' dir='ltr'><strong>infantem,</strong></span> <span class='ocrx_word' id='word_1_78' title='bbox 1761 1279 1840 1337; x_wconf 72' lang='lat' dir='ltr'><strong>sic</strong></span> 
     </span>
    </p>
   </div>
   <div class='ocr_carea' id='block_1_12' title="bbox 233 1355 1246 1425">
    <p class='ocr_par' dir='ltr' id='par_1_12' title="bbox 233 1355 1246 1425">
     <span class='ocr_line' id='line_1_12' title="bbox 233 1355 1246 1425; baseline 0.008 -15"><span class='ocrx_word' id='word_1_79' title='bbox 233 1355 535 1425; x_wconf 84' lang='lat' dir='ltr'><strong>proferam</strong></span> <span class='ocrx_word' id='word_1_80' title='bbox 559 1360 956 1416; x_wconf 83' lang='lat' dir='ltr'><strong>dissimulatum</strong></span> <span class='ocrx_word' id='word_1_81' title='bbox 988 1364 1246 1419; x_wconf 84' lang='lat' dir='ltr'><strong>dolorem.</strong></span> 
     </span>
    </p>
   </div>
   <div class='ocr_carea' id='block_1_13' title="bbox 318 1447 1836 1531">
    <p class='ocr_par' dir='ltr' id='par_1_13' title="bbox 318 1447 1836 1531">
     <span class='ocr_line' id='line_1_13' title="bbox 318 1447 1836 1531; baseline 0.011 -30"><span class='ocrx_word' id='word_1_82' title='bbox 318 1447 500 1503; x_wconf 74' lang='lat' dir='ltr'><strong>Vens.</strong></span> <span class='ocrx_word' id='word_1_83' title='bbox 524 1450 610 1503; x_wconf 79' lang='grc'><strong>16.</strong></span> <span class='ocrx_word' id='word_1_84' title='bbox 635 1479 706 1492; x_wconf 81' lang='lat'><strong>——</strong></span> <span class='ocrx_word' id='word_1_85' title='bbox 731 1449 806 1505; x_wconf 79' lang='grc' dir='ltr'><strong>1η-</strong></span> <span class='ocrx_word' id='word_1_86' title='bbox 818 1453 1034 1506; x_wconf 75' lang='lat' dir='ltr'><strong>semitis.</strong></span> <span class='ocrx_word' id='word_1_87' title='bbox 1058 1453 1180 1524; x_wconf 88' lang='lat' dir='ltr'><strong>(ln.)</strong></span> <span class='ocrx_word' id='word_1_88' title='bbox 1202 1455 1258 1509; x_wconf 80' lang='lat' dir='ltr'><strong>In</strong></span> <span class='ocrx_word' id='word_1_89' title='bbox 1282 1458 1836 1531; x_wconf 77' lang='lat' dir='ltr'><strong>cognitione-prophe-</strong></span> 
     </span>
    </p>
   </div>
   <div class='ocr_carea' id='block_1_14' title="bbox 235 1540 1838 1620">
    <p class='ocr_par' dir='ltr' id='par_1_14' title="bbox 235 1540 1838 1620">
     <span class='ocr_line' id='line_1_14' title="bbox 235 1540 1838 1620; baseline 0.011 -30"><span class='ocrx_word' id='word_1_90' title='bbox 235 1545 464 1604; x_wconf 83' lang='lat' dir='ltr'><strong>tarum,</strong></span> <span class='ocrx_word' id='word_1_91' title='bbox 495 1540 587 1609; x_wconf 89' lang='lat' dir='ltr'><strong>qui</strong></span> <span class='ocrx_word' id='word_1_92' title='bbox 615 1551 742 1595; x_wconf 87' lang='lat' dir='ltr'><strong>sunt</strong></span> <span class='ocrx_word' id='word_1_93' title='bbox 763 1543 969 1596; x_wconf 73' lang='lat' dir='ltr'><strong>semita:</strong></span> <span class='ocrx_word' id='word_1_94' title='bbox 994 1543 1062 1597; x_wconf 88' lang='lat' dir='ltr'><strong>ad</strong></span> <span class='ocrx_word' id='word_1_95' title='bbox 1083 1543 1378 1611; x_wconf 82' lang='lat' dir='ltr'><strong>Christum,</strong></span> <span class='ocrx_word' id='word_1_96' title='bbox 1409 1564 1530 1603; x_wconf 89' lang='lat' dir='ltr'><strong>cum</strong></span> <span class='ocrx_word' id='word_1_97' title='bbox 1559 1551 1676 1620; x_wconf 85' lang='lat' dir='ltr'><strong>ejus</strong></span> <span class='ocrx_word' id='word_1_98' title='bbox 1698 1554 1838 1606; x_wconf 57' lang='lat' dir='ltr'><strong>natio</strong></span> 
     </span>
    </p>
   </div>
   <div class='ocr_carea' id='block_1_15' title="bbox 237 1628 1835 1709">
    <p class='ocr_par' dir='ltr' id='par_1_15' title="bbox 237 1628 1835 1709">
     <span class='ocr_line' id='line_1_15' title="bbox 237 1628 1835 1709; baseline 0.01 -27"><span class='ocrx_word' id='word_1_99' title='bbox 237 1628 511 1694; x_wconf 76' lang='lat' dir='ltr'><strong>vitalem,</strong></span> <span class='ocrx_word' id='word_1_100' title='bbox 543 1634 996 1688; x_wconf 76' lang='lat' dir='ltr'><strong>resurrectionem</strong></span> <span class='ocrx_word' id='word_1_101' title='bbox 1025 1644 1078 1689; x_wconf 87' lang='lat' dir='ltr'><strong>et</strong></span> <span class='ocrx_word' id='word_1_102' title='bbox 1117 1638 1488 1693; x_wconf 80' lang='lat' dir='ltr'><strong>ascensionem</strong></span> <span class='ocrx_word' id='word_1_103' title='bbox 1520 1642 1835 1709; x_wconf 64' lang='lat' dir='ltr'><strong>pradicant.</strong></span> 
     </span>
    </p>
   </div>
   <div class='ocr_carea' id='block_1_16' title="bbox 313 1719 1838 1800">
    <p class='ocr_par' dir='ltr' id='par_1_16' title="bbox 313 1719 1838 1800">
     <span class='ocr_line' id='line_1_16' title="bbox 313 1719 1838 1800; baseline 0.009 -27"><span class='ocrx_word' id='word_1_104' title='bbox 313 1719 492 1775; x_wconf 77' lang='lat' dir='ltr'><strong>Vens.</strong></span> <span class='ocrx_word' id='word_1_105' title='bbox 527 1721 612 1775; x_wconf 80' lang='lat' dir='ltr'><strong>l7.</strong></span> <span class='ocrx_word' id='word_1_106' title='bbox 633 1751 704 1762; x_wconf 84' lang='lat'><strong>—-</strong></span> <span class='ocrx_word' id='word_1_107' title='bbox 723 1721 1146 1791; x_wconf 77' lang='lat' dir='ltr'><strong>Confuudantur.</strong></span> <span class='ocrx_word' id='word_1_108' title='bbox 1173 1725 1302 1779; x_wconf 82' lang='lat' dir='ltr'><strong>Cum</strong></span> <span class='ocrx_word' id='word_1_109' title='bbox 1326 1728 1594 1797; x_wconf 77' lang='lat' dir='ltr'><strong>plenitudo</strong></span> <span class='ocrx_word' id='word_1_110' title='bbox 1607 1733 1838 1800; x_wconf 78' lang='lat' dir='ltr'><strong>gentium</strong></span> 
     </span>
    </p>
   </div>
   <div class='ocr_carea' id='block_1_17' title="bbox 233 1811 1834 1885">
    <p class='ocr_par' dir='ltr' id='par_1_17' title="bbox 233 1811 1834 1885">
     <span class='ocr_line' id='line_1_17' title="bbox 233 1811 1834 1885; baseline 0.01 -22"><span class='ocrx_word' id='word_1_111' title='bbox 233 1811 545 1866; x_wconf 83' lang='lat' dir='ltr'><strong>intraverit.</strong></span> <span class='ocrx_word' id='word_1_112' title='bbox 573 1813 724 1870; x_wconf 84' lang='lat' dir='ltr'><strong>Tunc</strong></span> <span class='ocrx_word' id='word_1_113' title='bbox 768 1815 932 1869; x_wconf 90' lang='lat' dir='ltr'><strong>etiam</strong></span> <span class='ocrx_word' id='word_1_114' title='bbox 963 1816 1122 1870; x_wconf 88' lang='lat' dir='ltr'><strong>Israel</strong></span> <span class='ocrx_word' id='word_1_115' title='bbox 1165 1831 1474 1885; x_wconf 85' lang='lat' dir='ltr'><strong>conversus,</strong></span> <span class='ocrx_word' id='word_1_116' title='bbox 1509 1824 1712 1878; x_wconf 81' lang='lat' dir='ltr'><strong>erroris</strong></span> <span class='ocrx_word' id='word_1_117' title='bbox 1751 1825 1834 1879; x_wconf 90' lang='lat' dir='ltr'><strong>sui</strong></span> 
     </span>
    </p>
   </div>
   <div class='ocr_carea' id='block_1_18' title="bbox 229 1904 1300 1990">
    <p class='ocr_par' dir='ltr' id='par_1_18' title="bbox 229 1904 1300 1990">
     <span class='ocr_line' id='line_1_18' title="bbox 229 1904 1300 1990; baseline 0.007 -34"><span class='ocrx_word' id='word_1_118' title='bbox 229 1904 558 1972; x_wconf 64' lang='lat' dir='ltr'><strong>paenitebit,</strong></span> <span class='ocrx_word' id='word_1_119' title='bbox 589 1906 682 1975; x_wconf 87' lang='lat' dir='ltr'><strong>qui</strong></span> <span class='ocrx_word' id='word_1_120' title='bbox 707 1906 863 1962; x_wconf 87' lang='lat' dir='ltr'><strong>idolis</strong></span> <span class='ocrx_word' id='word_1_121' title='bbox 898 1915 1024 1990; x_wconf 63' lang='lat' dir='ltr'><strong>ante</strong></span> <span class='ocrx_word' id='word_1_122' title='bbox 1061 1909 1300 1964; x_wconf 80' lang='lat' dir='ltr'><strong>servivit.</strong></span> 
     </span>
    </p>
   </div>
   <div class='ocr_carea' id='block_1_19' title="bbox 309 1994 1837 2078">
    <p class='ocr_par' dir='ltr' id='par_1_19' title="bbox 309 1994 1837 2078">
     <span class='ocr_line' id='line_1_19' title="bbox 309 1994 1837 2078; baseline 0.01 -30"><span class='ocrx_word' id='word_1_123' title='bbox 309 1994 489 2050; x_wconf 87' lang='lat' dir='ltr'><strong>Vens.</strong></span> <span class='ocrx_word' id='word_1_124' title='bbox 520 1997 610 2051; x_wconf 84' lang='lat'><strong>22.</strong></span> <span class='ocrx_word' id='word_1_125' title='bbox 641 2029 712 2038; x_wconf 93' lang='lat'><strong><em>—</em></strong></span> <span class='ocrx_word' id='word_1_126' title='bbox 734 1997 974 2068; x_wconf 85' lang='lat' dir='ltr'><strong>Laqueus</strong></span> <span class='ocrx_word' id='word_1_127' title='bbox 978 1999 1249 2068; x_wconf 81' lang='lat' dir='ltr'><strong>juceuum.</strong></span> <span class='ocrx_word' id='word_1_128' title='bbox 1282 2001 1590 2060; x_wconf 74' lang='lat' dir='ltr'><strong>Revertimr</strong></span> <span class='ocrx_word' id='word_1_129' title='bbox 1610 2007 1676 2061; x_wconf 78' lang='lat' dir='ltr'><strong>ad</strong></span> <span class='ocrx_word' id='word_1_130' title='bbox 1701 2024 1837 2078; x_wconf 67' lang='lat' dir='ltr'><strong>prte-</strong></span> 
     </span>
    </p>
   </div>
   <div class='ocr_carea' id='block_1_20' title="bbox 233 2086 1830 2161">
    <p class='ocr_par' dir='ltr' id='par_1_20' title="bbox 233 2086 1830 2161">
     <span class='ocr_line' id='line_1_20' title="bbox 233 2086 1830 2161; baseline 0.01 -21"><span class='ocrx_word' id='word_1_131' title='bbox 233 2086 584 2143; x_wconf 81' lang='lat' dir='ltr'><strong>tlicationem</strong></span> <span class='ocrx_word' id='word_1_132' title='bbox 611 2089 842 2155; x_wconf 73' lang='lat' dir='ltr'><strong>Domini,</strong></span> <span class='ocrx_word' id='word_1_133' title='bbox 862 2093 1146 2161; x_wconf 72' lang='lat' dir='ltr'><strong>increpans</strong></span> <span class='ocrx_word' id='word_1_134' title='bbox 1170 2091 1388 2148; x_wconf 74' lang='lat' dir='ltr'><strong>Scribas</strong></span> <span class='ocrx_word' id='word_1_135' title='bbox 1409 2107 1464 2150; x_wconf 90' lang='lat' dir='ltr'><strong>et</strong></span> <span class='ocrx_word' id='word_1_136' title='bbox 1489 2097 1792 2156; x_wconf 63' lang='lat' dir='ltr'><strong>Pharisazos</strong></span> <span class='ocrx_word' id='word_1_137' title='bbox 1816 2118 1830 2156; x_wconf 89' lang='lat'><strong>:</strong></span> 
     </span>
    </p>
   </div>
   <div class='ocr_carea' id='block_1_21' title="bbox 230 2176 1826 2253">
    <p class='ocr_par' dir='ltr' id='par_1_21' title="bbox 230 2176 1826 2253">
     <span class='ocr_line' id='line_1_21' title="bbox 230 2176 1826 2253; baseline 0.011 -21"><span class='ocrx_word' id='word_1_138' title='bbox 230 2176 302 2232; x_wconf 82' lang='lat' dir='ltr'><strong>Hi</strong></span> <span class='ocrx_word' id='word_1_139' title='bbox 352 2180 507 2234; x_wconf 90' lang='lat' dir='ltr'><strong>enim</strong></span> <span class='ocrx_word' id='word_1_140' title='bbox 547 2191 702 2236; x_wconf 82' lang='lat' dir='ltr'><strong>erant</strong></span> <span class='ocrx_word' id='word_1_141' title='bbox 729 2182 906 2253; x_wconf 89' lang='lat' dir='ltr'><strong>Iaqei</strong></span> <span class='ocrx_word' id='word_1_142' title='bbox 953 2183 1285 2253; x_wconf 85' lang='lat' dir='ltr'><strong>simplicibus</strong></span> <span class='ocrx_word' id='word_1_143' title='bbox 1329 2201 1396 2241; x_wconf 91' lang='lat' dir='ltr'><strong>ne</strong></span> <span class='ocrx_word' id='word_1_144' title='bbox 1424 2189 1490 2243; x_wconf 84' lang='lat' dir='ltr'><strong>ad</strong></span> <span class='ocrx_word' id='word_1_145' title='bbox 1535 2190 1826 2250; x_wconf 88' lang='lat' dir='ltr'><strong>Dominum</strong></span> 
     </span>
    </p>
   </div>
   <div class='ocr_carea' id='block_1_22' title="bbox 230 2259 1494 2326">
    <p class='ocr_par' dir='ltr' id='par_1_22' title="bbox 230 2259 1494 2326">
     <span class='ocr_line' id='line_1_22' title="bbox 230 2259 1494 2326; baseline 0.009 -4"><span class='ocrx_word' id='word_1_146' title='bbox 230 2279 720 2326; x_wconf 84' lang='lat' dir='ltr'><strong>converterentur.</strong></span> <span class='ocrx_word' id='word_1_147' title='bbox 1483 2259 1494 2271; x_wconf 52' lang='lat'>&#39;</span> 
     </span>
    </p>
   </div>
   <div class='ocr_carea' id='block_1_23' title="bbox 315 2368 1834 2455">
    <p class='ocr_par' dir='ltr' id='par_1_23' title="bbox 315 2368 1834 2455">
     <span class='ocr_line' id='line_1_23' title="bbox 315 2368 1834 2455; baseline 0.014 -33"><span class='ocrx_word' id='word_1_148' title='bbox 315 2368 489 2426; x_wconf 82' lang='lat' dir='ltr'><strong>Vens.</strong></span> <span class='ocrx_word' id='word_1_149' title='bbox 522 2370 612 2426; x_wconf 82' lang='lat'><strong>25.</strong></span> <span class='ocrx_word' id='word_1_150' title='bbox 644 2381 716 2414; x_wconf 89' lang='lat'><strong>-‘—</strong></span> <span class='ocrx_word' id='word_1_151' title='bbox 738 2373 870 2440; x_wconf 69' lang='lat' dir='ltr'><strong>Qui:</strong></span> <span class='ocrx_word' id='word_1_152' title='bbox 891 2384 985 2430; x_wconf 83' lang='lat' dir='ltr'><strong>est.</strong></span> <span class='ocrx_word' id='word_1_153' title='bbox 1035 2374 1296 2431; x_wconf 80' lang='lat' dir='ltr'><strong>Hortatur</strong></span> <span class='ocrx_word' id='word_1_154' title='bbox 1336 2391 1432 2436; x_wconf 90' lang='lat' dir='ltr'><strong>eos</strong></span> <span class='ocrx_word' id='word_1_155' title='bbox 1460 2385 1745 2455; x_wconf 81' lang='lat' dir='ltr'><strong>propheta,</strong></span> <span class='ocrx_word' id='word_1_156' title='bbox 1775 2397 1834 2444; x_wconf 81' lang='lat' dir='ltr'><strong>ut</strong></span> 
     </span>
    </p>
   </div>
   <div class='ocr_carea' id='block_1_24' title="bbox 229 2459 1831 2547">
    <p class='ocr_par' dir='ltr' id='par_1_24' title="bbox 229 2459 1831 2547">
     <span class='ocr_line' id='line_1_24' title="bbox 229 2459 1831 2547; baseline 0.014 -33"><span class='ocrx_word' id='word_1_157' title='bbox 229 2459 438 2515; x_wconf 81' lang='lat' dir='ltr'><strong>saltem</strong></span> <span class='ocrx_word' id='word_1_158' title='bbox 497 2463 660 2532; x_wconf 81' lang='lat' dir='ltr'><strong>aliqui</strong></span> <span class='ocrx_word' id='word_1_159' title='bbox 716 2467 940 2520; x_wconf 81' lang='lat' dir='ltr'><strong>audiant</strong></span> <span class='ocrx_word' id='word_1_160' title='bbox 983 2476 1037 2522; x_wconf 89' lang='lat' dir='ltr'><strong>et</strong></span> <span class='ocrx_word' id='word_1_161' title='bbox 1077 2482 1297 2524; x_wconf 84' lang='lat' dir='ltr'><strong>causam</strong></span> <span class='ocrx_word' id='word_1_162' title='bbox 1347 2485 1458 2529; x_wconf 64' lang='lat' dir='ltr'><strong>suae</strong></span> <span class='ocrx_word' id='word_1_163' title='bbox 1506 2479 1831 2547; x_wconf 81' lang='lat' dir='ltr'><strong>captivitatis</strong></span> 
     </span>
    </p>
   </div>
   <div class='ocr_carea' id='block_1_25' title="bbox 232 2551 913 2628">
    <p class='ocr_par' dir='ltr' id='par_1_25' title="bbox 232 2551 913 2628">
     <span class='ocr_line' id='line_1_25' title="bbox 232 2551 913 2628; baseline 0.015 -24"><span class='ocrx_word' id='word_1_164' title='bbox 232 2551 557 2628; x_wconf 74' lang='lat' dir='ltr'><strong>intelligant</strong></span> <span class='ocrx_word' id='word_1_165' title='bbox 586 2563 640 2609; x_wconf 88' lang='lat' dir='ltr'><strong>et</strong></span> <span class='ocrx_word' id='word_1_166' title='bbox 668 2569 913 2614; x_wconf 82' lang='lat' dir='ltr'><strong>caveant.</strong></span> 
     </span>
    </p>
   </div>
   <div class='ocr_carea' id='block_1_26' title="bbox 231 2645 1826 2744">
    <p class='ocr_par' dir='ltr' id='par_1_26' title="bbox 231 2645 1826 2744">
     <span class='ocr_line' id='line_1_26' title="bbox 231 2645 1826 2744; baseline 0.013 -46"><span class='ocrx_word' id='word_1_167' title='bbox 231 2732 245 2744; x_wconf 47' lang='lat'><strong><em>.</em></strong></span> <span class='ocrx_word' id='word_1_168' title='bbox 311 2645 486 2700; x_wconf 86' lang='lat' dir='ltr'><strong>Vens.</strong></span> <span class='ocrx_word' id='word_1_169' title='bbox 519 2647 607 2701; x_wconf 80' lang='lat'><strong>25.</strong></span> <span class='ocrx_word' id='word_1_170' title='bbox 633 2679 704 2690; x_wconf 89' lang='lat'><em>--</em></span> <span class='ocrx_word' id='word_1_171' title='bbox 731 2649 902 2722; x_wconf 83' lang='lat' dir='ltr'><strong>Super</strong></span> <span class='ocrx_word' id='word_1_172' title='bbox 927 2667 1063 2711; x_wconf 83' lang='lat' dir='ltr'><strong>eum.</strong></span> <span class='ocrx_word' id='word_1_173' title='bbox 1097 2659 1168 2715; x_wconf 87' lang='lat' dir='ltr'><strong>Ut</strong></span> <span class='ocrx_word' id='word_1_174' title='bbox 1192 2653 1338 2732; x_wconf 84' lang='lat' dir='ltr'><strong>quod</strong></span> <span class='ocrx_word' id='word_1_175' title='bbox 1382 2659 1533 2733; x_wconf 77' lang='lat' dir='ltr'><strong>prius</strong></span> <span class='ocrx_word' id='word_1_176' title='bbox 1561 2671 1826 2731; x_wconf 87' lang='lat' dir='ltr'><strong>tacuerat,</strong></span> 
     </span>
    </p>
   </div>
   <div class='ocr_carea' id='block_1_27' title="bbox 234 2924 1829 3008">
    <p class='ocr_par' dir='ltr' id='par_1_27' title="bbox 234 2924 1829 3008">
     <span class='ocr_line' id='line_1_27' title="bbox 234 2924 1829 3008; baseline 0.014 -30"><span class='ocrx_word' id='word_1_177' title='bbox 234 2934 324 2978; x_wconf 90' lang='lat' dir='ltr'><strong>tes</strong></span> <span class='ocrx_word' id='word_1_178' title='bbox 351 2924 457 2978; x_wconf 89' lang='lat' dir='ltr'><strong>hoc</strong></span> <span class='ocrx_word' id='word_1_179' title='bbox 499 2925 614 2980; x_wconf 86' lang='lat' dir='ltr'><strong>ﬁeri</strong></span> <span class='ocrx_word' id='word_1_180' title='bbox 661 2929 714 2981; x_wconf 91' lang='lat' dir='ltr'><strong>in</strong></span> <span class='ocrx_word' id='word_1_181' title='bbox 745 2929 1004 2988; x_wconf 84' lang='lat' dir='ltr'><strong>ultionem</strong></span> <span class='ocrx_word' id='word_1_182' title='bbox 1035 2927 1129 2990; x_wconf 87' lang='lat' dir='ltr'><strong>ﬁlii</strong></span> <span class='ocrx_word' id='word_1_183' title='bbox 1166 2939 1563 3008; x_wconf 84' lang='lat' dir='ltr'><strong>intellexerunt,</strong></span> <span class='ocrx_word' id='word_1_184' title='bbox 1595 2958 1694 2999; x_wconf 90' lang='lat' dir='ltr'><strong>nec</strong></span> <span class='ocrx_word' id='word_1_185' title='bbox 1735 2943 1829 2999; x_wconf 83' lang='lat' dir='ltr'><strong>Ju-</strong></span> 
     </span>
    </p>
   </div>
   <div class='ocr_carea' id='block_1_28' title="bbox 233 3015 1010 3078">
    <p class='ocr_par' dir='ltr' id='par_1_28' title="bbox 233 3015 1010 3078">
     <span class='ocr_line' id='line_1_28' title="bbox 233 3015 1010 3078; baseline 0.013 -9"><span class='ocrx_word' id='word_1_186' title='bbox 233 3015 344 3070; x_wconf 65' lang='lat' dir='ltr'><strong>diei</strong></span> <span class='ocrx_word' id='word_1_187' title='bbox 376 3015 582 3072; x_wconf 86' lang='lat' dir='ltr'><strong>malitia</strong></span> <span class='ocrx_word' id='word_1_188' title='bbox 613 3033 710 3074; x_wconf 90' lang='lat' dir='ltr'><strong>sua</strong></span> <span class='ocrx_word' id='word_1_189' title='bbox 733 3025 1010 3078; x_wconf 70' lang='lat' dir='ltr'><strong>exctecati.</strong></span> 
     </span>
    </p>
   </div>
   <div class='ocr_carea' id='block_1_29' title="bbox 815 3174 1252 3237">
    <p class='ocr_par' dir='ltr' id='par_1_29' title="bbox 815 3174 1252 3237">
     <span class='ocr_line' id='line_1_29' title="bbox 815 3174 1252 3237; baseline 0.011 -7"><span class='ocrx_word' id='word_1_190' title='bbox 815 3174 1044 3234; x_wconf 83' lang='lat' dir='ltr'><strong>CAPUT</strong></span> <span class='ocrx_word' id='word_1_191' title='bbox 1076 3179 1252 3237; x_wconf 82' lang='lat' dir='ltr'><strong>XLIII.</strong></span> 
     </span>
    </p>
   </div>
   <div class='ocr_carea' id='block_1_30' title="bbox 1945 635 2597 696">
    <p class='ocr_par' dir='ltr' id='par_1_30' title="bbox 1945 635 2597 696">
     <span class='ocr_line' id='line_1_30' title="bbox 1945 635 2597 696; baseline 0.009 -6"><span class='ocrx_word' id='word_1_192' title='bbox 1945 635 2239 693; x_wconf 80' lang='lat' dir='ltr'><strong>formatum</strong></span> <span class='ocrx_word' id='word_1_193' title='bbox 2268 649 2353 694; x_wconf 91' lang='lat' dir='ltr'><strong>est</strong></span> <span class='ocrx_word' id='word_1_194' title='bbox 2375 641 2597 696; x_wconf 91' lang='lat' dir='ltr'><strong>idolum.</strong></span> 
     </span>
    </p>
   </div>
   <div class='ocr_carea' id='block_1_31' title="bbox 2004 728 3516 812">
    <p class='ocr_par' dir='ltr' id='par_1_31' title="bbox 2004 728 3516 812">
     <span class='ocr_line' id='line_1_31' title="bbox 2004 728 3516 812; baseline 0.01 -29"><span class='ocrx_word' id='word_1_195' title='bbox 2004 728 2166 785; x_wconf 75' lang='lat' dir='ltr'><strong>Vens.</strong></span> <span class='ocrx_word' id='word_1_196' title='bbox 2213 731 2299 786; x_wconf 83' lang='lat' dir='ltr'><strong>I2.</strong></span> <span class='ocrx_word' id='word_1_197' title='bbox 2328 762 2398 772; x_wconf 91' lang='lat'>—</span> <span class='ocrx_word' id='word_1_198' title='bbox 2438 733 2552 804; x_wconf 82' lang='lat' dir='ltr'><strong>Ego</strong></span> <span class='ocrx_word' id='word_1_199' title='bbox 2583 737 2890 791; x_wconf 78' lang='lat' dir='ltr'><strong>annuntiaai</strong></span> <span class='ocrx_word' id='word_1_200' title='bbox 2915 748 2964 791; x_wconf 81' lang='lat' dir='ltr'><strong>et</strong></span> <span class='ocrx_word' id='word_1_201' title='bbox 2988 738 3204 795; x_wconf 69' lang='lat' dir='ltr'><strong>Intueri.</strong></span> <span class='ocrx_word' id='word_1_202' title='bbox 3256 740 3362 797; x_wconf 74' lang='lat' dir='ltr'><strong>Per</strong></span> <span class='ocrx_word' id='word_1_203' title='bbox 3389 753 3516 812; x_wconf 85' lang='lat' dir='ltr'><strong>pro-</strong></span> 
     </span>
    </p>
   </div>
   <div class='ocr_carea' id='block_1_32' title="bbox 1943 821 3511 904">
    <p class='ocr_par' dir='ltr' id='par_1_32' title="bbox 1943 821 3511 904">
     <span class='ocr_line' id='line_1_32' title="bbox 1943 821 3511 904; baseline 0.01 -31"><span class='ocrx_word' id='word_1_204' title='bbox 1943 821 2134 890; x_wconf 89' lang='lat' dir='ltr'><strong>phetas</strong></span> <span class='ocrx_word' id='word_1_205' title='bbox 2159 823 2495 879; x_wconf 83' lang='lat' dir='ltr'><strong>nativitatem</strong></span> <span class='ocrx_word' id='word_1_206' title='bbox 2515 824 2656 892; x_wconf 87' lang='lat' dir='ltr'><strong>Filii,</strong></span> <span class='ocrx_word' id='word_1_207' title='bbox 2673 828 3010 890; x_wconf 78' lang='lat' dir='ltr'><strong>vocationem</strong></span> <span class='ocrx_word' id='word_1_208' title='bbox 3029 831 3294 902; x_wconf 67' lang='lat' dir='ltr'><strong>gentium,</strong></span> <span class='ocrx_word' id='word_1_209' title='bbox 3323 834 3511 904; x_wconf 79' lang='lat' dir='ltr'><strong>expul-</strong></span> 
     </span>
    </p>
   </div>
   <div class='ocr_carea' id='block_1_33' title="bbox 1941 913 2504 971">
    <p class='ocr_par' dir='ltr' id='par_1_33' title="bbox 1941 913 2504 971">
     <span class='ocr_line' id='line_1_33' title="bbox 1941 913 2504 971; baseline 0.007 -3"><span class='ocrx_word' id='word_1_210' title='bbox 1941 913 2148 968; x_wconf 86' lang='lat' dir='ltr'><strong>sionem</strong></span> <span class='ocrx_word' id='word_1_211' title='bbox 2179 913 2504 971; x_wconf 66' lang='lat' dir='ltr'><strong>daemonum.</strong></span> 
     </span>
    </p>
   </div>
   <div class='ocr_carea' id='block_1_34' title="bbox 2013 1005 3509 1080">
    <p class='ocr_par' dir='ltr' id='par_1_34' title="bbox 2013 1005 3509 1080">
     <span class='ocr_line' id='line_1_34' title="bbox 2013 1005 3509 1080; baseline 0.009 -22"><span class='ocrx_word' id='word_1_212' title='bbox 2013 1005 2177 1059; x_wconf 79' lang='lat' dir='ltr'><strong>Vens.</strong></span> <span class='ocrx_word' id='word_1_213' title='bbox 2235 1005 2320 1061; x_wconf 68' lang='grc'><strong>14.</strong></span> <span class='ocrx_word' id='word_1_214' title='bbox 2355 1037 2424 1049; x_wconf 88' lang='lat'><strong>--</strong></span> <span class='ocrx_word' id='word_1_215' title='bbox 2462 1007 2594 1066; x_wconf 72' lang='lat' dir='ltr'><strong>Hcce</strong></span> <span class='ocrx_word' id='word_1_216' title='bbox 2637 1011 2764 1066; x_wconf 83' lang='lat' dir='ltr'><strong>dicit</strong></span> <span class='ocrx_word' id='word_1_217' title='bbox 2807 1011 3064 1067; x_wconf 74' lang='lat' dir='ltr'><strong>Dominus</strong></span> <span class='ocrx_word' id='word_1_218' title='bbox 3113 1011 3375 1080; x_wconf 78' lang='lat' dir='ltr'><strong>Saluator,</strong></span> <span class='ocrx_word' id='word_1_219' title='bbox 3402 1024 3509 1072; x_wconf 86' lang='lat' dir='ltr'><strong>etc.</strong></span> 
     </span>
    </p>
   </div>
   <div class='ocr_carea' id='block_1_35' title="bbox 1941 1094 3508 1176">
    <p class='ocr_par' dir='ltr' id='par_1_35' title="bbox 1941 1094 3508 1176">
     <span class='ocr_line' id='line_1_35' title="bbox 1941 1094 3508 1176; baseline 0.01 -27"><span class='ocrx_word' id='word_1_220' title='bbox 1941 1094 2090 1160; x_wconf 65' lang='lat' dir='ltr'><strong>Huic,</strong></span> <span class='ocrx_word' id='word_1_221' title='bbox 2122 1097 2328 1152; x_wconf 85' lang='lat' dir='ltr'><strong>scilicet</strong></span> <span class='ocrx_word' id='word_1_222' title='bbox 2380 1115 2499 1170; x_wconf 70' lang='lat' dir='ltr'><strong>quae</strong></span> <span class='ocrx_word' id='word_1_223' title='bbox 2548 1111 2848 1171; x_wconf 86' lang='lat' dir='ltr'><strong>sequuntur</strong></span> <span class='ocrx_word' id='word_1_224' title='bbox 2877 1122 2890 1157; x_wconf 77' lang='grc' dir='ltr'>ι</span> <span class='ocrx_word' id='word_1_225' title='bbox 2935 1103 3094 1161; x_wconf 84' lang='lat' dir='ltr'><strong>Pater</strong></span> <span class='ocrx_word' id='word_1_226' title='bbox 3123 1107 3190 1160; x_wconf 84' lang='lat' dir='ltr'><strong>ad</strong></span> <span class='ocrx_word' id='word_1_227' title='bbox 3219 1109 3508 1176; x_wconf 79' lang='lat' dir='ltr'><strong>apostolos.</strong></span> 
     </span>
    </p>
   </div>
   <div class='ocr_carea' id='block_1_36' title="bbox 1944 1186 3514 1267">
    <p class='ocr_par' dir='ltr' id='par_1_36' title="bbox 1944 1186 3514 1267">
     <span class='ocr_line' id='line_1_36' title="bbox 1944 1186 3514 1267; baseline 0.01 -27"><span class='ocrx_word' id='word_1_228' title='bbox 1944 1186 2176 1257; x_wconf 83' lang='lat' dir='ltr'><strong>Propter</strong></span> <span class='ocrx_word' id='word_1_229' title='bbox 2204 1204 2299 1244; x_wconf 90' lang='lat' dir='ltr'><strong>vos</strong></span> <span class='ocrx_word' id='word_1_230' title='bbox 2319 1191 2411 1259; x_wconf 88' lang='lat' dir='ltr'><strong>qui</strong></span> <span class='ocrx_word' id='word_1_231' title='bbox 2437 1191 2640 1248; x_wconf 84' lang='lat' dir='ltr'><strong>scilicet</strong></span> <span class='ocrx_word' id='word_1_232' title='bbox 2667 1202 2834 1249; x_wconf 88' lang='lat' dir='ltr'><strong>testes</strong></span> <span class='ocrx_word' id='word_1_233' title='bbox 2865 1196 2970 1250; x_wconf 88' lang='lat' dir='ltr'><strong>mei</strong></span> <span class='ocrx_word' id='word_1_234' title='bbox 2998 1197 3150 1262; x_wconf 83' lang='lat' dir='ltr'><strong>estis,</strong></span> <span class='ocrx_word' id='word_1_235' title='bbox 3186 1199 3275 1267; x_wconf 83' lang='lat' dir='ltr'><strong>qui</strong></span> <span class='ocrx_word' id='word_1_236' title='bbox 3309 1199 3514 1256; x_wconf 77' lang='lat' dir='ltr'><strong>scilicet</strong></span> 
     </span>
    </p>
   </div>
   <div class='ocr_carea' id='block_1_37' title="bbox 1940 1277 3513 1352">
    <p class='ocr_par' dir='ltr' id='par_1_37' title="bbox 1940 1277 3513 1352">
     <span class='ocr_line' id='line_1_37' title="bbox 1940 1277 3513 1352; baseline 0.008 -20"><span class='ocrx_word' id='word_1_237' title='bbox 1940 1277 2288 1348; x_wconf 81' lang='lat' dir='ltr'><strong>Evangelium</strong></span> <span class='ocrx_word' id='word_1_238' title='bbox 2339 1283 2664 1351; x_wconf 64' lang='lat' dir='ltr'><strong>praedicatis.</strong></span> <span class='ocrx_word' id='word_1_239' title='bbox 2717 1284 2921 1352; x_wconf 83' lang='lat' dir='ltr'><strong>Quibus</strong></span> <span class='ocrx_word' id='word_1_240' title='bbox 2949 1287 3084 1340; x_wconf 82' lang='lat' dir='ltr'><strong>dixit</strong></span> <span class='ocrx_word' id='word_1_241' title='bbox 3111 1306 3122 1340; x_wconf 92' lang='lat'><strong>:</strong></span> <span class='ocrx_word' id='word_1_242' title='bbox 3153 1287 3270 1342; x_wconf 85' lang='lat' dir='ltr'><strong>Noli</strong></span> <span class='ocrx_word' id='word_1_243' title='bbox 3303 1289 3513 1345; x_wconf 86' lang='lat' dir='ltr'><strong>timere.</strong></span> 
     </span>
    </p>
   </div>
   <div class='ocr_carea' id='block_1_38' title="bbox 1945 1369 3515 1446">
    <p class='ocr_par' dir='ltr' id='par_1_38' title="bbox 1945 1369 3515 1446">
     <span class='ocr_line' id='line_1_38' title="bbox 1945 1369 3515 1446; baseline 0.009 -22"><span class='ocrx_word' id='word_1_244' title='bbox 1945 1369 2223 1428; x_wconf 72' lang='lat' dir='ltr'><strong>Chaldwos</strong></span> <span class='ocrx_word' id='word_1_245' title='bbox 2257 1375 2312 1428; x_wconf 91' lang='lat' dir='ltr'><strong>in</strong></span> <span class='ocrx_word' id='word_1_246' title='bbox 2341 1376 2577 1430; x_wconf 78' lang='lat' dir='ltr'><strong>navibus.</strong></span> <span class='ocrx_word' id='word_1_247' title='bbox 2619 1376 2928 1432; x_wconf 83' lang='lat' dir='ltr'><strong>Secundum</strong></span> <span class='ocrx_word' id='word_1_248' title='bbox 2950 1379 3254 1446; x_wconf 73' lang='lat' dir='ltr'><strong>historiam,</strong></span> <span class='ocrx_word' id='word_1_249' title='bbox 3281 1381 3515 1438; x_wconf 60' lang='lat' dir='ltr'><strong>Chaldaei</strong></span> 
     </span>
    </p>
   </div>
   <div class='ocr_carea' id='block_1_39' title="bbox 1941 1461 3517 1534">
    <p class='ocr_par' dir='ltr' id='par_1_39' title="bbox 1941 1461 3517 1534">
     <span class='ocr_line' id='line_1_39' title="bbox 1941 1461 3517 1534; baseline 0.01 -20"><span class='ocrx_word' id='word_1_250' title='bbox 1941 1461 2565 1534; x_wconf 83' lang='lat' dir='ltr'><strong>abundantﬂuminibus,</strong></span> <span class='ocrx_word' id='word_1_251' title='bbox 2596 1476 2650 1523; x_wconf 90' lang='lat' dir='ltr'><strong>et</strong></span> <span class='ocrx_word' id='word_1_252' title='bbox 2670 1469 2876 1524; x_wconf 85' lang='lat' dir='ltr'><strong>strenui</strong></span> <span class='ocrx_word' id='word_1_253' title='bbox 2905 1479 3030 1525; x_wconf 71' lang='lat' dir='ltr'><strong>sunt</strong></span> <span class='ocrx_word' id='word_1_254' title='bbox 3059 1472 3286 1528; x_wconf 73' lang='lat' dir='ltr'><strong>navibus</strong></span> <span class='ocrx_word' id='word_1_255' title='bbox 3311 1483 3368 1529; x_wconf 88' lang='lat' dir='ltr'><strong>et</strong></span> <span class='ocrx_word' id='word_1_256' title='bbox 3393 1475 3517 1530; x_wconf 88' lang='lat' dir='ltr'><strong>inde</strong></span> 
     </span>
    </p>
   </div>
   <div class='ocr_carea' id='block_1_40' title="bbox 1941 1555 2260 1625">
    <p class='ocr_par' dir='ltr' id='par_1_40' title="bbox 1941 1555 2260 1625">
     <span class='ocr_line' id='line_1_40' title="bbox 1941 1555 2260 1625; baseline 0.019 -19"><span class='ocrx_word' id='word_1_257' title='bbox 1941 1555 2260 1625; x_wconf 80' lang='lat' dir='ltr'><strong>gloriantur.</strong></span> 
     </span>
    </p>
   </div>
   <div class='ocr_carea' id='block_1_41' title="bbox 2014 1647 3516 1726">
    <p class='ocr_par' dir='ltr' id='par_1_41' title="bbox 2014 1647 3516 1726">
     <span class='ocr_line' id='line_1_41' title="bbox 2014 1647 3516 1726; baseline 0.011 -24"><span class='ocrx_word' id='word_1_258' title='bbox 2014 1647 2180 1704; x_wconf 83' lang='lat' dir='ltr'><strong>Vens.</strong></span> <span class='ocrx_word' id='word_1_259' title='bbox 2215 1653 2302 1706; x_wconf 82' lang='lat' dir='ltr'><strong>I5.</strong></span> <span class='ocrx_word' id='word_1_260' title='bbox 2331 1684 2404 1694; x_wconf 92' lang='lat'><em>-</em></span> <span class='ocrx_word' id='word_1_261' title='bbox 2437 1654 2549 1726; x_wconf 86' lang='lat' dir='ltr'><strong>Ego</strong></span> <span class='ocrx_word' id='word_1_262' title='bbox 2598 1656 2856 1713; x_wconf 76' lang='lat' dir='ltr'><strong>Dominus</strong></span> <span class='ocrx_word' id='word_1_263' title='bbox 2899 1670 3111 1714; x_wconf 81' lang='lat' dir='ltr'><strong>sanctus</strong></span> <span class='ocrx_word' id='word_1_264' title='bbox 3137 1669 3321 1716; x_wconf 74' lang='lat' dir='ltr'><strong>vester.</strong></span> <span class='ocrx_word' id='word_1_265' title='bbox 3376 1663 3516 1722; x_wconf 88' lang='lat' dir='ltr'><strong>Olim</strong></span> 
     </span>
    </p>
   </div>
   <div class='ocr_carea' id='block_1_42' title="bbox 1943 1737 3511 1824">
    <p class='ocr_par' dir='ltr' id='par_1_42' title="bbox 1943 1737 3511 1824">
     <span class='ocr_line' id='line_1_42' title="bbox 1943 1737 3511 1824; baseline 0.011 -32"><span class='ocrx_word' id='word_1_266' title='bbox 1943 1737 2067 1794; x_wconf 88' lang='lat' dir='ltr'><strong>ﬁliis</strong></span> <span class='ocrx_word' id='word_1_267' title='bbox 2095 1741 2279 1808; x_wconf 87' lang='lat' dir='ltr'><strong>Israel,</strong></span> <span class='ocrx_word' id='word_1_268' title='bbox 2304 1744 2462 1799; x_wconf 86' lang='lat' dir='ltr'><strong>modo</strong></span> <span class='ocrx_word' id='word_1_269' title='bbox 2495 1746 2646 1800; x_wconf 84' lang='lat' dir='ltr'><strong>vobis</strong></span> <span class='ocrx_word' id='word_1_270' title='bbox 2668 1749 2926 1818; x_wconf 72' lang='lat' dir='ltr'><strong>apostoli,</strong></span> <span class='ocrx_word' id='word_1_271' title='bbox 2950 1751 3002 1804; x_wconf 92' lang='lat' dir='ltr'><strong>in</strong></span> <span class='ocrx_word' id='word_1_272' title='bbox 3040 1753 3242 1808; x_wconf 87' lang='lat' dir='ltr'><strong>mundo</strong></span> <span class='ocrx_word' id='word_1_273' title='bbox 3270 1753 3511 1824; x_wconf 75' lang='lat' dir='ltr'><strong>expulsis</strong></span> 
     </span>
    </p>
   </div>
   <div class='ocr_carea' id='block_1_43' title="bbox 1943 1831 3204 1910">
    <p class='ocr_par' dir='ltr' id='par_1_43' title="bbox 1943 1831 3204 1910">
     <span class='ocr_line' id='line_1_43' title="bbox 1943 1831 3204 1910; baseline 0.007 -25"><span class='ocrx_word' id='word_1_274' title='bbox 1943 1831 2276 1888; x_wconf 67' lang='lat' dir='ltr'><strong>daemonibus</strong></span> <span class='ocrx_word' id='word_1_275' title='bbox 2310 1842 2364 1888; x_wconf 90' lang='lat' dir='ltr'><strong>et</strong></span> <span class='ocrx_word' id='word_1_276' title='bbox 2383 1836 2634 1891; x_wconf 89' lang='lat' dir='ltr'><strong>omnibus</strong></span> <span class='ocrx_word' id='word_1_277' title='bbox 2658 1838 2817 1893; x_wconf 90' lang='lat' dir='ltr'><strong>victis</strong></span> <span class='ocrx_word' id='word_1_278' title='bbox 2851 1840 3204 1910; x_wconf 82' lang='lat' dir='ltr'><strong>principibus.</strong></span> 
     </span>
    </p>
   </div>
   <div class='ocr_carea' id='block_1_44' title="bbox 1861 1917 3519 2001">
    <p class='ocr_par' dir='ltr' id='par_1_44' title="bbox 1861 1917 3519 2001">
     <span class='ocr_line' id='line_1_44' title="bbox 1861 1917 3519 2001; baseline 0.007 -23"><span class='ocrx_word' id='word_1_279' title='bbox 1861 1917 1908 1978; x_wconf 81' lang='grc' dir='ltr'>Β</span> <span class='ocrx_word' id='word_1_280' title='bbox 2014 1923 2177 1980; x_wconf 89' lang='lat' dir='ltr'><strong>Vens.</strong></span> <span class='ocrx_word' id='word_1_281' title='bbox 2212 1927 2298 1981; x_wconf 84' lang='lat' dir='ltr'><strong>l9.</strong></span> <span class='ocrx_word' id='word_1_282' title='bbox 2319 1957 2388 1967; x_wconf 92' lang='lat'>—</span> <span class='ocrx_word' id='word_1_283' title='bbox 2407 1925 2574 1982; x_wconf 82' lang='lat' dir='ltr'><strong>Facio</strong></span> <span class='ocrx_word' id='word_1_284' title='bbox 2604 1943 2755 1984; x_wconf 86' lang='lat' dir='ltr'><strong>nova.</strong></span> <span class='ocrx_word' id='word_1_285' title='bbox 2789 1929 2951 1986; x_wconf 84' lang='lat' dir='ltr'><strong>Multa</strong></span> <span class='ocrx_word' id='word_1_286' title='bbox 2973 1945 3092 2001; x_wconf 69' lang='lat' dir='ltr'><strong>quae</strong></span> <span class='ocrx_word' id='word_1_287' title='bbox 3126 1932 3375 1987; x_wconf 83' lang='lat' dir='ltr'><strong>reﬁciunt</strong></span> <span class='ocrx_word' id='word_1_288' title='bbox 3404 1934 3519 1990; x_wconf 84' lang='lat' dir='ltr'><strong>ani-</strong></span> 
     </span>
    </p>
   </div>
   <div class='ocr_carea' id='block_1_45' title="bbox 1940 2021 3520 2098">
    <p class='ocr_par' dir='ltr' id='par_1_45' title="bbox 1940 2021 3520 2098">
     <span class='ocr_line' id='line_1_45' title="bbox 1940 2021 3520 2098; baseline 0.007 -25"><span class='ocrx_word' id='word_1_289' title='bbox 1940 2035 2077 2083; x_wconf 88' lang='lat' dir='ltr'><strong>mas,</strong></span> <span class='ocrx_word' id='word_1_290' title='bbox 2106 2035 2211 2073; x_wconf 91' lang='lat' dir='ltr'><strong>non</strong></span> <span class='ocrx_word' id='word_1_291' title='bbox 2241 2033 2465 2090; x_wconf 86' lang='lat' dir='ltr'><strong>corpora</strong></span> <span class='ocrx_word' id='word_1_292' title='bbox 2500 2039 2512 2074; x_wconf 91' lang='lat'>:</span> <span class='ocrx_word' id='word_1_293' title='bbox 2539 2021 2666 2076; x_wconf 91' lang='lat' dir='ltr'><strong>olim</strong></span> <span class='ocrx_word' id='word_1_294' title='bbox 2696 2023 2763 2077; x_wconf 90' lang='lat' dir='ltr'><strong>de</strong></span> <span class='ocrx_word' id='word_1_295' title='bbox 2788 2032 2939 2092; x_wconf 86' lang='lat' dir='ltr'><strong>petra</strong></span> <span class='ocrx_word' id='word_1_296' title='bbox 2970 2035 3133 2094; x_wconf 83' lang='lat' dir='ltr'><strong>unum</strong></span> <span class='ocrx_word' id='word_1_297' title='bbox 3158 2031 3367 2081; x_wconf 84' lang='lat' dir='ltr'><strong>tantum</strong></span> <span class='ocrx_word' id='word_1_298' title='bbox 3394 2043 3520 2098; x_wconf 88' lang='lat' dir='ltr'><strong>pro-</strong></span> 
     </span>
    </p>
   </div>
   <div class='ocr_carea' id='block_1_46' title="bbox 1937 2109 2984 2180">
    <p class='ocr_par' dir='ltr' id='par_1_46' title="bbox 1937 2109 2984 2180">
     <span class='ocr_line' id='line_1_46' title="bbox 1937 2109 2984 2180; baseline 0.002 -16"><span class='ocrx_word' id='word_1_299' title='bbox 1937 2109 2062 2164; x_wconf 79' lang='lat' dir='ltr'><strong>duxi</strong></span> <span class='ocrx_word' id='word_1_300' title='bbox 2091 2109 2296 2164; x_wconf 81' lang='lat' dir='ltr'><strong>fontem</strong></span> <span class='ocrx_word' id='word_1_301' title='bbox 2323 2111 2388 2164; x_wconf 89' lang='lat' dir='ltr'><strong>ad</strong></span> <span class='ocrx_word' id='word_1_302' title='bbox 2415 2125 2642 2180; x_wconf 88' lang='lat' dir='ltr'><strong>corpora</strong></span> <span class='ocrx_word' id='word_1_303' title='bbox 2677 2112 2984 2168; x_wconf 86' lang='lat' dir='ltr'><strong>reﬁcienda.</strong></span> 
     </span>
    </p>
   </div>
   <div class='ocr_carea' id='block_1_47' title="bbox 2008 2199 3516 2275">
    <p class='ocr_par' dir='ltr' id='par_1_47' title="bbox 2008 2199 3516 2275">
     <span class='ocr_line' id='line_1_47' title="bbox 2008 2199 3516 2275; baseline 0.005 -21"><span class='ocrx_word' id='word_1_304' title='bbox 2008 2200 2170 2254; x_wconf 85' lang='lat' dir='ltr'><strong>Vens.</strong></span> <span class='ocrx_word' id='word_1_305' title='bbox 2198 2199 2288 2254; x_wconf 80' lang='lat' dir='ltr'><strong>2t).</strong></span> <span class='ocrx_word' id='word_1_306' title='bbox 2315 2230 2384 2239; x_wconf 92' lang='lat'><strong><em>—</em></strong></span> <span class='ocrx_word' id='word_1_307' title='bbox 2407 2199 2671 2255; x_wconf 80' lang='lat' dir='ltr'><strong>Dracoues</strong></span> <span class='ocrx_word' id='word_1_308' title='bbox 2696 2212 2744 2255; x_wconf 89' lang='lat' dir='ltr'><strong>et</strong></span> <span class='ocrx_word' id='word_1_309' title='bbox 2775 2204 3108 2258; x_wconf 79' lang='lat' dir='ltr'><strong>struthiones.</strong></span> <span class='ocrx_word' id='word_1_310' title='bbox 3144 2205 3357 2275; x_wconf 72' lang='lat' dir='ltr'><strong>Maligni</strong></span> <span class='ocrx_word' id='word_1_311' title='bbox 3379 2247 3393 2272; x_wconf 97' lang='lat'><strong>,</strong></span> <span class='ocrx_word' id='word_1_312' title='bbox 3425 2223 3516 2262; x_wconf 85' lang='lat' dir='ltr'><strong>ve-</strong></span> 
     </span>
    </p>
   </div>
   <div class='ocr_carea' id='block_1_48' title="bbox 1935 2291 3519 2364">
    <p class='ocr_par' dir='ltr' id='par_1_48' title="bbox 1935 2291 3519 2364">
     <span class='ocr_line' id='line_1_48' title="bbox 1935 2291 3519 2364; baseline 0.007 -18"><span class='ocrx_word' id='word_1_313' title='bbox 1935 2293 2145 2356; x_wconf 89' lang='lat' dir='ltr'><strong>nenosi,</strong></span> <span class='ocrx_word' id='word_1_314' title='bbox 2169 2293 2258 2362; x_wconf 86' lang='lat' dir='ltr'><strong>qui</strong></span> <span class='ocrx_word' id='word_1_315' title='bbox 2292 2292 2344 2344; x_wconf 90' lang='lat' dir='ltr'><strong>in</strong></span> <span class='ocrx_word' id='word_1_316' title='bbox 2370 2291 2655 2348; x_wconf 87' lang='lat' dir='ltr'><strong>solitudine</strong></span> <span class='ocrx_word' id='word_1_317' title='bbox 2679 2294 2918 2364; x_wconf 72' lang='lat' dir='ltr'><strong>gentium</strong></span> <span class='ocrx_word' id='word_1_318' title='bbox 2955 2299 3326 2364; x_wconf 83' lang='lat' dir='ltr'><strong>morabantur,</strong></span> <span class='ocrx_word' id='word_1_319' title='bbox 3352 2301 3519 2357; x_wconf 88' lang='lat' dir='ltr'><strong>idolo-</strong></span> 
     </span>
    </p>
   </div>
   <div class='ocr_carea' id='block_1_49' title="bbox 1939 2378 3282 2456">
    <p class='ocr_par' dir='ltr' id='par_1_49' title="bbox 1939 2378 3282 2456">
     <span class='ocr_line' id='line_1_49' title="bbox 1939 2378 3282 2456; baseline 0.004 -18"><span class='ocrx_word' id='word_1_320' title='bbox 1939 2385 2113 2439; x_wconf 78' lang='lat' dir='ltr'><strong>latriae</strong></span> <span class='ocrx_word' id='word_1_321' title='bbox 2137 2378 2401 2456; x_wconf 74' lang='lat' dir='ltr'><strong>sanguine</strong></span> <span class='ocrx_word' id='word_1_322' title='bbox 2425 2399 2746 2455; x_wconf 88' lang='lat' dir='ltr'><strong>morumque</strong></span> <span class='ocrx_word' id='word_1_323' title='bbox 2773 2385 2988 2442; x_wconf 87' lang='lat' dir='ltr'><strong>feritate</strong></span> <span class='ocrx_word' id='word_1_324' title='bbox 3011 2388 3282 2444; x_wconf 83' lang='lat' dir='ltr'><strong>hestiales.</strong></span> 
     </span>
    </p>
   </div>
   <div class='ocr_carea' id='block_1_50' title="bbox 2006 2460 3519 2554">
    <p class='ocr_par' dir='ltr' id='par_1_50' title="bbox 2006 2460 3519 2554">
     <span class='ocr_line' id='line_1_50' title="bbox 2006 2460 3519 2554; baseline 0.003 -22"><span class='ocrx_word' id='word_1_325' title='bbox 2006 2473 2250 2554; x_wconf 79' lang='lat' dir='ltr'><strong>Strutbio</strong></span> <span class='ocrx_word' id='word_1_326' title='bbox 2263 2477 2496 2546; x_wconf 89' lang='lat' dir='ltr'><strong>speciem</strong></span> <span class='ocrx_word' id='word_1_327' title='bbox 2511 2477 2717 2531; x_wconf 89' lang='lat' dir='ltr'><strong>alarum</strong></span> <span class='ocrx_word' id='word_1_328' title='bbox 2734 2460 3096 2542; x_wconf 70' lang='lat' dir='ltr'><strong>liabet,volatu</strong></span> <span class='ocrx_word' id='word_1_329' title='bbox 3120 2471 3288 2535; x_wconf 85' lang='lat' dir='ltr'><strong>caret.</strong></span> <span class='ocrx_word' id='word_1_330' title='bbox 3325 2480 3415 2537; x_wconf 86' lang='lat' dir='ltr'><strong>Sic</strong></span> <span class='ocrx_word' id='word_1_331' title='bbox 3428 2483 3519 2554; x_wconf 71' lang='lat' dir='ltr'><strong>by-</strong></span> 
     </span>
    </p>
   </div>
   <div class='ocr_carea' id='block_1_51' title="bbox 1931 2549 3515 2640">
    <p class='ocr_par' dir='ltr' id='par_1_51' title="bbox 1931 2549 3515 2640">
     <span class='ocr_line' id='line_1_51' title="bbox 1931 2549 3515 2640; baseline 0.001 -14"><span class='ocrx_word' id='word_1_332' title='bbox 1931 2565 2140 2640; x_wconf 84' lang='lat' dir='ltr'><strong>pocrila</strong></span> <span class='ocrx_word' id='word_1_333' title='bbox 2153 2549 2388 2639; x_wconf 59' lang='lat' dir='ltr'><strong>subcicm</strong></span> <span class='ocrx_word' id='word_1_334' title='bbox 2401 2569 2707 2624; x_wconf 85' lang='lat' dir='ltr'><strong>sanctitatis</strong></span> <span class='ocrx_word' id='word_1_335' title='bbox 2721 2569 3019 2634; x_wconf 54' lang='lat' dir='ltr'><strong>habe-ursa]</strong></span> <span class='ocrx_word' id='word_1_336' title='bbox 3029 2581 3207 2626; x_wconf 88' lang='lat' dir='ltr'><strong>autem</strong></span> <span class='ocrx_word' id='word_1_337' title='bbox 3224 2577 3326 2627; x_wconf 83' lang='lat' dir='ltr'><strong>non</strong></span> <span class='ocrx_word' id='word_1_338' title='bbox 3334 2549 3515 2630; x_wconf 75' lang='lat' dir='ltr'><strong>habet.</strong></span> 
     </span>
    </p>
   </div>
   <div class='ocr_carea' id='block_1_52' title="bbox 2005 2659 3515 2732">
    <p class='ocr_par' dir='ltr' id='par_1_52' title="bbox 2005 2659 3515 2732">
     <span class='ocr_line' id='line_1_52' title="bbox 2005 2659 3515 2732; baseline 0.007 -20"><span class='ocrx_word' id='word_1_339' title='bbox 2005 2660 2167 2716; x_wconf 86' lang='lat' dir='ltr'><strong>Vens.</strong></span> <span class='ocrx_word' id='word_1_340' title='bbox 2193 2660 2292 2714; x_wconf 71' lang='lat'><strong>‘22.</strong></span> <span class='ocrx_word' id='word_1_341' title='bbox 2336 2691 2405 2700; x_wconf 91' lang='lat'><strong>—</strong></span> <span class='ocrx_word' id='word_1_342' title='bbox 2436 2659 2560 2715; x_wconf 87' lang='lat' dir='ltr'><strong>Non</strong></span> <span class='ocrx_word' id='word_1_343' title='bbox 2609 2677 2692 2714; x_wconf 86' lang='lat' dir='ltr'><strong>me</strong></span> <span class='ocrx_word' id='word_1_344' title='bbox 2735 2662 3008 2717; x_wconf 81' lang='lat' dir='ltr'><strong>invocasli.</strong></span> <span class='ocrx_word' id='word_1_345' title='bbox 3056 2663 3259 2732; x_wconf 68' lang='lat' dir='ltr'><strong>(Hii-2ft.)</strong></span> <span class='ocrx_word' id='word_1_346' title='bbox 3304 2667 3386 2721; x_wconf 86' lang='lat' dir='ltr'><strong>Ad</strong></span> <span class='ocrx_word' id='word_1_347' title='bbox 3420 2665 3515 2722; x_wconf 76' lang='lat' dir='ltr'><strong>Ju-</strong></span> 
     </span>
    </p>
   </div>
   <div class='ocr_carea' id='block_1_53' title="bbox 1929 2752 3518 2823">
    <p class='ocr_par' dir='ltr' id='par_1_53' title="bbox 1929 2752 3518 2823">
     <span class='ocr_line' id='line_1_53' title="bbox 1929 2752 3518 2823; baseline 0.004 -15"><span class='ocrx_word' id='word_1_348' title='bbox 1929 2752 2076 2808; x_wconf 74' lang='lat' dir='ltr'><strong>dzeos</strong></span> <span class='ocrx_word' id='word_1_349' title='bbox 2098 2753 2356 2823; x_wconf 86' lang='lat' dir='ltr'><strong>loquitur,</strong></span> <span class='ocrx_word' id='word_1_350' title='bbox 2373 2753 2462 2822; x_wconf 89' lang='lat' dir='ltr'><strong>qui</strong></span> <span class='ocrx_word' id='word_1_351' title='bbox 2486 2761 2611 2808; x_wconf 88' lang='lat' dir='ltr'><strong>ante</strong></span> <span class='ocrx_word' id='word_1_352' title='bbox 2635 2755 2920 2809; x_wconf 87' lang='lat' dir='ltr'><strong>adventum</strong></span> <span class='ocrx_word' id='word_1_353' title='bbox 2949 2755 3160 2810; x_wconf 85' lang='lat' dir='ltr'><strong>Domini</strong></span> <span class='ocrx_word' id='word_1_354' title='bbox 3185 2754 3322 2812; x_wconf 83' lang='lat' dir='ltr'><strong>idola</strong></span> <span class='ocrx_word' id='word_1_355' title='bbox 3347 2759 3518 2814; x_wconf 83' lang='lat' dir='ltr'><strong>colue-</strong></span> 
     </span>
    </p>
   </div>
   <div class='ocr_carea' id='block_1_54' title="bbox 1930 2833 3513 2916">
    <p class='ocr_par' dir='ltr' id='par_1_54' title="bbox 1930 2833 3513 2916">
     <span class='ocr_line' id='line_1_54' title="bbox 1930 2833 3513 2916; baseline 0.003 -17"><span class='ocrx_word' id='word_1_356' title='bbox 1930 2853 2085 2911; x_wconf 86' lang='lat' dir='ltr'><strong>runt;</strong></span> <span class='ocrx_word' id='word_1_357' title='bbox 2111 2833 2274 2900; x_wconf 86' lang='lat' dir='ltr'><strong>vclad</strong></span> <span class='ocrx_word' id='word_1_358' title='bbox 2288 2862 2382 2901; x_wconf 88' lang='lat' dir='ltr'><strong>eos</strong></span> <span class='ocrx_word' id='word_1_359' title='bbox 2411 2847 2502 2914; x_wconf 89' lang='lat' dir='ltr'><strong>qui</strong></span> <span class='ocrx_word' id='word_1_360' title='bbox 2536 2848 2954 2916; x_wconf 79' lang='lat' dir='ltr'><strong>postadventum</strong></span> <span class='ocrx_word' id='word_1_361' title='bbox 2969 2847 3192 2903; x_wconf 79' lang='lat' dir='ltr'><strong>credere</strong></span> <span class='ocrx_word' id='word_1_362' title='bbox 3209 2850 3513 2904; x_wconf 86' lang='lat' dir='ltr'><strong>noluerunt.</strong></span> 
     </span>
    </p>
   </div>
   <div class='ocr_carea' id='block_1_55' title="bbox 2005 2937 3516 3012">
    <p class='ocr_par' dir='ltr' id='par_1_55' title="bbox 2005 2937 3516 3012">
     <span class='ocr_line' id='line_1_55' title="bbox 2005 2937 3516 3012; baseline 0.005 -22"><span class='ocrx_word' id='word_1_363' title='bbox 2005 2938 2115 2991; x_wconf 85' lang='lat' dir='ltr'><strong>Nec</strong></span> <span class='ocrx_word' id='word_1_364' title='bbox 2147 2938 2417 2992; x_wconf 85' lang='lat' dir='ltr'><strong>laborasti.</strong></span> <span class='ocrx_word' id='word_1_365' title='bbox 2447 2937 2562 2992; x_wconf 84' lang='lat' dir='ltr'><strong>Non</strong></span> <span class='ocrx_word' id='word_1_366' title='bbox 2591 2938 2691 2993; x_wconf 81' lang='lat' dir='ltr'><strong>feci</strong></span> <span class='ocrx_word' id='word_1_367' title='bbox 2723 2946 2776 2992; x_wconf 88' lang='lat' dir='ltr'><strong>te</strong></span> <span class='ocrx_word' id='word_1_368' title='bbox 2804 2937 3048 2996; x_wconf 85' lang='lat' dir='ltr'><strong>laborare</strong></span> <span class='ocrx_word' id='word_1_369' title='bbox 3077 2949 3198 3012; x_wconf 87' lang='lat' dir='ltr'><strong>post</strong></span> <span class='ocrx_word' id='word_1_370' title='bbox 3227 2942 3516 2998; x_wconf 82' lang='lat' dir='ltr'><strong>adventum</strong></span> 
     </span>
    </p>
   </div>
   <div class='ocr_carea' id='block_1_56' title="bbox 1929 3027 3516 3102">
    <p class='ocr_par' dir='ltr' id='par_1_56' title="bbox 1929 3027 3516 3102">
     <span class='ocr_line' id='line_1_56' title="bbox 1929 3027 3516 3102; baseline 0.004 -20"><span class='ocrx_word' id='word_1_371' title='bbox 1929 3027 2136 3090; x_wconf 87' lang='lat' dir='ltr'><strong>Filii,ut</strong></span> <span class='ocrx_word' id='word_1_372' title='bbox 2148 3030 2382 3098; x_wconf 84' lang='lat' dir='ltr'><strong>pretiosa</strong></span> <span class='ocrx_word' id='word_1_373' title='bbox 2399 3043 2624 3098; x_wconf 65' lang='lat' dir='ltr'><strong>quaeque</strong></span> <span class='ocrx_word' id='word_1_374' title='bbox 2635 3028 3012 3101; x_wconf 75' lang='lat' dir='ltr'><strong>olTerres,quia</strong></span> <span class='ocrx_word' id='word_1_375' title='bbox 3028 3049 3040 3085; x_wconf 92' lang='lat'><strong>:</strong></span> <span class='ocrx_word' id='word_1_376' title='bbox 3059 3032 3390 3102; x_wconf 77' lang='lat' dir='ltr'><strong>Sacriﬁcium</strong></span> <span class='ocrx_word' id='word_1_377' title='bbox 3407 3033 3516 3090; x_wconf 84' lang='lat' dir='ltr'><strong>Deo</strong></span> 
     </span>
    </p>
   </div>
   <div class='ocr_carea' id='block_1_57' title="bbox 1927 3113 3618 3192">
    <p class='ocr_par' dir='ltr' id='par_1_57' title="bbox 1927 3113 3618 3192">
     <span class='ocr_line' id='line_1_57' title="bbox 1927 3113 3618 3192; baseline 0.002 -17"><span class='ocrx_word' id='word_1_378' title='bbox 1927 3113 2142 3192; x_wconf 81' lang='lat' dir='ltr'><strong>spiritus</strong></span> <span class='ocrx_word' id='word_1_379' title='bbox 2177 3121 2576 3185; x_wconf 82' lang='lat' dir='ltr'><strong>contribulatus,</strong></span> <span class='ocrx_word' id='word_1_380' title='bbox 2608 3128 2712 3175; x_wconf 89' lang='lat' dir='ltr'><strong>etc.</strong></span> <span class='ocrx_word' id='word_1_381' title='bbox 2745 3120 2926 3190; x_wconf 73' lang='lat' dir='ltr'><strong>(Paul.</strong></span> <span class='ocrx_word' id='word_1_382' title='bbox 2954 3124 3040 3192; x_wconf 84' lang='lat' dir='ltr'><strong>L.)</strong></span> <span class='ocrx_word' id='word_1_383' title='bbox 3071 3122 3198 3178; x_wconf 82' lang='lat' dir='ltr'><strong>Vel:</strong></span> <span class='ocrx_word' id='word_1_384' title='bbox 3220 3125 3336 3178; x_wconf 84' lang='lat' dir='ltr'><strong>Non</strong></span> <span class='ocrx_word' id='word_1_385' title='bbox 3365 3125 3516 3180; x_wconf 78' lang='lat' dir='ltr'><strong>labo-</strong></span> <span class='ocrx_word' id='word_1_386' title='bbox 3611 3123 3618 3136; x_wconf 87' lang='grc'><strong><em>“</em></strong></span> 
     </span>
    </p>
   </div>
   <div class='ocr_carea' id='block_1_58' title="bbox 1929 3211 3119 3282">
    <p class='ocr_par' dir='ltr' id='par_1_58' title="bbox 1929 3211 3119 3282">
     <span class='ocr_line' id='line_1_58' title="bbox 1929 3211 3119 3282; baseline 0 -14"><span class='ocrx_word' id='word_1_387' title='bbox 1929 3214 2058 3268; x_wconf 88' lang='lat' dir='ltr'><strong>rasti</strong></span> <span class='ocrx_word' id='word_1_388' title='bbox 2091 3213 2142 3267; x_wconf 92' lang='lat' dir='ltr'><strong>in</strong></span> <span class='ocrx_word' id='word_1_389' title='bbox 2174 3228 2260 3268; x_wconf 91' lang='lat' dir='ltr'><strong>me</strong></span> <span class='ocrx_word' id='word_1_390' title='bbox 2289 3223 2498 3266; x_wconf 87' lang='lat' dir='ltr'><strong>tantum</strong></span> <span class='ocrx_word' id='word_1_391' title='bbox 2527 3213 2619 3282; x_wconf 89' lang='lat' dir='ltr'><strong>qui</strong></span> <span class='ocrx_word' id='word_1_392' title='bbox 2652 3211 2810 3267; x_wconf 89' lang='lat' dir='ltr'><strong>idolis</strong></span> <span class='ocrx_word' id='word_1_393' title='bbox 2835 3213 3119 3270; x_wconf 84' lang='lat' dir='ltr'><strong>oll‘erebas.</strong></span> 
     </span>
    </p>
   </div>
   <div class='ocr_carea' id='block_1_59' title="bbox 315 3278 3513 3378">
    <p class='ocr_par' dir='ltr' id='par_1_59' title="bbox 315 3278 3513 3378">
     <span class='ocr_line' id='line_1_59' title="bbox 315 3278 3513 3378; baseline 0.01 -46"><span class='ocrx_word' id='word_1_394' title='bbox 315 3278 484 3335; x_wconf 87' lang='lat' dir='ltr'><strong>Vens.</strong></span> <span class='ocrx_word' id='word_1_395' title='bbox 511 3283 562 3336; x_wconf 85' lang='lat' dir='ltr'><strong>l.</strong></span> <span class='ocrx_word' id='word_1_396' title='bbox 593 3313 666 3324; x_wconf 93' lang='lat'><em>—</em></span> <span class='ocrx_word' id='word_1_397' title='bbox 693 3281 770 3338; x_wconf 84' lang='lat' dir='ltr'><strong>Et</strong></span> <span class='ocrx_word' id='word_1_398' title='bbox 787 3302 925 3342; x_wconf 88' lang='lat' dir='ltr'><strong>nunc</strong></span> <span class='ocrx_word' id='word_1_399' title='bbox 954 3290 1084 3344; x_wconf 67' lang='lat' dir='ltr'><strong>haec.</strong></span> <span class='ocrx_word' id='word_1_400' title='bbox 1122 3292 1385 3364; x_wconf 86' lang='lat' dir='ltr'><strong>Superius</strong></span> <span class='ocrx_word' id='word_1_401' title='bbox 1414 3295 1627 3354; x_wconf 87' lang='lat' dir='ltr'><strong>locutus</strong></span> <span class='ocrx_word' id='word_1_402' title='bbox 1648 3309 1732 3356; x_wconf 89' lang='lat' dir='ltr'><strong>est</strong></span> <span class='ocrx_word' id='word_1_403' title='bbox 1758 3302 1824 3359; x_wconf 88' lang='lat' dir='ltr'><strong>de</strong></span> <span class='ocrx_word' id='word_1_404' title='bbox 1851 3281 1896 3344; x_wconf 71' lang='grc' dir='ltr'>ο</span> <span class='ocrx_word' id='word_1_405' title='bbox 1996 3304 2160 3363; x_wconf 82' lang='lat' dir='ltr'><strong>Vens.</strong></span> <span class='ocrx_word' id='word_1_406' title='bbox 2186 3306 2276 3360; x_wconf 73' lang='lat'><strong>25.</strong></span> <span class='ocrx_word' id='word_1_407' title='bbox 2306 3334 2377 3346; x_wconf 90' lang='lat'><strong>-—</strong></span> <span class='ocrx_word' id='word_1_408' title='bbox 2404 3303 2470 3359; x_wconf 84' lang='lat' dir='ltr'><strong>In</strong></span> <span class='ocrx_word' id='word_1_409' title='bbox 2511 3278 2681 3358; x_wconf 69' lang='lat' dir='ltr'><strong>litare.</strong></span> <span class='ocrx_word' id='word_1_410' title='bbox 2719 3305 2823 3359; x_wconf 87' lang='lat' dir='ltr'><strong>Per</strong></span> <span class='ocrx_word' id='word_1_411' title='bbox 2851 3307 2978 3360; x_wconf 88' lang='lat' dir='ltr'><strong>thus</strong></span> <span class='ocrx_word' id='word_1_412' title='bbox 3016 3314 3072 3360; x_wconf 90' lang='lat' dir='ltr'><strong>et</strong></span> <span class='ocrx_word' id='word_1_413' title='bbox 3105 3307 3391 3374; x_wconf 87' lang='lat' dir='ltr'><strong>calamum,</strong></span> <span class='ocrx_word' id='word_1_414' title='bbox 3423 3309 3513 3378; x_wconf 90' lang='lat' dir='ltr'><strong>qui</strong></span> 
     </span>
    </p>
   </div>
   <div class='ocr_carea' id='block_1_60' title="bbox 236 3371 1825 3456">
    <p class='ocr_par' dir='ltr' id='par_1_60' title="bbox 236 3371 1825 3456">
     <span class='ocr_line' id='line_1_60' title="bbox 236 3371 1825 3456; baseline 0.014 -30"><span class='ocrx_word' id='word_1_415' title='bbox 236 3373 560 3441; x_wconf 84' lang='lat' dir='ltr'><strong>captivitate</strong></span> <span class='ocrx_word' id='word_1_416' title='bbox 607 3371 912 3432; x_wconf 69' lang='lat' dir='ltr'><strong>Juda‘orum</strong></span> <span class='ocrx_word' id='word_1_417' title='bbox 961 3375 1052 3450; x_wconf 83' lang='lat' dir='ltr'><strong>qui</strong></span> <span class='ocrx_word' id='word_1_418' title='bbox 1097 3387 1318 3442; x_wconf 79' lang='lat' dir='ltr'><strong>credere</strong></span> <span class='ocrx_word' id='word_1_419' title='bbox 1346 3387 1653 3456; x_wconf 81' lang='lat' dir='ltr'><strong>nolb‘crunt,</strong></span> <span class='ocrx_word' id='word_1_420' title='bbox 1682 3409 1825 3448; x_wconf 89' lang='lat' dir='ltr'><strong>nunc</strong></span> 
     </span>
    </p>
   </div>
   <div class='ocr_carea' id='block_1_61' title="bbox 237 3463 1818 3548">
    <p class='ocr_par' dir='ltr' id='par_1_61' title="bbox 237 3463 1818 3548">
     <span class='ocr_line' id='line_1_61' title="bbox 237 3463 1818 3548; baseline 0.017 -34"><span class='ocrx_word' id='word_1_421' title='bbox 237 3463 579 3533; x_wconf 81' lang='lat' dir='ltr'><strong>primitivam</strong></span> <span class='ocrx_word' id='word_1_422' title='bbox 622 3465 914 3538; x_wconf 87' lang='lat' dir='ltr'><strong>alloquitur</strong></span> <span class='ocrx_word' id='word_1_423' title='bbox 955 3472 1249 3531; x_wconf 75' lang='lat' dir='ltr'><strong>Ecclesium</strong></span> <span class='ocrx_word' id='word_1_424' title='bbox 1274 3519 1288 3543; x_wconf 89' lang='lat'><strong>,</strong></span> <span class='ocrx_word' id='word_1_425' title='bbox 1330 3491 1450 3548; x_wconf 75' lang='lat' dir='ltr'><strong>quae</strong></span> <span class='ocrx_word' id='word_1_426' title='bbox 1497 3490 1579 3536; x_wconf 88' lang='lat' dir='ltr'><strong>est</strong></span> <span class='ocrx_word' id='word_1_427' title='bbox 1613 3485 1678 3538; x_wconf 84' lang='lat' dir='ltr'><strong>de</strong></span> <span class='ocrx_word' id='word_1_428' title='bbox 1723 3484 1818 3540; x_wconf 83' lang='lat' dir='ltr'><strong>Ju-</strong></span> 
     </span>
    </p>
   </div>
   <div class='ocr_carea' id='block_1_62' title="bbox 235 3555 1820 3648">
    <p class='ocr_par' dir='ltr' id='par_1_62' title="bbox 235 3555 1820 3648">
     <span class='ocr_line' id='line_1_62' title="bbox 235 3555 1820 3648; baseline 0.016 -40"><span class='ocrx_word' id='word_1_429' title='bbox 235 3555 394 3619; x_wconf 63' lang='lat' dir='ltr'><strong>daeis,</strong></span> <span class='ocrx_word' id='word_1_430' title='bbox 421 3565 480 3609; x_wconf 91' lang='lat' dir='ltr'><strong>ut</strong></span> <span class='ocrx_word' id='word_1_431' title='bbox 502 3555 811 3615; x_wconf 88' lang='lat' dir='ltr'><strong>Creatorem</strong></span> <span class='ocrx_word' id='word_1_432' title='bbox 828 3562 1020 3617; x_wconf 82' lang='lat' dir='ltr'><strong>animae</strong></span> <span class='ocrx_word' id='word_1_433' title='bbox 1041 3583 1149 3622; x_wconf 79' lang='lat' dir='ltr'><strong>suae</strong></span> <span class='ocrx_word' id='word_1_434' title='bbox 1163 3578 1216 3622; x_wconf 89' lang='lat' dir='ltr'><strong>ct</strong></span> <span class='ocrx_word' id='word_1_435' title='bbox 1241 3573 1482 3640; x_wconf 89' lang='lat' dir='ltr'><strong>corporis</strong></span> <span class='ocrx_word' id='word_1_436' title='bbox 1507 3575 1820 3648; x_wconf 81' lang='lat' dir='ltr'><strong>intelligant.</strong></span> 
     </span>
    </p>
   </div>
   <div class='ocr_carea' id='block_1_63' title="bbox 312 3649 1826 3731">
    <p class='ocr_par' dir='ltr' id='par_1_63' title="bbox 312 3649 1826 3731">
     <span class='ocr_line' id='line_1_63' title="bbox 312 3649 1826 3731; baseline 0.016 -29"><span class='ocrx_word' id='word_1_437' title='bbox 312 3649 514 3704; x_wconf 67' lang='lat' dir='ltr'><strong>Creon:</strong></span> <span class='ocrx_word' id='word_1_438' title='bbox 544 3661 594 3705; x_wconf 82' lang='lat' dir='ltr'><strong>te</strong></span> <span class='ocrx_word' id='word_1_439' title='bbox 617 3650 806 3709; x_wconf 73' lang='lat' dir='ltr'><strong>Iacob.</strong></span> <span class='ocrx_word' id='word_1_440' title='bbox 833 3655 1000 3712; x_wconf 76' lang='lat' dir='ltr'><strong>Iacob</strong></span> <span class='ocrx_word' id='word_1_441' title='bbox 1028 3662 1420 3731; x_wconf 84' lang='lat' dir='ltr'><strong>supplantator,</strong></span> <span class='ocrx_word' id='word_1_442' title='bbox 1450 3667 1607 3724; x_wconf 89' lang='lat' dir='ltr'><strong>Israel</strong></span> <span class='ocrx_word' id='word_1_443' title='bbox 1639 3671 1720 3724; x_wconf 88' lang='lat' dir='ltr'><strong>vir</strong></span> <span class='ocrx_word' id='word_1_444' title='bbox 1749 3672 1826 3726; x_wconf 88' lang='lat' dir='ltr'><strong>vi-</strong></span> 
     </span>
    </p>
   </div>
   <div class='ocr_carea' id='block_1_64' title="bbox 235 3739 1824 3834">
    <p class='ocr_par' dir='ltr' id='par_1_64' title="bbox 235 3739 1824 3834">
     <span class='ocr_line' id='line_1_64' title="bbox 235 3739 1824 3834; baseline 0.016 -41"><span class='ocrx_word' id='word_1_445' title='bbox 235 3739 381 3795; x_wconf 90' lang='lat' dir='ltr'><strong>dens</strong></span> <span class='ocrx_word' id='word_1_446' title='bbox 411 3741 594 3796; x_wconf 89' lang='lat' dir='ltr'><strong>Deum.</strong></span> <span class='ocrx_word' id='word_1_447' title='bbox 641 3743 705 3798; x_wconf 84' lang='lat' dir='ltr'><strong>Hi</strong></span> <span class='ocrx_word' id='word_1_448' title='bbox 737 3756 862 3802; x_wconf 88' lang='lat' dir='ltr'><strong>sunt</strong></span> <span class='ocrx_word' id='word_1_449' title='bbox 907 3753 1134 3818; x_wconf 87' lang='lat' dir='ltr'><strong>apostoli</strong></span> <span class='ocrx_word' id='word_1_450' title='bbox 1164 3762 1218 3809; x_wconf 86' lang='lat' dir='ltr'><strong>et</strong></span> <span class='ocrx_word' id='word_1_451' title='bbox 1265 3757 1544 3827; x_wconf 86' lang='lat' dir='ltr'><strong>apostolici</strong></span> <span class='ocrx_word' id='word_1_452' title='bbox 1576 3763 1701 3828; x_wconf 91' lang='lat' dir='ltr'><strong>viri,</strong></span> <span class='ocrx_word' id='word_1_453' title='bbox 1733 3765 1824 3834; x_wconf 92' lang='lat' dir='ltr'><strong>qui</strong></span> 
     </span>
    </p>
   </div>
   <div class='ocr_carea' id='block_1_65' title="bbox 234 3835 1819 3910">
    <p class='ocr_par' dir='ltr' id='par_1_65' title="bbox 234 3835 1819 3910">
     <span class='ocr_line' id='line_1_65' title="bbox 234 3835 1819 3910; baseline 0.014 -22"><span class='ocrx_word' id='word_1_454' title='bbox 234 3841 293 3888; x_wconf 84' lang='lat' dir='ltr'><strong>et</strong></span> <span class='ocrx_word' id='word_1_455' title='bbox 312 3835 448 3887; x_wconf 87' lang='lat' dir='ltr'><strong>vitia</strong></span> <span class='ocrx_word' id='word_1_456' title='bbox 479 3837 979 3908; x_wconf 87' lang='lat' dir='ltr'><strong>supplantavcrunt,</strong></span> <span class='ocrx_word' id='word_1_457' title='bbox 1010 3853 1060 3898; x_wconf 87' lang='lat' dir='ltr'><strong>et</strong></span> <span class='ocrx_word' id='word_1_458' title='bbox 1085 3843 1253 3901; x_wconf 88' lang='lat' dir='ltr'><strong>Deum</strong></span> <span class='ocrx_word' id='word_1_459' title='bbox 1279 3847 1461 3905; x_wconf 88' lang='lat' dir='ltr'><strong>videre</strong></span> <span class='ocrx_word' id='word_1_460' title='bbox 1489 3865 1819 3910; x_wconf 85' lang='lat' dir='ltr'><strong>meruerunt.</strong></span> 
     </span>
    </p>
   </div>
   <div class='ocr_carea' id='block_1_66' title="bbox 311 3923 1822 4013">
    <p class='ocr_par' dir='ltr' id='par_1_66' title="bbox 311 3923 1822 4013">
     <span class='ocr_line' id='line_1_66' title="bbox 311 3923 1822 4013; baseline 0.015 -36"><span class='ocrx_word' id='word_1_461' title='bbox 311 3923 480 3980; x_wconf 86' lang='lat' dir='ltr'><strong>Vens.</strong></span> <span class='ocrx_word' id='word_1_462' title='bbox 539 3927 594 3982; x_wconf 88' lang='lat'><strong>2.</strong></span> <span class='ocrx_word' id='word_1_463' title='bbox 623 3959 694 3968; x_wconf 98' lang='lat'><strong>—</strong></span> <span class='ocrx_word' id='word_1_464' title='bbox 744 3927 850 3984; x_wconf 85' lang='lat' dir='ltr'><strong>Per</strong></span> <span class='ocrx_word' id='word_1_465' title='bbox 898 3950 1093 4005; x_wconf 81' lang='lat' dir='ltr'><strong>aquas,</strong></span> <span class='ocrx_word' id='word_1_466' title='bbox 1149 3947 1251 3993; x_wconf 89' lang='lat' dir='ltr'><strong>etc.</strong></span> <span class='ocrx_word' id='word_1_467' title='bbox 1303 3939 1466 4013; x_wconf 84' lang='lat' dir='ltr'><strong>(In.)</strong></span> <span class='ocrx_word' id='word_1_468' title='bbox 1518 3943 1822 4000; x_wconf 84' lang='lat' dir='ltr'><strong>Secundum</strong></span> 
     </span>
    </p>
   </div>
   <div class='ocr_carea' id='block_1_67' title="bbox 234 4017 1827 4106">
    <p class='ocr_par' dir='ltr' id='par_1_67' title="bbox 234 4017 1827 4106">
     <span class='ocr_line' id='line_1_67' title="bbox 234 4017 1827 4106; baseline 0.014 -34"><span class='ocrx_word' id='word_1_469' title='bbox 234 4017 501 4074; x_wconf 62' lang='lat' dir='ltr'><strong>Hebraeos</strong></span> <span class='ocrx_word' id='word_1_470' title='bbox 535 4038 548 4074; x_wconf 88' lang='lat'><strong>:</strong></span> <span class='ocrx_word' id='word_1_471' title='bbox 599 4021 703 4077; x_wconf 86' lang='lat' dir='ltr'><strong>Per</strong></span> <span class='ocrx_word' id='word_1_472' title='bbox 745 4041 913 4095; x_wconf 87' lang='lat' dir='ltr'><strong>aquas</strong></span> <span class='ocrx_word' id='word_1_473' title='bbox 952 4028 1214 4100; x_wconf 62' lang='lat' dir='ltr'><strong>)Egyptii,</strong></span> <span class='ocrx_word' id='word_1_474' title='bbox 1239 4039 1368 4099; x_wconf 89' lang='lat' dir='ltr'><strong>ctc.,</strong></span> <span class='ocrx_word' id='word_1_475' title='bbox 1401 4051 1560 4106; x_wconf 84' lang='lat' dir='ltr'><strong>usque</strong></span> <span class='ocrx_word' id='word_1_476' title='bbox 1603 4038 1670 4090; x_wconf 87' lang='lat' dir='ltr'><strong>ad</strong></span> <span class='ocrx_word' id='word_1_477' title='bbox 1715 4041 1827 4097; x_wconf 67' lang='lat' dir='ltr'><strong>hazc</strong></span> 
     </span>
    </p>
   </div>
   <div class='ocr_carea' id='block_1_68' title="bbox 235 4119 1828 4198">
    <p class='ocr_par' dir='ltr' id='par_1_68' title="bbox 235 4119 1828 4198">
     <span class='ocr_line' id='line_1_68' title="bbox 235 4119 1828 4198; baseline 0.016 -37"><span class='ocrx_word' id='word_1_478' title='bbox 235 4125 458 4182; x_wconf 86' lang='lat' dir='ltr'><strong>quoque</strong></span> <span class='ocrx_word' id='word_1_479' title='bbox 503 4127 667 4183; x_wconf 80' lang='lat' dir='ltr'><strong>regna</strong></span> <span class='ocrx_word' id='word_1_480' title='bbox 717 4119 1060 4186; x_wconf 78' lang='lat' dir='ltr'><strong>praedicando</strong></span> <span class='ocrx_word' id='word_1_481' title='bbox 1112 4123 1444 4188; x_wconf 78' lang='lat' dir='ltr'><strong>transierunt</strong></span> <span class='ocrx_word' id='word_1_482' title='bbox 1489 4130 1738 4198; x_wconf 88' lang='lat' dir='ltr'><strong>apostoli,</strong></span> <span class='ocrx_word' id='word_1_483' title='bbox 1773 4143 1828 4187; x_wconf 91' lang='lat' dir='ltr'><strong>et</strong></span> 
     </span>
    </p>
   </div>
   <div class='ocr_carea' id='block_1_69' title="bbox 234 4203 1014 4276">
    <p class='ocr_par' dir='ltr' id='par_1_69' title="bbox 234 4203 1014 4276">
     <span class='ocr_line' id='line_1_69' title="bbox 234 4203 1014 4276; baseline 0.017 -22"><span class='ocrx_word' id='word_1_484' title='bbox 234 4203 508 4258; x_wconf 88' lang='lat' dir='ltr'><strong>Dominus</strong></span> <span class='ocrx_word' id='word_1_485' title='bbox 537 4205 736 4276; x_wconf 85' lang='lat' dir='ltr'><strong>ubique</strong></span> <span class='ocrx_word' id='word_1_486' title='bbox 763 4226 882 4264; x_wconf 91' lang='lat' dir='ltr'><strong>cum</strong></span> <span class='ocrx_word' id='word_1_487' title='bbox 917 4212 1014 4266; x_wconf 89' lang='lat' dir='ltr'><strong>eis.</strong></span> 
     </span>
    </p>
   </div>
   <div class='ocr_carea' id='block_1_70' title="bbox 315 4293 1824 4384">
    <p class='ocr_par' dir='ltr' id='par_1_70' title="bbox 315 4293 1824 4384">
     <span class='ocr_line' id='line_1_70' title="bbox 315 4293 1824 4384; baseline 0.016 -38"><span class='ocrx_word' id='word_1_488' title='bbox 315 4293 481 4348; x_wconf 83' lang='lat' dir='ltr'><strong>Vens.</strong></span> <span class='ocrx_word' id='word_1_489' title='bbox 514 4296 566 4350; x_wconf 76' lang='grc'><strong>5.</strong></span> <span class='ocrx_word' id='word_1_490' title='bbox 601 4328 669 4338; x_wconf 92' lang='grc'><strong>-</strong></span> <span class='ocrx_word' id='word_1_491' title='bbox 695 4299 834 4354; x_wconf 81' lang='lat' dir='ltr'><strong>Dedi</strong></span> <span class='ocrx_word' id='word_1_492' title='bbox 857 4304 1294 4372; x_wconf 86' lang='lat' dir='ltr'><strong>propitiationem.</strong></span> <span class='ocrx_word' id='word_1_493' title='bbox 1333 4307 1400 4364; x_wconf 89' lang='lat' dir='ltr'><strong>Ut</strong></span> <span class='ocrx_word' id='word_1_494' title='bbox 1433 4310 1556 4366; x_wconf 89' lang='lat' dir='ltr'><strong>inde</strong></span> <span class='ocrx_word' id='word_1_495' title='bbox 1575 4314 1824 4384; x_wconf 85' lang='lat' dir='ltr'><strong>acquiras</strong></span> 
     </span>
    </p>
   </div>
   <div class='ocr_carea' id='block_1_71' title="bbox 237 4385 1813 4468">
    <p class='ocr_par' dir='ltr' id='par_1_71' title="bbox 237 4385 1813 4468">
     <span class='ocr_line' id='line_1_71' title="bbox 237 4385 1813 4468; baseline 0.012 -28"><span class='ocrx_word' id='word_1_496' title='bbox 237 4385 339 4440; x_wconf 88' lang='lat' dir='ltr'><strong>tibi</strong></span> <span class='ocrx_word' id='word_1_497' title='bbox 369 4386 793 4444; x_wconf 87' lang='lat' dir='ltr'><strong>misericordiam</strong></span> <span class='ocrx_word' id='word_1_498' title='bbox 818 4402 872 4446; x_wconf 88' lang='lat' dir='ltr'><strong>et</strong></span> <span class='ocrx_word' id='word_1_499' title='bbox 897 4409 1174 4460; x_wconf 87' lang='lat' dir='ltr'><strong>coronam,</strong></span> <span class='ocrx_word' id='word_1_500' title='bbox 1197 4399 1560 4467; x_wconf 85' lang='lat' dir='ltr'><strong>praedicando,</strong></span> <span class='ocrx_word' id='word_1_501' title='bbox 1587 4405 1813 4468; x_wconf 89' lang='lat' dir='ltr'><strong>scilicet,</strong></span> 
     </span>
    </p>
   </div>
   <div class='ocr_carea' id='block_1_72' title="bbox 235 4474 1819 4561">
    <p class='ocr_par' dir='ltr' id='par_1_72' title="bbox 235 4474 1819 4561">
     <span class='ocr_line' id='line_1_72' title="bbox 235 4474 1819 4561; baseline 0.013 -31"><span class='ocrx_word' id='word_1_502' title='bbox 235 4474 594 4546; x_wconf 45' lang='lat' dir='ltr'><strong>{Egyptiiswt</strong></span> <span class='ocrx_word' id='word_1_503' title='bbox 624 4475 966 4552; x_wconf 60' lang='lat' dir='ltr'><strong>[Ethiopibus</strong></span> <span class='ocrx_word' id='word_1_504' title='bbox 985 4485 1094 4556; x_wconf 89' lang='lat' dir='ltr'><strong>(qui</strong></span> <span class='ocrx_word' id='word_1_505' title='bbox 1121 4501 1255 4556; x_wconf 77' lang='lat' dir='ltr'><strong>pene</strong></span> <span class='ocrx_word' id='word_1_506' title='bbox 1278 4491 1472 4561; x_wconf 91' lang='lat' dir='ltr'><strong>ultimi)</strong></span> <span class='ocrx_word' id='word_1_507' title='bbox 1501 4503 1552 4546; x_wconf 92' lang='lat' dir='ltr'><strong>ct</strong></span> <span class='ocrx_word' id='word_1_508' title='bbox 1581 4494 1783 4549; x_wconf 80' lang='lat' dir='ltr'><strong>Sabcis</strong></span> <span class='ocrx_word' id='word_1_509' title='bbox 1807 4515 1819 4550; x_wconf 90' lang='lat'><strong>:</strong></span> 
     </span>
    </p>
   </div>
   <div class='ocr_carea' id='block_1_73' title="bbox 237 4571 1823 4653">
    <p class='ocr_par' dir='ltr' id='par_1_73' title="bbox 237 4571 1823 4653">
     <span class='ocr_line' id='line_1_73' title="bbox 237 4571 1823 4653; baseline 0.011 -31"><span class='ocrx_word' id='word_1_510' title='bbox 237 4579 326 4625; x_wconf 87' lang='lat' dir='ltr'><strong>est</strong></span> <span class='ocrx_word' id='word_1_511' title='bbox 353 4581 529 4623; x_wconf 83' lang='lat' dir='ltr'><strong>autem</strong></span> <span class='ocrx_word' id='word_1_512' title='bbox 557 4571 697 4626; x_wconf 87' lang='lat' dir='ltr'><strong>Saba</strong></span> <span class='ocrx_word' id='word_1_513' title='bbox 726 4576 917 4630; x_wconf 90' lang='lat' dir='ltr'><strong>civitas</strong></span> <span class='ocrx_word' id='word_1_514' title='bbox 942 4578 994 4630; x_wconf 91' lang='lat' dir='ltr'><strong>in</strong></span> <span class='ocrx_word' id='word_1_515' title='bbox 1025 4578 1220 4634; x_wconf 89' lang='lat' dir='ltr'><strong>ﬁnibus</strong></span> <span class='ocrx_word' id='word_1_516' title='bbox 1258 4581 1546 4653; x_wconf 60' lang='lat' dir='ltr'><strong>[Ethiopian</strong></span> <span class='ocrx_word' id='word_1_517' title='bbox 1575 4583 1679 4638; x_wconf 83' lang='lat' dir='ltr'><strong>si&#39;ta</strong></span> <span class='ocrx_word' id='word_1_518' title='bbox 1711 4605 1724 4639; x_wconf 91' lang='lat'>:</span> <span class='ocrx_word' id='word_1_519' title='bbox 1758 4586 1823 4640; x_wconf 88' lang='lat' dir='ltr'><strong>In</strong></span> 
     </span>
    </p>
   </div>
   <div class='ocr_carea' id='block_1_74' title="bbox 237 4665 1719 4741">
    <p class='ocr_par' dir='ltr' id='par_1_74' title="bbox 237 4665 1719 4741">
     <span class='ocr_line' id='line_1_74' title="bbox 237 4665 1719 4741; baseline 0.01 -25"><span class='ocrx_word' id='word_1_520' title='bbox 237 4677 444 4716; x_wconf 86' lang='lat' dir='ltr'><strong>onmem</strong></span> <span class='ocrx_word' id='word_1_521' title='bbox 476 4671 667 4714; x_wconf 85' lang='lat' dir='ltr'><strong>terram</strong></span> <span class='ocrx_word' id='word_1_522' title='bbox 698 4665 850 4718; x_wconf 69' lang='lat' dir='ltr'><strong>exivit</strong></span> <span class='ocrx_word' id='word_1_523' title='bbox 879 4682 1036 4720; x_wconf 84' lang='lat' dir='ltr'><strong>sonus</strong></span> <span class='ocrx_word' id='word_1_524' title='bbox 1060 4683 1258 4733; x_wconf 87' lang='lat' dir='ltr'><strong>eorum,</strong></span> <span class='ocrx_word' id='word_1_525' title='bbox 1287 4673 1412 4726; x_wconf 81' lang='lat' dir='ltr'><strong>ct&#39;in</strong></span> <span class='ocrx_word' id='word_1_526' title='bbox 1441 4673 1590 4741; x_wconf 81' lang='lat' dir='ltr'><strong>ﬁnes,</strong></span> <span class='ocrx_word' id='word_1_527' title='bbox 1615 4683 1719 4731; x_wconf 90' lang='lat' dir='ltr'><strong>etc.</strong></span> 
     </span>
    </p>
   </div>
   <div class='ocr_carea' id='block_1_75' title="bbox 317 4750 1816 4823">
    <p class='ocr_par' dir='ltr' id='par_1_75' title="bbox 317 4750 1816 4823">
     <span class='ocr_line' id='line_1_75' title="bbox 317 4750 1816 4823; baseline 0.013 -20"><span class='ocrx_word' id='word_1_528' title='bbox 317 4750 478 4805; x_wconf 83' lang='lat' dir='ltr'><strong>Vens.</strong></span> <span class='ocrx_word' id='word_1_529' title='bbox 510 4751 562 4806; x_wconf 85' lang='grc'><strong>5.</strong></span> <span class='ocrx_word' id='word_1_530' title='bbox 588 4782 659 4792; x_wconf 89' lang='grc'><strong><em>-</em></strong></span> <span class='ocrx_word' id='word_1_531' title='bbox 679 4756 754 4807; x_wconf 81' lang='lat' dir='ltr'><strong>Ab</strong></span> <span class='ocrx_word' id='word_1_532' title='bbox 787 4754 1017 4810; x_wconf 84' lang='lat' dir='ltr'><strong>Oriente.</strong></span> <span class='ocrx_word' id='word_1_533' title='bbox 1047 4757 1203 4811; x_wconf 81' lang='lat' dir='ltr'><strong>Multi</strong></span> <span class='ocrx_word' id='word_1_534' title='bbox 1229 4762 1425 4816; x_wconf 84' lang='lat' dir='ltr'><strong>venient</strong></span> <span class='ocrx_word' id='word_1_535' title='bbox 1447 4764 1509 4817; x_wconf 88' lang='lat' dir='ltr'><strong>ab</strong></span> <span class='ocrx_word' id='word_1_536' title='bbox 1542 4764 1753 4822; x_wconf 83' lang='lat' dir='ltr'><strong>Oriente</strong></span> <span class='ocrx_word' id='word_1_537' title='bbox 1767 4779 1816 4823; x_wconf 87' lang='lat' dir='ltr'><strong>et</strong></span> 
     </span>
    </p>
   </div>
   <div class='ocr_carea' id='block_1_76' title="bbox 241 4845 1826 4927">
    <p class='ocr_par' dir='ltr' id='par_1_76' title="bbox 241 4845 1826 4927">
     <span class='ocr_line' id='line_1_76' title="bbox 241 4845 1826 4927; baseline 0.009 -27"><span class='ocrx_word' id='word_1_538' title='bbox 241 4845 544 4910; x_wconf 84' lang='lat' dir='ltr'><strong>Occidente,</strong></span> <span class='ocrx_word' id='word_1_539' title='bbox 559 4854 606 4898; x_wconf 88' lang='lat' dir='ltr'><strong>et</strong></span> <span class='ocrx_word' id='word_1_540' title='bbox 631 4847 923 4901; x_wconf 87' lang='lat' dir='ltr'><strong>recumbent</strong></span> <span class='ocrx_word' id='word_1_541' title='bbox 947 4865 1062 4902; x_wconf 88' lang='lat' dir='ltr'><strong>cum</strong></span> <span class='ocrx_word' id='word_1_542' title='bbox 1078 4851 1363 4918; x_wconf 75' lang='lat' dir='ltr'><strong>Abraham,</strong></span> <span class='ocrx_word' id='word_1_543' title='bbox 1380 4853 1535 4910; x_wconf 79' lang='lat' dir='ltr'><strong>Isaac</strong></span> <span class='ocrx_word' id='word_1_544' title='bbox 1561 4867 1609 4911; x_wconf 89' lang='lat' dir='ltr'><strong>et</strong></span> <span class='ocrx_word' id='word_1_545' title='bbox 1638 4858 1826 4927; x_wconf 80' lang='lat' dir='ltr'><strong>Jocob,</strong></span> 
     </span>
    </p>
   </div>
   <div class='ocr_carea' id='block_1_77' title="bbox 237 4937 1298 5011">
    <p class='ocr_par' dir='ltr' id='par_1_77' title="bbox 237 4937 1298 5011">
     <span class='ocr_line' id='line_1_77' title="bbox 237 4937 1298 5011; baseline 0.008 -22"><span class='ocrx_word' id='word_1_546' title='bbox 237 4937 307 4990; x_wconf 89' lang='lat' dir='ltr'><strong>ab</strong></span> <span class='ocrx_word' id='word_1_547' title='bbox 341 4937 577 4991; x_wconf 85' lang='lat' dir='ltr'><strong>omnibus</strong></span> <span class='ocrx_word' id='word_1_548' title='bbox 607 4937 801 4991; x_wconf 77' lang='lat' dir='ltr'><strong>scilicet</strong></span> <span class='ocrx_word' id='word_1_549' title='bbox 835 4942 1016 4995; x_wconf 87' lang='lat' dir='ltr'><strong>mundi</strong></span> <span class='ocrx_word' id='word_1_550' title='bbox 1043 4942 1298 5011; x_wconf 81' lang='lat' dir='ltr'><strong>partibus.</strong></span> 
     </span>
    </p>
   </div>
   <div class='ocr_carea' id='block_1_78' title="bbox 314 5025 1822 5100">
    <p class='ocr_par' dir='ltr' id='par_1_78' title="bbox 314 5025 1822 5100">
     <span class='ocr_line' id='line_1_78' title="bbox 314 5025 1822 5100; baseline 0.013 -25"><span class='ocrx_word' id='word_1_551' title='bbox 314 5025 482 5082; x_wconf 83' lang='lat' dir='ltr'><strong>Vens.</strong></span> <span class='ocrx_word' id='word_1_552' title='bbox 531 5027 583 5082; x_wconf 85' lang='lat'><strong>8.</strong></span> <span class='ocrx_word' id='word_1_553' title='bbox 608 5058 678 5068; x_wconf 95' lang='lat'><strong><em>—</em></strong></span> <span class='ocrx_word' id='word_1_554' title='bbox 705 5027 852 5083; x_wconf 76' lang='lat' dir='ltr'><strong>Educ</strong></span> <span class='ocrx_word' id='word_1_555' title='bbox 880 5032 1040 5100; x_wconf 79' lang='lat' dir='ltr'><strong>foras.</strong></span> <span class='ocrx_word' id='word_1_556' title='bbox 1078 5030 1188 5087; x_wconf 84' lang='lat' dir='ltr'><strong>Vox</strong></span> <span class='ocrx_word' id='word_1_557' title='bbox 1216 5034 1393 5090; x_wconf 86' lang='lat' dir='ltr'><strong>Patris</strong></span> <span class='ocrx_word' id='word_1_558' title='bbox 1423 5037 1488 5091; x_wconf 91' lang='lat' dir='ltr'><strong>ad</strong></span> <span class='ocrx_word' id='word_1_559' title='bbox 1518 5035 1711 5092; x_wconf 87' lang='lat' dir='ltr'><strong>Filium</strong></span> <span class='ocrx_word' id='word_1_560' title='bbox 1756 5041 1822 5096; x_wconf 88' lang='lat' dir='ltr'><strong>de</strong></span> 
     </span>
    </p>
   </div>
   <div class='ocr_carea' id='block_1_79' title="bbox 241 5118 1823 5197">
    <p class='ocr_par' dir='ltr' id='par_1_79' title="bbox 241 5118 1823 5197">
     <span class='ocr_line' id='line_1_79' title="bbox 241 5118 1823 5197; baseline 0.009 -23"><span class='ocrx_word' id='word_1_561' title='bbox 241 5118 442 5175; x_wconf 71' lang='lat' dir='ltr'><strong>Judteis</strong></span> <span class='ocrx_word' id='word_1_562' title='bbox 467 5129 644 5176; x_wconf 86' lang='lat' dir='ltr'><strong>mente</strong></span> <span class='ocrx_word' id='word_1_563' title='bbox 667 5123 845 5178; x_wconf 66' lang='lat' dir='ltr'><strong>carcis.</strong></span> <span class='ocrx_word' id='word_1_564' title='bbox 873 5124 935 5177; x_wconf 90' lang='lat' dir='ltr'><strong>Et</strong></span> <span class='ocrx_word' id='word_1_565' title='bbox 963 5135 1087 5179; x_wconf 87' lang='lat' dir='ltr'><strong>nota</strong></span> <span class='ocrx_word' id='word_1_566' title='bbox 1113 5126 1261 5197; x_wconf 88' lang='lat' dir='ltr'><strong>prius</strong></span> <span class='ocrx_word' id='word_1_567' title='bbox 1292 5143 1410 5183; x_wconf 89' lang='lat' dir='ltr'><strong>esse</strong></span> <span class='ocrx_word' id='word_1_568' title='bbox 1437 5128 1634 5186; x_wconf 82' lang='lat' dir='ltr'><strong>factam</strong></span> <span class='ocrx_word' id='word_1_569' title='bbox 1664 5147 1823 5188; x_wconf 84' lang='lat' dir='ltr'><strong>voca-</strong></span> 
     </span>
    </p>
   </div>
   <div class='ocr_carea' id='block_1_80' title="bbox 246 5209 1306 5287">
    <p class='ocr_par' dir='ltr' id='par_1_80' title="bbox 246 5209 1306 5287">
     <span class='ocr_line' id='line_1_80' title="bbox 246 5209 1306 5287; baseline 0.007 -24"><span class='ocrx_word' id='word_1_570' title='bbox 246 5211 445 5264; x_wconf 84' lang='lat' dir='ltr'><strong>tionem</strong></span> <span class='ocrx_word' id='word_1_571' title='bbox 471 5209 798 5279; x_wconf 63' lang='lat' dir='ltr'><strong>Judzeorum,</strong></span> <span class='ocrx_word' id='word_1_572' title='bbox 832 5213 1023 5270; x_wconf 85' lang='lat' dir='ltr'><strong>deinde</strong></span> <span class='ocrx_word' id='word_1_573' title='bbox 1047 5217 1306 5287; x_wconf 79' lang='lat' dir='ltr'><strong>gentium.</strong></span> 
     </span>
    </p>
   </div>
   <div class='ocr_carea' id='block_1_81' title="bbox 319 5301 1818 5383">
    <p class='ocr_par' dir='ltr' id='par_1_81' title="bbox 319 5301 1818 5383">
     <span class='ocr_line' id='line_1_81' title="bbox 319 5301 1818 5383; baseline 0.009 -27"><span class='ocrx_word' id='word_1_574' title='bbox 319 5304 482 5358; x_wconf 72' lang='lat' dir='ltr'><strong>Vens.</strong></span> <span class='ocrx_word' id='word_1_575' title='bbox 536 5304 588 5359; x_wconf 89' lang='lat'><strong>9.</strong></span> <span class='ocrx_word' id='word_1_576' title='bbox 623 5335 695 5344; x_wconf 98' lang='lat'><strong><em>—</em></strong></span> <span class='ocrx_word' id='word_1_577' title='bbox 729 5301 918 5360; x_wconf 83' lang='lat' dir='ltr'><strong>Omnes</strong></span> <span class='ocrx_word' id='word_1_578' title='bbox 955 5317 1148 5378; x_wconf 80' lang='lat' dir='ltr'><strong>gentes.</strong></span> <span class='ocrx_word' id='word_1_579' title='bbox 1201 5307 1468 5381; x_wconf 78' lang='lat' dir='ltr'><strong>Propheta</strong></span> <span class='ocrx_word' id='word_1_580' title='bbox 1500 5313 1565 5368; x_wconf 89' lang='lat' dir='ltr'><strong>ad</strong></span> <span class='ocrx_word' id='word_1_581' title='bbox 1613 5325 1818 5383; x_wconf 82' lang='lat' dir='ltr'><strong>gentes,</strong></span> 
     </span>
    </p>
   </div>
   <div class='ocr_carea' id='block_1_82' title="bbox 247 5387 1817 5474">
    <p class='ocr_par' dir='ltr' id='par_1_82' title="bbox 247 5387 1817 5474">
     <span class='ocr_line' id='line_1_82' title="bbox 247 5387 1817 5474; baseline 0.01 -27"><span class='ocrx_word' id='word_1_582' title='bbox 247 5393 532 5462; x_wconf 82' lang='lat' dir='ltr'><strong>increpans</strong></span> <span class='ocrx_word' id='word_1_583' title='bbox 559 5397 622 5449; x_wconf 86' lang='lat' dir='ltr'><strong>de</strong></span> <span class='ocrx_word' id='word_1_584' title='bbox 661 5387 960 5451; x_wconf 83' lang='lat' dir='ltr'><strong>idololatria</strong></span> <span class='ocrx_word' id='word_1_585' title='bbox 986 5407 1041 5452; x_wconf 87' lang='lat' dir='ltr'><strong>et</strong></span> <span class='ocrx_word' id='word_1_586' title='bbox 1081 5395 1358 5457; x_wconf 82' lang='lat' dir='ltr'><strong>admirans</strong></span> <span class='ocrx_word' id='word_1_587' title='bbox 1385 5405 1527 5474; x_wconf 78' lang='lat' dir='ltr'><strong>quod</strong></span> <span class='ocrx_word' id='word_1_588' title='bbox 1559 5406 1734 5460; x_wconf 88' lang='lat' dir='ltr'><strong>nullus</strong></span> <span class='ocrx_word' id='word_1_589' title='bbox 1764 5408 1817 5462; x_wconf 91' lang='lat' dir='ltr'><strong>in</strong></span> 
     </span>
    </p>
   </div>
   <div class='ocr_carea' id='block_1_83' title="bbox 249 5485 1822 5568">
    <p class='ocr_par' dir='ltr' id='par_1_83' title="bbox 249 5485 1822 5568">
     <span class='ocr_line' id='line_1_83' title="bbox 249 5485 1822 5568; baseline 0.012 -33"><span class='ocrx_word' id='word_1_590' title='bbox 249 5485 495 5554; x_wconf 75' lang='lat' dir='ltr'><strong>gentibus</strong></span> <span class='ocrx_word' id='word_1_591' title='bbox 537 5488 638 5542; x_wconf 90' lang='lat' dir='ltr'><strong>hoc</strong></span> <span class='ocrx_word' id='word_1_592' title='bbox 673 5489 932 5558; x_wconf 53' lang='lat' dir='ltr'><strong>praescire</strong></span> <span class='ocrx_word' id='word_1_593' title='bbox 971 5492 1177 5560; x_wconf 87' lang='lat' dir='ltr'><strong>potuit;</strong></span> <span class='ocrx_word' id='word_1_594' title='bbox 1214 5495 1303 5547; x_wconf 74' lang='lat' dir='ltr'><strong>sed</strong></span> <span class='ocrx_word' id='word_1_595' title='bbox 1358 5504 1563 5550; x_wconf 87' lang='lat' dir='ltr'><strong>tantum</strong></span> <span class='ocrx_word' id='word_1_596' title='bbox 1596 5499 1822 5568; x_wconf 88' lang='lat' dir='ltr'><strong>populus</strong></span> 
     </span>
    </p>
   </div>
   <div class='ocr_carea' id='block_1_84' title="bbox 249 5569 1597 5651">
    <p class='ocr_par' dir='ltr' id='par_1_84' title="bbox 249 5569 1597 5651">
     <span class='ocr_line' id='line_1_84' title="bbox 249 5569 1597 5651; baseline 0.01 -24"><span class='ocrx_word' id='word_1_597' title='bbox 249 5573 346 5629; x_wconf 87' lang='lat' dir='ltr'><strong>Dei</strong></span> <span class='ocrx_word' id='word_1_598' title='bbox 376 5569 464 5645; x_wconf 84' lang='lat' dir='ltr'><strong>qui</strong></span> <span class='ocrx_word' id='word_1_599' title='bbox 489 5577 660 5650; x_wconf 76' lang='lat' dir='ltr'><strong>legem</strong></span> <span class='ocrx_word' id='word_1_600' title='bbox 693 5579 785 5633; x_wconf 87' lang='lat' dir='ltr'><strong>Dei</strong></span> <span class='ocrx_word' id='word_1_601' title='bbox 812 5583 1040 5651; x_wconf 87' lang='lat' dir='ltr'><strong>accepit,</strong></span> <span class='ocrx_word' id='word_1_602' title='bbox 1073 5583 1362 5651; x_wconf 87' lang='lat' dir='ltr'><strong>prophetas</strong></span> <span class='ocrx_word' id='word_1_603' title='bbox 1392 5585 1597 5641; x_wconf 85' lang='lat' dir='ltr'><strong>habuit.</strong></span> 
     </span>
    </p>
   </div>
   <div class='ocr_carea' id='block_1_85' title="bbox 319 5669 1826 5744">
    <p class='ocr_par' dir='ltr' id='par_1_85' title="bbox 319 5669 1826 5744">
     <span class='ocr_line' id='line_1_85' title="bbox 319 5669 1826 5744; baseline 0.009 -21"><span class='ocrx_word' id='word_1_604' title='bbox 319 5669 484 5725; x_wconf 81' lang='lat' dir='ltr'><strong>Vens.</strong></span> <span class='ocrx_word' id='word_1_605' title='bbox 544 5671 630 5726; x_wconf 82' lang='grc'><strong>10.</strong></span> <span class='ocrx_word' id='word_1_606' title='bbox 657 5704 728 5712; x_wconf 88' lang='grc'><strong><em>-</em></strong></span> <span class='ocrx_word' id='word_1_607' title='bbox 762 5671 884 5728; x_wconf 86' lang='grc' dir='ltr'><strong>Νοη</strong></span> <span class='ocrx_word' id='word_1_608' title='bbox 908 5683 983 5728; x_wconf 86' lang='lat' dir='ltr'><strong>est</strong></span> <span class='ocrx_word' id='word_1_609' title='bbox 1011 5673 1288 5744; x_wconf 80' lang='lat' dir='ltr'><strong>formatus.</strong></span> <span class='ocrx_word' id='word_1_610' title='bbox 1340 5676 1566 5742; x_wconf 85' lang='lat' dir='ltr'><strong>Quidam</strong></span> <span class='ocrx_word' id='word_1_611' title='bbox 1613 5677 1826 5737; x_wconf 89' lang='lat' dir='ltr'><strong>codices</strong></span> 
     </span>
    </p>
   </div>
   <div class='ocr_carea' id='block_1_86' title="bbox 253 5757 1822 5835">
    <p class='ocr_par' dir='ltr' id='par_1_86' title="bbox 253 5757 1822 5835">
     <span class='ocr_line' id='line_1_86' title="bbox 253 5757 1822 5835; baseline 0.01 -25"><span class='ocrx_word' id='word_1_612' title='bbox 253 5757 450 5815; x_wconf 86' lang='lat' dir='ltr'><strong>habent</strong></span> <span class='ocrx_word' id='word_1_613' title='bbox 479 5761 805 5832; x_wconf 85' lang='lat' dir='ltr'><strong>plasmatus;</strong></span> <span class='ocrx_word' id='word_1_614' title='bbox 857 5767 951 5821; x_wconf 88' lang='lat' dir='ltr'><strong>sed</strong></span> <span class='ocrx_word' id='word_1_615' title='bbox 987 5781 1093 5822; x_wconf 90' lang='lat' dir='ltr'><strong>non</strong></span> <span class='ocrx_word' id='word_1_616' title='bbox 1142 5769 1394 5823; x_wconf 89' lang='lat' dir='ltr'><strong>convenit</strong></span> <span class='ocrx_word' id='word_1_617' title='bbox 1428 5768 1585 5835; x_wconf 89' lang='lat' dir='ltr'><strong>bene,</strong></span> <span class='ocrx_word' id='word_1_618' title='bbox 1617 5771 1695 5826; x_wconf 91' lang='lat' dir='ltr'><strong>sic</strong></span> <span class='ocrx_word' id='word_1_619' title='bbox 1741 5781 1822 5826; x_wconf 87' lang='lat' dir='ltr'><strong>ta-</strong></span> 
     </span>
    </p>
   </div>
   <div class='ocr_carea' id='block_1_87' title="bbox 251 5858 1818 5927">
    <p class='ocr_par' dir='ltr' id='par_1_87' title="bbox 251 5858 1818 5927">
     <span class='ocr_line' id='line_1_87' title="bbox 251 5858 1818 5927; baseline 0.01 -22"><span class='ocrx_word' id='word_1_620' title='bbox 251 5863 375 5908; x_wconf 89' lang='lat' dir='ltr'><strong>men</strong></span> <span class='ocrx_word' id='word_1_621' title='bbox 423 5863 601 5926; x_wconf 84' lang='lat' dir='ltr'><strong>potest</strong></span> <span class='ocrx_word' id='word_1_622' title='bbox 633 5858 826 5927; x_wconf 82' lang='lat' dir='ltr'><strong>exponi</strong></span> <span class='ocrx_word' id='word_1_623' title='bbox 869 5878 881 5913; x_wconf 88' lang='lat'>:</span> <span class='ocrx_word' id='word_1_624' title='bbox 930 5858 1068 5914; x_wconf 69' lang='lat' dir='ltr'><strong>Ante</strong></span> <span class='ocrx_word' id='word_1_625' title='bbox 1119 5875 1205 5917; x_wconf 87' lang='lat' dir='ltr'><strong>me</strong></span> <span class='ocrx_word' id='word_1_626' title='bbox 1245 5875 1351 5918; x_wconf 91' lang='lat' dir='ltr'><strong>non</strong></span> <span class='ocrx_word' id='word_1_627' title='bbox 1394 5872 1474 5920; x_wconf 90' lang='lat' dir='ltr'><strong>est</strong></span> <span class='ocrx_word' id='word_1_628' title='bbox 1526 5863 1818 5921; x_wconf 81' lang='lat' dir='ltr'><strong>formatum</strong></span> 
     </span>
    </p>
   </div>
   <div class='ocr_carea' id='block_1_88' title="bbox 1925 3397 3512 3468">
    <p class='ocr_par' dir='ltr' id='par_1_88' title="bbox 1925 3397 3512 3468">
     <span class='ocr_line' id='line_1_88' title="bbox 1925 3397 3512 3468; baseline 0 -12"><span class='ocrx_word' id='word_1_629' title='bbox 1925 3408 2006 3456; x_wconf 88' lang='lat' dir='ltr'><strong>est</strong></span> <span class='ocrx_word' id='word_1_630' title='bbox 2025 3398 2269 3453; x_wconf 79' lang='lat' dir='ltr'><strong>sarculos</strong></span> <span class='ocrx_word' id='word_1_631' title='bbox 2283 3397 2494 3452; x_wconf 90' lang='lat' dir='ltr'><strong>arboris</strong></span> <span class='ocrx_word' id='word_1_632' title='bbox 2507 3397 2816 3451; x_wconf 70' lang='lat' dir='ltr'><strong>aromaticaa</strong></span> <span class='ocrx_word' id='word_1_633' title='bbox 2832 3399 3030 3461; x_wconf 91' lang='lat' dir='ltr'><strong>,omnia</strong></span> <span class='ocrx_word' id='word_1_634' title='bbox 3048 3407 3289 3453; x_wconf 86' lang='lat' dir='ltr'><strong>aromata</strong></span> <span class='ocrx_word' id='word_1_635' title='bbox 3306 3398 3512 3468; x_wconf 85' lang='lat' dir='ltr'><strong>accipe.</strong></span> 
     </span>
    </p>
   </div>
   <div class='ocr_carea' id='block_1_89' title="bbox 1995 3489 3515 3564">
    <p class='ocr_par' dir='ltr' id='par_1_89' title="bbox 1995 3489 3515 3564">
     <span class='ocr_line' id='line_1_89' title="bbox 1995 3489 3515 3564; baseline -0.001 -16"><span class='ocrx_word' id='word_1_636' title='bbox 1995 3495 2162 3548; x_wconf 83' lang='lat' dir='ltr'><strong>Vens.</strong></span> <span class='ocrx_word' id='word_1_637' title='bbox 2190 3493 2281 3548; x_wconf 82' lang='lat'><strong>25.</strong></span> <span class='ocrx_word' id='word_1_638' title='bbox 2305 3523 2377 3533; x_wconf 94' lang='lat'><strong><em>—-</em></strong></span> <span class='ocrx_word' id='word_1_639' title='bbox 2398 3491 2512 3564; x_wconf 84' lang='lat' dir='ltr'><strong>Ego</strong></span> <span class='ocrx_word' id='word_1_640' title='bbox 2540 3503 2676 3546; x_wconf 81' lang='lat' dir='ltr'><strong>sum.</strong></span> <span class='ocrx_word' id='word_1_641' title='bbox 2703 3491 2826 3564; x_wconf 75' lang='lat'><strong>(10.)</strong></span> <span class='ocrx_word' id='word_1_642' title='bbox 2849 3489 3014 3558; x_wconf 83' lang='lat' dir='ltr'><strong>Quasi</strong></span> <span class='ocrx_word' id='word_1_643' title='bbox 3045 3492 3246 3546; x_wconf 86' lang='lat' dir='ltr'><strong>diceret</strong></span> <span class='ocrx_word' id='word_1_644' title='bbox 3271 3510 3284 3545; x_wconf 89' lang='lat'>:</span> <span class='ocrx_word' id='word_1_645' title='bbox 3313 3491 3515 3547; x_wconf 75' lang='lat' dir='ltr'><strong>Fecisti</strong></span> 
     </span>
    </p>
   </div>
   <div class='ocr_carea' id='block_1_90' title="bbox 1926 3585 3514 3658">
    <p class='ocr_par' dir='ltr' id='par_1_90' title="bbox 1926 3585 3514 3658">
     <span class='ocr_line' id='line_1_90' title="bbox 1926 3585 3514 3658; baseline -0.003 -14"><span class='ocrx_word' id='word_1_646' title='bbox 1926 3603 2012 3644; x_wconf 89' lang='lat' dir='ltr'><strong>me</strong></span> <span class='ocrx_word' id='word_1_647' title='bbox 2035 3585 2282 3643; x_wconf 86' lang='lat' dir='ltr'><strong>laborare</strong></span> <span class='ocrx_word' id='word_1_648' title='bbox 2304 3587 2403 3643; x_wconf 83' lang='lat' dir='ltr'><strong>sub</strong></span> <span class='ocrx_word' id='word_1_649' title='bbox 2420 3602 2589 3642; x_wconf 87' lang='lat' dir='ltr'><strong>onere</strong></span> <span class='ocrx_word' id='word_1_650' title='bbox 2609 3586 2819 3658; x_wconf 89' lang='lat' dir='ltr'><strong>peccati</strong></span> <span class='ocrx_word' id='word_1_651' title='bbox 2849 3586 2957 3650; x_wconf 88' lang='lat' dir='ltr'><strong>tui;</strong></span> <span class='ocrx_word' id='word_1_652' title='bbox 2983 3586 3103 3640; x_wconf 88' lang='lat' dir='ltr'><strong>ideo</strong></span> <span class='ocrx_word' id='word_1_653' title='bbox 3131 3585 3240 3654; x_wconf 87' lang='lat' dir='ltr'><strong>jam</strong></span> <span class='ocrx_word' id='word_1_654' title='bbox 3267 3602 3374 3642; x_wconf 90' lang='lat' dir='ltr'><strong>non</strong></span> <span class='ocrx_word' id='word_1_655' title='bbox 3400 3602 3514 3642; x_wconf 85' lang='lat' dir='ltr'><strong>ser-</strong></span> 
     </span>
    </p>
   </div>
   <div class='ocr_carea' id='block_1_91' title="bbox 1925 3669 3514 3752">
    <p class='ocr_par' dir='ltr' id='par_1_91' title="bbox 1925 3669 3514 3752">
     <span class='ocr_line' id='line_1_91' title="bbox 1925 3669 3514 3752; baseline -0.003 -13"><span class='ocrx_word' id='word_1_656' title='bbox 1925 3699 2050 3739; x_wconf 90' lang='lat' dir='ltr'><strong>vum</strong></span> <span class='ocrx_word' id='word_1_657' title='bbox 2071 3698 2269 3749; x_wconf 88' lang='lat' dir='ltr'><strong>meum,</strong></span> <span class='ocrx_word' id='word_1_658' title='bbox 2287 3669 2389 3738; x_wconf 84' lang='lat' dir='ltr'><strong>non</strong></span> <span class='ocrx_word' id='word_1_659' title='bbox 2413 3681 2638 3752; x_wconf 82' lang='lat' dir='ltr'><strong>puerum</strong></span> <span class='ocrx_word' id='word_1_660' title='bbox 2670 3697 2825 3746; x_wconf 87' lang='lat' dir='ltr'><strong>voco,</strong></span> <span class='ocrx_word' id='word_1_661' title='bbox 2852 3680 2944 3735; x_wconf 86' lang='lat' dir='ltr'><strong>sed</strong></span> <span class='ocrx_word' id='word_1_662' title='bbox 2970 3675 3283 3749; x_wconf 86' lang='lat' dir='ltr'><strong>simpliciter</strong></span> <span class='ocrx_word' id='word_1_663' title='bbox 3305 3680 3514 3750; x_wconf 89' lang='lat' dir='ltr'><strong>appello</strong></span> 
     </span>
    </p>
   </div>
   <div class='ocr_carea' id='block_1_92' title="bbox 1926 3771 3510 3844">
    <p class='ocr_par' dir='ltr' id='par_1_92' title="bbox 1926 3771 3510 3844">
     <span class='ocr_line' id='line_1_92' title="bbox 1926 3771 3510 3844; baseline -0.002 -12"><span class='ocrx_word' id='word_1_664' title='bbox 1926 3771 2093 3832; x_wconf 85' lang='lat' dir='ltr'><strong>Jacob</strong></span> <span class='ocrx_word' id='word_1_665' title='bbox 2123 3789 2174 3831; x_wconf 88' lang='lat' dir='ltr'><strong>et</strong></span> <span class='ocrx_word' id='word_1_666' title='bbox 2201 3775 2385 3840; x_wconf 85' lang='lat' dir='ltr'><strong>Israel,</strong></span> <span class='ocrx_word' id='word_1_667' title='bbox 2423 3785 2480 3830; x_wconf 91' lang='lat' dir='ltr'><strong>ut</strong></span> <span class='ocrx_word' id='word_1_668' title='bbox 2524 3775 2802 3830; x_wconf 76' lang='lat' dir='ltr'><strong>ostendam</strong></span> <span class='ocrx_word' id='word_1_669' title='bbox 2831 3782 2884 3827; x_wconf 89' lang='lat' dir='ltr'><strong>et</strong></span> <span class='ocrx_word' id='word_1_670' title='bbox 2923 3788 3144 3844; x_wconf 81' lang='lat' dir='ltr'><strong>arguam</strong></span> <span class='ocrx_word' id='word_1_671' title='bbox 3175 3783 3510 3844; x_wconf 87' lang='lat' dir='ltr'><strong>peccatores.</strong></span> 
     </span>
    </p>
   </div>
   <div class='ocr_carea' id='block_1_93' title="bbox 1997 3865 3512 3938">
    <p class='ocr_par' dir='ltr' id='par_1_93' title="bbox 1997 3865 3512 3938">
     <span class='ocr_line' id='line_1_93' title="bbox 1997 3865 3512 3938; baseline -0.004 -12"><span class='ocrx_word' id='word_1_672' title='bbox 1997 3869 2164 3926; x_wconf 77' lang='lat' dir='ltr'><strong>Vens.</strong></span> <span class='ocrx_word' id='word_1_673' title='bbox 2210 3871 2300 3926; x_wconf 85' lang='lat'><strong>26.</strong></span> <span class='ocrx_word' id='word_1_674' title='bbox 2327 3902 2395 3911; x_wconf 97' lang='lat'><strong>—</strong></span> <span class='ocrx_word' id='word_1_675' title='bbox 2421 3867 2598 3925; x_wconf 81' lang='lat' dir='ltr'><strong>Reduc</strong></span> <span class='ocrx_word' id='word_1_676' title='bbox 2635 3886 2734 3923; x_wconf 89' lang='lat' dir='ltr'><strong>me.</strong></span> <span class='ocrx_word' id='word_1_677' title='bbox 2762 3865 2906 3922; x_wconf 87' lang='lat' dir='ltr'><strong>Bona</strong></span> <span class='ocrx_word' id='word_1_678' title='bbox 2934 3884 3051 3938; x_wconf 72' lang='lat' dir='ltr'><strong>qua:</strong></span> <span class='ocrx_word' id='word_1_679' title='bbox 3088 3865 3186 3922; x_wconf 81' lang='lat' dir='ltr'><strong>Ieci</strong></span> <span class='ocrx_word' id='word_1_680' title='bbox 3227 3865 3342 3922; x_wconf 84' lang='lat' dir='ltr'><strong>tibi.</strong></span> <span class='ocrx_word' id='word_1_681' title='bbox 3373 3866 3512 3933; x_wconf 78' lang='lat' dir='ltr'><strong>Quid</strong></span> 
     </span>
    </p>
   </div>
   <div class='ocr_carea' id='block_1_94' title="bbox 1929 3959 3513 4034">
    <p class='ocr_par' dir='ltr' id='par_1_94' title="bbox 1929 3959 3513 4034">
     <span class='ocr_line' id='line_1_94' title="bbox 1929 3959 3513 4034; baseline -0.003 -16"><span class='ocrx_word' id='word_1_682' title='bbox 1929 3966 2066 4018; x_wconf 82' lang='lat' dir='ltr'><strong>ultra</strong></span> <span class='ocrx_word' id='word_1_683' title='bbox 2098 3963 2249 4017; x_wconf 82' lang='lat' dir='ltr'><strong>debui</strong></span> <span class='ocrx_word' id='word_1_684' title='bbox 2277 3964 2448 4034; x_wconf 79' lang='lat' dir='ltr'><strong>facere</strong></span> <span class='ocrx_word' id='word_1_685' title='bbox 2481 3962 2594 4026; x_wconf 88' lang='lat' dir='ltr'><strong>tibi,</strong></span> <span class='ocrx_word' id='word_1_686' title='bbox 2628 3973 2673 4015; x_wconf 84' lang='lat' dir='ltr'><strong>et</strong></span> <span class='ocrx_word' id='word_1_687' title='bbox 2706 3977 2808 4015; x_wconf 88' lang='lat' dir='ltr'><strong>non</strong></span> <span class='ocrx_word' id='word_1_688' title='bbox 2832 3960 2971 4030; x_wconf 78' lang='lat' dir='ltr'><strong>feci?</strong></span> <span class='ocrx_word' id='word_1_689' title='bbox 2996 3959 3117 4015; x_wconf 81' lang='lat' dir='ltr'><strong>Vel:</strong></span> <span class='ocrx_word' id='word_1_690' title='bbox 3144 3959 3200 4015; x_wconf 88' lang='lat' dir='ltr'><strong>Si</strong></span> <span class='ocrx_word' id='word_1_691' title='bbox 3231 3959 3359 4030; x_wconf 91' lang='lat' dir='ltr'><strong>quid</strong></span> <span class='ocrx_word' id='word_1_692' title='bbox 3381 3959 3513 4031; x_wconf 90' lang='lat' dir='ltr'><strong>justi</strong></span> 
     </span>
    </p>
   </div>
   <div class='ocr_carea' id='block_1_95' title="bbox 1925 4051 2804 4125">
    <p class='ocr_par' dir='ltr' id='par_1_95' title="bbox 1925 4051 2804 4125">
     <span class='ocr_line' id='line_1_95' title="bbox 1925 4051 2804 4125; baseline -0.003 -14"><span class='ocrx_word' id='word_1_693' title='bbox 1925 4055 2110 4119; x_wconf 82' lang='lat' dir='ltr'><strong>babes,</strong></span> <span class='ocrx_word' id='word_1_694' title='bbox 2144 4070 2243 4125; x_wconf 78' lang='lat' dir='ltr'><strong>ego</strong></span> <span class='ocrx_word' id='word_1_695' title='bbox 2269 4055 2498 4110; x_wconf 83' lang='lat' dir='ltr'><strong>libenter</strong></span> <span class='ocrx_word' id='word_1_696' title='bbox 2526 4051 2804 4124; x_wconf 85' lang='lat' dir='ltr'><strong>recipiam.</strong></span> 
     </span>
    </p>
   </div>
   <div class='ocr_carea' id='block_1_96' title="bbox 1999 4137 3510 4216">
    <p class='ocr_par' dir='ltr' id='par_1_96' title="bbox 1999 4137 3510 4216">
     <span class='ocr_line' id='line_1_96' title="bbox 1999 4137 3510 4216; baseline -0.003 -12"><span class='ocrx_word' id='word_1_697' title='bbox 1999 4151 2160 4205; x_wconf 83' lang='lat' dir='ltr'><strong>Vens.</strong></span> <span class='ocrx_word' id='word_1_698' title='bbox 2203 4149 2291 4204; x_wconf 85' lang='lat'><strong>27.</strong></span> <span class='ocrx_word' id='word_1_699' title='bbox 2334 4182 2402 4190; x_wconf 94' lang='lat'><strong>—</strong></span> <span class='ocrx_word' id='word_1_700' title='bbox 2444 4139 2606 4204; x_wconf 78' lang='lat' dir='ltr'><strong>Pater</strong></span> <span class='ocrx_word' id='word_1_701' title='bbox 2649 4147 2787 4203; x_wconf 81' lang='lat' dir='ltr'><strong>tuus.</strong></span> <span class='ocrx_word' id='word_1_702' title='bbox 2833 4137 3100 4202; x_wconf 77' lang='lat' dir='ltr'><strong>Abraham</strong></span> <span class='ocrx_word' id='word_1_703' title='bbox 3143 4141 3347 4202; x_wconf 81' lang='lat' dir='ltr'><strong>scilicet</strong></span> <span class='ocrx_word' id='word_1_704' title='bbox 3385 4147 3510 4216; x_wconf 87' lang='lat' dir='ltr'><strong>qui,</strong></span> 
     </span>
    </p>
   </div>
   <div class='ocr_carea' id='block_1_97' title="bbox 1929 4237 3502 4309">
    <p class='ocr_par' dir='ltr' id='par_1_97' title="bbox 1929 4237 3502 4309">
     <span class='ocr_line' id='line_1_97' title="bbox 1929 4237 3502 4309; baseline -0.004 -13"><span class='ocrx_word' id='word_1_705' title='bbox 1929 4241 2157 4296; x_wconf 87' lang='lat' dir='ltr'><strong>Domino</strong></span> <span class='ocrx_word' id='word_1_706' title='bbox 2187 4249 2387 4294; x_wconf 88' lang='lat' dir='ltr'><strong>terram</strong></span> <span class='ocrx_word' id='word_1_707' title='bbox 2424 4239 2800 4309; x_wconf 74' lang='lat' dir='ltr'><strong>promissionis</strong></span> <span class='ocrx_word' id='word_1_708' title='bbox 2831 4237 3146 4304; x_wconf 87' lang='lat' dir='ltr'><strong>pollicente,</strong></span> <span class='ocrx_word' id='word_1_709' title='bbox 3183 4238 3461 4304; x_wconf 89' lang='lat' dir='ltr'><strong>respondit</strong></span> <span class='ocrx_word' id='word_1_710' title='bbox 3490 4253 3502 4289; x_wconf 87' lang='lat'><strong>:</strong></span> 
     </span>
    </p>
   </div>
   <div class='ocr_carea' id='block_1_98' title="bbox 1928 4311 3507 4401">
    <p class='ocr_par' dir='ltr' id='par_1_98' title="bbox 1928 4311 3507 4401">
     <span class='ocr_line' id='line_1_98' title="bbox 1928 4311 3507 4401; baseline -0.004 -14"><span class='ocrx_word' id='word_1_711' title='bbox 1928 4333 1994 4387; x_wconf 87' lang='grc' dir='ltr'><em>1η</em></span> <span class='ocrx_word' id='word_1_712' title='bbox 2015 4348 2122 4401; x_wconf 80' lang='lat' dir='ltr'><strong>quo</strong></span> <span class='ocrx_word' id='word_1_713' title='bbox 2157 4334 2317 4385; x_wconf 84' lang='lat' dir='ltr'><strong>sciam</strong></span> <span class='ocrx_word' id='word_1_714' title='bbox 2349 4332 2473 4401; x_wconf 84' lang='lat' dir='ltr'><strong>quia</strong></span> <span class='ocrx_word' id='word_1_715' title='bbox 2496 4311 2765 4400; x_wconf 76' lang='lat' dir='ltr'><strong>possidebo</strong></span> <span class='ocrx_word' id='word_1_716' title='bbox 2793 4329 2946 4380; x_wconf 85' lang='lat' dir='ltr'><strong>eam?</strong></span> <span class='ocrx_word' id='word_1_717' title='bbox 2978 4317 3065 4381; x_wconf 75' lang='lat' dir='ltr'><strong>Vel</strong></span> <span class='ocrx_word' id='word_1_718' title='bbox 3097 4329 3208 4396; x_wconf 88' lang='lat' dir='ltr'><strong>ipse</strong></span> <span class='ocrx_word' id='word_1_719' title='bbox 3235 4328 3507 4381; x_wconf 82' lang='lat' dir='ltr'><strong>Abraham</strong></span> 
     </span>
    </p>
   </div>
   <div class='ocr_carea' id='block_1_99' title="bbox 1927 4415 3504 4494">
    <p class='ocr_par' dir='ltr' id='par_1_99' title="bbox 1927 4415 3504 4494">
     <span class='ocr_line' id='line_1_99' title="bbox 1927 4415 3504 4494; baseline -0.001 -18"><span class='ocrx_word' id='word_1_720' title='bbox 1927 4424 2017 4494; x_wconf 91' lang='lat' dir='ltr'><strong>qui</strong></span> <span class='ocrx_word' id='word_1_721' title='bbox 2061 4419 2313 4492; x_wconf 80' lang='lat' dir='ltr'><strong>peccasse</strong></span> <span class='ocrx_word' id='word_1_722' title='bbox 2344 4415 2539 4476; x_wconf 75' lang='lat' dir='ltr'><strong>dicitur</strong></span> <span class='ocrx_word' id='word_1_723' title='bbox 2579 4421 2630 4475; x_wconf 86' lang='lat' dir='ltr'><strong>in</strong></span> <span class='ocrx_word' id='word_1_724' title='bbox 2669 4421 3023 4491; x_wconf 85' lang='lat' dir='ltr'><strong>promissione</strong></span> <span class='ocrx_word' id='word_1_725' title='bbox 3055 4419 3148 4473; x_wconf 85' lang='lat' dir='ltr'><strong>lilii</strong></span> <span class='ocrx_word' id='word_1_726' title='bbox 3184 4419 3504 4488; x_wconf 87' lang='lat' dir='ltr'><strong>dubitando;</strong></span> 
     </span>
    </p>
   </div>
   <div class='ocr_carea' id='block_1_100' title="bbox 1927 4509 3506 4585">
    <p class='ocr_par' dir='ltr' id='par_1_100' title="bbox 1927 4509 3506 4585">
     <span class='ocr_line' id='line_1_100' title="bbox 1927 4509 3506 4585; baseline -0.002 -15"><span class='ocrx_word' id='word_1_727' title='bbox 1927 4514 2011 4570; x_wconf 80' lang='lat' dir='ltr'><strong>vel</strong></span> <span class='ocrx_word' id='word_1_728' title='bbox 2032 4555 2046 4580; x_wconf 91' lang='lat'><strong>,</strong></span> <span class='ocrx_word' id='word_1_729' title='bbox 2073 4515 2298 4585; x_wconf 87' lang='lat' dir='ltr'><strong>populus</strong></span> <span class='ocrx_word' id='word_1_730' title='bbox 2339 4514 2390 4568; x_wconf 89' lang='lat' dir='ltr'><strong>in</strong></span> <span class='ocrx_word' id='word_1_731' title='bbox 2425 4513 2638 4568; x_wconf 83' lang='lat' dir='ltr'><strong>dcsctto</strong></span> <span class='ocrx_word' id='word_1_732' title='bbox 2667 4524 2852 4567; x_wconf 88' lang='lat' dir='ltr'><strong>contra</strong></span> <span class='ocrx_word' id='word_1_733' title='bbox 2894 4509 3058 4567; x_wconf 82' lang='lat' dir='ltr'><strong>Deum</strong></span> <span class='ocrx_word' id='word_1_734' title='bbox 3091 4515 3506 4580; x_wconf 88' lang='lat' dir='ltr'><strong>murmuraudo,</strong></span> 
     </span>
    </p>
   </div>
   <div class='ocr_carea' id='block_1_101' title="bbox 1935 4604 3506 4676">
    <p class='ocr_par' dir='ltr' id='par_1_101' title="bbox 1935 4604 3506 4676">
     <span class='ocr_line' id='line_1_101' title="bbox 1935 4604 3506 4676; baseline -0.001 -17"><span class='ocrx_word' id='word_1_735' title='bbox 1935 4607 2086 4676; x_wconf 87' lang='lat' dir='ltr'><strong>quasi</strong></span> <span class='ocrx_word' id='word_1_736' title='bbox 2113 4607 2349 4660; x_wconf 86' lang='lat' dir='ltr'><strong>diceret:</strong></span> <span class='ocrx_word' id='word_1_737' title='bbox 2376 4616 2662 4676; x_wconf 78' lang='lat' dir='ltr'><strong>cognoscet</strong></span> <span class='ocrx_word' id='word_1_738' title='bbox 2684 4605 2749 4659; x_wconf 87' lang='lat' dir='ltr'><strong>de</strong></span> <span class='ocrx_word' id='word_1_739' title='bbox 2777 4604 3150 4675; x_wconf 83' lang='lat' dir='ltr'><strong>peccatoribus</strong></span> <span class='ocrx_word' id='word_1_740' title='bbox 3173 4613 3506 4674; x_wconf 82' lang='lat' dir='ltr'><strong>generatum.</strong></span> 
     </span>
    </p>
   </div>
   <div class='ocr_carea' id='block_1_102' title="bbox 2005 4693 3513 4766">
    <p class='ocr_par' dir='ltr' id='par_1_102' title="bbox 2005 4693 3513 4766">
     <span class='ocr_line' id='line_1_102' title="bbox 2005 4693 3513 4766; baseline 0 -16"><span class='ocrx_word' id='word_1_741' title='bbox 2005 4696 2338 4766; x_wconf 84' lang='lat' dir='ltr'><strong>Interpretes.</strong></span> <span class='ocrx_word' id='word_1_742' title='bbox 2382 4696 2547 4764; x_wconf 90' lang='lat' dir='ltr'><strong>Quasi</strong></span> <span class='ocrx_word' id='word_1_743' title='bbox 2582 4695 2784 4751; x_wconf 85' lang='lat' dir='ltr'><strong>diceret</strong></span> <span class='ocrx_word' id='word_1_744' title='bbox 2821 4711 2833 4747; x_wconf 91' lang='lat'>:</span> <span class='ocrx_word' id='word_1_745' title='bbox 2877 4693 3016 4749; x_wconf 86' lang='lat' dir='ltr'><strong>inter</strong></span> <span class='ocrx_word' id='word_1_746' title='bbox 3055 4703 3264 4766; x_wconf 87' lang='lat' dir='ltr'><strong>partes,</strong></span> <span class='ocrx_word' id='word_1_747' title='bbox 3307 4696 3513 4751; x_wconf 85' lang='lat' dir='ltr'><strong>scilicet</strong></span> 
     </span>
    </p>
   </div>
   <div class='ocr_carea' id='block_1_103' title="bbox 1929 4779 2400 4858">
    <p class='ocr_par' dir='ltr' id='par_1_103' title="bbox 1929 4779 2400 4858">
     <span class='ocr_line' id='line_1_103' title="bbox 1929 4779 2400 4858; baseline 0.004 -18"><span class='ocrx_word' id='word_1_748' title='bbox 1929 4779 2116 4858; x_wconf 82' lang='lat' dir='ltr'><strong>pacem</strong></span> <span class='ocrx_word' id='word_1_749' title='bbox 2149 4786 2400 4842; x_wconf 76' lang='lat' dir='ltr'><strong>ferentes.</strong></span> 
     </span>
    </p>
   </div>
   <div class='ocr_carea' id='block_1_104' title="bbox 2500 4919 2942 4978">
    <p class='ocr_par' dir='ltr' id='par_1_104' title="bbox 2500 4919 2942 4978">
     <span class='ocr_line' id='line_1_104' title="bbox 2500 4919 2942 4978; baseline -0.009 0"><span class='ocrx_word' id='word_1_750' title='bbox 2500 4919 2722 4978; x_wconf 79' lang='lat' dir='ltr'><strong>CAPUT</strong></span> <span class='ocrx_word' id='word_1_751' title='bbox 2763 4919 2942 4976; x_wconf 73' lang='lat' dir='ltr'><strong>XLIV.</strong></span> 
     </span>
    </p>
   </div>
   <div class='ocr_carea' id='block_1_105' title="bbox 2005 5036 3509 5103">
    <p class='ocr_par' dir='ltr' id='par_1_105' title="bbox 2005 5036 3509 5103">
     <span class='ocr_line' id='line_1_105' title="bbox 2005 5036 3509 5103; baseline 0.007 -17"><span class='ocrx_word' id='word_1_752' title='bbox 2005 5036 2166 5092; x_wconf 80' lang='lat' dir='ltr'><strong>Vens.</strong></span> <span class='ocrx_word' id='word_1_753' title='bbox 2199 5039 2250 5092; x_wconf 85' lang='lat' dir='ltr'><strong>l.</strong></span> <span class='ocrx_word' id='word_1_754' title='bbox 2281 5067 2350 5078; x_wconf 91' lang='lat'><strong>-—</strong></span> <span class='ocrx_word' id='word_1_755' title='bbox 2377 5038 2444 5092; x_wconf 84' lang='lat' dir='ltr'><strong>Et</strong></span> <span class='ocrx_word' id='word_1_756' title='bbox 2466 5055 2601 5092; x_wconf 87' lang='lat' dir='ltr'><strong>nunc</strong></span> <span class='ocrx_word' id='word_1_757' title='bbox 2622 5040 2767 5103; x_wconf 78' lang='lat' dir='ltr'><strong>nudi,</strong></span> <span class='ocrx_word' id='word_1_758' title='bbox 2791 5038 2975 5093; x_wconf 75' lang='lat' dir='ltr'><strong>Jurob.</strong></span> <span class='ocrx_word' id='word_1_759' title='bbox 2999 5039 3210 5094; x_wconf 89' lang='lat' dir='ltr'><strong>Primos</strong></span> <span class='ocrx_word' id='word_1_760' title='bbox 3239 5040 3422 5096; x_wconf 81' lang='lat' dir='ltr'><strong>ﬁdeles</strong></span> <span class='ocrx_word' id='word_1_761' title='bbox 3445 5043 3509 5097; x_wconf 83' lang='lat' dir='ltr'><strong>de</strong></span> 
     </span>
    </p>
   </div>
   <div class='ocr_carea' id='block_1_106' title="bbox 1931 5127 3506 5199">
    <p class='ocr_par' dir='ltr' id='par_1_106' title="bbox 1931 5127 3506 5199">
     <span class='ocr_line' id='line_1_106' title="bbox 1931 5127 3506 5199; baseline 0.001 -15"><span class='ocrx_word' id='word_1_762' title='bbox 1931 5128 2129 5185; x_wconf 69' lang='lat' dir='ltr'><strong>Judteis</strong></span> <span class='ocrx_word' id='word_1_763' title='bbox 2157 5127 2274 5184; x_wconf 90' lang='lat' dir='ltr'><strong>aliis</strong></span> <span class='ocrx_word' id='word_1_764' title='bbox 2299 5130 2574 5184; x_wconf 84' lang='lat' dir='ltr'><strong>obduratis</strong></span> <span class='ocrx_word' id='word_1_765' title='bbox 2609 5143 2728 5182; x_wconf 89' lang='lat' dir='ltr'><strong>cum</strong></span> <span class='ocrx_word' id='word_1_766' title='bbox 2761 5132 2991 5198; x_wconf 88' lang='lat' dir='ltr'><strong>quodam</strong></span> <span class='ocrx_word' id='word_1_767' title='bbox 3024 5129 3302 5199; x_wconf 83' lang='lat' dir='ltr'><strong>privilegio</strong></span> <span class='ocrx_word' id='word_1_768' title='bbox 3330 5134 3506 5185; x_wconf 86' lang='lat' dir='ltr'><strong>nomi-</strong></span> 
     </span>
    </p>
   </div>
   <div class='ocr_carea' id='block_1_107' title="bbox 1933 5216 3509 5292">
    <p class='ocr_par' dir='ltr' id='par_1_107' title="bbox 1933 5216 3509 5292">
     <span class='ocr_line' id='line_1_107' title="bbox 1933 5216 3509 5292; baseline 0.001 -16"><span class='ocrx_word' id='word_1_769' title='bbox 1933 5222 2018 5276; x_wconf 88' lang='lat' dir='ltr'><strong>nis</strong></span> <span class='ocrx_word' id='word_1_770' title='bbox 2037 5229 2090 5276; x_wconf 85' lang='lat' dir='ltr'><strong>ct</strong></span> <span class='ocrx_word' id='word_1_771' title='bbox 2111 5216 2372 5292; x_wconf 79' lang='lat' dir='ltr'><strong>dignitate</strong></span> <span class='ocrx_word' id='word_1_772' title='bbox 2401 5222 2619 5276; x_wconf 88' lang='lat' dir='ltr'><strong>honoris</strong></span> <span class='ocrx_word' id='word_1_773' title='bbox 2645 5221 3333 5290; x_wconf 82' lang='lat' dir='ltr'><strong>alloquitur;apostolorum</strong></span> <span class='ocrx_word' id='word_1_774' title='bbox 3363 5223 3509 5279; x_wconf 85' lang='lat' dir='ltr'><strong>scili-</strong></span> 
     </span>
    </p>
   </div>
   <div class='ocr_carea' id='block_1_108' title="bbox 1932 5314 3506 5396">
    <p class='ocr_par' dir='ltr' id='par_1_108' title="bbox 1932 5314 3506 5396">
     <span class='ocr_line' id='line_1_108' title="bbox 1932 5314 3506 5396; baseline 0.004 -28"><span class='ocrx_word' id='word_1_775' title='bbox 1932 5323 2018 5368; x_wconf 87' lang='lat' dir='ltr'><strong>cet</strong></span> <span class='ocrx_word' id='word_1_776' title='bbox 2047 5314 2291 5368; x_wconf 75' lang='lat' dir='ltr'><strong>c‘horum.</strong></span> <span class='ocrx_word' id='word_1_777' title='bbox 2324 5315 2482 5380; x_wconf 83' lang='lat' dir='ltr'><strong>Audi,</strong></span> <span class='ocrx_word' id='word_1_778' title='bbox 2509 5314 2674 5369; x_wconf 77' lang='lat' dir='ltr'><strong>Iacob</strong></span> <span class='ocrx_word' id='word_1_779' title='bbox 2697 5332 2836 5370; x_wconf 77' lang='lat' dir='ltr'><strong>serve</strong></span> <span class='ocrx_word' id='word_1_780' title='bbox 2862 5332 3024 5396; x_wconf 67' lang='lat' dir='ltr'><strong>ruens.</strong></span> <span class='ocrx_word' id='word_1_781' title='bbox 3050 5317 3226 5371; x_wconf 84' lang='lat' dir='ltr'><strong>Prima</strong></span> <span class='ocrx_word' id='word_1_782' title='bbox 3257 5319 3506 5385; x_wconf 85' lang='lat' dir='ltr'><strong>servitus,</strong></span> 
     </span>
    </p>
   </div>
   <div class='ocr_carea' id='block_1_109' title="bbox 1939 5407 2418 5462">
    <p class='ocr_par' dir='ltr' id='par_1_109' title="bbox 1939 5407 2418 5462">
     <span class='ocr_line' id='line_1_109' title="bbox 1939 5407 2418 5462; baseline -0.002 -1"><span class='ocrx_word' id='word_1_783' title='bbox 1939 5408 2177 5461; x_wconf 87' lang='lat' dir='ltr'><strong>secunda</strong></span> <span class='ocrx_word' id='word_1_784' title='bbox 2213 5407 2418 5462; x_wconf 78' lang='lat' dir='ltr'><strong>electio.</strong></span> 
     </span>
    </p>
   </div>
   <div class='ocr_carea' id='block_1_110' title="bbox 2003 5487 3508 5576">
    <p class='ocr_par' dir='ltr' id='par_1_110' title="bbox 2003 5487 3508 5576">
     <span class='ocr_line' id='line_1_110' title="bbox 2003 5487 3508 5576; baseline 0.003 -23"><span class='ocrx_word' id='word_1_785' title='bbox 2003 5497 2346 5576; x_wconf 40' lang='lat' dir='ltr'><strong>Vennghg-</strong></span> <span class='ocrx_word' id='word_1_786' title='bbox 2376 5499 2450 5552; x_wconf 83' lang='lat' dir='ltr'><strong>Ab</strong></span> <span class='ocrx_word' id='word_1_787' title='bbox 2475 5510 2621 5552; x_wconf 83' lang='lat' dir='ltr'><strong>utero</strong></span> <span class='ocrx_word' id='word_1_788' title='bbox 2641 5487 2924 5551; x_wconf 64' lang='lat' dir='ltr'><strong>auxiliator</strong></span> <span class='ocrx_word' id='word_1_789' title='bbox 2947 5510 3088 5554; x_wconf 83' lang='lat' dir='ltr'><strong>tuus.</strong></span> <span class='ocrx_word' id='word_1_790' title='bbox 3115 5500 3168 5554; x_wconf 91' lang='lat' dir='ltr'><strong>In</strong></span> <span class='ocrx_word' id='word_1_791' title='bbox 3196 5515 3302 5570; x_wconf 90' lang='lat' dir='ltr'><strong>quo</strong></span> <span class='ocrx_word' id='word_1_792' title='bbox 3325 5499 3508 5558; x_wconf 78' lang='lat' dir='ltr'><strong>fratris</strong></span> 
     </span>
    </p>
   </div>
   <div class='ocr_carea' id='block_1_111' title="bbox 1931 5563 3510 5661">
    <p class='ocr_par' dir='ltr' id='par_1_111' title="bbox 1931 5563 3510 5661">
     <span class='ocr_line' id='line_1_111' title="bbox 1931 5563 3510 5661; baseline 0.007 -20"><span class='ocrx_word' id='word_1_793' title='bbox 1931 5563 2495 5660; x_wconf 41' lang='lat' dir='ltr'><strong>plantatiiarr‘ipuisti,</strong></span> <span class='ocrx_word' id='word_1_794' title='bbox 2531 5589 2632 5654; x_wconf 89' lang='lat' dir='ltr'><strong>vel,</strong></span> <span class='ocrx_word' id='word_1_795' title='bbox 2659 5589 2712 5642; x_wconf 89' lang='lat' dir='ltr'><strong>in</strong></span> <span class='ocrx_word' id='word_1_796' title='bbox 2738 5591 3003 5661; x_wconf 85' lang='lat' dir='ltr'><strong>principio</strong></span> <span class='ocrx_word' id='word_1_797' title='bbox 3029 5589 3283 5648; x_wconf 72' lang='lat' dir='ltr'><strong>Ecclesia:</strong></span> <span class='ocrx_word' id='word_1_798' title='bbox 3317 5607 3510 5652; x_wconf 82' lang='lat' dir='ltr'><strong>manus</strong></span> 
     </span>
    </p>
   </div>
   <div class='ocr_carea' id='block_1_112' title="bbox 1929 5681 2605 5752">
    <p class='ocr_par' dir='ltr' id='par_1_112' title="bbox 1929 5681 2605 5752">
     <span class='ocr_line' id='line_1_112' title="bbox 1929 5681 2605 5752; baseline -0.003 -16"><span class='ocrx_word' id='word_1_799' title='bbox 1929 5691 2339 5752; x_wconf 70' lang='lat' dir='ltr'><strong>persecuturum</strong></span> <span class='ocrx_word' id='word_1_800' title='bbox 2369 5681 2605 5735; x_wconf 83' lang='lat' dir='ltr'><strong>evasisti.</strong></span> 
     </span>
    </p>
   </div>
   <div class='ocr_carea' id='block_1_113' title="bbox 2003 5771 3507 5843">
    <p class='ocr_par' dir='ltr' id='par_1_113' title="bbox 2003 5771 3507 5843">
     <span class='ocr_line' id='line_1_113' title="bbox 2003 5771 3507 5843; baseline 0.003 -16"><span class='ocrx_word' id='word_1_801' title='bbox 2003 5773 2070 5827; x_wconf 77' lang='lat' dir='ltr'><strong>Et</strong></span> <span class='ocrx_word' id='word_1_802' title='bbox 2095 5771 2378 5828; x_wconf 77' lang='lat' dir='ltr'><strong>rectissime</strong></span> <span class='ocrx_word' id='word_1_803' title='bbox 2403 5789 2549 5843; x_wconf 88' lang='lat' dir='ltr'><strong>quem</strong></span> <span class='ocrx_word' id='word_1_804' title='bbox 2579 5773 2726 5842; x_wconf 74' lang='lat' dir='ltr'><strong>elegi.</strong></span> <span class='ocrx_word' id='word_1_805' title='bbox 2752 5773 2935 5839; x_wconf 83' lang='lat' dir='ltr'><strong>Israel,</strong></span> <span class='ocrx_word' id='word_1_806' title='bbox 2957 5776 3248 5830; x_wconf 87' lang='lat' dir='ltr'><strong>secundum</strong></span> <span class='ocrx_word' id='word_1_807' title='bbox 3281 5775 3507 5832; x_wconf 64' lang='lat' dir='ltr'><strong>Hebrai-</strong></span> 
     </span>
    </p>
   </div>
   <div class='ocr_carea' id='block_1_114' title="bbox 1930 5843 3510 5934">
    <p class='ocr_par' dir='ltr' id='par_1_114' title="bbox 1930 5843 3510 5934">
     <span class='ocr_line' id='line_1_114' title="bbox 1930 5843 3510 5934; baseline 0.003 -16"><span class='ocrx_word' id='word_1_808' title='bbox 1930 5879 2046 5919; x_wconf 84' lang='lat' dir='ltr'><strong>cam</strong></span> <span class='ocrx_word' id='word_1_809' title='bbox 2069 5843 2373 5929; x_wconf 71' lang='lat' dir='ltr'><strong>veritatem,</strong></span> <span class='ocrx_word' id='word_1_810' title='bbox 2400 5871 2576 5918; x_wconf 84' lang='lat' dir='ltr'><strong>rectus</strong></span> <span class='ocrx_word' id='word_1_811' title='bbox 2601 5864 2678 5917; x_wconf 72' lang='lat' dir='ltr'><strong>vel</strong></span> <span class='ocrx_word' id='word_1_812' title='bbox 2705 5865 3054 5921; x_wconf 77' lang='lat' dir='ltr'><strong>rectissimus.</strong></span> <span class='ocrx_word' id='word_1_813' title='bbox 3077 5865 3228 5934; x_wconf 84' lang='lat' dir='ltr'><strong>Quod</strong></span> <span class='ocrx_word' id='word_1_814' title='bbox 3258 5877 3400 5933; x_wconf 81' lang='lat' dir='ltr'><strong>ante,</strong></span> <span class='ocrx_word' id='word_1_815' title='bbox 3429 5871 3510 5924; x_wconf 73' lang='lat' dir='ltr'><strong>tir</strong></span> 
     </span>
    </p>
   </div>
  </div>
