4028 6332
651 419 787 475 1287
1143 415 1531 472 WALAFRIDI
1569 415 1816 473 STRABI
1853 417 2060 474 FULD.
2101 416 2269 475 MON.
2307 417 2457 474 OPP.
2495 417 2676 474 PARS
2705 418 2748 473 1.
2791 448 2860 458 -
2898 416 3353 476 THEOLOGICA.
3698 397 3793 490 11.33

643 533 832 589 videns
859 532 1026 586 Deum
1062 529 1258 586 dicitur
1286 548 1300 584 :
1337 546 1445 586 non
1471 546 1502 586 a
1523 531 1872 602 proprietate,
1895 529 1990 585 sed
2024 545 2058 585 a
2085 544 2220 586 sono
2244 535 2300 597 Α
2323 530 2686 602 virtutemque
2720 545 2894 586 meam
2947 540 3005 586 et
3058 531 3376 603 sapientiam
3409 546 3521 602 quae
3547 535 3596 592 in
3618 551 3689 596 me
3713 555 3795 601 εει,

644 626 794 681 vocis
822 625 1070 680 habetur.
2323 635 2430 676 non
2468 629 2552 677 est
2580 621 2718 676 alius
2747 622 2905 677 Deus.

716 718 879 775 Vitas.
909 718 964 773 3.
990 747 1063 758 —
1085 717 1374 788 Eﬁ‘undam
1405 719 1662 790 Spiritum
1695 735 1888 773 meum.
1921 716 2139 774 Scilicet
2165 718 2221 773 in
2393 713 2559 770 Vens.
2588 713 2786 769 6.—Ut
2809 715 2995 769 sciant.
3021 714 3222 772 Esdras
3243 714 3378 770 dicit
3394 715 3578 788 Cyrum
3594 723 3798 795 scripsisse

645 811 914 880 baptismo
939 823 1037 881 per
1066 809 1462 878 impositionem
1493 825 1772 865 manuum.
2322 807 2572 862 omnibus
2597 807 2846 878 gentibus
2874 821 2983 860 non
3009 821 3130 860 esse
3153 805 3321 860 Deum
3340 847 3354 870 ,
3382 807 3480 862 nisi
3506 809 3652 866 Deum
3669 812 3797 873 Israel.

719 899 880 957 Vsus.
903 898 954 954 4.
973 930 1040 940 -
1056 897 1220 964 Quasi
1235 899 1419 954 salices
1433 901 1592 970 juxta
1610 903 2014 972 praeter/luentes
2035 917 2220 972 aquas.
2322 897 2418 953 Vel
2443 912 2512 952 ex
2539 898 2876 968 captivorum
2906 896 3224 952 liberatione
3260 897 3358 952 Dei
3387 898 3642 957 clementia
3667 913 3710 959 et
3733 923 3796 976 po-

648 992 797 1047 Salix
817 992 980 1046 arbor
1006 991 1362 1058 infructuosa,
1389 1001 1523 1058 etc.,
1546 1009 1710 1064 usque
1732 994 1801 1047 ad
1827 1009 1946 1063 quae
1972 993 2082 1049 cito
2106 1009 2224 1049 cre-
2324 991 2488 1046 tentia
2517 991 2765 1046 omnibus
2793 989 2965 1060 magis
2991 998 3138 1043 nuta.
3169 987 3435 1060 Josephus
3462 999 3622 1047 autem
3644 993 3687 1049 in
3708 998 3800 1054 libro

644 1085 778 1141 didit
805 1084 1224 1156 pmdicantibus
1251 1085 1529 1154 apostolis.
2173 1134 2182 1143 ,
2322 1082 2714 1152 Antiquitatum
2764 1082 2884 1137 ideo
2933 1081 3189 1152 p0pulum
3240 1079 3406 1136 fuisse
3451 1081 3693 1140 dimissum
3727 1091 3798 1156 ait,

714 1177 879 1234 Vsus.
907 1178 963 1233 5.
989 1206 1061 1218 —
1083 1176 1193 1232 Iste
1219 1178 1375 1232 dicet.
1406 1177 1753 1233 Credentium
1782 1179 2102 1234 varietatem
2131 1178 2224 1234 de—
2323 1175 2447 1245 quia
2477 1174 2650 1245 Cyrus
2678 1173 2808 1246 legit
2835 1175 2890 1229 in
2928 1173 3066 1229 libro
3094 1173 3247 1228 [saize
3286 1188 3406 1243 qua“:
3442 1175 3504 1230 de
3532 1191 3593 1231 eo
3619 1176 3800 1239 Dominus

644 1271 855 1329 scribit.
2321 1279 2419 1335 per
2453 1267 2769 1336 prophetam
2799 1265 3016 1320 dixerat
3044 1273 3191 1320 ante.
3423 1341 3430 1348 ‘

717 1363 784 1418 Et
810 1365 864 1419 in
893 1361 1101 1418 nomine
1127 1361 1299 1417 Israel
1328 1362 1724 1417 assimilabitur.
1749 1362 1821 1419 Ut
1853 1362 2118 1432 recipiant
2143 1361 2222 1417 le-
2393 1359 2557 1414 Vsus.
2600 1357 2650 1411 7.
2681 1388 2753 1398 —
2781 1357 3058 1412 Tenebras.
3113 1356 3341 1412 Noctem
3375 1357 3458 1414 vel
3505 1362 3798 1432 captivitatem.

640 1471 782 1530 gem,
809 1467 862 1511 et
889 1456 1198 1526 prophetas,
1246 1464 1300 1510 et
1354 1454 1590 1524 Spiritus
1642 1455 1814 1510 sancti
1861 1456 2063 1527 gratias
2106 1471 2224 1526 qua:
2321 1451 2488 1519 Quasi
2531 1455 2856 1523 poenitentes
2901 1453 3155 1508 misertus
3208 1468 3242 1507 a
3295 1453 3594 1523 captivitate
3632 1458 3796 1523 reduco;

638 1545 826 1603 lsraeli
859 1546 1138 1616 promissa:
1173 1554 1319 1600 sunt.
2323 1545 2496 1600 iratus
2523 1553 2814 1614 peccantes
2842 1546 3074 1614 captivo.

711 1641 873 1695 Vens.
905 1639 958 1696 6.
981 1670 1050 1680 —
1072 1638 1187 1709 Ego
1211 1640 1408 1709 primus
1430 1647 1477 1692 et
1503 1655 1596 1708 ego
1620 1638 1949 1692 novissimus.
1978 1637 2109 1692 Post
2131 1652 2225 1691 νο-
2393 1635 2617 1690 Malum.
2652 1635 2774 1708 (ln.)
2804 1636 3008 1691 Bellum
3027 1677 3042 1701 ,
3084 1636 3295 1691 scilicet
3330 1635 3649 1692 aﬂlictionem
3677 1653 3799 1693 secun—

639 1731 910 1786 cationem
937 1729 1176 1800 gentium
1209 1743 1345 1798 quae,
1380 1728 1603 1797 abjectis
1636 1727 1813 1792 idolis,
1845 1727 2218 1788 crediderunt,
2321 1728 2450 1782 dum
2475 1727 2618 1796 quod
2647 1727 2846 1782 dicitur
2875 1746 2888 1782 :
2919 1726 3125 1782 Sufﬁcit
3151 1728 3258 1783 diei
3285 1727 3488 1784 malitia
3512 1744 3617 1784 sua.
3639 1728 3784 1784 Ccnfun

639 1822 749 1892 agit
771 1827 963 1875 contra
985 1834 1080 1874 eos
1100 1819 1190 1887 qui
1223 1818 1461 1872 converti
1493 1817 1795 1870 noluerunt.
2324 1821 2523 1874 dantur
2563 1834 2696 1890 ergo
2741 1819 2832 1889 qui
2881 1819 3050 1875 Deum
3081 1821 3355 1875 malorum
3395 1822 3689 1876 conditorem
3709 1824 3800 1875 arbi-

709 1915 913 1983 Absque
939 1927 1020 1965 me
1049 1927 1152 1964 non
1179 1919 1251 1964 est
1283 1909 1443 1963 Deus.
1473 1908 1589 1962 Non
1619 1908 1753 1962 dicit
1792 1922 1850 1962 se
1884 1906 2056 1962 solum
2080 1921 2220 1971 esse,
2251 1911 2297 1970 Β
2329 1918 2558 1964 trantur.
2588 1909 2687 1965 Hic
2710 1910 2854 1964 enim
2876 1910 3078 1964 malum
3102 1924 3220 1996 non
3243 1910 3567 1966 contrarium
3593 1911 3725 1975 bono,
3746 1912 3801 1965 sed

636 2004 731 2060 sed
750 2012 944 2074 praeter
955 2001 1210 2056 virtutem
1233 2008 1288 2054 et
1309 1999 1628 2068 sapientiam
1649 2013 1800 2053 suam
1825 1997 2027 2052 nullum
2051 2005 2225 2052 exter-
2324 2017 2423 2072 pro
2449 2000 2737 2057 amictione
2763 2001 2984 2072 ponitur
3011 2011 3068 2058 et
3103 2002 3266 2058 bello.

638 2112 767 2150 num
798 2095 965 2149 Deum
989 2107 1130 2157 esse,
1159 2092 1382 2147 deorum
1415 2091 1705 2146 multorum
1734 2089 2042 2160 opinionem
2071 2096 2128 2145 et
2152 2088 2224 2143 si-
2395 2095 2557 2150 vus.
2588 2096 2641 2150 8.
2667 2125 2740 2136 --
2761 2093 2956 2149 Βοταιε
2981 2095 3114 2150 caeli.
3145 2093 3275 2167 an.)
3306 2096 3384 2151 De
3411 2095 3621 2153 adventu
3644 2095 3801 2152 Christi,

639 2187 879 2242 mulacra
908 2183 1293 2239 condemnans.
2322 2203 2420 2258 per
2443 2185 2640 2258 Cyrum
2669 2185 2977 2256 signiﬁcati,
3005 2185 3131 2258 quia
3152 2203 3183 2241 a
3209 2189 3521 2259 captivitate
3535 2188 3694 2243 diaboli
3718 2189 3802 2242 libe-

705 2276 870 2331 νείκει
901 2271 1274 2328 ίῖο-Εδυνίεί
1299 2283 1346 2326 ει
1374 2273 1594 2342 delia.“-
1625 2270 1830 2344 (Ηιειιο)
1869 2269 2035 2324 Fame
2055 2277 2110 2324 θι
2135 2268 2222 2323 δίῑί
2323 2281 2465 2336 rabit
2491 2263 2662 2351 genus
2701 2281 3016 2345 humanum,
3067 2281 3455 2336 convenienter
3499 2279 3715 2351 adjungit.
3744 2277 3802 2331 Vel

636 2364 884 2429 artiﬁcis,
908 2373 1038 2428 etc.,
1063 2378 1223 2433 usque
1252 2361 1320 2416 ad
1346 2378 1576 2433 quorum
1604 2361 1748 2416 Deus
1768 2368 1959 2415 venter
1983 2368 2088 2424 est,
2112 2358 2222 2429 glo-

2209 2389 2222 2398 '
2321 2381 2547 2445 possunt
2567 2373 2681 2428 hac
2710 2373 2915 2428 merere
2950 2372 3344 2443 superioribus,
3375 2381 3434 2427 ut
3458 2371 3586 2444 Cyro
3601 2372 3800 2441 captivita-

639 2455 720 2510 l'ia
751 2455 805 2509 in
840 2452 1156 2510 CODfUSione
1193 2455 1400 2509 θοι·υωῖ
2322 2472 2430 2519 tem
2469 2464 2683 2518 laxante
2715 2463 3108 2534 metonymicos
3140 2463 3342 2519 ctelum
3371 2472 3425 2518 et
3447 2472 3581 2518 terra
3613 2462 3800 2516 laetentur.

709 2545 871 2600 Vsus.
901 2545 991 2600 2'5.
1023 2575 1092 2585 -—
1114 2543 1369 2609 Jubilatc,
1396 2555 1628 2599 extrema
1655 2553 1829 2598 terrae.
1867 2543 1993 2615 (11).)
2027 2541 2220 2614 Angeli

2209 2541 2220 2596 ί
2393 2555 2464 2610 Et
2501 2555 2680 2610 nubes.
2719 2554 3002 2625 Propheta:
3038 2556 3200 2611 corda
3239 2563 3428 2610 nostra
3465 2554 3662 2610 salutari
3687 2553 3800 2622 pluvia

635 2639 792 2712 quasi
831 2638 1227 2694 habitatoribus
1261 2646 1418 2693 terra:
1439 2645 1710 2706 praesunt;
1739 2635 1823 2690 vel
1855 2635 2103 2707 apostoli,
2135 2634 2217 2690 vel

2210 2634 2217 2687 ί
2323 2647 2611 2718 irrigantes
2631 2687 2646 2712 ,
2675 2654 2731 2702 et
2756 2645 2958 2701 Christi
2989 2645 3334 2700 nativitatem
3366 2653 3421 2700 et
3449 2643 3801 2700 resurrectionem

633 2730 910 2802 propheta
929 2743 1094 2800 super
1111 2744 1248 2798 (11³08
1268 2737 1324 2783 ει
1345 2728 1435 2782 alii
1457 2743 1578 2784 esse
1593 2734 1868 2792 οοηειεηῑὶ
1888 2727 2028 2781 unde
2045 2726 2221 2796 EPbe'
2321 2749 2377 2796 et
2411 2738 2785 2795 ascensionem
2821 2736 3202 2791 annuntiantes
3222 2775 3240 2804 ,
3282 2737 3422 2792 unde
3450 2753 3464 2790 :
3496 2734 3716 2790 Mandabo
3743 2749 3802 2784 nu-

633 2826 728 2881 siis
753 2824 950 2878 dicitur
974 2841 987 2876 :
1019 2820 1188 2892 Super
1212 2822 1457 2890 ardiﬁcati
1479 2837 1635 2890 super
1664 2821 2064 2888 fundamentum
2089 2833 2218 2888 apo-

2208 2848 2218 2859 '
2321 2832 2468 2885 bibus
2523 2831 2650 2883 meis
2689 2845 2751 2882 ne
2787 2827 2971 2898 pluant
3005 2845 3161 2899 super
3192 2845 3312 2883 eam
3350 2829 3598 2893 imbrem;
3627 2835 3671 2882 et
3696 2824 3799 2885 alibi,

631 2917 885 2974 stolarum
917 2925 966 2970 et
991 2916 1381 2986 prophetarum,
1403 2921 1510 2968 etc.
2335 2920 2531 2976 Veritas
2561 2931 2651 2974 tua
2684 2937 2846 2992 usque
2877 2921 2944 2974 ad
2977 2921 3155 2976 nubes.

704 3009 870 3064 Vens.
907 3007 999 3062 24.
1025 3035 1097 3048 --
1129 3005 1259 3062 ﬂwc
1291 3006 1418 3060 dicit
1457 3005 1712 3060 Dominus
1743 3003 2080 3074 Redemptor,
2109 3011 2215 3059 etc.
2391 3011 2573 3064 Creari
2601 3027 2721 3064 eum
2747 3011 2837 3080 qui
2864 3023 2883 3061 :
2914 3010 3120 3064 scilicet
3146 3011 3355 3066 vermis
3382 3010 3480 3066 fuit
3498 3051 3514 3076 ,
3539 3019 3590 3064 et
3611 3006 3800 3078 gemina-

631 3103 756 3175 (ln.)
795 3101 970 3172 Supra
997 3099 1207 3157 locutus
1243 3107 1328 3155 est
1364 3099 1428 3154 de
1464 3099 1728 3154 idolorum
1761 3099 2130 3165 subversione,
2163 3106 2218 3154 et
2320 3111 2407 3157 tus
2445 3102 2510 3158 de
2551 3108 2696 3156 terra
2724 3100 2921 3171 legitur
2950 3100 3246 3157 secundum
3278 3102 3663 3157 humanitatem.

630 3194 794 3253 Israel
827 3193 1139 3264 paenitentis
1176 3193 1544 3263 redemptione
1574 3211 1586 3246 :
1626 3208 1769 3246 nunc
1811 3201 1991 3247 autem
2019 3193 2085 3247 de
2115 3207 2214 3262 po-
2391 3193 2552 3250 Vsus.
2590 3194 2643 3250 9.
2672 3223 2744 3235 -—
2779 3192 2871 3248 Va.-
2903 3194 2994 3264 qui
3044 3194 3364 3249 contradicit
3393 3209 3412 3247 :
3463 3193 3604 3265 quasi
3630 3192 3800 3247 diceret:

631 3288 812 3343 lentiae
844 3301 954 3341 suae
996 3285 1388 3354 magnitudine,
1429 3299 1500 3340 ne
1535 3283 1658 3354 quis
1691 3283 1897 3339 dubitet
1931 3284 1997 3340 de
2033 3283 2212 3340 salva-
2244 3269 2290 3334 C
2321 3284 2541 3340 Credite
2566 3300 2688 3355 quas
2721 3285 2956 3356 praedico
2981 3325 2998 3352 ,
3027 3285 3306 3341 Christum
3345 3285 3545 3342 scilicet
3568 3294 3801 3342 venturum,

633 3381 780 3436 tione
809 3394 970 3448 quam
999 3378 1286 3448 promittit.
2314 3375 2441 3444 quia
2460 3416 2474 3439 ,
2519 3371 2611 3427 Va:
2638 3374 2730 3444 qui
2756 3373 3070 3427 contradicit
3105 3372 3302 3442 [actori
3336 3391 3431 3430 suo
3460 3371 3628 3446 (Psal.
3651 3369 3800 3437 xm):

701 3470 865 3527 Vens.
892 3470 982 3526 26.
1006 3499 1076 3513 —
1097 3468 1201 3537 Qui
1230 3469 1365 3524 dico.
1397 3470 1475 3525 De
1502 3470 1900 3527 restauratione
1924 3484 2045 3540 qua:
2071 3469 2214 3524 facta
2314 3469 2399 3525 vel
2433 3469 2633 3541 Cyrum
2671 3467 2758 3522 cui
2790 3481 2887 3538 per
2921 3466 3298 3524 liberationem
3338 3468 3516 3540 populi
3554 3467 3646 3522 mei
3682 3462 3800 3519 omnia

629 3569 713 3617 est
743 3577 776 3616 a
816 3559 1112 3616 Zorobabel
1139 3568 1195 3614 et
1223 3559 1342 3615 aliis
1370 3560 1598 3615 ducibus
1616 3601 1630 3624 ,
1660 3558 1802 3630 Cyro
1835 3559 2211 3629 permittente,
2316 3575 2480 3632 regna
2510 3560 2871 3614 substernam.

629 3650 900 3721 loquitur:
924 3649 1059 3706 Cum
1083 3657 1261 3704 tamen
1278 3649 1452 3705 adhuc
1465 3649 1733 3720 implenda
1747 3657 1891 3704 esset
1907 3650 2211 3720 captivitas.
2385 3653 2548 3708 Vnus.
2581 3651 2668 3707 10.
2685 3681 2755 3692 -
2783 3649 3018 3716 Mulieri,
3057 3652 3186 3722 quid
3217 3651 3456 3721 parturis
3477 3651 3502 3704 ?
3524 3648 3612 3705 Vir
3637 3643 3801 3704 mulieris

704 3741 868 3797 Vens.
905 3741 998 3796 27.
1025 3772 1094 3782 —
1122 3739 1374 3794 Flumina
1418 3751 1529 3796 tua.
1580 3741 1692 3797 Sub
1732 3741 1894 3797 Dario
1925 3741 2131 3796 scilicet
2160 3749 2217 3796 ct
2315 3754 2536 3816 potens,
2572 3742 2768 3798 mulier
2803 3741 2904 3796 viri
2935 3750 3145 3812 potens.

630 3836 772 3909 Cyro
806 3843 1000 3906 nepote
1031 3835 1166 3906 ejus.
1209 3833 1376 3890 Nocte
1410 3835 1554 3890 enim
1587 3850 1694 3906 qua
1729 3835 1797 3889 ab
1822 3835 1901 3890 eis
1933 3835 2218 3889 Balthasar
2385 3837 2550 3892 Vsus.
2583 3837 2671 3892 11.
2693 3867 2765 3879 -
2785 3835 2992 3892 Plastes
3015 3838 3130 3908 ejus
3150 3877 3165 3901 ,
3193 3836 3352 3902 Filii,
3381 3835 3648 3893 secundum
3670 3831 3799 3886 huma-

631 3929 842 3983 occisus
862 3935 964 3992 est,
1000 3927 1304 3999 Euphrates
1329 3927 1543 3993 ﬂuvius,
1565 3927 1658 3998 qui
1688 3943 1787 3998 per
1819 3927 2050 3983 mediam
2081 3926 2213 3980 civi-
2316 3928 2538 3982 nitatem
2566 3927 2619 3981 in
2643 3937 2798 3982 utero
2815 3927 3085 3996 virginali,
3113 3927 3260 3982 unde
3289 3948 3302 3981 :
3325 3927 3546 3998 Spiritus
3566 3932 3732 3978 sanctus
3749 3934 3799 3969 u-

634 4025 798 4071 tatem
822 4015 1040 4081 ﬂuebat,
1065 4019 1134 4072 ab
1155 4031 1340 4072 eorum
1366 4019 1608 4073 exercitu
1635 4019 1690 4073 in
1715 4019 1862 4074 rivos
1881 4018 2085 4074 divisus
2109 4025 2212 4084 est,
2312 4018 2568 4088 perveniet
2589 4018 2644 4070 in
2663 4026 2739 4080 te,
2764 4025 2814 4070 et
2833 4015 2998 4070 virtus
3020 4016 3276 4070 Altissimi
3300 4015 3608 4071 obumbrabit
3625 4011 3697 4065 tibi
3705 4050 3715 4072 ,
3732 4015 3796 4061 tlt-

632 4115 694 4161 ut
719 4121 819 4177 per
842 4105 960 4178 ejus
981 4104 1193 4162 alveum
1218 4107 1489 4163 civitatem
1519 4108 1949 4179 ingrederentur.
2391 4109 2553 4164 Vnus.
2595 4109 2680 4163 12.
2710 4139 2781 4148 -
2803 4107 2871 4162 Et
2899 4107 3293 4162 omni-militiae.
3335 4107 3449 4164 Hac
3482 4105 3718 4163 occasione
3737 4114 3796 4168 pu-

2313 4209 2431 4255 tant
2456 4201 2674 4270 quidam
2704 4207 2848 4255 astra
2877 4212 2999 4254 esse
3022 4198 3308 4254 rationalia
3337 4215 3353 4266 ;
3385 4199 3532 4254 aiunt
3553 4196 3694 4256 enim,
3719 4188 3795 4260 quia

1205 4257 1432 4317 CAPUT
1468 4258 1628 4316 XLV'
2314 4257 2602 4346 insensatis
2632 4306 2737 4346 non
2767 4289 3051 4345 mandaret
3079 4289 3284 4360 aliquid
3300 4329 3316 4356 ,
3338 4257 3468 4360 (qua
3494 4287 3706 4344 mandata
3730 4257 3794 4333 non

704 4379 867 4434 Vsus.
896 4378 952 4432 l.
975 4406 1048 4418 —
1071 4375 1199 4432 Haec
1230 4379 1356 4432 dicit
1384 4378 1639 4435 Dominus
1660 4379 1886 4436 Christo.
1923 4379 2077 4452 Apud
2107 4378 2214 4436 Ro-
2312 4382 2692 4455 intelligerent.

633 4485 826 4525 manos
850 4468 1117 4534 diadema,
1148 4470 1288 4538 apud
1314 4469 1528 4527 Judaeos
1559 4471 1764 4537 unctio,
1802 4478 1857 4526 et
1893 4486 2046 4540 reges
2083 4471 2215 4526 facit
2381 4474 2546 4530 Vsus.
2581 4473 2668 4529 15.
2699 4504 2770 4516 ——
2795 4472 2908 4546 Ego
2943 4475 3208 4530 suscitavi.
3257 4473 3417 4547 (ιιι.)
3447 4470 3597 4541 Quasi
3619 4469 3790 4525 diceret:

632 4570 688 4615 et
713 4561 1042 4627 sacerdotes,
1087 4577 1116 4615 a
1145 4578 1250 4632 qua
1275 4573 1329 4616 et
1359 4562 1545 4617 christi
1572 4563 1841 4618 dicuntur.
1872 4561 2042 4634 Cyrus
2066 4563 2212 4618 chri-
2238 4630 2278 4638 ω
2313 4567 2415 4636 Qui
2441 4566 2746 4638 supradicta
2775 4565 2908 4631 feci;
2941 4564 3069 4636 quid
3096 4566 3293 4620 mirum
3318 4567 3364 4621 si
3385 4573 3441 4620 et
3460 4563 3632 4620 Filium
3653 4557 3790 4613 milia!“

633 4660 768 4716 stus,
791 4667 897 4706 non
918 4630 1192 4718 unctione“,
1223 4653 1317 4708 sed
1341 4653 1616 4726 dignitate.
1917 4630 1928 4634 v
2232 4630 2286 4690 Β
2394 4630 2648 4716 mundum
2678 4670 2739 4715 ut
2763 4630 2993 4716 redimat
3013 4674 3182 4730 genus
3206 4660 3498 4714 humanum
3521 4665 3570 4712 et
3590 4669 3615 4708 a
3638 4645 3789 4707 mortuis

703 4744 952 4798 Etdorsa
975 4761 1170 4815 regum.
1213 4744 1335 4815 (In.)
1368 4746 1498 4812 Quae
1537 4747 1724 4802 civitas
1744 4746 1820 4801 illi
1859 4761 1965 4801 non
2003 4746 2209 4817 patuit?
2315 4751 2567 4808 suscitem
2597 4750 2767 4805 eum?

634 4835 766 4903 Quis
777 4851 962 4906 regum
975 4842 1120 4906 terga
1136 4851 1240 4890 non
1254 4836 1547 4903 vertit?qui
1565 4836 1724 4901 muri,
1742 4847 1863 4891 ante
1882 4837 2209 4906 inexpugna-
2380 4840 2507 4894 Vias
2528 4840 2641 4909 ejus
2664 4839 2908 4910 dirigam.
2941 4837 3046 4904 Qui
3073 4847 3340 4909 peccatum
3367 4853 3469 4893 non
3489 4835 3597 4906 fecit
3613 4871 3627 4899 ,
3650 4842 3716 4883 κει
3734 4825 3785 4876 ίιι·

634 4927 792 4993 biles,
825 4943 930 4984 non
960 4936 1090 4982 sunt
1110 4931 1227 4998 ejus
1264 4928 1541 4983 obsidione
1568 4927 1847 4982 subversi?
1875 4927 1998 4983 Haec
2027 4939 2205 4984 autem
2313 4939 2490 4985 ventus
2515 4939 2587 4984 cst
2615 4928 2768 4983 dolus
2793 4928 2847 4982 in
2875 4944 2962 4982 ore
2990 4927 3103 4998 ejus
3131 4927 3150 4999 (
3175 4927 3202 4981 I
3229 4927 3377 4983 Petr.
3403 4943 3443 4982 tt
3461 4927 3502 4999 ).

609 5018 898 5088 completa
925 5017 1134 5088 plenius
1155 5018 1394 5074 invenies
1413 5019 1468 5072 in
1488 5018 1713 5073 historia
1740 5018 2132 5089 Xenophontis.
2385 5021 2504 5091 Ipse
2531 5019 2829 5089 wdi/icabit.
2859 5019 2982 5090 (lo.)
3013 5018 3088 5073 De
3117 5034 3224 5088 quo
3255 5019 3455 5075 dictum
3481 5024 3558 5072 est
3579 5031 3593 5070 :
3618 5010 3709 5066 Non
3729 5019 3780 5056 τίμ

707 5110 872 5164 Vnus.
895 5108 948 5164 3.
975 5139 1046 5150 -—
1071 5108 1361 5164 Thesauros
1390 5108 1736 5162 absconditos.
1769 5108 2101 5164 Cunctarum
2121 5126 2212 5165 ur-
2311 5111 2533 5182 gnovisti
2568 5126 2670 5164 me.
2709 5110 2819 5164 Nec
2853 5111 2967 5180 ipse
3001 5110 3286 5165 aediﬁcavit
3311 5110 3570 5166 civitatem
3590 5101 3656 5156 vel
3690 5104 3760 5150 ιειη

635 5200 815 5265 bium,
842 5208 906 5256 ut
935 5200 1160 5271 abiectis
1196 5198 1383 5264 idolis,
1412 5199 1687 5254 beneﬁciis
1723 5199 2012 5266 invitatus,
2043 5216 2208 5255 unum
2310 5201 2489 5272 plum,
2525 5201 2621 5256 sed
2655 5199 2902 5272 permisit
2934 5199 3189 5254 aedificari
3220 5217 3234 5253 :
3268 5216 3366 5255 nec
3399 5200 3452 5255 in
3485 5195 3588 5265 ejus
3610 5193 3777 5254 ιεωροκ

636 5289 805 5345 Deum
845 5290 1094 5355 sentires,
1119 5290 1208 5359 qui
1233 5299 1357 5345 ante
1381 5290 1630 5360 praedixit
1657 5305 1850 5346 nomen
1883 5299 2030 5346 tuum
2059 5299 2212 5347 ante-
2311 5293 2414 5348 hoc
2441 5297 2871 5348 consummatum
2899 5298 2981 5345 est
2999 5330 3016 5356 ,
3046 5291 3140 5346 sed
3169 5290 3406 5346 Assueri.

637 5399 798 5452 quam
825 5397 992 5438 αδδεδ·
2378 5381 2542 5439 Vnus.
2601 5381 2686 5436 ﬂ.
2728 5411 2800 5422 —
2841 5379 3016 5435 Labor
3059 5381 3295 5452 Ai‘gypti.
3348 5378 3523 5436 Cultus
3567 5367 3772 5429 idolorum-

707 5471 872 5528 Vsas.
899 5472 954 5528 4.
978 5503 1050 5515 -
1073 5471 1142 5528 Et
1171 5475 1346 5530 vocavi
1370 5483 1436 5529 te.
1467 5473 1612 5545 (ln.)
1643 5475 1794 5532 Sicut
1822 5478 2011 5534 vocavi
2036 5478 2206 5533 Abra-
2306 5471 2529 5528 Multum
2580 5471 2726 5527 enim
2773 5470 3056 5525 laborabat
3101 5468 3158 5523 in
3203 5465 3544 5537 exsequendis
3585 5455 3772 5544 Μοιοτυυξ

637 5562 784 5630 ham,
809 5563 960 5619 lsaac
977 5573 1032 5620 et
1049 5563 1378 5632 Jacob,eto.,
1400 5580 1558 5633 usque
1578 5565 1647 5618 ad
1671 5565 1838 5619 Filius
1857 5575 2035 5620 autem
2057 5567 2208 5621 Chri-
2305 5565 2605 5622 sacriﬁciis.
2670 5562 2776 5618 Sed
2837 5559 3095 5632 apostolis
3156 5558 3551 5632 praedicantibus
3594 5551 3768 5635 convert!

639 5664 754 5710 stus
770 5627 898 5709 ioleo
924 5655 1122 5709 Iustitiae
1150 5627 1342 5709 unctus
1364 5627 1485 5724 pra:-
1511 5653 1864 5723 participibus
1894 5654 2025 5708 suis.
2305 5665 2463 5722 sunt,
2512 5664 2568 5712 et
2615 5671 2727 5726 prae
2779 5627 3030 5710 omnibus
3079 5627 3260 5724 regnis
3306 5650 3559 5707 abundant
3596 5638 3652 5694 ibi
3687 5627 3768 5686 τάῧ·

709 5743 871 5797 Vens.
901 5743 956 5797 5.
975 5743 1222 5797 —E:ctra
1252 5759 1349 5796 me.
1379 5743 1514 5808 Quia
1545 5741 1710 5795 Filius
1739 5748 1794 5795 et
1823 5740 2054 5811 Spiritus
2081 5759 2206 5799 san-
2305 5749 2490 5819 gioncs
2527 5746 2910 5802 monachorum
2931 5783 2945 5809 ,
2980 5755 3033 5798 ut
3071 5745 3159 5798 ubi
3193 5741 3458 5798 abundavit
3483 5730 3766 5790 delictum!"

641 5845 758 5893 ctus
783 5836 836 5889 in
866 5835 1059 5899 Patre;
1086 5843 1280 5903 praeter
1309 5849 1609 5890 sermonem
1638 5833 1833 5904 quippe
1863 5843 1918 5890 et
1942 5835 2203 5894 rationem
2305 5838 2621 5910 perabandet
2647 5847 2694 5891 et
2721 5836 2896 5905 gratia
2926 5836 2943 5904 (
2967 5833 3114 5890 Rom.
3141 5851 3172 5888 v
3195 5835 3236 5906 ).
