4028 6332
609 383 740 439 1291

1103 379 1493 434 WALAFRIDI
1534 379 1777 434 STRABI
1817 377 2019 433 FULD.
2064 375 2225 431 MON.
2269 373 2417 431 OPP.
2461 374 2638 430 PARS
2678 375 2718 429 I.
2759 406 2826 414 —
2866 357 3312 432 TIIEOLOGICA:

3653 369 3755 444 ius

605 495 891 567 Babylonis
963 507 1062 562 per
1127 492 1385 563 supplicia
1444 501 1603 548 vocat
1663 493 1730 547 ad
1787 491 2179 562 penitentiam.
2212 501 2262 558 Α
2361 491 2522 547 Vens.
2561 491 2645 546 I7.
2690 491 2802 562 Ego
2845 491 3116 546 Dominus.
3149 491 3249 559 Qui
3300 492 3452 547 Israel
3497 496 3641 553 futura
3674 518 3759 572 pro.

1151 581 1378 638 CAPUT
1417 580 1644 635 XLVIII.

679 677 845 732 Vens.
883 676 937 729 1.
966 704 1026 714 -
1058 674 1249 728 Audite
1268 674 1398 727 hare.
1425 671 1628 742 (Ηιειι.)
1657 669 1999 725 Consuetudo
2019 675 2102 723 est
2127 676 2186 722 ut

606 765 827 838 quando
851 766 1028 836 agitur
1067 764 1132 818 de
1177 761 1377 815 carnali
1417 759 1603 825 Israel,
1632 759 1950 829 simpliciter
1973 767 2028 813 et
2069 758 2184 811 sine

607 857 845 914 nominis
873 854 1172 926 adiectione
1197 853 1364 908 Jacob
1387 852 1467 907 vel
1501 850 1667 906 Israel
1703 851 1938 916 dicatur,
1960 851 2098 905 sicut
2128 849 2185 903 in

611 951 714 1004 hoc
740 948 880 1013 loco,
914 947 1002 1002 ubi
1030 960 1124 1001 eos
1152 945 1458 1016 alloquitur,
1484 944 1576 1013 qui
1603 943 1821 998 nomine
1839 950 1996 997 tenus
2020 941 2186 997 Jacob

603 1041 693 1094 we]
725 1039 890 1095 Israel
921 1037 1278 1109 appellantur.

682 1128 752 1183 Et
801 1129 866 1182 de
901 1129 1051 1199 aquis
1093 1127 1258 1182 Iuda.
1301 1126 1451 1182 Judae
1499 1126 1629 1181 facit
1666 1126 2011 1192 mentionem,
2063 1128 2186 1198 quia

611 1221 798 1276 decem
849 1219 1094 1275 tribubus
1156 1217 1460 1286 captivatis,
1520 1213 1655 1270 Juda
1704 1224 1760 1270 et
1804 1215 2083 1286 Beniamin
2134 1224 2190 1271 et

613 1314 814 1371 Levita:
848 1315 1071 1369 interra
1107 1312 1479 1384 promissionis
1505 1312 1814 1377 manebant,
1845 1318 1900 1366 et
1919 1323 2102 1380 regem
2125 1309 2190 1364 de

613 1403 639 1456 J
647 1405 749 1458 uda
782 1403 1068 1458 habebant.

692 1495 849 1549 Vens.
889 1494 944 1548 2.
967 1492 1134 1548 —De
1159 1493 1362 1547 civitate
1382 1493 1520 1546 enim
1548 1501 1751 1547 sancta.
1785 1492 1904 1563 (1ο.)
1932 1490 2011 1546 Ac
2045 1489 2089 1545 si
2113 1489 2189 1544 di-

615 1592 702 1638 cat
726 1601 738 1636 :
772 1581 1116 1638 Habitatores
1135 1579 1439 1636 Jerusalem
1463 1595 1560 1635 vos
1586 1595 1707 1636 esse
1731 1579 1970 1651 iactatis,
2001 1586 2056 1634 et
2084 1577 2191 1632 Do-

617 1674 744 1728 mini
777 1672 1013 1728 Sabaoth
1059 1672 1258 1728 habere
1289 1669 1652 1740 privilegium,
1682 1685 1807 1725 cum
1835 1683 1989 1724 cassa
2015 1665 2188 1729 vobis,

614 1762 801 1827 Jacob,
836 1762 1024 1826 Israel,
1049 1769 1103 1816 et
1132 1771 1333 1817 sancta:
1373 1760 1540 1824 urbis,
1569 1759 1663 1814 Dei
1693 1756 2074 1828 omnipotentis
2101 1768 2191 1808 as-

615 1853 843 1908 sumatis
868 1853 1148 1909 vocabula.

685 1941 850 1997 Vsus.
900 1942 954 1995 5.
985 1971 1049 1980 -
1084 1938 1276 1994 Priora
1334 1951 1543 1994 extunc.
1589 1937 1820 1991 Prtedixi
1867 1933 2192 2007 Babylonios

614 2032 966 2103 superandos,
1013 2039 1068 2086 et
1101 2039 1320 2100 repente
1369 2029 1563 2083 faciam
1591 2026 1738 2097 quod
1768 2024 2001 2079 minatus
2030 2038 2146 2077 sum
2175 2041 2188 2074 :

613 2135 672 2181 ιιι
699 2141 823 2180 cum
852 2123 1098 2180 venerint
1122 2137 1241 2192 quae
1282 2120 1540 2192 praedicta
1579 2127 1726 2184 sunt,
1769 2117 1908 2173 scias
1949 2130 2049 2170 nec
2078 2113 2191 2169 l‘or-

607 2220 754 2273 .tuito
774 2232 876 2273 nec
910 2217 1132 2274 deorum
1161 2225 1375 2271 tuorum
1401 2222 1532 2270 nutu
1562 2212 1850 2268 accidisse.

685 2307 880 2363 Priora
905 2305 1164 2362 miracula
1182 2346 1197 2371 ,
1221 2305 1426 2361 scilicet
1456 2318 1576 2374 qua:
1601 2302 1702 2358 feci
1728 2303 1782 2356 in
1806 2299 1984 2355 medio
2005 2313 2191 2354 eorum

609 2417 686 2457 ex
716 2416 823 2472 quo
864 2401 934 2457 ab
970 2398 1206 2470 Aigypto
1243 2398 1513 2461 exierunt,
1543 2403 1598 2451 et
1623 2393 1938 2449 imminente
1964 2389 2191 2460 captivi-

612 2502 727 2548 tate
775 2508 807 2546 a
853 2489 1344 2546 Nabuchodonosor
1394 2507 1407 2543 :
1463 2501 1609 2543 nunc
1663 2495 1845 2540 autem
1903 2491 2193 2551 antequam

611 2584 956 2656 eaptiventur
983 2581 1227 2654 praedicit
1269 2595 1456 2636 eorum
1502 2576 1879 2635 liberationem
1931 2583 1985 2629 et
2033 2571 2192 2628 Chal-

615 2679 852 2732 dzeorum
909 2673 1293 2737 vastationem;
1347 2671 1490 2726 unde
1540 2676 1762 2739 repente
1813 2665 2019 2721 scilicet
2074 2677 2194 2732 qua:

615 2777 843 2822 ventura
867 2766 1102 2837 praedico
1126 2771 1382 2834 operatus
1407 2776 1546 2818 sum.

687 2858 848 2913 Vnus.
886 2856 939 2910 4.
964 2885 1033 2896 --
1063 2855 1267 2909 Nervus
1289 2853 1510 2922 ferreus.
1533 2849 1670 2904 Hinc
1691 2848 1998 2916 Stephanus
2022 2862 2034 2897 :
2059 2845 2194 2896 dura

615 2947 810 3002 cervice
831 2955 878 3001 et
898 2943 1248 2998 incircumcisi
1271 2941 1513 2996 cordibus
1545 2938 1684 3010 (Act.
1713 2936 1870 3007 xvii).

688 3036 862 3091 Frons
890 3044 982 3090 tua
1029 3049 1206 3089 terea:
1245 3030 1386 3088 unde
1427 3027 1720 3084 Ezechiel:
1776 3023 1960 3078 Omnis
2009 3023 2196 3092 quippe

617 3129 803 3182 domus
829 3124 1000 3182 Israel
1036 3124 1219 3178 attrita
1262 3122 1432 3191 fronte
1455 3128 1529 3174 est
1567 3115 1785 3188 (Ezech.
1840 3115 1943 3182 ut),
1991 3123 2096 3168 etc.
2129 3109 2196 3165 Et

618 3309 764 3364 luisti
788 3307 1086 3364 erubescere
1119 3304 1253 3377 (Jer.
1283 3301 1389 3371 ιιι).

691 3401 855 3456 Vnus.
885 3399 939 3454 6.
962 3427 1030 3440 -——
1056 3398 1124 3453 Et
1149 3408 1452 3453 conseruata
1480 3407 1619 3453 sunt.
1652 3395 1816 3465 Quasi
1846 3394 1990 3449 dicat
2014 3410 2026 3445 :
2072 3391 2199 3444 Plu-

619 3493 758 3550 rima
784 3492 1201 3548 annuntiatarus
1229 3504 1400 3554 eram,
1446 3489 1540 3545 sed
1585 3487 1710 3558 quia
1751 3499 1857 3540 non
1895 3481 2198 3538 recordaris

619 3599 740 3655 quae
762 3583 905 3649 dico,
945 3598 1066 3652 quae
1099 3581 1344 3637 dicturus
1389 3594 1544 3634 eram
1585 3591 1826 3633 reservo.

693 3673 854 3729 Vens.
883 3672 938 3727 9.
959 3703 1027 3712 —
1061 3671 1282 3741 Propter
1308 3685 1493 3724 nomen
1527 3684 1717 3722 meum.
1744 3665 1966 3721 Scilicet
1988 3677 2057 3717 ne
2086 3661 2202 3716 vio-

621 3765 864 3820 laretur:
903 3761 1052 3831 longe
1079 3759 1308 3830 faciam;
1332 3757 1432 3827 feci
1457 3773 1476 3811 :
1512 3755 1718 3812 scilicet
1757 3754 1993 3808 furorem
2021 3765 2200 3805 meum

623 3872 692 3911 ne
727 3852 1091 3925 disperderem
1136 3861 1206 3916 te,
1235 3849 1363 3920 quia
1391 3848 1629 3905 adorasti
1661 3845 1922 3901 vitulum:
1955 3854 2002 3898 et
2044 3841 2200 3896 laude

613 3963 738 4000 enea
760 3947 843 4015 (ut
865 3959 952 3999 me
969 3943 1174 3998 scilicet
1193 3939 1461 4012 laudares)
1487 3953 1500 3993 :
1534 3936 1817 4008 Infrenabo
1837 3946 1886 3989 te
1911 3934 2028 4004 lege
2059 3945 2196 3988 mea.

696 4035 865 4091 Vnus.
893 4034 978 4088 -l0.
1005 4063 1080 4074 —
1103 4033 1173 4087 In
1195 4033 1399 4086 camino
1431 4030 1772 4101 paupertatis.
1809 4026 1932 4098 (ln.)
1955 4025 2200 4094 Purgan-

622 4127 698 4184 do
724 4141 823 4199 per
851 4131 1244 4196 paupertatem,
1282 4119 1500 4176 divitias
1547 4128 1667 4173 tuas
1707 4118 1884 4172 dando
1913 4115 2197 4176 hostibus;

622 4219 711 4274 vel
730 4219 802 4273 'in
843 4215 1095 4288 ίΕεγριο,
1125 4213 1218 4270 ubi
1241 4209 1546 4268 ostenditur
1567 4207 1771 4264 divitiis
1808 4214 1863 4261 et
1891 4211 2204 4275 paupertate

622 4311 913 4380 plerosque
958 4305 1174 4361 tentari.

698 4400 861 4453 Vens.
905 4396 991 4452 12.
1038 4425 1108 4436 -—-
1155 4395 1292 4449 Audi
1325 4411 1424 4458 me,
1476 4391 1664 4447 Iacob.
1719 4389 1936 4462 (IIII-2n.)
1989 4387 2206 4443 Eisdem

626 4491 806 4548 adhuc
825 4489 1084 4559 loquitur,
1110 4494 1242 4551 etc.,
1267 4501 1428 4557 usque
1453 4483 1522 4538 ad
1549 4483 1642 4539 sed
1665 4489 1888 4538 vocatos
1917 4478 2170 4549 appellat.

699 4593 865 4648 Vens.
895 4590 983 4646 14.
1011 4620 1081 4630 ——
1109 4587 1506 4660 Congregamini
1548 4601 1724 4640 omnes
1763 4599 1868 4638 vos.
1911 4581 2049 4650 Quid
2081 4595 2209 4651 ergo

629 4684 893 4757 gloriatur
915 4691 1058 4738 terra
1080 4691 1134 4737 et
1157 4680 1294 4736 cinis
1315 4688 1370 4736 et
1389 4681 1642 4750 ignorans
1655 4676 1996 4748 fragilitatem
2018 4689 2167 4730 suam
2188 4674 2211 4726 ?

627 4807 651 4821 .
693 4772 1044 4840 .Annuntiavit
1066 4773 1196 4826 tuaac.
1223 4771 1377 4838 Quod
1409 4769 1584 4840 Cyrus
1608 4767 1935 4838 Babylonem
1967 4763 2210 4820 destrue-

631 4876 737 4933 ret,
763 4865 851 4922 vel
873 4864 1002 4936 quia
1026 4862 1192 4918 Filius
1221 4877 1372 4918 meus
1396 4862 1463 4917 de
1487 4861 1695 4930 virgine
1719 4859 2022 4914 nasciturus
2043 4865 2205 4911 esset.

705 4958 962 5012 Dominus
990 4954 1170 5010 dilexit
1219 4971 1354 5007 eum.
1402 4952 1527 5008 Haec
1570 4951 1784 5023 proprie
1825 4951 1891 5006 ad
1936 4948 2210 5004 Christum

633 5048 928 5120 pertinent.
967 5045 1202 5102 Possunt
1228 5051 1406 5098 tamen
1449 5044 1517 5098 ad
1560 5043 1759 5114 Cyrum
1810 5040 2004 5096 referri
2049 5048 2103 5093 et
2143 5039 2212 5092 ad

636 5143 860 5198 Darium
889 5154 1060 5210 usque
1089 5138 1156 5193 ad
1179 5137 1353 5192 locum
1380 5135 1528 5190 illum
1561 5151 1575 5190 :
1614 5133 1824 5189 Directa
1850 5142 1923 5188 est
1949 5132 2034 5185 via
2077 5129 2210 5200 ejus.

713 5232 881 5288 Suam
902 5242 921 5282 :
943 5229 1068 5299 quia
1088 5229 1263 5297 capiet
1286 5241 1424 5281 eam.
1452 5225 1568 5290 Vel,
1597 5224 1765 5279 Filius
1808 5223 1862 5278 in
1902 5221 2102 5276 mundo
2132 5235 2216 5274 re-

641 5323 894 5379 dimendo
941 5335 1083 5386 eum,
1127 5321 1218 5389 qui
1261 5328 1315 5374 et
1345 5316 1624 5373 Chaldaeos
1663 5315 1894 5386 (scilicet
1919 5311 2214 5382 daemones)

641 5414 825 5486 eiecit,
855 5411 1274 5482 unde,princcps
1306 5408 1464 5478 hujus
1487 5407 1667 5461 mundi
1691 5407 1928 5476 ejicietur
1942 5403 2108 5474 foras.

2288 585 2463 638 mitto.
2493 583 2691 639 Reddit
2711 599 2927 638 causam
2959 599 3127 652 quare
3156 599 3249 638 eos
3279 585 3423 652 prius
3449 587 3671 645 alllixerit.

2359 673 2518 730 Vens.
2544 675 2634 729 21.
2658 707 2719 714 -
2750 674 2870 728 Non
2883 675 3139 729 sitierunt.
3156 674 3278 745 (In.)
3295 675 3584 747 DeEgypto
3604 685 3762 738 venien-

2287 767 2428 822 tibus
2443 766 2509 822 ad
2524 766 2780 832 litteram,
2797 779 2921 830 etc.,
2942 785 3101 837 usque
3120 768 3187 820 ad
3201 768 3378 822 satiati
3400 784 3523 838 aqua
3539 774 3760 842 sapientia.

2359 857 2524 913 Scidit
2569 869 2788 930 petram.
2823 861 2982 914 Petra
3028 869 3149 915 erat
3189 859 3452 915 Christus.
3483 861 3704 920 Scinditur
3725 871 3761 924 in

2286 958 2470 1018 partes
2497 965 2677 1004 sermo
2705 950 2932 1012 divinus,
2973 960 3031 1004 ut
3066 964 3224 1018 quem
3253 960 3420 1006 totum
3448 953 3764 1023 susciperem

2287 1057 2596 1115 possumus,
2624 1057 2732 1116 per,
2747 1051 2928 1112 partes
2958 1059 3254 1096 sumamus.

2361 1131 2427 1185 Et
2449 1133 2712 1202 ﬂuxerunt
2742 1149 2910 1202 aqum.
2942 1130 3090 1187 Unus
3113 1133 3337 1186 militum
3359 1131 3529 1188 lancea
3552 1133 3662 1190 latus
3689 1140 3765 1208 ejus

2289 1223 2510 1289 aperuit,
2555 1233 2602 1276 et
2637 1225 2883 1277 continuo
2909 1224 3061 1277 exivit
3095 1224 3309 1293 sanguis
3340 1235 3520 1278 nostri:
3543 1228 3769 1294 redemptio-

2289 1313 2390 1377 nis,
2435 1321 2482 1366 et
2521 1331 2658 1384 aqua
2683 1314 2950 1384 baptismi,
2980 1314 3306 1384 baptismum
3333 1327 3387 1369 et
3412 1316 3682 1386 martyrium
3699 1319 3769 1374 de

2291 1403 2478 1459 dicans
2511 1405 2685 1458 nobis.

2859 1472 3084 1530 CAPUT
3115 1473 3304 1528 XLIX.

2364 1586 2526 1641 Vens.
2561 1587 2613 1640 I.
2641 1619 2709 1626 —
2738 1587 2944 1651 Audite,
2975 1586 3181 1656 insula'2
3215 1588 3235 1648 (
3251 1584 3431 1656 IIII-zu.)
3457 1584 3573 1640 Post
3593 1587 3771 1655 reliquia-

2295 1691 2414 1730 rum
2440 1676 2605 1732 Israel
2629 1677 2965 1731 vocationem
3006 1684 3061 1730 et
3090 1652 3385 1730 infidelium
3409 1652 3774 1744 obiectioneailde

2293 1769 2508 1839 quibus,
2531 1768 2653 1823 Non
2675 1780 2748 1823 est
2775 1785 2880 1838 pax
2905 1769 3100 1839 impiis,
3123 1768 3252 1821 dicit
3279 1767 3572 1838 Dominus),
3590 1769 3669 1824 sub
3681 1769 3775 1822 insu-

2221 1851 2268 1911 B
2295 1859 2466 1914 larum
2487 1859 2703 1914 nomine
2725 1859 3014 1930 alloquitur
3035 1859 3088 1913 in
3111 1873 3346 1928 persona
3375 1857 3490 1913 Filii
3512 1855 3775 1913 Ecclesiasde

2292 1948 2563 2020 gentibus.

2366 2039 2532 2094 Vens.
2565 2038 2620 2092 ἢ.
2669 2069 2739 2079 -
2784 2037 3030 2092 Gladium
3094 2045 3328 2092 acutum.
3381 2037 3498 2092 Non
3537 2039 3629 2092 ueni
3657 2054 3778 2106 pacm

2291 2131 2510 2194 mittere,
2543 2130 2632 2184 sed
2665 2130 2897 2200 gladium
2931 2143 2948 2200 ι
2976 2122 3273 2200 ΜαειΙι.’χ),
3303 2128 3469 2184 malos
3490 2128 3664 2183 scilicet
3683 2130 3779 2182 abo-

2291 2222 2378 2276 nis
2398 2235 2674 2290 separans.
3359 2211 3362 2214 ’

2364 2310 2527 2366 Vens.
2554 2313 2608 2367 3.
2651 2309 3016 2365 —Gloriabor.
3065 2309 3216 2376 Quod
3256 2325 3363 2364 non
3406 2309 3458 2363 in
3495 2307 3600 2362 aliis
3628 2307 3778 2362 servis:

2296 2401 2476 2470 Pater,
2521 2402 2808 2472 gloriﬁcaui
2833 2418 3018 2456 nomen
3040 2412 3186 2455 tuum
3219 2399 3402 2472 (Joan.
3434 2401 3576 2472 χιιι.)
3598 2400 3651 2455 Et
3667 2400 3779 2456 alibi:

2296 2490 2556 2564 Exsurge,
2592 2493 2761 2564 gloria
2785 2509 2899 2546 mea
2924 2489 3096 2562 (l’sal.
3129 2508 3215 2546 LVI
3245 2493 3286 2562 ),
3313 2501 3415 2548 etc.

2366 2580 2528 2635 Vens.
2564 2580 2765 2635 4.-Ει
2793 2597 2884 2652 ego
2913 2581 3046 2635 dixi.
3073 2581 3194 2654 (ln.)
3218 2582 3384 2649 Quasi
3409 2579 3784 2646 dicatzQuomodo

2299 2682 2349 2726 te
2380 2674 2694 2744 gloriﬁcavi,
2721 2674 2812 2745 qui
2842 2689 3090 2746 magnam
3137 2684 3349 2743 partem
3381 2672 3661 2741 ,Judzeorum
3684 2673 3731 2726 ad
3751 2680 3784 2725 te

2296 2753 2549 2816 revocare
2595 2778 2700 2816 non
2748 2763 2942 2831 potui?
2987 2761 3083 2817 llic
3130 2771 3313 2817 autem
3359 2762 3572 2817 liberum
3620 2759 3786 2814 hominis

2297 2860 2630 2906 monstratur
2667 2852 2952 2907 arbitrium
2993 2870 3007 2906 :
3053 2852 3144 2906 Dei
3189 2852 3337 2907 enim
3368 2861 3448 2908 est
3491 2866 3690 2916 vocare,
3724 2866 3784 2903 no-

2297 2951 2468 2996 strum
2499 2943 2741 3008 credere,
2770 2943 2886 3012 ipso
2909 2951 3086 2998 tamen
3111 2941 3421 3012 adiuvante,
3444 2954 3499 2996 ut
3517 2942 3630 3012 iusti
3656 2941 3786 2996 volun-

2301 3033 2427 3085 tatis
2451 3033 2730 3102 przemium
2764 3043 3185 3102 consequantur.

2371 3123 2510 3193 Ergo
2541 3123 2824 3194 judicium,
2846 3132 2953 3180 etc.
3003 3125 3125 3197 (ln.)
3161 3123 3435 3181 Judicabit
3475 3124 3618 3180 Pater
3659 3131 3783 3176 utrum
3897 3160 3899 3188 ,

615 3217 909 3275 -ῐθῐθιηίίιδε
937 3213 1111 3271 From
1134 3212 1366 3270 mulieris
1387 3207 1671 3265 πιεΐετνίείε
1693 3205 1835 3275 fac“!
1860 3213 1933 3259 εει
1955 3202 2068 3266 ubi,
2098 3218 2196 3255 ηο-
2223 3197 2268 3260 C
2298 3213 2479 3268 omnia
2530 3212 2746 3268 fecerim
2776 3213 2856 3269 eis
2883 3228 3003 3283 quae
3025 3213 3181 3269 debui
3211 3232 3225 3268 :
3298 3212 3614 3283 Manifestari
3660 3225 3786 3264 nomen
3898 3211 3899 3220 ‘

2297 3316 2442 3358 tuum
2470 3303 2765 3358 hominibus
2803 3319 2934 3373 quos
2963 3303 3154 3358 dediin
3197 3304 3348 3359 mihi.
3384 3303 3449 3358 Et
3486 3302 3626 3356 alibi:
3660 3299 3786 3368 Eget:

2297 3395 2584 3466 gloriﬁcavi
2636 3411 2792 3463 super
2817 3403 3010 3450 terram
3035 3394 3219 3466 (Joan.
3258 3395 3414 3466 xvn).

2371 3485 2514 3556 Opus
2537 3501 2725 3541 meum.
2749 3486 2851 3542 Alii
2884 3504 2896 3541 :
2927 3487 3103 3543 Labor
3119 3497 3175 3544 et
3196 3479 3354 3544 dolor
3373 3503 3517 3543 meus
3543 3505 3555 3540 :
3578 3484 3678 3556 quia
3693 3481 3786 3535 licvit

2300 3578 2592 3644 civitatem,
2619 3589 2675 3634 et
2693 3579 2768 3633 ait
2793 3580 2847 3634 in
2879 3579 3091 3634 Psalmo
3115 3599 3126 3634 :
3163 3580 3298 3646 Qua:
3323 3580 3514 3635 utilitas
3540 3579 3587 3632 in
3609 3574 3788 3645 sanguine

2300 3688 2413 3725 meo
2430 3673 2456 3725 ?
2470 3669 2639 3742 (Psal.
2663 3672 2836 3744 XXIX.)
2856 3670 3014 3727 Juxta
3033 3673 3380 3739 IIebraicum,
3397 3673 3614 3744 pendens
3632 3671 3672 3724 in
3683 3679 3788 3722 cruce

2300 3760 2494 3832 longea
2509 3763 2680 3817 salute
2693 3778 2810 3817 mea
2836 3762 2998 3817 verba
3027 3762 3467 3819 lamentationum
3494 3774 3708 3817 mearum.

2374 3855 2536 3908 Vens.
2552 3851 3037 3923 5.——Glorificatus.
3057 3853 3219 3922 Quasi
3235 3855 3380 3910 dicat
3397 3851 3789 3924 :EgoJudteosper-

2303 3941 2435 4009 didi,
2462 3941 2556 3998 sed
2583 3942 2910 4014 gloriﬁcatns
2928 3959 3048 3998 sum
3079 3944 3131 3997 in
3153 3945 3422 4013 gentibus,
3445 3941 3591 4006 unde,
3614 3938 3720 3993 Data
3741 3943 3788 3986 εει

2303 4035 2430 4089 mihi
2450 4034 2617 4089 omnis
2639 4043 2863 4105 potestas
2883 4036 2938 4090 in
2959 4034 3083 4089 caelo
3097 4044 3146 4089 et
3172 4035 3224 4089 in
3255 4045 3417 4090 terra.
3436 4027 3787 4106 (Matthxmu).

2377 4125 2540 4181 Vens.
2575 4127 2625 4180 7.
2656 4156 2726 4165 —
2751 4125 3146 4179 Abominatam.
3195 4125 3467 4180 Christum
3505 4132 3555 4179 et
3587 4119 3789 4175 Nazamos

2306 4217 2422 4286 eius
2444 4257 2458 4282 ,
2489 4232 2624 4286 quos
2649 4215 2884 4286 quotidie
2910 4213 3078 4270 ιιιᾱωὶ
3108 4215 3162 4270 in
3214 4214 3496 4287 synagogis
3520 4207 3787 4267 maledicunt.

2308 4307 2434 4377 quia
2447 4315 2664 4376 propter
2691 4321 2784 4361 eos
2807 4321 3048 4377 regnum,
3065 4303 3534 4377 locum'etgentem
3558 4299 3788 4356 amiserunt-

2381 4395 2559 4467 Reges.
2601 4396 2872 4465 Propheta
2905 4395 2973 4451 ad
2996 4383 3214 4450 Filium:
3246 4394 3412 4466 Reges
3450 4392 3789 4448 uidebunttett-

2311 4489 2546 4544 nientem
2577 4487 2642 4540 ad
2661 4486 2918 4556 iudicium
2946 4504 2958 4540 ι
2991 4484 3150 4556 Reges
3178 4525 3193 4551 ,
3229 4485 3434 4541 scilicet
3460 4477 3656 4552 apostoli
3674 4481 3714 4529 et
3733 4467 3789 4523 alii

2312 4579 2404 4650 qui
2439 4593 2561 4633 cum
2592 4577 2820 4632 Domino
2844 4574 3186 4644 iudicabunt.

2384 4669 2548 4724 Vens.
2579 4669 2632 4725 8.
2657 4699 2728 4708 —
2753 4667 2818 4722 In
2843 4678 3068 4739 tempore
3091 4667 3301 4738 placito.
3331 4662 3607 4724 Passionis,
3624 4662 3790 4712 resurrt'

2313 4759 2530 4823 ctionis,
2553 4758 2604 4812 in
2629 4771 2736 4826 quo
2755 4755 2957 4826 placuit
2980 4757 3090 4811 Deo
3110 4755 3372 4811 redimere
3386 4766 3543 4824 genus
3561 4749 3788 4803 humanm-

2388 4848 2547 4903 Vuns.
2589 4847 2672 4902 16.
2717 4877 2787 4888 -—-
2823 4846 2959 4902 Ecce
2995 4847 3051 4900 in
3080 4845 3339 4910 manibus,
3381 4851 3481 4898 etc.
3522 4836 3624 4910 (1ο.)
3646 4834 3702 4888 Ex
3727 4829 3789 4882 hoc

2312 4941 2572 4998 discimus
2611 4935 2908 4993 Jerusalem
2947 4937 3000 4992 in
3040 4937 3256 5008 regione
3307 4932 3586 4990 Palaestinae
3615 4928 3790 4980 nouisse

2315 5032 2656 5104 qumrendam
2685 5045 2700 5084 :
2730 5046 2849 5101 quae
2869 5029 3031 5085 totius
3042 5028 3327 5100 provincia:
3349 5022 3609 5082 deterrima
3633 5023 3674 5069 et
3689 5021 3790 5104 saxo-

2317 5126 2392 5182 sis
2429 5124 2701 5179 montibus
2741 5131 3056 5192 exasperata
3101 5120 3378 5192 penuriam
3417 5113 3618 5170 fontium
3640 5101 3788 5192 patitur.

2389 5215 2655 5286 Vt;ns.l7.
2674 5243 2744 5254 —-
2774 5183 3340 5281 Structoremdpostoli
3366 5216 3420 5262 et
3446 5204 3526 5259 alii
3552 5221 3561 5252 :
3593 5194 3716 5286 Culpa
3733 5183 3790 5286 Ill'

2323 5306 2575 5370 daeorum,
2594 5305 2649 5360 id
2669 5313 2772 5368 est,
2796 5303 3107 5359 Scribarum
3132 5310 3185 5356 et
3215 5299 3579 5355 Pharisaeorum
3599 5281 3791 5338 desinam

2323 5413 2384 5453 es
2400 5394 2779 5468 praedicatione
2801 5391 3152 5462 quorumdam
3167 5387 3484 5445 Judteorum,
3505 5379 3550 5433 id
3567 5381 3632 5428 est
3648 5370 3790 5468 aposllt

1124 5462 1350 5556 Hl’ocaui
1373 5462 1513 5556 eum.
1553 5462 1753 5570 Cyrum
1779 5497 1865 5552 vel
1897 5462 2086 5561 ﬁlium,
2125 5509 2221 5566 per
2326 5462 2498 5543 lorum
2521 5495 2630 5541 tam
2652 5485 2718 5541 de
2735 5482 2931 5538 Judazis
2951 5497 3110 5552 quam
3127 5480 3192 5535 de
3213 5476 3449 5550 gentibus
3470 5462 3789 5570 ςοιξειςεειιξξξ

645 5595 952 5654 Gabrielem
972 5594 1156 5650 dicens
1187 5609 1201 5645 :
1229 5591 1296 5645 Et
1323 5591 1528 5646 vocabis
1566 5604 1750 5644 nomen
1779 5588 1892 5657 ejus
1913 5587 2115 5642 Iesum.

2401 5577 2565 5636 Vens.
2597 5578 2682 5633 18.
2703 5607 2775 5617 —-
2803 5551 2992 5630 Omnes
3023 5573 3114 5626 isti
3134 5568 3438 5642 congregati.
3465 5557 3608 5618 Judaei
3629 5565 3679 5642 εξ
3691 5551 3789 5642 Ῡξηηξ

719 5687 881 5743 Vsus.
933 5686 1021 5741 16.
1063 5713 1134 5726 --
1176 5683 1322 5738 Misit
1351 5700 1452 5738 me.
1507 5682 1630 5752 (lo.)
1667 5632 1856 5736 Totain
1901 5679 2222 5734 Trinitatem
2331 5632 3790 5738 natione,ete.,usqueadquotidievcongreganturadlidet“

650 5777 909 5843 breviter,
939 5776 1096 5846 plene
1122 5783 1174 5829 et
1212 5783 1395 5843 aperte
1424 5773 1721 5844 distinguit.

2335 5763 2606 5824 Ecclesiae.
