4028 6332
317 305 462 361 1295

1311 296 1575 354 GLOSSA
1615 290 2008 350 ORDINARlA.
2048 320 2116 330 —-
2154 289 2279 343 LIB.
2318 287 2538 343 lSAle.

3421 287 3555 343 1291

390 418 732 472 Ornamento.
765 416 940 474 Variis
965 414 1194 485 Spiritus
1235 411 1408 467 sancti
1447 409 1634 481 gratiis
1661 448 1676 472 ,
1703 406 1895 476 quibus
1923 404 1975 462 A
2068 404 2230 458 Vens.
2275 401 2329 454 4.
2369 433 2436 442 -
2476 401 2726 455 Dominus
2761 402 2933 468 dedit,
2970 409 3068 460 etc.
3119 402 3242 472 (Ιυο)
3301 402 3558 469 Quamvis

313 517 549 562 ornatur
602 521 811 576 sponsa:
867 505 1122 568 arithitio,
1165 503 1230 558 de
1264 517 1368 571 qua
1421 499 1662 555 dicitur:
1715 497 1891 551 Astitit

313 601 503 670 regina
541 616 572 652 a
616 599 811 652 dextris
835 599 935 650 tuis
969 598 1021 650 in
1048 594 1230 650 vestitu
1261 592 1536 654 deaurato,
1566 586 1891 642 circumdata

312 689 574 744 varietate
602 685 786 759 (Psal.
821 686 990 756 κων).

389 776 559 832 Vens.
589 777 650 830 21
675 816 688 829 .
713 807 780 816 ——
809 774 921 845 Ego
941 773 1129 828 sterilis
1148 814 1161 826 .
1202 772 1336 838 Quia
1368 777 1488 842 post
1515 767 1766 837 Aggmum
1787 805 1802 829 ,
1838 772 1893 817 et

313 864 735 930 Zachariam,et
763 866 1097 928 Malachiam,
1126 863 1216 932 qui
1243 871 1296 917 et
1332 861 1548 922 Esdras,
1566 873 1670 912 non
1692 856 1893 909 habue-

319 967 458 1011 runt
500 958 790 1026 prophetas
827 956 916 1023 qui
948 969 1041 1009 eos
1075 955 1127 1008 in
1156 954 1273 1024 lege
1307 951 1607 1014 nutrirent,
1631 961 1801 1015 usque
1823 945 1891 998 ad

314 1045 587 1100 Joannem
620 1044 932 1114 Baptistam.

391 1126 559 1181 Vens.
591 1126 679 1180 25.
710 1157 777 1164 -
803 1125 1028 1195 Regium.
1061 1125 1226 1188 idem,
1265 1123 1356 1179 sed
1383 1122 1553 1190 magis
1582 1115 1887 1172 affectuose.

318 1217 526 1272 Unde:
575 1216 751 1270 Astitit
807 1219 998 1285 regina,
1043 1225 1147 1269 etc.
1213 1213 1342 1280 Qua:
1397 1211 1602 1265 scilicet
1651 1206 1891 1276 quotidie

314 1305 524 1378 Christi
545 1308 794 1378 parvulos
815 1308 978 1361 nutrit
999 1315 1050 1360 et
1069 1304 1134 1358 ad
1157 1304 1447 1374 perfectam
1476 1308 1690 1356 :etatem
1724 1298 1888 1353 ducit.

390 1399 722 1454 Adorabunt.
757 1400 1170 1454 Venerabuntur
1193 1395 1490 1450 secundum
1529 1392 1656 1446 illud
1693 1409 1705 1444 :
1748 1389 1892 1443 Ado-

315 1488 812 1542 rabuntscabellum
841 1489 1027 1558 pedum
1054 1487 1170 1556 ejus
1202 1483 1370 1556 (Psal.
1413 1481 1620 1551 xcvm),
1673 1480 1728 1534 in
1785 1492 1892 1548 quo

312 1578 462 1648 pede
490 1578 740 1649 maiestas
771 1579 1055 1632 indicatur.

388 1667 669 1724 Pulverem
710 1669 895 1740 pedum
935 1678 1164 1722 tuorum.
1207 1664 1658 1738 (llren.)0mnem
1686 1662 1892 1716 scilicet

1991 492 2199 561 possint
2223 492 2337 546 lucc
2376 489 2565 545 referri
2603 490 2670 544 ad
2701 489 2916 556 Isaiam,
2962 491 3178 560 proprie
3203 499 3384 546 tamen
3414 492 3554 548 refe-

1993 592 2185 636 runtur
2205 583 2273 637 ad
2310 581 2604 646 Christum,
2648 582 2802 652 quasi
2851 582 3056 636 diceret
3087 583 3224 650 :Qui
3251 583 3380 638 olim
3424 585 3552 639 talia

1991 682 2242 744 operatus
2282 689 2418 736 sum,
2450 681 2506 728 et
2530 673 2688 727 modo
2711 671 2906 727 similia
2933 676 3142 743 operari
3174 663 3420 744 possum,
3445 691 3554 730 non

1991 771 2075 820 est
2099 765 2333 834 potentia
2359 764 2657 818 imminuta.

2061 858 2223 911 Vens.
2245 858 2298 911 9.
2320 888 2389 896 —
2413 856 2576 922 Quasi
2603 859 2974 913 vestimentum.
3011 857 3133 929 (11).)
3164 857 3550 917 Vestimentum

1990 955 2259 1003 vetustate
2291 956 2344 1002 et
2366 949 2508 1002 tinea
2528 949 2882 1003 consumitur.
2901 947 3067 1003 Judaei
3088 964 3301 1017 quoque
3320 952 3553 1019 quadra-

1991 1039 2136 1109 ginta
2165 1038 2372 1093 duobus
2399 1039 2557 1093 annis
2586 1047 2706 1108 post
2734 1038 3037 1108 passionem
3074 1041 3140 1094 ad
3181 1040 3556 1109 paenitentiam

1990 1127 2165 1182 vocati
2195 1136 2320 1180 sunt
2348 1143 2361 1180 :
2393 1126 2609 1181 tandem
2635 1126 2966 1197 negligentes
2991 1128 3207 1181 contriti
3239 1137 3364 1182 sunt
3394 1129 3558 1182 adve-

1991 1215 2261 1270 nientibus
2275 1215 2607 1280 Romanis,et
2622 1215 2774 1270 malae
2787 1217 3125 1271 conscientia:
3141 1217 3282 1272 tinea
3297 1217 3558 1272 devorati.

1985 1301 1988 1304 ’
2062 1305 2224 1360 Vens.
2265 1303 2350 1358 10.
2375 1335 2445 1344 -—
2469 1305 2599 1371 Quis
2624 1321 2687 1358 ex
2716 1305 2874 1360 vobis.
2899 1305 2998 1373 Qui
3025 1307 3174 1361 timet
3198 1322 3302 1361 non
3329 1316 3412 1362 est
3435 1323 3560 1378 per-

1993 1394 2184 1459 fectus,
2217 1403 2348 1458 etc.,
2373 1411 2535 1465 usque
2559 1396 2627 1448 ad
2653 1396 2740 1450 hic
2763 1397 2998 1452 custodit
3019 1396 3227 1451 animas
3251 1408 3560 1452 sanctorum

1991 1486 2227 1553 in'egras
2255 1491 2308 1537 et
2336 1485 2556 1554 pudicas
2582 1493 2637 1540 et
2665 1501 2850 1556 puras.

2061 1574 2166 1640 Qui
2199 1575 2480 1630 ambulavit
2515 1578 2569 1630 in
2607 1577 2848 1633 tenebris.
2886 1577 3111 1634 Gentilis
3145 1578 3371 1648 populus
3403 1579 3457 1633 in
3483 1587 3562 1632 te-

1991 1665 2192 1729 nebris,
2235 1673 2368 1730 etc.,
2409 1683 2570 1736 usque
2614 1668 2684 1721 ad
2715 1667 2783 1721 ad
2829 1669 3200 1736 paenitentiam
3235 1684 3395 1735 voco;
3444 1669 3562 1722 nolo

313 1763 691 1816 terrenitatem
713 1739 875 1816 verbo
898 1768 950 1815 et
971 1759 1215 1830 exemplo
1235 1755 1582 1818 mundabunt,
1601 1754 1890 1810 secundum
1922 1739 1968 1800 B
1998 1755 2133 1808 enim
2158 1765 2370 1809 mortem
2397 1758 2703 1826 peccatoris,
2746 1759 2836 1812 sed
2870 1759 3036 1830 magis
3075 1769 3130 1812 ut
3169 1769 3498 1814 convertatur
3517 1770 3566 1813 et

311 1852 469 1921 quod
496 1852 695 1907 dictum
725 1861 823 1912 est,
869 1850 1222 1919 Quodcunque
1243 1847 1455 1902 solveris
1495 1861 1648 1916 super
1677 1854 1889 1909 terram,

309 1942 414 1995 erit
449 1941 676 1994 solutum
707 1941 917 2009 (Matth.
943 1940 1219 2008 xvr),etc.,
1249 1937 1392 1991 unde
1417 1955 1429 1990 :
1455 1935 1693 1990 Excutite
1718 1933 1893 2003 pulve-

314 2048 428 2085 rem
456 2032 643 2101 pedum
671 2042 949 2086 vestrorum
983 2030 1196 2102 (Matth.
1237 2030 1314 2102 χ).

391 2121 560 2176 Vens.
601 2122 692 2176 25.
740 2154 809 2172 -Ὗ
857 2121 992 2188 Quia
1037 2125 1148 2176 haec
1203 2123 1332 2176 dicit
1391 2121 1661 2176 Dominus.
1727 2117 1889 2190 (lo.)

311 2209 634 2282 Respondet
660 2213 962 2282 qumstioni,
994 2213 1118 2282 quia
1157 2213 1269 2268 haec
1296 2212 1501 2267 scilicet
1547 2211 1600 2266 in
1657 2209 1889 2266 adventu

316 2319 422 2361 suo
464 2305 852 2374 compleantur.

390 2401 564 2454 Vens.
595 2400 686 2454 26.
709 2431 779 2440 -
804 2397 1058 2453 Carnibus
1072 2400 1198 2454 suis.
1232 2399 1346 2453 Non
1379 2398 1551 2453 aliena
1575 2405 1768 2462 morte,
1799 2396 1894 2454 sed

310 2491 559 2562 prOpria,
589 2500 718 2558 etc.,
751 2507 910 2561 usque
936 2491 1004 2544 ad
1047 2489 1305 2545 ferocium
1350 2489 1647 2544 bestiarum
1697 2499 1890 2560 patens

314 2581 614 2636 morsibus.

387 2670 568 2726 Fortis
596 2671 776 2726 Iacob.
806 2673 905 2740 Qui
934 2673 1052 2726 dedi
1074 2671 1438 2727 fortitudinem
1475 2669 1638 2728 Jacob
1657 2672 1891 2728 luctandi

314 2773 450 2829 etc.,
478 2781 637 2834 usque
662 2765 730 2818 ad
753 2766 907 2835 quasi
947 2775 1001 2819 et
1029 2765 1272 2818 oratione
1297 2773 1485 2818 contra
1539 2764 1677 2818 Esau
1727 2779 1890 2834 quem

318 2854 539 2919 metuis,
576 2855 912 2922 praevalebis.

925 2943 1150 2999 CAPUT
1185 2944 1247 2997 L.

391 3030 553 3085 Vens.
579 3033 630 3084 l.
653 3061 720 3070 —
749 3030 879 3085 Haec
901 3031 1026 3084 dicit
1055 3031 1307 3085 Dominus
1336 3045 1355 3082 :
1387 3030 1517 3096 Quis
1545 3041 1618 3085 est
1640 3032 1664 3084 7
1685 3031 1888 3102 (litem)
1917 3079 1961 3141 Ο

317 3122 453 3178 Post
485 3123 819 3178 vocationem
865 3123 1130 3196 gentium,
1168 3128 1290 3192 post
1336 3122 1638 3192 captionem
1691 3122 1846 3178 fortis
1871 3164 1884 3188 ,

319 3215 474 3285 cuius
502 3215 680 3284 praeda
715 3215 883 3269 divisa
917 3223 1000 3269 est
1039 3215 1317 3285 apostolis,
1353 3214 1593 3285 loquitur
1623 3215 1690 3270 ad
1720 3231 1889 3286 popu-

316 3305 430 3358 lum
472 3305 774 3360 Judaeorum
814 3319 973 3375 super
1011 3303 1139 3360 Sion
1173 3320 1290 3374 qua:
1321 3305 1565 3375 superius
1587 3304 1700 3359 ait:
1729 3304 1888 3358 Dere-

319 3395 468 3466 liquit
493 3413 572 3450 me
603 3397 872 3460 Dominus,
905 3408 1010 3453 etc.

399 3485 641 3540 Vendidi.
685 3487 796 3557 Ego
825 3497 996 3541 autem
1025 3487 1254 3542 carnalis
1293 3505 1407 3542 sum
1440 3489 1764 3542 venundatus
1792 3488 1886 3541 sub

318 3585 530 3646 peccato
560 3574 732 3646 (Rom.
763 3579 880 3646 vn).
916 3575 1018 3641 Qui
1047 3576 1171 3646 facit
1196 3586 1462 3645 peccatum
1489 3593 1664 3630 servus
1692 3576 1890 3645 peccati

318 3676 397 3721 est
430 3664 609 3737 (Joan.
639 3666 776 3736 vm).
813 3665 965 3721 Unde
1000 3683 1012 3717 :
1054 3664 1174 3718 Non
1204 3674 1375 3734 regnet
1409 3674 1672 3734 peccatum
1694 3665 1745 3718 in
1772 3681 1890 3718 cor-

314 3773 442 3827 pore
471 3766 634 3810 t'estro
665 3755 832 3827 (Rom.
863 3757 958 3826 vr).

393 3845 554 3901 Vens.
603 3848 656 3901 2.
705 3879 774 3887 -
805 3847 941 3913 Quia
966 3849 1096 3902 veni.
1150 3848 1271 3916 (Ιο.)
1315 3846 1428 3902 Hoc
1475 3857 1656 3902 est'ut
1707 3849 1890 3905 sciatis

315 3952 409 3991 me
449 3946 671 3990 matrem
712 3947 946 3992 vestram
977 3952 1081 3991 non
1111 3936 1454 4008 repudiasse,
1505 3939 1597 3992 sed
1639 3954 1758 3992 eam
1800 3954 1892 3992 vo-

248 4061 250 4064 ν
315 4028 528 4080 luntate
548 4026 763 4096 pr0pria
792 4026 1083 4080 recessisse
1113 4043 1125 4078 :
1152 4033 1272 4095 post
1299 4025 1462 4079 multa
1491 4025 1750 4081 beneﬁcia
1774 4043 1892 4081 car-

316 4131 445 4174 nem
480 4117 766 4186 assumpsi,
798 4132 898 4172 nec
926 4116 1038 4186 jam
1075 4131 1170 4185 per
1199 4117 1509 4185 prophetas,
1541 4117 1632 4171 sed
1655 4131 1891 4185 praesens

316 4208 434 4278 ipse
465 4207 672 4262 locutus
696 4221 833 4261 sum.

395 4294 516 4349 Non
545 4305 654 4349 erat
682 4297 776 4348 vir.
808 4295 1002 4351 Herodi
1032 4305 1252 4366 propter
1279 4297 1560 4363 malitiam,
1581 4306 1708 4362 etc.,
1727 4313 1889 4368 usque

317 4384 390 4438 ad
426 4384 493 4438 de
520 4384 769 4440 omnibus
793 4385 845 4440 in
872 4400 1154 4442 commune
1183 4404 1195 4440 :
1240 4386 1380 4442 Visio
1405 4389 1799 4459 quadrupedum
1834 4389 1886 4441 in

317 4474 521 4528 deserto
550 4474 601 4546 (1
603 4493 682 4529 sa.
711 4477 863 4546 xxx.)

401 4567 610 4621 Vocavi.
637 4567 1019 4634 Quasidiceret
1045 4590 1057 4623 :
1081 4571 1413 4632 Rationales,
1435 4570 1690 4624 Inclinate
1705 4587 1883 4624 aurem

318 4668 540 4710 vestram
587 4658 641 4710 in
691 4659 839 4711 verba
883 4660 988 4711 oris
1014 4660 1113 4712 mei
1139 4657 1309 4728 (Psal.
1344 4660 1566 4730 Lxxvn).
1601 4660 1702 4726 Qui
1733 4662 1840 4714 sitit
1869 4702 1882 4726 ,

319 4747 487 4801 veniat
511 4755 559 4802 et
590 4748 725 4800 bibat
755 4747 931 4816 (Joan.
960 4747 1079 4817 vm)
1099 4788 1112 4810 ,
1145 4756 1198 4802 et
1224 4747 1546 4817 hujusmodi.

392 4837 662 4908 Nunquid.
703 4835 822 4908 (ιν.)
881 4835 1153 4890 lnvebitur
1202 4846 1386 4891 contra
1438 4851 1531 4892 eos
1579 4837 1669 4908 qui
1727 4845 1886 4908 puta-

315 4926 469 4992 bant,
503 4936 630 4991 etc.,
652 4942 813 4996 usque
845 4926 913 4980 ad
944 4934 1000 4980 ut
1029 4926 1264 4980 exhibeat
1290 4927 1417 4980 mihi
1443 4926 1558 4996 plus
1581 4944 1733 4998 quam
1755 4927 1883 4981 duo-

316 5015 481 5068 decim
512 5014 736 5085 legiones
757 5014 1104 5084 angelorum?
1129 5013 1342 5084 (Matth.
1375 5016 1544 5087 xxvi).

389 5105 548 5159 Vens.
573 5105 627 5159 5.
653 5136 722 5144 -
751 5103 977 5158 Induam
1027 5105 1178 5160 caelos
1219 5107 1460 5162 tenebris.
1507 5109 1670 5163 Aiunt
1711 5110 1882 5179 philo—

316 5197 468 5266 sophi
505 5213 608 5252 non
645 5197 872 5266 amplius
905 5197 1086 5252 decem
1122 5200 1308 5255 stadiis
1355 5215 1384 5253 a
1433 5209 1576 5256 terra
1617 5204 1786 5257 nubes
1826 5203 1878 5257 in

317 5288 545 5342 sublime
592 5287 777 5352 levari,
815 5295 868 5343 et
915 5288 1045 5343 solis
1090 5290 1426 5360 Splendorem
1475 5293 1770 5348 abscondi:
1804 5294 1882 5349 sic

314 5382 535 5436 excluso
575 5382 695 5438 οωιί
744 5382 965 5448 lumine,
1010 5397 1104 5438 aer
1145 5383 1364 5439 inferior
1409 5388 1742 5442 obscuratur.
1787 5385 1881 5441 In-

314 5471 494 5524 duam.
522 5470 768 5537 Sanctos,
801 5472 1004 5528 scilicet
1027 5482 1087 5528 ut
1115 5489 1172 5529 se
1197 5486 1519 5545 cognoscant
1544 5485 1875 5546 peccatores.

1989 1844 2122 1896 vivat
2144 1841 2360 1913 (Ezech.
2397 1843 2578 1914 xvut).

2060 1933 2224 1988 Vens.
2250 1935 2336 1988 11.
2355 1935 2560 1990 —Ecce
2585 1953 2782 2003 omnes,
2807 1939 2958 2008 quasi
2988 1939 3191 1994 diceret
3219 1956 3232 1992 :
3270 1937 3412 1993 Nihil
3441 1954 3563 2008 pro-

1990 2024 2107 2079 dest
2129 2025 2454 2090 exhortatio,
2471 2041 2571 2082 nec
2583 2035 2664 2082 est
2687 2043 2810 2098 spes
2826 2030 3014 2084 salutis
3031 2037 3156 2100 post
3176 2029 3378 2085 scelera
3403 2049 3415 2083 :
3436 2029 3563 2084 0m-

1990 2131 2080 2170 nes
2099 2115 2484 2171 declinaverunt
2516 2119 2670 2171 simul
2694 2120 2904 2174 inutiles
2925 2120 3055 2190 facti
3076 2130 3194 2175 sunt
3218 2119 3389 2191 (Psal.
3419 2122 3562 2193 xm).

2061 2207 2403 2262 Accendentes
2436 2210 2622 2278 ignem.
2666 2209 2912 2265 Civitatis
2966 2211 3140 2282 ignem
3169 2215 3274 2282 quo
3306 2226 3337 2265 a
3365 2211 3567 2267 Roma-

1989 2299 2073 2354 nis
2095 2313 2351 2354 succensa
2379 2306 2463 2353 est
2496 2301 2876 2364 accenderunt,
2905 2309 3034 2368 etc.,
3059 2318 3219 2371 usque
3245 2302 3315 2356 ad
3337 2301 3415 2356 sic
3435 2316 3565 2372 pec-

1990 2390 2262 2445 catoribus
2317 2389 2529 2444 diversa
2575 2391 2781 2460 peccati
2824 2389 3049 2445 materia
3101 2390 3219 2461 plus
3249 2390 3331 2445 vel
3384 2391 3563 2446 minus

1990 2479 2354 2537 succenditur.

2060 2569 2129 2625 In
2171 2569 2438 2624 doloribus
2473 2571 2760 2625 dormietis.
2815 2569 2948 2637 Quia
2996 2585 3094 2625 nec
3139 2569 3433 2635 beneﬁciis,
3458 2585 3559 2626 nec

1991 2661 2297 2728 tormentis,
2315 2663 2408 2716 Dei
2435 2662 2626 2717 Filium
2650 2663 2924 2733 suscipere
2951 2663 3251 2729 voluerunt,
3281 2663 3442 2729 unde,
3461 2661 3563 2729 Ite,

1989 2754 2274 2820 maledicti,
2310 2755 2364 2807 in
2386 2755 2553 2823 ignem
2581 2764 2828 2809 (eternum
2858 2753 3072 2825 (Matth.
3105 2755 3254 2825 xxv).

2572 2843 2801 2900 CAPUT
2868 2845 2951 2898 LI.

2060 2936 2226 2990 Vens.
2261 2938 2310 2990 1.
2336 2969 2407 2978 -
2432 2937 2622 2990 Audite
2649 2954 2728 2990 me
2753 2939 2843 3008 qui
2868 2939 3142 3008 sequimini
3169 2938 3326 3010 quod.
3357 2939 3564 3010 (litem)

1990 3028 2249 3081 Attendite
2295 3029 2364 3080 ad
2403 3039 2622 3098 petram.
2650 3028 2947 3083 Christum.
2990 3031 3064 3085 De
3100 3045 3202 3102 qua
3225 3071 3239 3095 ,
3281 3028 3442 3085 Petra
3470 3049 3564 3085 au-

1991 3125 2092 3168 tem
2115 3125 2223 3168 erat
2240 3114 2496 3181 Christus,
2515 3116 2651 3170 unde
2671 3117 2831 3171 excisi
2849 3119 2970 3172 estis
2985 3117 3037 3189 (I
3049 3117 3170 3172 Cor.
3194 3119 3274 3189 Χ),
3301 3135 3329 3172 a
3351 3119 3564 3176 Christo

1988 3195 2280 3260 Christiani
2305 3204 2453 3258 dicti.

2059 3294 2128 3348 Et
2141 3295 2210 3348 ad
2223 3311 2494 3348 cavernam
2508 3295 2629 3350 laci.
2649 3296 2878 3366 Propter
2898 3298 3186 3354 fossionem
3209 3299 3394 3354 lateris
3407 3299 3564 3356 Chri-

1989 3385 2082 3450 sti,
2112 3394 2243 3449 etc.,
2273 3402 2434 3454 usque
2460 3387 2529 3440 ad
2553 3387 2829 3443 nascimur
2871 3403 2967 3458 per
2983 3388 3256 3444 lavacrum
3280 3389 3554 3459 baptismi.

2060 3475 2224 3531 Vens.
2259 3476 2311 3530 '5.
2344 3506 2412 3515 —
2441 3475 2704 3534 Gaudium
2744 3489 2792 3532 et
2817 3477 3020 3533 laetitia.
3054 3479 3187 3534 Nota
3218 3481 3272 3534 in
3295 3481 3424 3537 Sion
3445 3496 3564 3550 quae

1990 3577 2332 3639 comparatur
2349 3551 2600 3639 paradiso
2625 3571 2742 3636 Del,
2774 3579 2977 3626 tantum
2999 3572 3155 3627 debet
3169 3585 3289 3630 esse
3309 3575 3560 3642 gaudium

1990 3669 2047 3713 et
2072 3659 2253 3714 laetitia
2281 3669 2334 3713 et
2354 3660 2621 3716 confessio
2645 3670 2701 3716 et
2727 3678 2829 3716 vox
2857 3662 3048 3728 laudis,
3077 3669 3138 3717 ut
3157 3663 3296 3733 quod
3333 3664 3386 3718 in
3427 3665 3564 3720 cmlo

1989 3747 2182 3804 facturi
2205 3759 2329 3804 sunt
2354 3766 2474 3804 cum
2496 3751 2718 3820 angelis,
2745 3752 2798 3806 in
2823 3760 2964 3807 terra
2981 3753 3184 3824 jugiter
3212 3755 3555 3810 meditemur.

2064 3839 2228 3896 Vens.
2250 3842 2302 3895 5.
2347 3873 2416 3882 —
2443 3842 2625 3896 Justus
2676 3859 2837 3897 meus.
2880 3843 3080 3900 Omnes
3109 3843 3433 3914 justillcans,
3475 3847 3559 3901 vel

1985 3929 2196 3999 justitia
2220 3931 2493 4002 eleganter
2519 3950 2532 3984 :
2568 3948 2673 3987 non
2703 3939 2763 3986 ut
2801 3948 2905 3988 una
2934 3947 3084 4005 gens,
3114 3933 3205 3990 sed
3245 3943 3389 3990 totus
3412 3935 3559 3992 orbis

1997 4023 2252 4078 salvetur.

2061 4110 2225 4166 Vens.
2274 4110 2324 4165 6.
2366 4142 2436 4150 —
2477 4111 2603 4166 Caeli
2639 4114 2775 4167 sicut
2818 4115 3013 4183 fama.
3065 4115 3188 4185 (Ιυ.)
3227 4116 3301 4170 De
3359 4118 3560 4170 sanctis

1991 4201 2251 4270 scriptum
2275 4208 2374 4264 est,
2409 4209 2536 4265 etc.,
2565 4219 2724 4272 usque
2747 4204 2815 4256 ad
2844 4203 3062 4272 quidam
3095 4211 3272 4259 tamen
3303 4206 3479 4275 perire
3503 4217 3558 4260 et

1991 4294 2382 4349 inveterascere
2407 4307 2504 4362 pro
2532 4293 2822 4350 abolitione
2840 4304 2894 4349 et
2927 4305 3102 4351 morte
3139 4296 3427 4368 accipiunt.

2062 4383 2226 4437 Vens.
2257 4383 2308 4436 9.
2348 4413 2420 4422 -—
2452 4381 2734 4452 Consurge.
2764 4383 2874 4438 Vox
2893 4387 3169 4456 prophetae
3193 4395 3247 4439 et
3272 4387 3441 4442 fidelis
3467 4403 3560 4458 po-

1992 4471 2102 4542 puli
2147 4471 2435 4524 adventum
2470 4469 2669 4526 Christi
2702 4473 3071 4544 deprecantis,
3095 4476 3162 4530 ‘in
3188 4491 3294 4546 quo
3331 4478 3557 4546 promis-

1991 4579 2109 4619 sum
2141 4570 2258 4618 erat
2280 4563 2556 4618 auxilium.

2061 4655 2227 4712 Vens.
2271 4657 2357 4711 12.
2415 4688 2486 4698 —
2529 4656 2661 4723 Quis
2694 4667 2750 4711 tu
2775 4668 2828 4711 ut
2870 4661 3049 4714 timeas
3083 4661 3146 4714 ab
3169 4661 3396 4726 homine,
3425 4670 3554 4727 etc.,

1990 4763 2150 4817 usque
2168 4747 2237 4800 ad
2261 4754 2321 4801 ut
2340 4747 2659 4802 erubescant
2685 4755 2741 4801 et
2771 4747 3140 4816 paenitentiam
3162 4759 3341 4818 agant.

2059 4836 2224 4892 Vens.
2255 4837 2342 4892 17.
2370 4867 2440 4876 -
2479 4836 2692 4892 Elevare
2711 4877 2726 4902 ,
2757 4837 2972 4892 elevare.
3001 4838 3122 4910 (Ιυ.)
3171 4839 3276 4894 Eos
3312 4839 3556 4894 hortatur

1990 4929 2056 4983 ad
2096 4929 2464 4998 paenitentiam
2503 4929 2592 5000 qui
2619 4929 2674 4984 in
2701 4931 2950 5000 passione
2990 4938 3348 5001 negaverunt;
3391 4930 3471 4984 vel
3501 4931 3552 4984 in

1987 5019 2302 5074 inﬁdelitate
2327 5020 2694 5088 perstiterunt,
2719 5020 3031 5084 clamantes,
3060 5019 3338 5089 Cruciﬁge,
3383 5019 3554 5073 cruci-

1986 5109 2087 5178 ﬁge
2111 5107 2291 5179 (Joan.
2322 5111 2462 5180 xu),
2487 5119 2592 5164 etc.

2058 5197 2281 5253 Calicem
2302 5201 2414 5252 ine.
2446 5200 2567 5268 (1ο.)
2601 5199 2786 5257 Solent
2823 5199 3015 5254 medici
3045 5199 3437 5253 amarissimum
3456 5215 3552 5254 an-

1988 5291 2233 5354 tidotum,
2287 5301 2414 5356 etc.,
2455 5309 2615 5361 usque
2661 5292 2728 5346 ad
2783 5291 2924 5345 unde
2975 5305 3079 5344 non
3107 5298 3254 5360 patet
3300 5290 3444 5358 quod
3482 5291 3548 5344 de

1981 5381 2170 5436 ultima
2201 5381 2512 5450 captivitate
2547 5384 2649 5438 hoc
2677 5382 2896 5437 dicitur.

2051 5471 2217 5528 Vens.
2245 5472 2334 5526 22.
2361 5504 2431 5513 -
2460 5474 2614 5528 Ecce.
2660 5473 2863 5546 (litt-1n.)
2889 5473 3141 5528 Praedixit
3178 5473 3548 5542 captivitatem

384 5560 450 5614 Et
478 5577 684 5614 saccum
706 5578 914 5632 ponam.
934 5561 1003 5617 Ut
1025 5571 1188 5635 agant
1209 5565 1578 5634 ptenitent'ratn
1608 5567 1660 5620 in
1687 5567 1877 5621 timore
1977 5564 2234 5631 futuram,
2255 5581 2397 5621 nunc
2415 5568 2659 5622 hortatur
2669 5565 2734 5620 ad
2749 5565 3139 5635 paenitentiam,
3153 5574 3211 5620 ut
3226 5566 3474 5620 evadant.

311 5660 368 5704 et
395 5650 583 5726 cilicio.

2050 5655 2213 5710 Vens.
2251 5657 2424 5710 25.-
2455 5656 2674 5711 Portam.
2709 5656 3015 5712 Secundum
3031 5656 3266 5712 litteram
3293 5655 3548 5712 humilia-
