4028 6332
598 322 734 380 1295
1092 321 1483 379 WALAFRIDI
1523 322 1770 380 STRABl
1808 321 2011 380 FULD.
2053 317 2221 376 MON.
2261 317 2411 376 OPP.
2445 319 2628 378 PARS
2665 320 2708 378 1.
2748 353 2817 364 —
2853 319 3295 381 THEOLOGICA.
3646 339 3750 404 ηπ

596 439 806 498 verunt,
840 441 970 498 etc.,
1002 448 1164 505 usque
1191 434 1260 488 ad
1306 443 1362 489 et
1386 432 1659 504 injudicio
1677 433 1897 491 omnino
1919 431 2171 490 humilia-
2197 431 2244 488 A
2274 430 2490 497 tabitur,
2519 439 2625 487 etc.
2656 430 2962 504 Respondet
2982 446 3115 505 ergo
3137 435 3500 505 prophetarum
3523 439 3684 499 chorus
3706 463 3752 504 κ

592 522 817 580 buntur.
2257 518 2501 601 'oﬂicium
2527 521 2774 593 implesse
2799 532 2853 578 et
2879 521 3156 580 brachium
3205 525 3408 581 Domini
3459 530 3751 591 annuntiasse.

1189 613 1432 672 CAPUT
1457 611 1561 669 ιιι,
2341 609 2502 666 Vens.
2547 612 2602 666 2.
2641 643 2711 652 -
2761 611 3067 684 Virgullum.
3111 613 3476 686 Symmachus,
3493 623 3755 686 ramus;bo-

581 787 584 790 _
659 710 827 767 Vens.
853 714 904 768 1.
922 740 991 754 —-
1017 712 1303 785 Consurge,
1331 729 1601 784 consurge.
1630 711 1738 768 Eos
1775 713 2026 768 hortatur
2044 727 2170 782 pro-

2162 740 2170 753 .
2269 700 2469 755 minem
2499 701 2842 772 signiﬁcans,
2867 705 2957 774 qui
2996 703 3259 774 processit
3299 705 3366 761 de
3397 714 3538 763 utero
3566 709 3753 782 virginis.

591 805 777 872 pheta,
813 804 905 873 qui
926 812 1047 876 post
1071 804 1445 860 ascensionem
1472 801 1894 874 praedicantibus
1913 799 2170 871 apostolis
2257 875 2259 877 _
2339 791 2571 847 Sitienti.
2591 793 2807 863 Aquila,
2841 795 3001 861 invia,
3032 795 3122 850 ubi
3152 796 3466 867 virginitatis
3489 800 3756 873 privilegium

591 892 956 948 crediderunt.
2267 880 2686 950 demonstratur,
2711 884 2836 954 quia
2863 885 2980 940 sine
3003 885 3210 942 semine
3249 887 3316 942 de
3349 894 3484 944 terra
3513 891 3641 959 prius
3653 892 3756 952 invia

661 986 798 1053 Quia
849 1003 954 1041 non
983 987 1214 1057 adjiciet.
1261 985 1386 1041 Haec
1421 985 1492 1041 ad
1537 983 1812 1042 ctelestem
1859 980 2162 1038 Jerusalem
2267 977 2481 1025 creatus
2507 978 2613 1026 εει.

587 1051 750 1146 quam
779 1076 961 1132 nullus
1012 1051 1319 1132 immundus
1347 1075 1668 1147 ingreditur.
2338 1057 2500 1113 “ms-
2541 1059 2875 1117 δι-’Ῑιίυονθο
2908 1061 3032 1135 (Ῑυο)
3056 1062 3402 1134 Perspicuum
3421 1068 3641 1138 εεῑνίῐυίδ
3661 1051 3760 1127 Sict“

657 1165 818 1222 Vens.
845 1166 901 1220 2.
928 1196 995 1205 —
1018 1166 1292 1221 Excutere.
1315 1165 1509 1233 Anima
1538 1164 1740 1236 polluta
1769 1163 2017 1219 sordibus
2037 1177 2168 1217 can-
2266 1162 2464 1218 corpus
2489 1148 2786 1207 Ῑῖιεοττιῑυῐη
2823 1162 2878 1208 ει
2904 1151 3250 1225 ﬂagellauit".
3279 1157 3352 1211 ita
3375 1157 3543 1213 anima
3573 1175 3675 1216 vere
3689 1165 3759 1218 du-

586 1256 773 1310 dorem
801 1256 1087 1326 pristinum
1109 1256 1329 1322 amittit,
1346 1264 1474 1321 etc.,
1502 1272 1663 1326 usque
1683 1252 1751 1308 ad
1775 1269 1880 1310 non
1900 1249 2168 1323 corrupti-

2265 1238 2364 1294 luit
2385 1255 2484 1310 pro
2506 1242 2684 1306 nobis,
2705 1257 2773 1298 ne
2797 1259 2864 1299 ex
2884 1253 3041 1315 parte
3071 1247 3298 1314 veritas,
3327 1262 3392 1304 ex
3413 1257 3553 1320 parte
3595 1256 3759 1309 menda-

579 1344 783 1401 bilibus
805 1354 1027 1416 argento
1039 1354 1094 1401 et
1118 1361 1270 1412 auro,
1285 1347 1378 1401 sed
1392 1345 1650 1417 sanguine
1671 1344 1793 1416 agni
1814 1343 2162 1399 immaculati.
2266 1332 2409 1388 Cium
2435 1332 2490 1390 in
2511 1333 2728 1390 Christo
2755 1337 3030 1392 credatur.

655 1435 816 1490 Vens.
857 1436 912 1491 5.
937 1467 1011 1476 —
1029 1434 1227 1491 Gratis.
1256 1435 1370 1492 Nec
1391 1437 1734 1492 commodum
1755 1435 2040 1498 habuistis,
2066 1448 2166 1490 nec
2337 1423 2503 1480 γενοῦ.
2560 1426 2614 1480 7-
2659 1456 2730 1466 -
2755 1427 2880 1482 Νοη
2944 1429 3176 1500 aperuit,
3221 1441 3331 1486 etc.
3384 1429 3548 1488 Pilato
3577 1433 3645 1490 vel
3687 1435 3762 1492 He-

560 1527 986 1584 incommodum
1017 1526 1300 1598 eﬂ'ugistis,
1327 1542 1448 1584 cum
1493 1526 1692 1582 Filium
1728 1526 1822 1581 Dei
1840 1525 2160 1580 tradidistis.
2267 1514 2403 1570 rodi-
2452 1514 2628 1572 Pauca
2655 1517 2804 1572 enim
2830 1519 3106 1588 respondit
3129 1535 3198 1576 ne
3226 1519 3524 1579 diﬂ‘erretur
3547 1525 3668 1583 salus
3691 1529 3761 1583 lm-

659 1619 818 1676 Vsns.
851 1619 906 1675 4.
936 1651 1002 1660 -
1035 1619 1101 1675 In
1125 1612 1433 1692 Egyptum.
1459 1617 1662 1689 (Ηιειι.)
1693 1617 1886 1688 Arguit
1927 1613 2162 1682 Judzeos,
2267 1606 2412 1661 mani
2442 1607 2677 1678 generis.

581 1721 638 1765 et
667 1710 1180 1783 venturapraedicit,
1212 1719 1339 1776 etc.,
1370 1726 1532 1780 usque
1553 1709 1621 1765 ad
1658 1718 1714 1763 ut
1744 1709 1910 1764 etiam
1940 1706 1994 1762 in
2021 1715 2165 1761 terra
2191 1779 2227 1783 _
2337 1701 2408 1757 Et
2435 1704 2587 1774 quasi
2611 1721 2797 1775 agnus.
2853 1703 2978 1778 (11).)
3014 1704 3074 1762 1n
3096 1705 3254 1777 cuius
3282 1708 3450 1781 ﬁgura
3479 1709 3674 1781 populus
3708 1711 3762 1770 ls-

582 1819 680 1858 sua
698 1779 974 1873 opprimat
998 1800 1166 1864 illum,
1198 1809 1254 1856 et
1273 1779 1631 1854 calumnietur
1657 1797 1749 1852 ei?
2188 1779 2236 1840 Β
2262 1791 2374 1848 rael
2398 1807 2593 1864 agnum
2633 1794 2688 1850 in
2709 1793 2944 1867 Egypto
2978 1797 3214 1853 comedit
3235 1779 3434 1870 (Ereti.
3457 1779 3672 1871 s11).11ie
3703 1811 3762 1858 est

590 1967 594 1970 ν
655 1891 814 1947 Vsus.
852 1890 907 1946 5.
933 1920 1004 1930 -—
1031 1889 1170 1956 Quid
1191 1889 1318 1942 mihi
1343 1897 1417 1942 est
1439 1887 1570 1943 hic?
1599 1884 1721 1959 (11).)
1751 1883 1892 1938 Nihil
1917 1883 2024 1950 hic,
2057 1885 2156 1950 ait,
2257 1896 2427 1954 agnus
2451 1882 2542 1955 qui
2564 1882 2700 1938 tollit
2727 1895 2940 1955 peccata
2978 1887 3162 1942 mundi
3194 1887 3380 1959 (Joan.
3409 1889 3470 1963 1),
3504 1891 3586 1962 qui
3615 1893 3764 1948 occisus

580 1983 720 2053 apud
749 1996 843 2038 eos
868 1979 1100 2051 reperio,
1129 1987 1256 2046 etc.,
1284 1993 1444 2049 usque
1471 1976 1540 2032 ad
1579 1973 1721 2045 quod
1741 1973 2158 2058 Redemptorem
2258 1982 2333 2027 est
2353 1972 2417 2026 ab
2437 1972 2637 2044 origine
2654 1974 2835 2029 mundi
2848 1976 3032 2045 (Apoc.
3062 1976 3318 2048 xm),qui
3331 1993 3486 2036 carne
3507 1983 3766 2051 etsanguinc

579 2090 734 2130 suum
775 2072 924 2130 cruci
967 2071 1254 2127 atlixerint.
1504 2141 1508 2144 _
2257 2077 2358 2120 suo
2391 2079 2491 2120 nos
2517 2064 2719 2136 pascit,
2745 2075 2801 2120 et
2826 2067 3024 2122 vellere
3051 2070 3404 2138 protectionis
3427 2086 3520 2126 nos
3541 2073 3690 2128 vestit.

652 2164 812 2220 Vens.
836 2164 889 2218 7.
905 2193 974 2203 -
989 2160 1158 2229 Quam
1172 2159 1395 2230 pulchri.
1422 2156 1542 2229 (11).)
1556 2157 1631 2212 De
1650 2171 1714 2212 eo
1728 2153 1819 2225 qui
1838 2169 1997 2225 supra
2010 2153 2159 2209 dixe—
2329 2155 2492 2212 Vsus.
2528 2155 2582 2210 8.
2606 2187 2677 2198 —
2693 2156 2772 2210 De
2792 2157 3018 2229 judicio.
3047 2157 3219 2215 lude:
3265 2161 3500 2217 omnium
3511 2161 3669 2232 iudicii
3683 2178 3759 2219 non

579 2265 664 2310 rat
691 2273 704 2309 :
729 2253 843 2324 Ego
884 2254 993 2323 ipse
1017 2252 1106 2324 qui
1133 2249 1382 2322 loquebar
1406 2265 1519 2304 ecce
1543 2249 1756 2315 adsum,
1785 2255 2011 2301 testatur
2031 2261 2159 2315 pro-
2259 2247 2463 2318 reperit
2498 2248 2806 2313 veritatem,
2842 2249 2935 2304 sed
2959 2248 3077 2304 sine
3101 2249 3261 2321 culpa
3291 2252 3562 2308 damnatus
3580 2261 3664 2310 est.
3685 2251 3764 2309 Un-

577 2347 740 2417 pheta
758 2345 902 2416 quod
918 2346 1034 2413 ipse
1048 2358 1209 2412 supra
1227 2349 1438 2396 montes
1457 2337 1808 2408 Evangelium
1827 2337 2156 2408 praedicam.
2261 2337 2328 2395 de
2359 2337 2661 2395 admiratur
2685 2339 2948 2411 propheta
2974 2341 3120 2410 quod
3146 2342 3394 2398 omnium
3430 2343 3562 2400 Deus
3584 2345 3762 2414 passioni

653 2437 1045 2502 Aununtiautis,
1073 2433 1298 2500 Christi,
1329 2449 1424 2504 per
1441 2432 1808 2501 semetipsum,
1828 2447 1927 2502 per
1947 2439 2160 2500 aposto—
2260 2447 2318 2489 se
2348 2432 2651 2489 tradiderit.

581 2529 682 2596 los,
709 2527 903 2599 quibus
929 2527 1006 2582 ait
1038 2545 1050 2580 :
1086 2523 1281 2579 Pacem
1307 2523 1543 2594 relinquo
1571 2522 1731 2587 vobis,
1765 2538 1947 2593 pacem
1993 2537 2161 2575 nteant
2335 2525 2478 2582 Vens
2512 2526 2566 2582 9.
2594 2553 2667 2566 -—
2701 2525 2860 2581 Dabit
2886 2526 3094 2597 impios.
3127 2525 3257 2600 (11).)
3283 2526 3340 2583 Id
3363 2536 3646 2599 estgentes,
3677 2543 3763 2599 qua!

577 2623 643 2674 do
673 2621 814 2674 vobis
847 2618 1028 2690 (Joau.
1061 2615 1194 2690 x1v).
1258 2613 1434 2685 Super
1476 2629 1613 2684 quos
1659 2612 1915 2669 Dominus
1969 2612 2162 2670 sedens
2261 2615 2379 2672 sine
2403 2616 2625 2686 pietate,
2653 2614 2764 2672 Deo
2792 2615 2962 2679 Patri,
2984 2615 3111 2686 quia
3133 2625 3384 2674 mortuus
3402 2625 3455 2674 et
3481 2617 3763 2693 sepultust

577 2711 942 2782 prccdicabat:
975 2708 1077 2779 ipsi
1099 2707 1456 2776 etiampcdes
1474 2703 1700 2772 Christi,
1723 2704 2158 2776 praedicationem
2261 2706 2566 2777 acquisivit,
2601 2714 2657 2762 et
2673 2706 2888 2772 divites,
2915 2704 3130 2764 Iudaeos
3157 2709 3373 2766 scilicet
3400 2709 3586 2766 divitiis
3609 2708 3711 2779 legis
3723 2717 3764 2764 et

578 2802 695 2870 eius
714 2801 998 2872 portando.
2259 2795 2640 2866 prophetarum
2680 2795 2993 2868 gloriantes.

582 2913 588 2918 -
653 2891 816 2946 Vens.
847 2890 899 2945 8.
931 2920 1001 2929 —
1031 2887 1146 2943 Vox
1167 2886 1550 2958 speculatorum
1587 2903 1602 2940 :
1635 2883 1756 2957 (11).)
1798 2882 2162 2954 apostolorum
2331 2885 2546 2942 Divites.
2578 2887 2798 2944 Scribas
2824 2897 2880 2945 et
2905 2888 3210 2947 Pharisaos
3245 2890 3500 2948 doctrina:
3523 2888 3639 2962 legis
3663 2888 3763 2944 divi-

580 2992 633 3036 ct
656 2981 886 3036 aliorum
915 2979 1007 3050 qui
1031 2979 1084 3033 in
1114 2977 1333 3049 specula
1355 2985 1481 3032 sunt
1505 2988 1719 3046 semper
1743 2983 1802 3028 ut
1826 2972 2007 3028 omnia
2027 2987 2162 3043 prm-
2266 2974 2355 3032 tiis
2384 2975 2702 3048 gloriantes.

579 3074 802 3128 videant
837 3080 892 3126 et
918 3068 1192 3140 subjectos
1247 3075 1620 3140 promoveant.
2190 3128 2231 3142 Α
2335 3065 2477 3122 Vens
2513 3067 2600 3123 10.
2635 3098 2705 3107 -
2731 3065 2916 3124 Semen
2949 3071 3263 3141 longtevum.
3290 3071 3517 3128 Verbum
3551 3068 3764 3142 Evangelii

649 3163 816 3219 Vens.
844 3163 899 3218 9.
926 3128 1288 3218 -—'Gaudete.
1319 3158 1658 3214 Primitivam
1697 3155 1992 3213 Ecclesiam
2031 3171 2161 3210 con-
2186 3128 2232 3192 δ
2265 3157 2472 3212 scilicet
2497 3158 2638 3228 quod
2667 3174 2773 3214 non
2816 3128 3139 3227 veterascet,
3165 3163 3309 3218 sicut
3333 3163 3494 3219 Vetus
3526 3128 3770 3217 Testamen-

579 3259 807 3324 solatur,
840 3250 974 3324 etc.,
1002 3273 1164 3328 usque
1189 3254 1258 3310 ad
1282 3253 1632 3310 multitudine.
1649 3252 1888 3325 gentium
1919 3259 1975 3306 et
1998 3265 2158 3322 repa-
2267 3241 2558 3315 tu1n,uude
2575 3267 2587 3302 :
2607 3247 2753 3303 Exiit
2767 3251 2856 3320 qui
2876 3251 3339 3308 seminavitsemen
3355 3268 3501 3308 suum
3521 3249 3652 3324 (Luc.
3669 3247 3769 3318 nu.)

579 3363 696 3407 rata
725 3360 809 3407 est
842 3359 897 3406 et
943 3348 1296 3418 multiplicata
1350 3354 1454 3403 est.
2337 3339 2501 3397 Vens.
2533 3341 2620 3396 11.
2644 3339 3077 3398 —Salurabitur.
3112 3342 3244 3400 Fide
3273 3344 3530 3415 gentium,
3552 3341 3670 3396 unde
3685 3353 3772 3394 esu-

655 3441 811 3498 Vens.
854 3440 943 3494 10.
972 3470 1038 3480 -
1063 3437 1348 3493 Bracltium
1371 3436 1426 3491 in
1452 3436 1664 3490 brachio
1696 3451 1808 3489 meo
1836 3442 2009 3506 gentes
2052 3449 2167 3504 ερε-
2266 3430 2412 3486 riens
2444 3438 2500 3486 et
2527 3430 2716 3488 sitiens
2740 3447 2901 3503 supra
2929 3442 3148 3505 puteum
3171 3433 3342 3490 Jacob
3371 3433 3556 3505 emptis
3587 3430 3698 3488 cibis
3716 3427 3770 3482 uti

579 3533 768 3586 rabuut
801 3527 975 3603 (Psal.
1005 3527 1194 3600 xcvu).
1224 3527 1291 3584 Et
1325 3526 1453 3583 alibi
1481 3543 1497 3582 :
1535 3524 1823 3581 Brachium
1868 3534 2016 3580 tuum
2045 3541 2165 3579 cum
2265 3519 2457 3587 noluit,
2486 3520 2612 3592 quia
2645 3519 2760 3591 jam
2805 3519 3161 3578 Samaritana:
3186 3531 3242 3579 et
3283 3538 3468 3579 eorum
3492 3520 3576 3592 qui
3599 3520 3654 3575 de
3676 3515 3772 3573 civi-

577 3623 812 3692 potentia
859 3619 1032 3692 (Psal.
1074 3625 1359 3690 Lxxxvm).
2268 3617 2378 3667 tate
2406 3612 2472 3667 ad
2503 3626 2628 3667 eum
2671 3611 2914 3679 exibant,
2955 3611 3062 3668 (ide
3084 3613 3315 3670 satiatus
3357 3621 3490 3668 erat.

653 3713 814 3769 Vens.
845 3713 1015 3767 11.—
1048 3710 1308 3766 Reccdite.
1343 3709 1466 3782 (11).)
1498 3707 1612 3765 Hoc
1645 3706 1816 3764 Judaai
1845 3705 1914 3763 ad
1939 3722 1999 3764 se
2027 3705 2166 3763 refe-
2336 3703 2500 3760 Vsns.
2527 3703 2613 3758 12.
2643 3731 2714 3744 -
2743 3702 2811 3757 Et
2860 3719 2980 3758 cum
3027 3703 3318 3760 sceleratis.
3351 3703 3422 3760 Ut
3463 3701 3709 3759 sceleratos
3749 3711 3771 3749 a

580 3815 729 3872 runt,
753 3815 888 3871 etc.,
917 3820 1089 3876 usque
1117 3803 1186 3857 ad
1223 3817 1255 3856 a
1294 3799 1501 3872 Spiritu
1525 3809 1715 3856 sancto
1735 3798 2018 3855 admoniti.
2264 3803 2490 3866 peccato
2525 3795 2834 3859 redimeret,
2858 3793 3036 3850 omnia
3067 3796 3320 3852 omnibus
3345 3795 3520 3876 lactus
3555 3812 3567 3850 :
3604 3791 3772 3846 Peccala

655 3898 830 3962 Exite,
861 3896 914 3952 in
949 3871 1061 3951 toto
1084 3895 1217 3950 orbe
1255 3871 1604 3960 Evangelium
1648 3886 2028 3962 praedicantes,
2057 3888 2160 3954 Ite,
2265 3885 2403 3939 enim
2434 3894 2612 3940 nostra
2636 3884 2860 3956 portavit
2906 3885 2961 3938 in
2992 3901 3209 3954 corpore
3241 3901 3340 3940 suo
3371 3871 3426 3956 (Ι
3448 3881 3582 3937 Petr.
3607 3881 3672 3950 11).
3696 3877 3773 3934 Cu-

577 3988 756 4042 docete
787 4000 964 4040 omnes
994 3993 1169 4053 gentes
1196 3979 1424 4052 (Matth.
1454 3979 1632 4050 xv111).
2011 3997 2016 4002 ·
2258 3975 2348 4046 jus
2388 3974 2630 4030 imitator
2657 3972 2853 4029 Paulus
2877 3974 2989 4029 ait:
3026 3973 3281 4030 Omnibus
3311 3975 3484 4031 omnia
3513 3972 3661 4044 [actus
3674 3979 3770 4026 still.

669 4077 804 4132 Vasa
826 4073 1214 4144 Domini..(ln.)
1237 4071 1519 4141 Templum
1549 4071 1763 4126 Domini
1787 4077 2032 4128 sanctum
2055 4077 2162 4134 est,
2267 4077 2516 4122 utomnes
2553 4065 2898 4136 lucriﬁcarem
2931 4065 2985 4136 (I
3025 4065 3147 4120 Cor.
3188 4066 3290 4140 ιι).

577 4169 722 4242 quod
775 4165 910 4224 estis
963 4181 1079 4232 vos,
1112 4178 1244 4220 vasa
1297 4160 1507 4218 scilicet
1561 4173 1728 4216 aurea
1773 4167 1828 4214 et
1883 4168 2159 4230 aIgentea,
2336 4157 2576 4228 Rogavit.
2605 4155 2784 4219 Pater,
2825 4155 3043 4226 ignosce
3085 4155 3212 4210 illis.
3250 4155 3336 4211 Ad
3376 4156 3512 4211 hanc
3537 4162 3693 4206 vocem
3715 4157 3772 4200 se-

577 4238 721 4317 uude
749 4258 949 4315 Paulus
982 4272 1077 4314 vas
1101 4253 1380 4313 electionis
1399 4251 1628 4318 dicitur;
1657 4249 1740 4306 vel
1761 4265 1891 4305 vasa
1923 4247 2162 4314 Domini,
2265 4251 2498 4305 cundum
2515 4247 2861 4318 Evangelium
2883 4245 3245 4303 Nazareorum
3263 4245 3430 4303 multa
3452 4244 3602 4301 millia
3619 4238 3772 4296 indeo-

577 4361 858 4408 armatura
894 4348 1014 4415 Dei,
1044 4347 1212 4404 lorica
1249 4344 1498 4416 justitiae,
1549 4341 1770 4414 clypeus
1816 4340 1962 4408 ﬁdei,
2007 4340 2159 4411 galea
2265 4361 2387 4403 rum
2425 4344 2718 4402 astantium
2747 4343 2893 4400 circa
2929 4357 3150 4399 crucem
3193 4341 3551 4399 crediderunt.

577 4443 788 4508 salutis,
819 4449 874 4497 et
902 4439 1112 4514 gladius
1139 4437 1386 4509 spiritus,
1417 4435 1562 4508 quod
1591 4442 1676 4490 est
1715 4433 1938 4489 verbum
1965 4431 2083 4486 Dei.

651 4490 1472 4600 intelliget
1500 4490 1610 4582 .‘ne
1632 4525 1908 4582 dubitetur
1928 4525 2051 4594 quis
2080 4524 2159 4579 di-
2188 4490 2237 4549 υ
2847 4496 3072 4554 CAPUT
3113 4494 3242 4552 LIV-

580 4629 739 4692 xerit,
763 4627 854 4698 qui
875 4623 1123 4696 loquebar
1137 4639 1252 4678 ecce
1273 4593 1461 4676 adsum
1483 4637 1502 4676 :
1526 4627 1583 4675 et
1601 4616 1746 4690 quod
1774 4618 1844 4674 sit
1875 4593 2160 4674 brachium
2293 4659 2304 4670 κ
2338 4609 2502 4668 Vens.
2535 4611 2585 4666 1.
2607 4641 2678 4651 -—
2706 4607 2910 4673 Lauda,
2935 4607 3148 4663 sterilis.
3208 4605 3416 4698 (illam)
3459 4601 3693 4659 Hactenus
3726 4593 3770 4698 dt:

581 4679 816 4786 Domini,
848 4679 1008 4774 Pater
1037 4715 1320 4788 perspicue
1344 4713 1530 4788 docet.
1617 4679 1639 4690 -
2267 4703 2568 4768 nativitate,
2607 4700 2877 4772 passione,
2934 4697 3347 4764 resurrectione,
3397 4704 3522 4760 etc.,
3562 4701 3693 4759 usque
3723 4679 3770 4733 ad

659 4811 838 4882 Vsus.
878 4807 966 4864 11.
997 4836 1068 4847 —-
1093 4805 1244 4880 Sicut
1297 4804 1694 4876 obstupuerunt.
1745 4801 1863 4859 Non
1917 4811 2164 4860 servatur
2268 4805 2380 4852 tam
2408 4795 2476 4852 de
2509 4793 2710 4851 Iudaeis
2733 4807 2897 4882 quam
2927 4791 2996 4846 de
3018 4789 3306 4882 gentilibus
3331 4792 3688 4882 congregatum:

582 4901 716 4956 ordo
740 4877 1000 4972 historia).
1027 4873 1288 4968 Superius
1315 4867 1460 4952 enim
1484 4893 1804 4965 loquebatur
1825 4891 2082 4964 prephetn
2107 4893 2162 4947 in
2339 4884 2553 4952 Lauda,
2597 4882 2808 4938 sterilis.
2863 4879 3167 4972 Apostolus,
3203 4877 3359 4972 juxta
3405 4871 3573 4930 LXX:
3602 4867 3765 4972 Lateri.

584 4965 816 5062 persona
842 4961 1022 5045 Patris
1143 4985 1458 5043 ascensione
1485 4958 1631 5050 Filii,
1656 4991 1712 5040 et
1735 4958 2012 5039 subito—ad
2035 4997 2165 5054 pas-
2266 4976 2480 5038 sterilis,
2506 4990 2623 5046 qua:
2644 4989 2746 5028 non
2764 4966 3399 5062 paris,erumpe.etclanta
3412 4974 3622 5062 φηροη
3636 4958 3765 5062 Parit

584 5050 794 5136 sionem
821 5080 1001 5135 rediit.
2035 5050 2053 5054 _
2270 5068 2363 5134 ris,
2385 5067 2507 5136 quia
2537 5063 2688 5120 multi
2712 5062 2814 5132 ﬁlii
2841 5061 3058 5117 deserta:
3111 5057 3254 5131 (Gal.
3278 5057 3372 5130 ιν),
3397 5064 3498 5129 etc.
3524 5050 3616 5106 Nos
3634 5050 3763 5099 autem

1187 5145 1417 5204 CAPUT
1437 5145 1563 5200 L'1l.
2269 5157 2466 5214 fratres
2493 5154 2790 5212 secundum
2837 5152 3008 5216 Isaac,
3037 5145 3466 5221 repromissionis
3508 5138 3586 5195 lllii
3611 5138 3760 5221 suetus.

661 5266 821 5321 Vens.
867 5264 919 5318 1.
944 5294 1014 5304 —
1057 5263 1187 5330 Quis
1237 5261 1457 5316 credidit
1493 5261 1520 5314 .9
1569 5259 1774 5334 (111nm)
1817 5258 2084 5330 Propheta
2115 5258 2167 5314 in
2343 5248 2508 5306 VBBS-
2536 5248 2590 5303 5ο
2623 5276 2694 5286 -·
2731 5245 2813 5300 Ad
2859 5219 3126 5298 dexiem'll
3171 5241 3310 5334 εξιίηι
3335 5251 3354 5290 -°
3386 5219 3760 5334 3d_°m‘"i‘fjl_(:c:

678 5310 821 5321 .-.--.
875 5310 919 5318 --
1061 5310 1185 5330 κ---
1237 5310 1454 5316 ---ψη
1495 5310 1506 5314 -
1596 5310 1772 5331 -____-,

588 5371 817 5430 persona
836 5356 1218 5427 prophetarum
1243 5310 1594 5424 conqueritui-
1616 5352 1758 5421 quod
1787 5350 2030 5421 pauciex
2069 5348 2168 5406 .lu-
2273 5341 2481 5400 mundi.
2519 5339 2632 5404 Vel,
2668 5353 2769 5393 nec
2811 5336 2953 5392 elata
2982 5331 3272 5405 prosperis,
3315 5343 3412 5430 nec
3453 5324 3605 5380 fracta
3625 5310 3762 5368 advel“

589 5419 721 5510 datis
757 5419 984 5506 credunt
1011 5449 1155 5519 quod
1183 5447 1250 5502 de
1283 5419 1511 5502 adventu
1543 5419 1662 5500 Filii
1682 5444 1752 5500 ab
1783 5419 1894 5498 illis
1919 5443 2164 5498 audiunt.
2270 5435 2366 5492 sis.
2398 5431 2516 5498 Vel,
2549 5430 2616 5488 ad
2638 5429 2778 5484 bona
2811 5427 3004 5482 futura:
3031 5432 3086 5479 et
3115 5419 3410 5519 pmseptis.
3467 5515 3476 5519 Α
3559 5501 3580 5519 Δ.

661 5482 721 5508 us
757 5482 984 5506 mauu...
1051 5482 1155 5504 ......
1183 5482 1250 5502 ι...
1283 5482 1511 5502 suum...
1544 5482 1564 5499 .
1587 5482 1752 5500 ..υ
1783 5482 1894 5498 ...ω
1919 5482 2164 5498 .............
2270 5482 2366 5492 -.--
2417 5482 2516 5498 ---.
2551 5482 2615 5488 ρ-
2641 5482 2738 5484 τ-..
3117 5482 3132 5494 ,

661 5543 732 5598 Et
786 5482 1054 5609 brachia;
1104 5538 1336 5593 Domini.
1380 5536 1504 5609 (11).)
1544 5537 1710 5592 Pater
1753 5533 1948 5590 Filium
2008 5550 2166 5590 suum
2341 5525 2504 5580 Vens.
2531 5525 2584 5579 1.
2612 5552 2684 5562 —-
2714 5520 2841 5576 Noli
2862 5521 3061 5574 timere.
3112 5517 3236 5609 (11).)
3279 5513 3409 5609 cum
3464 5501 3608 5561 turris
3646 5482 3758 5547 ΨΜ

592 5636 794 5692 mundo
820 5605 1088 5696 nuntiavit
1109 5639 1429 5695 venturum;
1457 5638 1514 5684 et
1541 5636 1666 5702 ante
1691 5626 2002 5683 scandalum
2042 5641 2166 5680 cru-
2265 5622 2643 5680 aediﬁcaretur,
2667 5625 2796 5680 etc.,
2821 5627 2981 5683 usque
2999 5610 3067 5666 ad
3096 5609 3186 5700 qui
3211 5601 3455 5702 funiculu.
3469 5681 3554 5702 tu

595 5726 692 5791 cis,
718 5693 972 5796 praemisit
1001 5721 1225 5794 gloriam
1251 5685 1604 5790 resurgentis:
1625 5717 1928 5775 Elevabftur
1949 5726 1994 5772 ct
2023 5717 2166 5772 exal-
2341 5711 2504 5768 Vens.
2536 5710 2590 5768 6.
2617 5740 2687 5750 —
2713 5705 2851 5774 Quia
2880 5713 2935 5759 ut
2981 5695 3268 5756 mulierem.
3308 5689 3427 5766 (ἰυο)
3467 5681 3554 5752 om
3586 5678 3739 5742 “qm
