4028 6332
310 409 449 468 1297

1297 407 1564 466 GLOSSA
1597 405 1992 464 ORDINARIA.
2033 436 2102 447 -
2139 406 2268 464 LIB.
2305 407 2524 466 ΙΞΔΙᾸΞ.

3413 410 3550 466 129³

305 530 398 576 tur
423 518 776 592 tropologiam
809 518 944 575 etin
976 517 1108 574 locis
1145 517 1492 584 dililcillimis,
1532 525 1665 584 etc.,
1707 531 1868 588 usque
1894 521 1948 580 Α
2043 518 2206 574 Vens.
2229 521 2316 574 ll.
2337 550 2408 560 —
2428 521 2554 577 Non
2583 529 2880 578 revertetur.
2915 521 3020 578 Sed
3046 530 3331 593 postquam
3365 536 3543 578 meam

303 613 376 667 ad
405 611 597 667 stolam
626 609 975 678 osculumque
993 608 1238 680 porrigit.

373 699 540 755 Vens.
569 699 622 755 9.
645 698 872 754 —Sicut
885 699 941 752 in
955 697 1134 752 diebus
1157 698 1294 764 Noe,
1313 705 1418 752 etc.
1447 696 1520 753 Ut
1540 695 1726 751 credat
1743 709 1872 750 san-

302 801 513 848 ctorum
539 790 884 863 congregatio
910 788 1332 844 misericordiam
1358 789 1570 843 Domini
1589 787 1875 857 sempiter-

301 897 448 946 nam,
479 890 537 936 et
558 882 629 937 ad
657 889 914 951 punctum
937 895 1060 936 esse
1088 880 1353 945 desertos,
1377 888 1441 935 ut
1465 879 1622 936 amici
1653 879 1748 935 Dei
1772 877 1873 934 ite-

297 969 431 1027 dere
444 980 652 1026 aeterno
679 969 809 1025 ﬁant
837 984 854 1024 :
880 968 1142 1039 maiorum
1169 971 1320 1042 ponit
1344 969 1610 1040 exempla.

369 1060 534 1116 Vens.
565 1061 652 1116 M.
671 1091 746 1101 —
775 1061 976 1116 Recede
995 1061 1194 1132 procul.
1222 1060 1432 1133 (litem)
1459 1059 1775 1116 Consolatus
1794 1068 1878 1116 est

296 1151 596 1207 Ecclesium
622 1152 688 1207 de
699 1151 966 1220 gentibus,
981 1151 1302 1221 promittens
1323 1151 1402 1206 eis
1426 1150 1733 1222 spiritualcs
1751 1164 1877 1219 gra-

296 1243 404 1298 tias
443 1261 456 1298 :
489 1257 632 1298 nunc
665 1241 824 1298 docet
853 1240 979 1312 quid
1013 1249 1156 1310 agat,
1186 1254 1256 1294 ne
1285 1239 1625 1295 adversarios
1668 1239 1876 1294 timeat.

364 1330 532 1388 Vens.
569 1331 654 1386 15.
681 1361 751 1372 —
776 1330 908 1385 Ecce
937 1329 1139 1383 accola.
1170 1327 1285 1384 lloc
1305 1329 1373 1384 ad
1393 1344 1452 1384 se
1489 1329 1764 1383 invertunt
1785 1326 1880 1382 Ju-

296 1421 422 1486 daai,
453 1431 708 1492 tanquam
741 1421 850 1477 sint
875 1419 1039 1474 futuri
1060 1418 1318 1490 prosclyti
1345 1433 1412 1474 ex
1448 1418 1698 1491 gentibus
1738 1426 1878 1474 tem-

297 1527 434 1584 pore
457 1512 657 1569 Christi
678 1512 781 1568 sui.
1381 1505 1386 1508 ’

369 1600 538 1658 Vens.
572 1602 661 1658 16.
689 1633 762 1644 -
782 1601 917 1658 Ecce
942 1619 1056 1675 ego.
1080 1599 1196 1658 Non
1223 1601 1367 1672 quod
1407 1599 1512 1657 sim
1548 1613 1712 1656 causa
1754 1612 1880 1670 per-

291 1693 516 1752 ditionis
537 1710 747 1757 eorum,
788 1696 884 1758 sed
921 1695 1265 1752 adversarius
1286 1708 1553 1768 pugnans,
1581 1693 1740 1750 victis
1754 1707 1877 1765 per-

291 1785 539 1850 ditionis,
570 1785 868 1842 victoribus
895 1800 1059 1842 causa
1085 1793 1172 1842 est
1189 1783 1416 1856 prtemii.

1974 609 2278 679 impleverit
2313 610 2638 666 voluntatem
2671 611 2726 666 in
2767 611 2950 677 terris,
2979 612 3174 668 redibit
3195 618 3252 668 et
3279 611 3489 667 sedebit
3511 627 3543 664 a

1973 700 2178 756 dextris
2195 701 2346 764 meis,
2365 702 2656 757 secundum
2671 701 2822 768 illud,
2854 701 2990 758 Sede
3003 719 3035 756 a
3049 701 3246 757 dextris
3257 703 3406 769 meis,
3429 710 3535 757 etc.

2057 787 2220 846 Vens.
2237 789 2324 844 12.
2341 820 2411 830 -
2424 789 2648 855 Montes,
2669 789 3080 847 scilicetanima:
3089 789 3400 846 sanctorum
3425 805 3546 860 qua:

1973 893 2074 950 pro
2098 879 2356 935 varietate
2382 880 2642 936 virtutum
2671 890 2881 938 montes
2909 881 3242 952 appellantur
3274 889 3332 937 et
3361 880 3544 937 colles.

2046 965 2210 1023 Vens.
2239 969 2411 1024 l3.—
2444 967 2552 1025 Pro
2580 969 2898 1026 saliuncula.
2953 970 3286 1036 Saliuncula,
3339 970 3540 1027 aculeis

1975 1065 2032 1113 et
2058 1057 2435 1127 punctionibus
2461 1058 2634 1130 plena.
2680 1059 2865 1124 Abies,
2907 1058 3036 1126 alta,
3078 1074 3320 1130 procera,
3370 1059 3540 1116 labri-

1975 1149 2162 1204 eandis
2197 1148 2442 1206 domibus
2465 1159 2611 1221 apta,
2640 1151 2760 1222 pice
2800 1150 3050 1208 fecunda.
3098 1199 3100 1202 ,

2045 1241 2114 1296 Et
2164 1243 2262 1296 erit
2310 1243 2586 1299 Dominus.
2635 1243 2761 1300 Alii.
2805 1245 2874 1300 Et
2913 1245 3019 1301 erit
3066 1245 3324 1302 Dominus
3359 1246 3413 1300 in
3448 1261 3544 1301 no-

1976 1345 2100 1388 men
2121 1332 2256 1388 etin
2280 1333 2493 1405 signum
2522 1335 2910 1405 sempiternum
2935 1335 3080 1407 quod
3106 1351 3212 1393 non
3244 1337 3476 1393 deticict.

2538 1423 2766 1482 CAPUT
2803 1425 2936 1482 LVI.

2046 1507 2211 1568 Vens.
2237 1511 2525 1570 1.-Ηωο
2575 1515 2704 1571 dicit
2751 1515 3027 1574 Dominus.
3081 1517 3349 1574 Custodite
3390 1521 3542 1591 judi-

1975 1602 2133 1659 cium.
2165 1603 2368 1678 (Hten.)
2399 1605 2710 1663 Terminato
2743 1607 2980 1679 gentium
3024 1609 3297 1676 vaticinio,
3325 1625 3444 1680 qua:
3489 1611 3545 1666 in

1975 1693 2210 1750 adventu
2251 1694 2452 1752 Christi
2494 1697 2561 1754 de
2597 1697 2890 1754 saliuncula
2928 1707 2984 1754 et
3010 1699 3184 1754 urtica
3217 1699 3272 1754 in
3311 1700 3544 1756 abietem

1975 1794 2322 1856 myrtumque
2367 1795 2645 1842 mutantur
2680 1805 2693 1842 :
2735 1787 2968 1858 loquitur
3005 1787 3073 1843 ad
3105 1787 3375 1844 auditores
3401 1789 3544 1844 illius

361 1879 535 1936 Vens.
564 1881 652 1936 l7.
678 1910 752 1920 —
777 1879 908 1936 Hice
927 1889 1002 1936 est
1023 1877 1322 1934 hwreditas.
1372 1873 1452 1934 Ne
1471 1875 1651 1946 justus
1707 1874 1874 1932 tribu-
1901 1869 1950 1931 B
1979 1876 2258 1946 temporis,
2296 1884 2362 1931 ut
2383 1891 2444 1933 se
2461 1885 2651 1948 parent
2676 1877 2744 1934 ad
2771 1877 3056 1932 adventum
3095 1875 3413 1942 Salvatoris,
3453 1880 3552 1948 qui.

295 1977 430 2026 atus
447 1970 688 2038 deficiat,
716 1971 868 2028 addit
896 1970 1136 2041 praemia.

897 2061 1124 2119 CAPUT
1177 2061 1288 2119 LV.

349 2154 524 2211 Vens.
555 2153 609 2208 1.
631 2152 914 2208 —Omncs
958 2153 1203 2219 sitientes,
1257 2152 1442 2207 uenite.
1490 2149 1693 2222 (Ηιειι.)
1729 2147 1865 2219 Quia

276 2259 378 2302 vas
413 2245 604 2301 ﬁctum
629 2255 821 2302 contra
859 2243 1156 2300 Ecclesiam
1197 2243 1410 2299 dixerat
1452 2243 1864 2308 conterendum,

279 2346 339 2393 et
373 2350 596 2393 omnem
618 2335 853 2408 linguam
878 2343 1146 2391 armatam
1189 2343 1377 2390 contra
1429 2333 1710 2390 scientiam
1763 2333 1860 2389 Dei

279 2429 673 2499 superandam,
698 2435 955 2498 provocat
973 2427 1256 2483 credentes
1283 2427 1352 2482 ad
1370 2424 1592 2481 ﬂuvium
1624 2422 1741 2492 Dei,
1773 2424 1874 2495 qui

276 2518 518 2589 repletus
545 2524 628 2574 est
645 2516 821 2588 aquis.

348 2609 640 2665 Comedile.
691 2609 990 2676 Audiendo,
1040 2608 1325 2681 loquendo,
1379 2607 1626 2681 legendo,
1693 2605 1866 2663 medi-

277 2701 469 2763 tando,
500 2700 792 2770 operando,
819 2699 982 2756 corde
1007 2700 1307 2756 retinendo.
1365 2699 1558 2755 Divina
1597 2696 1864 2767 siquidem

275 2790 586 2862 Scriptura,
623 2798 678 2846 et
701 2798 859 2860 potus
897 2797 1002 2856 est,
1035 2797 1223 2859 aperta
1262 2805 1276 2843 :
1315 2795 1372 2844 et
1407 2788 1582 2854 cibus,
1628 2784 1860 2842 occulta.

275 2883 399 2952 Ipsa
420 2881 586 2938 etiam
609 2888 666 2935 ct
689 2895 828 2949 aqua
849 2887 933 2934 est
953 2888 1008 2934 et
1027 2879 1179 2949 panis
1197 2879 1289 2948 qui
1314 2878 1381 2932 de
1400 2877 1542 2932 coelo
1559 2875 1856 2932 descendit.

351 2970 531 3036 Quare
566 2967 857 3039 appenditis
905 2977 1196 3038 argentum.
1251 2966 1500 3022 Pcnsatis
1550 2979 1707 3020 sacra
1755 2963 1864 3019 elo-

274 3059 432 3132 quia,
459 3057 554 3114 sed
581 3048 688 3112 non
717 3055 1084 3112 refectionem.
1132 3055 1233 3124 Qui
1257 3055 1424 3112 solam
1475 3055 1710 3127 speciem
1765 3052 1858 3108 lit-

278 3163 414 3209 tera:
434 3150 740 3217 custoditis,
770 3151 837 3205 de
865 3149 1131 3220 spirituali
1171 3148 1520 3221 intelligentia
1573 3147 1856 3219 pinguedi-

276 3256 406 3297 nem
435 3241 666 3297 internte
690 3239 1002 3296 refectionis
1029 3239 1297 3296 amittitis.

350 3331 519 3386 Vens.
549 3329 698 3385 4.-
740 3329 878 3385 Ecce
922 3338 1122 3385 testem.
1173 3328 1492 3387 Provocavit
1535 3327 1748 3384 Judaeos
1789 3328 1857 3384 ad

273 3420 631 3487 credendum,
692 3419 788 3476 sed
829 3419 956 3491 quia
983 3420 1191 3476 sciebat
1221 3420 1330 3475 illis
1365 3435 1470 3476 non
1504 3419 1851 3477 credentibus

272 3508 654 3582 gentiles’esse
675 3509 998 3576 credituros,
1033 3509 1164 3566 dicit
1201 3523 1261 3565 se
1303 3509 1472 3566 illium
1517 3510 1732 3567 misisse
1763 3509 1866 3582 qui

271 3609 552 3674 praecepta
571 3601 742 3674 ipsius
768 3601 980 3674 populis
999 3601 1292 3658 nuntiaret.

345 3694 516 3750 Vens.
553 3694 694 3750 5.-
719 3693 1002 3750 Dominum
1054 3693 1225 3749 Deum
1272 3702 1440 3749 tuum.
1471 3691 1590 3766 (In).
1631 3690 1857 3760 Quando

263 3782 442 3840 Pater
479 3783 697 3851 dicitur,
740 3781 902 3840 Pater
928 3781 1130 3840 Christi
1179 3783 1476 3840 secundum
1518 3781 1857 3837 divinitatem

262 3873 488 3930 dicitur
514 3872 679 3929 Pater
713 3873 898 3945 gloria:
920 3887 934 3927 :
959 3873 1254 3928 secundum
1287 3871 1699 3939 humanitatem,
1753 3869 1855 3928 Pa—

263 3981 353 4029 ter
402 3968 610 4026 Domini
641 3969 811 4026 nostri
852 3967 980 4025 Jesu
1016 3967 1235 4025 Christi.
1305 3985 1308 3988 ’
1551 4035 1558 4044 _

345 4061 519 4118 Vens.
545 4060 600 4116 6.
628 4090 698 4100 —
726 4058 958 4125 Quaerite
995 4059 1300 4134 Dominum.
1337 4057 1463 4114 Ilaec
1489 4057 1760 4128 pertinent
1786 4056 1855 4113 ad

261 4152 490 4209 Iudaeos
503 4151 589 4205 vel
600 4151 666 4206 ad
681 4157 868 4222 gentes
889 4149 1214 4221 specialiter,
1243 4157 1299 4204 et
1327 4149 1392 4204 ad
1415 4163 1855 4220 unumquemque

265 4241 622 4314 generaliter.
660 4239 928 4310 Propheta
977 4239 1044 4295 ad
1085 4238 1298 4295 iudices
1336 4257 1350 4294 :
1394 4237 1622 4306 Quaerite
1671 4240 1857 4295 Domi-

265 4347 422 4396 num,
454 4329 611 4401 quasi
639 4329 873 4386 diceret:
899 4329 1100 4386 Gentes
1123 4330 1423 4400 suscipiunt
1455 4329 1856 4388 misericordias

265 4423 468 4489 David,
507 4431 566 4478 et
594 4437 694 4480 vos
721 4423 1108 4496 dediggnamini,
1135 4423 1230 4480 sed
1276 4423 1418 4494 agite
1451 4424 1850 4494 paenitentiam,

265 4524 328 4572 et
360 4513 742 4570 convertimini
779 4514 904 4568 dum
934 4523 1144 4583 tempus
1170 4513 1400 4567 habetis.

1971 1971 2055 2020 est
2094 1964 2462 2022 misericordia
2489 1977 2544 2023 et
2571 1965 2800 2036 iustitia.

2051 2052 2320 2110 Custodite
2356 2055 2639 2126 judicium.
2673 2055 2794 2128 (ιο.)
2831 2053 2946 2109 Νοη
2992 2055 3318 2126 accipientes
3358 2071 3542 2127 perso-

1967 2158 2092 2200 nam
2127 2144 2182 2200 in
2204 2143 2428 2216 judicio.
2479 2143 2691 2200 Domini
2721 2144 2865 2202 enim
2888 2145 3148 2216 judicium
3185 2154 3285 2210 est,
3317 2147 3410 2215 qui
3450 2147 3541 2215 ju--

1967 2233 2114 2290 dicat
2148 2231 2456 2303 iudicantes
2494 2234 2653 2290 bona.

2035 2323 2201 2380 Vens.
2229 2325 2286 2380 2.
2303 2357 2376 2368 —
2395 2325 2706 2382 Custodiens
2732 2326 3026 2382 sabbatum.
3053 2327 3177 2400 (ln.)
3213 2327 3288 2384 Ne
3313 2330 3404 2391 sit.
3445 2333 3546 2386 sci-
3573 2357 3580 2360 -

1965 2415 2177 2475 licetde
2197 2433 2294 2475 sex
2317 2412 2512 2476 diebus
2534 2421 2728 2491 quibus
2750 2420 2924 2476 factus
2944 2429 3026 2476 est
3053 2421 3301 2477 mundus.
3328 2423 3404 2478 De
3426 2425 3546 2492 qui-

1964 2511 2068 2567 bus
2103 2510 2331 2582 apostoli
2359 2526 2466 2566 non
2490 2519 2667 2577 erant,
2691 2511 2885 2581 quibus
2909 2511 3106 2566 dicitur
3129 2527 3144 2564 :
3176 2510 3240 2568 Si
3259 2512 3323 2566 de
3349 2514 3544 2566 mundo

1968 2605 2173 2669 essetis,
2217 2604 2449 2660 mundus
2485 2604 2626 2676 quod
2669 2620 2822 2659 suum
2850 2613 2961 2658 erat
3002 2603 3262 2675 diligeret,
3291 2613 3396 2660 etc.
3429 2604 3546 2675 Ego

1961 2691 2095 2764 elegi
2105 2710 2196 2748 vos
2225 2695 2290 2748 de
2309 2695 2526 2760 mundo,
2542 2695 2736 2750 idcirco
2761 2695 2871 2749 odit
2895 2710 2982 2750 ros
3003 2695 3228 2749 mundus
3243 2693 3546 2767 (Joan.xv).

2035 2785 2200 2842 Vens.
2229 2787 2282 2841 5.
2300 2787 2447 2842 μ-Ει
2471 2804 2576 2842 non
2603 2787 2763 2842 dicat.
2798 2787 2923 2856 (ln.)
2956 2786 3070 2842 Hoc
3096 2794 3285 2842 contra
3308 2784 3548 2852 Judzeos,

1962 2877 2056 2948 qui
2068 2879 2171 2933 sibi
2189 2886 2392 2932 tantum
2407 2878 2692 2934 adventum
2719 2877 2918 2933 Christi
2945 2893 3047 2933 ven
3056 2878 3322 2944 dicabant,
3336 2885 3392 2934 et
3410 2878 3546 2932 alios

1965 2968 2254 3038 desperare
2277 2969 2557 3037 cogebant.
2603 2967 2710 3024 Sed
2747 2984 2849 3022 non
2883 2977 2958 3022 est
2995 2969 3261 3024 distinctio
3289 2968 3468 3024 Iudici
3497 2979 3545 3022 et

1963 3055 2134 3113 erci
2162 3055 2332 3128 (Rom.
2364 3057 2441 3128 Χ).

2052 3146 2361 3204 Eunuchus.
2394 3148 2518 3222 (19.)
2567 3148 2795 3222 Propter
2847 3164 3070 3222 regnum
3114 3150 3397 3216 caelorum,
3451 3152 3544 3222 qui

1887 3236 1933 3300 C
1963 3237 2292 3294 mortiﬁcant
2311 3239 2552 3294 membra
2572 3254 2666 3296 sua
2699 3254 2861 3311 super
2893 3241 3264 3309 tei'ram,ctc.,
3283 3258 3443 3310 usque
3475 3244 3542 3295 ad

1959 3328 2103 3401 quod
2133 3329 2199 3384 de
2222 3330 2428 3386 semine
2449 3329 2743 3400 spiritualis
2763 3322 2944 3401 operis
2975 3329 3192 3397 dicitur,
3221 3347 3328 3388 non
3355 3332 3541 3403 prolis.

2031 3419 2198 3476 Vens.
2220 3418 2510 3486 4.-—Quia
2536 3421 2646 3476 Ita'c
2673 3419 2798 3474 dicit
2821 3419 3098 3475 Dominus.
3127 3419 3249 3492 (10.)
3280 3418 3396 3475 Duo
3419 3435 3546 3490 pro-

1960 3513 2160 3586 posuit,
2177 3513 2476 3586 proselytos
2503 3511 2709 3569 scilicet
2735 3521 2791 3568 et
2804 3511 3100 3578 eunuchos,
3127 3519 3262 3577 etc.,
3282 3526 3446 3580 usque
3474 3513 3540 3564 ml

1957 3619 2029 3661 ne
2055 3618 2115 3660 se
2141 3611 2330 3676 putent
2357 3601 2636 3673 subiacere
2663 3602 3022 3659 maledictioni
3049 3601 3182 3673 legis

2029 3692 2196 3750 Vens.
2221 3689 2442 3751 6.-Ει
2467 3691 2614 3762 ﬁlios
2635 3693 2848 3748 advena:
2874 3708 2892 3748 :
2923 3701 3040 3763 post
3064 3691 3348 3748 eunuchos.
3369 3691 3434 3746 ad
3456 3691 3548 3746 ad.

1959 3799 2125 3841 venas
2160 3782 2356 3840 transit
2381 3791 2438 3840 et
2460 3783 2680 3856 praemia
2710 3783 2994 3854 promittit.

2028 3875 2097 3931 In
2143 3891 2337 3930 servos.
2389 3873 2573 3942 Qualis
2609 3873 2808 3930 Paulus
2851 3873 2942 3945 qui
2981 3873 3048 3929 de
3087 3889 3148 3931 se
3187 3874 3298 3930 ait:
3347 3874 3545 3931 Paulus

1958 3984 2148 4028 servus
2176 3967 2376 4025 Christi
2401 3966 2552 4036 Jesu,
2579 3976 2635 4025 et
2664 3967 2873 4041 Moyses
2899 3966 3132 4025 famulus
3155 3968 3270 4025 Dei.

2030 4061 2201 4118 Vens.
2226 4061 2707 4119 7.—Holocausta
2735 4078 2936 4117 eorum.
2970 4060 3283 4131 Mortiﬁcate
3311 4061 3544 4116 membra

1954 4163 2146 4221 vestra,
2171 4169 2291 4224 qua:
2312 4161 2434 4208 sunt
2459 4161 2845 4224 super-terram
2885 4148 3083 4221 (Calas.
3123 4149 3228 4220 In).
3273 4150 3342 4206 Et
3376 4150 3544 4205 Euhi-

1956 4242 2121 4300 beatis
2141 4259 2362 4313 corpora
2383 4251 2554 4298 uestra
2580 4241 2805 4295 hostium
2840 4239 2945 4293 Deo
2972 4239 3242 4294 viventem.
3273 4237 3541 4296 Holocau-

1955 4341 2100 4388 stum
2123 4338 2293 4388 totum
2315 4329 2544 4388 offertur
2565 4329 2700 4398 Deo,
2725 4337 2781 4386 et
2801 4327 3126 4384 incenditur.
3151 4327 3396 4385 Victima:
3417 4344 3482 4402 pa
3492 4345 3544 4384 rs
3621 4394 3627 4402 _

1955 4422 2327 4482 sacerdotibus
2343 4423 2518 4479 datur.
2537 4421 2916 4479 llolocaustum
2929 4422 3042 4478 Deo
3059 4422 3267 4490 tribuit,
3284 4421 3374 4493 qui
3391 4439 3548 4478 mttu-

1955 4513 2084 4569 dum
2125 4511 2411 4584 relinquit,
2447 4520 2507 4569 ut
2533 4527 2748 4584 semper
2772 4520 2927 4568 vacet
2951 4511 3200 4569 orationi.
3230 4511 3544 4580 Victimam,

343 4602 488 4657 Dum
533 4617 710 4672 prope.
765 4600 886 4671 (ln.)
927 4599 1006 4654 Ne
1050 4598 1245 4653 vestris
1293 4598 1437 4655 vitiis
1473 4599 1711 4667 recedat,
1755 4600 1847 4672 qui
1873 4609 1927 4670 1)
1951 4605 2044 4677 qui
2073 4605 2184 4661 Deo
2208 4605 2375 4661 servit
2409 4611 2466 4662 et
2508 4618 2628 4674 qua:
2664 4604 2848 4660 mundi
2870 4613 2996 4660 sunt
3036 4605 3270 4677 disponit
3301 4606 3468 4678 juste.

267 4690 673 4764 apprOpinquat
701 4687 1252 4759 appropinquantibus
1294 4687 1420 4755 sibi,
1451 4698 1508 4745 et
1533 4688 1646 4745 tilio
1670 4703 1854 4745 rever-

269 4782 410 4841 tenti
435 4781 588 4836 laetus
613 4779 870 4836 occurrit.

346 4871 514 4928 Vens.
548 4871 690 4926 8.—
735 4869 857 4925 Non
904 4869 1064 4924 enim.
1104 4868 1183 4926 Ne
1224 4871 1426 4942 putetis
1471 4871 1686 4928 dimcile
1730 4886 1854 4930 esse

269 4965 422 5038 quod
460 4963 736 5034 spondeo:
777 4960 1116 5017 considerate
1151 4961 1292 5031 quod
1331 4962 1474 5016 inter
1504 4977 1625 5018 mea
1666 4971 1723 5018 et
1763 4977 1856 5019 vc-

269 5067 392 5115 stra
433 5054 657 5112 consilia
710 5053 876 5108 multa
923 5052 996 5108 sit
1041 5051 1466 5110 differentiazet
1513 5062 1715 5125 quanta
1755 5070 1854 5110 na-

272 5161 436 5215 turae,
475 5155 624 5202 tanta
669 5144 961 5200 voluntatis
1003 5145 1308 5200 diversitas.

368 5235 535 5293 Vsus.
565 5238 652 5293 l0.
674 5266 743 5277 —
765 5233 831 5290 Et
860 5235 1136 5307 quomodo.
1165 5235 1289 5307 (10.)
1334 5235 1454 5292 Alia
1500 5237 1852 5295 similitudine

273 5328 516 5387 ostendit
539 5327 664 5399 quia
692 5327 894 5382 multus
921 5335 1004 5382 est
1033 5327 1097 5380 ad
1129 5325 1530 5396 ignoscendum.

350 5417 549 5473 Panem
601 5416 906 5473 comedenti.
959 5415 1111 5473 Uudc
1141 5416 1389 5473 Salomon
1419 5437 1434 5473 :
1463 5419 1616 5474 Mitte
1662 5437 1852 5492 panem

273 5519 430 5567 tuum
471 5526 627 5581 super
669 5527 855 5581 aquas,
891 5510 1016 5582 quia
1044 5511 1100 5565 in
1135 5509 1472 5566 multitudine
1510 5511 1713 5568 dierum
1770 5515 1854 5569 im-

272 5605 452 5660 venies
479 5621 618 5671 eum,
669 5605 773 5661 hoc
817 5614 924 5671 est,
954 5619 1148 5676 panem
1191 5605 1452 5663 doctrina:
1500 5616 1604 5664 tua:
1637 5619 1692 5666 et
1729 5626 1853 5682 gra-

275 5695 411 5751 tiam
437 5697 767 5767 spiritualem
789 5699 994 5756 cunctis
1036 5697 1273 5766 infunde,
1321 5700 1445 5772 quia
1473 5701 1525 5759 in
1562 5705 1854 5765 novissimo

276 5787 501 5858 pra-mia
543 5788 766 5860 recipies
842 5807 844 5811 '

2028 4697 2200 4770 Super
2237 4696 2400 4752 altari
2436 4712 2573 4754 meo.
2602 4695 2792 4753 Fidem
2823 4711 2986 4768 super
3017 4713 3181 4770 quam
3205 4699 3388 4756 omnia
3408 4698 3542 4754 olfe-

1955 4800 2171 4859 runtur,
2198 4791 2316 4848 sine
2339 4804 2442 4862 qua
2467 4789 2802 4861 impossibile
2822 4798 2907 4847 est
2934 4789 3045 4848 Deo
3068 4791 3301 4864 placere.
3337 4790 3490 4848 Unde
3524 4810 3537 4845 :

1955 4881 2142 4938 Justus
2171 4891 2343 4937 autem
2355 4881 2420 4936 in
2446 4881 2552 4953 ﬁde
2571 4898 2669 4938 sua
2693 4881 2846 4938 vivet.

2027 4973 2193 5032 Vens.
2226 4975 2574 5033 9.—0mnes
2599 4975 2796 5033 bestiw.
2830 4974 2942 5032 Vox
2987 4977 3280 5047 prophetae,
3314 4975 3406 5046 qui
3443 4976 3538 5030 ad.
3611 5013 3614 5016 ~

1958 5073 2118 5121 vocat
2174 5064 2456 5122 Romanos
2509 5067 2576 5124 ad
2635 5067 2905 5124 excidium
2942 5067 3280 5134 Jerusalem,
3345 5067 3541 5137 quibus

1957 5170 2096 5227 pene
2125 5164 2272 5212 totus
2314 5157 2463 5214 orbis
2498 5159 2789 5215 serviebat.
2819 5159 2916 5214 Vel
2950 5175 3051 5230 per
3087 5158 3310 5226 bestias,
3342 5158 3540 5215 demo.

1878 5300 1886 5308 .
1958 5263 2056 5306 nes
2086 5267 2102 5306 :
2138 5248 2335 5319 quibus
2360 5248 2429 5305 ad
2459 5249 2824 5308 devorandum
2865 5249 3034 5306 Judaei
3059 5248 3239 5306 traditi
3266 5259 3410 5306 sunt.

2031 5340 2198 5396 Vens.
2225 5339 2570 5395 lO.-—-chi.
2609 5339 2726 5397 Non
2753 5340 3015 5398 habentes
3042 5341 3317 5398 Christum
3351 5355 3538 5397 verum

1957 5429 2162 5497 lumen,
2188 5431 2273 5487 vel
2300 5430 2456 5486 ﬁdem
2486 5441 2542 5488 et
2565 5431 2700 5488 alias
2725 5432 2971 5487 virtutes.

2031 5521 2220 5578 Canes.
2247 5521 2370 5595 (10.)
2395 5523 2546 5579 Sicut
2569 5537 2728 5579 canes
2753 5539 2988 5595 gregem,
3015 5523 3095 5579 sic
3110 5523 3314 5594 przelati
3342 5523 3539 5579 debent

1960 5615 2233 5672 custodire
2264 5614 2496 5686 plebem.
2529 5611 2697 5668 Canes
2725 5614 3182 5684 impudentissimi.
3227 5614 3380 5682 Quod
3405 5621 3486 5670 est
3518 5631 3536 5667 :

1962 5704 2115 5763 Sicut
2138 5719 2301 5762 canes
2332 5704 2449 5762 sine
2480 5703 2804 5760 discretione
2842 5706 3005 5761 etiam
3033 5705 3203 5761 bonos
3239 5719 3381 5775 saepe
3416 5718 3540 5774 pcr-

1962 5807 2283 5872 scquuntur,
2329 5798 2406 5856 sic
2451 5807 2503 5857 et
2559 5795 2730 5855 Judtci
2769 5799 3105 5870 impudenter
3145 5791 3540 5860 clamaverunt,
