4028 6332
609 413 749 470 1299
1101 411 1491 468 WALAFRIDI
1533 411 1777 470 STRABI
1818 409 2022 466 FL'LD.
2061 406 2228 462 MON.
2271 375 2420 463 ΟΡΡ.
2462 409 2640 467 PARS
2680 413 2721 468 1.
2755 446 2827 456 —
2866 405 3316 474 THEOLOGICA.
3667 424 3765 480 1500

607 521 884 593 Cruci/Ege,
915 523 1161 593 cruci/iga
1186 539 1304 577 eum
1333 521 1482 593 (Luc.
1504 521 1680 592 mn),
1716 537 1818 578 nec
1855 522 2068 577 Domini
2086 535 2176 577 sa-
2204 521 2256 580 Α
2282 521 2547 577 causabor
2565 538 2685 581 cum
2705 534 2952 580 creatura
2984 541 3127 592 mea,
3151 527 3246 582 Sed
3289 529 3569 597 percutiam
3602 533 3644 586 in
3663 550 3763 605 pm.

610 613 767 666 turati
799 621 926 667 sunt
949 613 1266 682 opprobriis.
1373 669 1380 678 ,
2171 615 2174 618 ’
2282 610 2440 670 senti.
2467 620 2526 664 ut
2546 627 2731 667 sancm
2765 615 2818 668 in
2841 614 3040 671 futuro.

681 700 841 757 Vens.
883 703 970 757 19..
992 733 1066 745 --
1091 702 1269 757 Venite
1326 719 1614 758 sumantur.
1663 702 1752 757 Sic
1808 703 2185 770 pcrvertebant
2353 698 2758 770 Quia'spiritus.
2789 703 2918 767 Pax,
2955 705 3226 774 gaudium,
3261 707 3366 760 vita
3416 709 3650 777 omnium,
3672 722 3764 779 etc.,

607 793 697 864 qui
721 794 992 861 corrigere
1015 795 1328 849 debuerant.
1354 794 1420 847 Et
1438 795 1561 863 quia
1591 809 1780 850 omnes
1806 803 2180 864 peccaverunt,
2281 807 2445 860 usque
2473 793 2542 846 ad
2576 793 2881 862 specialiter
2905 797 2972 850 ad
2993 795 3222 851 Judacos.

610 883 791 938 traditi
824 884 1029 937 suntin
1062 897 1250 937 manus
1289 882 1672 938 Romanorum.
2121 933 2126 935 .
2353 880 2515 938 Vens.
2558 885 3013 940 17.—-Ab~sc'ondi
3035 905 3067 940 a
3089 897 3157 951 te,
3193 897 3321 952 etc.,
3353 889 3547 944 scilicet
3573 895 3769 952 auxilium

1201 971 1425 1028 CAPUT
1460 971 1614 1028 LVll.
2281 989 2482 1041 meum,
2503 983 2562 1030 ut
2587 978 2818 1046 amplius
2849 979 3122 1034 desideres
3143 981 3333 1036 dicens
3360 996 3372 1034 :
3401 981 3608 1038 Ostende
3629 986 3766 1054 [aciem

680 1061 842 1119 Vnus.
867 1063 919 1117 1.
943 1062 1212 1118 —-Justus
1245 1067 1395 1134 perit.
1430 1065 1633 1136 (Hii-1R.)
1670 1064 1796 1119 Hac
1820 1063 2062 1119 referunt
2090 1060 2185 1116 Ju-
2283 1077 2448 1130 tuam,
2473 1077 2521 1120 ct
2541 1067 2671 1122 salui
2692 1071 2884 1124 erimus
2921 1067 3096 1142 (Paul.
3141 1073 3351 1142 Lxxtx).

609 1155 708 1209 (1εεί
753 1155 819 1209 ad
855 1155 1069 1218 Isaiam,
1100 1153 1192 1224 qui
1225 1169 1376 1210 serra
1427 1156 1608 1225 lignea
1654 1162 1834 1210 sectus
1879 1163 1963 1208 est
1994 1169 2027 1208 a
2068 1151 2178 1206 Ma-
2290 1179 2300 1186 -
2353 1153 2511 1207 Abiit.
2541 1155 2664 1225 (ιο.)
2692 1157 2842 1223 Quod
2868 1159 3086 1226 quidam
3123 1159 3424 1230 intelligens
3459 1161 3564 1216 ait:
3593 1163 3696 1220 Tota
3713 1168 3772 1222 die

610 1261 766 1302 nasse
787 1246 1106 1316 impiissimo
1129 1261 1272 1318 rege,
1306 1255 1362 1302 et
1390 1247 1524 1305 alios
1554 1248 1868 1318 prophetas,
1899 1261 2034 1316 quos
2069 1246 2184 1314 ipse
2282 1243 2614 1296 contristatae
2645 1245 2972 1313 ingrediebar
2995 1245 3162 1317 (Psal.
3193 1249 3420 1318 xxxvii).

608 1337 822 1402 occidit,
841 1336 1106 1406 appellant
1127 1336 1272 1390 viros
1304 1337 1708 1392 misericordiae.
1749 1335 1860 1392 Sed
1888 1335 2069 1391 verius
2083 1333 2185 1388 hoc
2353 1330 2514 1385 Vsus.
2561 1331 2642 1386 19.
2682 1363 2753 1372 --
2783 1333 2964 1388 Creavi
2999 1347 3016 1386 :
3069 1339 3224 1404 quasi
3268 1338 3470 1393 diceret
3506 1341 3767 1397 :Liberatii

608 1429 692 1490 de,
711 1427 800 1482 illo
831 1429 1044 1492 dicitur,
1084 1428 1175 1496 qui
1208 1435 1290 1482 est
1318 1442 1526 1482 summe
1548 1425 1744 1494 justus.
2284 1436 2416 1475 ncm-
2435 1436 2478 1476 a.
2496 1424 2827 1492 captivitate,
2856 1441 3016 1494 quam
3043 1443 3140 1498 per
3160 1429 3451 1485 Jeremiam
3485 1443 3596 1502 post
3617 1445 3777 1504 septua-

679 1516 748 1572 Et
787 1535 934 1572 nemo
962 1528 1057 1573 est.
1087 1517 1316 1586 Propter
1343 1519 1709 1587 speculatores
1747 1529 1922 1572 caecos
1947 1521 2004 1570 et
2023 1528 2186 1569 canes
2283 1511 2428 1578 ginta
2461 1528 2631 1568 annos
2655 1516 2893 1583 promisi,
2921 1531 3085 1586 opere
3105 1519 3369 1589 complevi

609 1617 810 1664 mutos.
2353 1598 2538 1657 (ἔνεαυί
2565 1603 2792 1671 fructum
2812 1603 3070 1660 labiorut'n
3097 1623 3295 1676 pacem.

681 1698 786 1764 Qui
824 1700 1102 1768 recogitet:
1136 1699 1262 1768 quia
1307 1699 1434 1752 caeci
1472 1707 1528 1752 et
1565 1699 1699 1757 muti
1752 1699 2061 1767 ignorantes
2099 1712 2186 1753 sa-
2356 1689 2517 1746 V'ERS-
2558 1692 2646 1746 9-0-
2685 1723 2756 1733 -
2786 1694 2946 1764 Impii
2979 1705 3174 1750 autem.
3209 1696 3386 1767 Supra
3412 1701 3474 1755 de
3495 1700 3591 1755 illis
3628 1703 3700 1769 qui
3737 1704 3774 1756 in

609 1787 888 1857 pientiam,
919 1803 1026 1844 non
1057 1789 1291 1858 cogitant
1321 1803 1384 1842 ea
1416 1803 1535 1856 quac
1567 1788 1663 1842 Dei
1686 1796 1828 1842 sunt.
2285 1780 2594 1849 captivitate
2649 1785 3023 1852 paenitentiam
3066 1796 3314 1856 egerunt,
3360 1797 3417 1843 et
3455 1790 3570 1844 ideo
3619 1790 3782 1845 libenti

679 1879 844 1935 Vsus.
868 1880 1005 1934 2.-
1025 1878 1209 1932 Veniat
1255 1894 1378 1947 pax,
1433 1878 1716 1948 requiescat
1759 1879 1812 1931 in
1859 1876 2016 1930 cubili
2063 1893 2180 1943 suo,
2211 1859 2259 1920 Β
2288 1880 2432 1936 sunt,
2469 1873 2613 1926 etde
2638 1874 2745 1929 illis
2769 1875 2864 1943 qui
2900 1885 3024 1944 post
3065 1879 3438 1933 ascensionem
3483 1881 3776 1934 crediderunt.

607 1970 698 2039 qui
725 1968 1004 2024 ambulavit
1031 1969 1104 2022 in.
1134 1966 1256 2039 (Ιυ.)
1279 1968 1543 2038 Propheta
1569 1977 1821 2038 precatur
1848 1975 1906 2020 ut
1935 1965 2184 2023 Christus
2285 1961 2383 2016 Hic
2408 1963 2472 2017 de
2499 1963 2603 2018 illis
2649 1965 2954 2034 specialiter
2996 1967 3256 2040 loquitur,
3296 1971 3390 2040 qui
3440 1971 3493 2024 in
3531 1970 3786 2028 inﬁdelitate

607 2061 813 2126 veniat,
861 2074 1201 2130 resurgensa
1231 2059 1458 2114 mortuis
1505 2059 1806 2127 requiescat
1848 2058 1904 2112 iu
1933 2057 2094 2113 cubili
2125 2058 2181 2112 in
2284 2067 2380 2106 sua
2419 2062 2810 2109 remanserunt.

610 2154 796 2225 gloria,
839 2153 1048 2208 scilicet
1081 2159 1320 2221 paternae
1345 2150 1666 2219 maiestatis,
1707 2150 1792 2205 vel
1819 2151 1874 2206 in
1917 2150 2181 2216 Ecclesia,
2843 2210 3064 2225 mmm
3103 2213 3126 2225 ,
3148 2213 3190 2225 ﬂ

609 2210 666 2299 in
697 2210 802 2313 qua
831 2244 886 2298 in
913 2210 1207 2299 directione
1237 2210 1547 2299 ambulavit.
1649 2210 1659 2216 ⁷
1999 2289 2002 2291 λ
2165 2210 2176 2216 ’
2839 2210 3064 2268 CAPUT
3103 2213 3279 2269 LVI“.

681 2333 845 2389 Vsus.
887 2333 1314 2390 6.—-Libamcn.
1343 2334 1561 2399 Vinum,
1589 2333 1764 2389 oleum
1799 2330 2184 2400 ethujusmodi
2356 2327 2518 2383 Vsus.
2560 2326 2610 2382 1.
2645 2358 2718 2369 —
2761 2329 2967 2384 Clama.
3019 2329 3225 2403 (litum)
3272 2334 3528 2391 Dominus
3584 2336 3644 2394 ad
3688 2352 3782 2406 pro-

609 2425 847 2495 liquores
872 2442 884 2478 :
917 2424 1240 2480 sacrificium
1266 2425 1440 2494 panis,
1471 2425 1690 2480 victima
1730 2435 1785 2480 et
1815 2425 2144 2493 huiusmodi.
2285 2418 2477 2488 phetas
2505 2419 2590 2474 vel
2614 2421 2682 2474 ad
2708 2421 2979 2490 apostolos
3009 2440 3022 2475 :
3061 2422 3219 2478 ﬁnito
3239 2425 3446 2480 scilicet
3482 2427 3630 2497 priori
3653 2431 3783 2498 capite

683 2515 846 2570 Vens.
896 2515 947 2568 7.
987 2525 1058 2555 ι-
1107 2513 1276 2584 Super
1323 2525 1549 2570 montem
1603 2515 1885 2569 excelsum.
1931 2515 2182 2570 Haeretici

2283 2507 2337 2561 in
2365 2524 2471 2577 quo
2494 2525 2592 2578 pax
2621 2510 2803 2579 justis,
2843 2518 2896 2564 et
2922 2510 3066 2564 nulla
3098 2513 3311 2582 requies
3339 2515 3606 2569 nuntiatur
3630 2516 3778 2585 impiis.

612 2620 846 2676 quoque,
876 2613 1006 2670 etc.,
1027 2623 1189 2676 usque
1207 2605 1276 2659 ad
1293 2614 1353 2660 ut
1372 2604 1751 2660 conculcentur
1771 2607 1840 2660 ab
1853 2605 2178 2660 hominibus.
2357 2603 2521 2668 Quasi
2558 2604 2704 2656 tuba.
2738 2604 2858 2675 (in)
2889 2604 2985 2659 Ubi
3008 2607 3280 2674 apostolis,
3311 2615 3446 2685 etc.,
3474 2624 3622 2678 usque
3646 2610 3701 2661 ad
3725 2609 3780 2661 sic

687 2695 1088 2750 Vens.8.—Et
1108 2706 1220 2765 post
1241 2699 1431 2752 ostium
1457 2713 1477 2753 :_
1505 2697 1668 2763 Quasi
1683 2698 1886 2753 diceret
1911 2716 1927 2751 :
1954 2698 2071 2752 Non
2095 2713 2199 2753 εοο,
2285 2690 2450 2746 lsrael
2475 2702 2697 2763 peccato
2729 2703 2972 2748 mortuus
3001 2696 3183 2750 audiat
3207 2697 3412 2752 scelera
3441 2713 3551 2752 sua.

611 2788 722 2841 lum
748 2787 804 2842 in
827 2787 1096 2842 montibus
1117 2788 1254 2842 idola
1269 2789 1524 2853 adorasti,
1548 2790 1641 2844 sed
1657 2789 1818 2842 etiam
1839 2798 1960 2858 post
1979 2790 2180 2844 ostium
2357 2783 2560 2854 Populo
2583 2802 2716 2840 meo.
2743 2785 2820 2840 Ac
2861 2788 2906 2841 si
2933 2789 3109 2842 dicat:
3142 2790 3372 2844 Videant
3399 2792 3596 2861 qualem
3617 2792 3783 2846 Patrem

611 2879 860 2948 posuisti,
898 2885 958 2932 ut
989 2879 1292 2948 ingrediens
1317 2880 1528 2936 videres
1555 2892 1610 2935 et
1655 2895 1868 2949 semper
1903 2881 2179 2936 adorares.
2283 2875 2650 2945 perdiderunt,
2698 2876 2791 2945 qui
2838 2877 3000 2931 etiam
3029 2875 3345 2948 peccatores
3395 2880 3628 2951 populum
3666 2895 3781 2936 suum

685 2968 824 3034 Quia
837 2969 993 3038 juxta
1023 2985 1104 3022 me
1127 2969 1539 3038 discooperuisti.
1572 2969 1885 3039 Metaphora
1926 2969 2184 3024 adulterae
2284 2975 2459 3022 vocat.
3505 2951 3510 2958 ί

613 3061 754 3116 sicut
785 3076 946 3131 supra
978 3061 1302 3126 meretricis,
1331 3071 1460 3127 etc.,
1503 3079 1666 3134 usque
1705 3063 1776 3116 ad
1813 3061 2066 3117 omnibus
2087 3077 2183 3117 ex—
2318 3103 2320 3106 τ
2353 3057 2514 3114 Vens.
2554 3061 2609 3114 2.
2647 3092 2716 3102 -—
2747 3061 2932 3126 Quasi.
2957 3063 3070 3118 Hoc
3095 3073 3198 3128 est,
3223 3081 3394 3134 quare
3423 3082 3519 3138 ego
3537 3082 3630 3122 non
3660 3080 3784 3120 exau-

610 3153 787 3224 posita
820 3152 1169 3208 intrantibus.
2283 3147 2430 3202 diam
2458 3163 2550 3204 cos
2571 3150 2712 3205 sicut
2739 3151 2857 3206 illos
2882 3153 3048 3221 quiin
3071 3153 3310 3208 Ecclesia
3336 3153 3592 3223 justitiam
3615 3156 3784 3216 faciunt,

681 3243 846 3296 Vsus.
885 3241 937 3296 9.
974 3271 1046 3282 -—
1074 3241 1266 3296 Misisti
1287 3242 1502 3311 legatos.
1528 3242 1600 3299 Ut
1615 3240 1867 3298 afferrent
1892 3242 2182 3312 longinqua
2208 3229 2252 3290 C
2276 3235 2422 3306 iuste
2442 3248 2494 3294 et
2519 3240 2604 3309 pie
2623 3241 2884 3306 viventes,
2905 3243 3176 3300 Christum
3198 3261 3386 3302 verum
3411 3249 3569 3303 Deum
3589 3255 3637 3303 et
3649 3261 3784 3302 verum

613 3333 776 3396 idola,
806 3334 960 3402 quasi
986 3349 1091 3388 non
1123 3329 1387 3388 subiciant
1411 3333 1606 3388 vicina.
1641 3333 1707 3387 Et
1735 3333 1790 3388 in
1819 3333 1922 3388 hoc
1957 3332 2183 3403 Babylo-
2285 3329 2559 3384 hominem
2587 3331 2926 3386 confitentes.

611 3424 730 3478 nios
758 3423 1120 3494 etEgyptios
1145 3423 1276 3477 deos
1310 3421 1595 3492 signiﬁcat.
2359 3419 2586 3490 Rogant.
2646 3423 2768 3492 (Ιυ.)
2813 3422 2932 3477 Alia
2981 3425 3255 3480 temeritas
3311 3426 3626 3490 Juilmorurn,
3673 3425 3784 3496 quasi

683 3511 849 3567 Vsus.
898 3512 985 3568 10.
1025 3541 1097 3554 ——
1142 3510 1212 3566 In
1248 3511 1580 3566 multitudine
1617 3511 1714 3565 uite
1759 3519 1860 3564 tua:
1909 3508 2180 3564 laboraui.
2285 3511 2614 3566 confidentes
2639 3512 2698 3566 in
2726 3513 3058 3577 conscientia
3089 3514 3228 3568 bona
3245 3513 3506 3582 judicium
3523 3515 3778 3584 justumpo-

611 3609 713 3674 Qui
747 3606 986 3662 ambulat
1007 3607 1093 3662 via
1121 3605 1266 3672 regia
1287 3621 1392 3660 non
1420 3605 1648 3660 laborat.
1685 3602 1800 3657 Una
1829 3611 1912 3658 est
1935 3603 2022 3656 via
2042 3603 2185 3658 veri—
2283 3601 2511 3665 stulant,
2551 3603 2839 3656 secundum
2889 3603 3053 3658 illud:
3084 3605 3276 3658 Judica
3307 3623 3414 3673 me,
3441 3607 3658 3670 Domine,
3687 3619 3778 3674 quo-

611 3697 736 3753 tatis
749 3696 1045 3767 qumdicit:
1073 3694 1185 3766 Ego
1201 3711 1316 3749 sum
1331 3695 1432 3758 uia,
1450 3695 1638 3748 veritas
1660 3691 2016 3762 etvita(Joan.
2035 3692 2178 3761 xw):
2285 3691 2426 3746 niam
2451 3706 2541 3760 ego
2577 3691 2628 3744 in
2669 3693 2964 3746 innocentia
2989 3703 3102 3756 nica
3124 3695 3391 3766 ingressus
3426 3713 3558 3750 sunt.

612 3786 788 3840 Multae
817 3794 943 3841 sunt
981 3786 1081 3840 vite
1111 3787 1528 3848 mundanorum,
1559 3783 1722 3849 unde,
1767 3781 1890 3836 Non
1927 3783 2058 3838 sicut
2088 3781 2190 3836 vite.
2358 3781 2520 3836 Vens.
2559 3779 2612 3833 5.
2637 3810 2709 3821 ——
2731 3780 2908 3844 Quare
2917 3783 3295 3851 jejunavimus.
3325 3785 3488 3840 Obliti
3514 3779 3784 3840 suntveterir

610 3891 738 3930 mete
761 3877 998 3930 suntaite
1032 3884 1210 3929 aestrte
1233 3873 1365 3944 (Ira.
1389 3872 1500 3943 XL).
2283 3869 2544 3932 historiae,
2583 3871 2726 3938 quod
2777 3871 3036 3926 Dominus
3087 3888 3194 3928 non
3241 3875 3481 3945 respexit
3521 3875 3582 3929 ad
3619 3884 3782 3926 munera

687 3967 850 4020 Vnus.
893 3965 978 4018 15.
1018 3993 1087 4002 -
1117 3963 1219 4027 Qui
1240 3973 1411 4016 autem
1441 3963 1694 4031 ﬁduciam
1710 3964 1862 4017 habet
1889 3963 2008 4016 mei.
2048 3962 2175 4034 (19.)
2283 3961 2436 4024 Cain,
2463 3975 2526 4014 eo
2551 3962 2693 4029 quod
2743 3977 2846 4015 non
2888 3973 3040 4018 recte
3081 3965 3356 4021 dividebat
3384 3983 3500 4022 cum
3533 3967 3672 4020 fratre
3693 3975 3778 4022 suo,

591 4055 714 4122 Qui
747 4054 887 4110 idola
921 4067 1028 4108 non
1064 4051 1366 4114 coluerunt,
1409 4051 1490 4104 vel
1532 4051 1584 4102 in
1629 4051 1991 4118 captivitatem
2033 4050 2178 4124 ducti
2282 4049 2368 4106 cui
2398 4050 2720 4105 charitatem
2753 4049 2860 4104 Deo
2891 4052 3188 4108 invidebat.

608 4145 997 4216 prenituerunt,
1026 4140 1126 4195 sub
1157 4137 1454 4194 Zorobabel
1484 4146 1539 4194 et
1568 4138 1687 4192 aliis
1707 4138 1928 4192 ducibus
1956 4139 2180 4204 reversi,
2351 4140 2486 4193 Ecce
2519 4139 2574 4193 in
2598 4140 2699 4195 die.
2729 4139 2996 4210 Jejunium
3037 4142 3148 4198 Deo
3174 4154 3454 4214 acceptum
3501 4154 3594 4211 est,
3618 4157 3704 4198 non
3724 4153 3780 4194 so-

610 4237 782 4290 Deum
814 4247 970 4290 suum
990 4231 1046 4287 in
1073 4231 1191 4287 loco
1221 4245 1320 4286 suo
1347 4229 1705 4284 adoraverunt
1735 4229 2030 4284 secundum
2059 4227 2172 4283 lle-
2279 4225 2389 4280 lum
2415 4242 2446 4280 a
2472 4227 2630 4294 cibis,
2654 4229 2747 4283 sed
2769 4228 2835 4282 ab
2862 4231 3111 4286 omnibus
3132 4234 3292 4288 rebus
3327 4235 3525 4290 illicitis
3547 4233 3774 4288 abstinere.

609 4329 835 4382 brutum.
2321 4315 2616 4393 Repetit-is.
2656 4317 2757 4385 Qui
2805 4319 2996 4389 repetit
3030 4335 3137 4376 non
3187 4323 3499 4391 habentem,
3543 4325 3640 4379 Deo
3684 4318 3774 4374 facil

683 4415 975 4472 Possidcbit
1008 4423 1235 4469 montem
1278 4421 1515 4467 sanctum
1562 4420 1733 4476 tuum,
1768 4410 1974 4466 scilicet
2009 4409 2180 4481 legem
2281 4410 2616 4465 violentiam.

615 4509 824 4564 Veteris
847 4517 904 4568 et
922 4507 1052 4560 Novi
1083 4506 1419 4570 testamenti;
1453 4513 1737 4574 utrumque
1757 4505 1900 4558 enim
1924 4506 1977 4559 in
1998 4515 2180 4560 monte
2207 4565 2253 4578 _
2355 4501 2516 4555 Vsus.
2557 4500 2610 4552 4.
2635 4531 2703 4540 -
2744 4500 2922 4555 Nolite
2961 4502 3208 4572 jejunare
3234 4506 3369 4561 sicut
3417 4525 3569 4578 usque
3606 4505 3663 4560 ad
3686 4506 3775 4555 hanc

611 4603 814 4656 datum.
857 4601 923 4656 Et
951 4599 1016 4654 ad
1060 4599 1406 4668 praemiorum
1458 4565 1794 4650 altitudinem
1843 4595 2056 4661 invitat,
2097 4597 2180 4652 vel
2207 4565 2257 4623 D
2283 4591 2788 4646 diem.Nevideatur
2805 4594 3386 4665 reprobarejejunium,
3411 4565 3558 4655 docet
3579 4590 3773 4667 quomodo

610 4689 904 4745 Christum.
1967 4735 1972 4738 _
2284 4683 2351 4738 sit
2373 4682 2744 4752 jejunandum.

681 4781 846 4835 Vsus.
888 4779 975 4834 14.
1014 4809 1085 4845 ς-
1120 4778 1187 4831 Et
1211 4777 1383 4831 dicam
1411 4788 1510 4843 ego
1535 4771 1782 4828 Christus
1823 4772 2026 4826 scilicet
2053 4787 2180 4840 apo—
2353 4775 2516 4830 Vens.
2541 4775 2593 4829 5.
2616 4807 2686 4816 -—
2714 4777 2967 4850 Nunquid
2995 4777 3099 4830 tale
3121 4787 3195 4830 est
3209 4778 3493 4847 jejunium.

613 4871 784 4934 stolis,
827 4869 974 4924 Viam
1003 4870 1121 4939 feci,
1155 4870 1290 4923 bene
1325 4863 1687 4937 praedicando,
1716 4865 1951 4933 praebete
1981 4865 2086 4917 iter
2122 4863 2179 4916 in
2353 4865 2514 4920 Vens.
2555 4867 2607 4921 6.
2649 4900 2718 4909 —
2755 4869 3148 4940 Colligatianes.
3177 4869 3298 4940 (11).)
3333 4871 3549 4924 Peccata
3585 4860 3772 4930 intelligi-

612 4960 918 5030 exemplum
952 4961 1033 5014 eis
1076 4960 1212 5014 bene
1261 4957 1563 5026 Operando;
1617 4955 1829 5010 auferte.
1852 4953 2179 5008 offendicula
2281 4974 2424 5022 mus,
2451 4968 2584 5026 etc.,
2626 4978 2787 5031 usque
2825 4962 2892 5015 ad
2931 4961 3259 5016 domesticos
3303 4961 3518 5016 seminis
3553 4953 3770 5013 tuinede-

611 5066 710 5121 per
755 5051 1078 5121 baptismum
1141 5056 1361 5118 peccata
1419 5046 1705 5110 abluendo,
1755 5042 2017 5098 idolorum
2069 5041 2182 5096 cul-

950 5066 1078 5105 num
1141 5056 1361 5118 peccata
1419 5046 1705 5110 abluendo,
1755 5042 2017 5098 idolorum
2069 5041 2182 5096 cul-
2283 5053 2541 5122 spexeris,

617 5152 728 5196 tum
750 5141 1132 5212 praedicatione
1156 5138 1472 5194 amovendo.

2356 5145 2519 5198 Vsus.
2562 5145 2616 5197 7.
2645 5174 2715 5184 —
2755 5143 2964 5214 Frange
2988 5143 3234 5198 esurienti
3268 5160 3471 5212 panem.
3497 5138 3604 5213 (1a.)
3623 5136 3767 5190 Panem

687 5231 851 5286 Vnus.
894 5229 980 5284 15.
1019 5260 1089 5269 —
1128 5229 1266 5293 Quia
1286 5230 1395 5282 lucc
1419 5228 1564 5281 dicit.
1590 5228 1960 5296 increpatione
1992 5235 2180 5282 contra
2285 5233 2542 5289 esurienti
2569 5232 2887 5303 frangimus,
2915 5242 3045 5298 etc.,
3071 5249 3231 5302 usque
3259 5233 3325 5285 ad
3351 5232 3444 5286 sed
3478 5230 3644 5284 anima:
3667 5229 3769 5278 satu-

613 5323 912 5380 Jerusalem
952 5322 1123 5384 finita,
1155 5321 1301 5375 venit
1333 5318 1398 5372 ad
1439 5333 1532 5373 eos
1559 5320 1646 5387 qui
1679 5320 1955 5373 confidunt
1981 5320 2035 5373 in
2079 5319 2182 5374 Do-
2287 5325 2439 5380 ritas.

616 5417 790 5479 mino,
843 5428 1071 5483 quorum
1122 5412 1418 5467 reversioni
1463 5413 1564 5465 iter
1589 5411 1828 5479 jusserat
1866 5413 2180 5481 praeparari.
2359 5413 2427 5466 Et
2465 5429 2672 5467 carnem
2707 5423 2873 5467 tuam.
2924 5409 3046 5483 (10.)
3080 5410 3387 5466 Proximum
3430 5409 3482 5464 in
3519 5399 3768 5462 necessitate

620 5486 772 5561 Unde
805 5512 912 5557 eta
940 5502 1187 5557 laudibus
1217 5502 1310 5556 Dei
1340 5503 1544 5572 incipit,
1571 5511 1626 5555 et
1653 5516 1770 5570 quin
1807 5504 2048 5558 redeunti
2087 5519 2183 5573 po-
2287 5505 2524 5574 qualibet
2571 5516 2893 5570 recognosce
2951 5500 3180 5555 similem
3230 5501 3345 5566 tibi,
3390 5495 3692 5553 considerans
3732 5493 3767 5534 ιε

617 5596 743 5664 pulo
767 5594 1095 5664 promiserit,
1119 5604 1512 5663 consequenter
1539 5596 1792 5650 ostendit.
2287 5593 2573 5648 mortalem
2597 5601 2652 5647 et
2675 5591 3005 5662 passibilem.

691 5687 852 5741 Vsus.
897 5684 982 5738 16.
1020 5714 1092 5725 —
1141 5683 1262 5736 Non
1296 5687 1430 5736 enim
1461 5686 1515 5737 in
1540 5686 1903 5754 sempiternum
1949 5685 2178 5756 litigabo.
2356 5688 2516 5741 Vens.
2556 5686 2609 5740 8.
2645 5716 2714 5725 —
2756 5684 2954 5738 Lumen
3010 5693 3175 5736 tuum.
3242 5683 3388 5736 Sicut
3433 5676 3662 5734 matutina
3697 5670 3763 5722 lu!

621 5775 740 5844 (Ιυ.)
765 5773 878 5828 Non
901 5775 954 5827 in
977 5774 1361 5842 sempiternum
1387 5774 1613 5828 servabo
1636 5775 1765 5826 iram
1793 5789 2177 5844 meam,ncque
2284 5778 2440 5833 solvit
2465 5776 2733 5842 tenebras,
2773 5775 2849 5828 ita
2877 5773 3055 5828 lumen
3088 5773 3326 5828 veritatis
3361 5771 3501 5840 fugat
3527 5776 3714 5821 errores.
