4028 6332
233 394 386 450 1501

1255 386 1519 445 GLOSSA
1557 384 1950 444 οιωιΝΑιιιΑ.
1989 414 2062 425 -
2098 385 2226 441 LIB.
2264 384 2486 443 lSAUE.

3369 390 3507 445 1503

308 505 353 561 .1
360 506 577 562 ustitia.
598 505 846 562 Christus
868 503 960 577 qui
989 516 1178 560 omnes
1203 500 1489 573 iustiﬁcat,
1515 497 1743 555 anteibit
1768 496 1835 554 ad
1862 501 1911 564 Α
1939 512 2069 555 sona
2089 497 2268 571 pepuli
2288 497 2597 569 paenitentis
2618 498 2921 570 respondet,
2945 508 3065 569 post
3085 500 3535 568 accusationemh

273 597 517 653 loriam.
1750 634 1761 646 .

230 615 602 757 “(attriti
625 685 834 741 Domini
855 682 1057 755 colliget
1079 693 1153 749 te,
1182 682 1236 739 id
1273 690 1355 738 est
1376 680 1631 752 suscipiet
1665 680 1733 736 ad
1757 695 1838 748 se,

231 778 343 848 qui
392 777 540 834 dixit
568 795 583 832 :
617 774 723 832 Ubi
753 792 848 848 ego
882 791 1019 841 sum,
1060 773 1170 830 illic
1197 783 1247 830 et
1283 773 1524 829 minister
1555 788 1698 827 meus
1741 775 1841 828 erit

232 864 448 936 (Joau.
483 864 605 935 xu).

318 955 505 1010 Vens.
545 954 599 1010 9.
637 984 709 997 --
736 953 970 1026 Digitum
996 955 1295 1011 extendere.
1326 953 1609 1011 Proximos
1628 963 1839 1021 notare,

238 1044 581 1103 detrahere.
620 1045 679 1101 id
716 1053 801 1101 est
843 1061 947 1101 non
991 1045 1163 1101 solum
1212 1061 1320 1101 non
1374 1046 1598 1118 cogites,
1636 1055 1694 1102 et
1733 1062 1839 1102 non

235 1134 435 1191 facias
469 1136 611 1202 haec,
634 1136 732 1193 sed
754 1149 824 1192 ne
846 1135 1122 1193 detrahas.

322 1227 505 1285 Vens.
547 1228 633 1283 11.
670 1258 743 1269 -
769 1226 970 1283 Hortus
996 1228 1264 1299 irruguus,
1302 1226 1594 1299 voluptatis
1623 1227 1841 1298 paradi-

235 1333 369 1385 sus,
425 1333 593 1389 quem
629 1319 968 1390 plantavcrat
998 1319 1255 1375 Dominus
1292 1319 1435 1375 Deus
1482 1335 1514 1374 a
1552 1318 1841 1390 principio,

235 1409 475 1466 scilicet
494 1410 816 1466 Ecclesiam.
840 1410 983 1465 Fons
1011 1410 1064 1464 in
1091 1410 1271 1465 mulio
1292 1410 1540 1467 Chrisnts
1560 1418 1664 1475 est,
1688 1408 1845 1479 cujus

237 1514 363 1554 non
391 1500 657 1556 dellciunt
677 1512 830 1570 aqua:
868 1500 1126 1556 doctrinte
1164 1500 1482 1571 spiritualis,
1507 1516 1627 1571 quae
1654 1490 1843 1558 Eccle-

237 1589 395 1644 siam
418 1589 670 1661 irrigant.
683 1588 753 1644 Et
768 1590 872 1647 hoc
882 1597 987 1657 est,
1004 1589 1069 1644 Et
1090 1593 1190 1646 erit
1212 1591 1364 1662 quasi
1381 1592 1562 1646 hortus
1586 1591 1838 1662 irriguus,

234 1694 275 1732 υ
304 1677 502 1734 ﬁdelis
532 1678 615 1734 vel
641 1678 902 1735 Ecclesia.

316 1765 487 1831 Sicut
512 1767 651 1838 fons.
681 1766 1081 1827 Assimilaberis
1103 1768 1321 1826 Christo
1337 1811 1353 1837 ,
1376 1770 1537 1842 capiti
1567 1779 1691 1827 tuo.

1940 588 2068 661 quid
2088 588 2231 660 loqui
2261 589 2490 643 debeant
2510 588 2850 659 pcenitentes.

2011 679 2175 734 Vens.
2216 678 2305 734 11.
2328 708 2400 719 —
2437 676 2724 749 Rugiemus
2745 678 2899 753 quasi
2921 679 3033 734 ursi
3064 679 3263 739 omnes.
3290 679 3513 738 Iudaea

1941 782 2064 825 rum
2097 767 2378 824 meditatio
2400 775 2458 823 et
2488 766 2811 824 doctrina'in
2835 783 2990 825 sacra
3013 767 3291 840 Scriptura
3311 772 3508 844 rugitui

1940 860 2054 916 ursi
2098 866 2153 916 et
2196 858 2421 929 gemitui
2448 857 2710 935 columbae
2730 868 3094 931 comparatur,
3122 862 3509 932 quasi.inutilis

1941 962 1997 1009 et
2021 966 2182 1019 vana,
2210 952 2352 1007 sicut
2389 960 2446 1006 et
2490 950 2600 1006 illa.
2642 952 2841 1008 Contra
2879 951 3147 1023 subjectos
3169 968 3382 1026 quoque
3408 971 3511 1015 sm-

1940 1044 2094 1100 viunt
2128 1051 2190 1098 ut
2230 1042 2379 1110 ursi';
2421 1051 2607 1099 contra
2635 1042 2868 1113 majores
2891 1043 2975 1101 vel
2999 1045 3252 1116 aequales,
3292 1056 3514 1119 gemunt

1942 1146 2003 1193 ut
2026 1134 2307 1192 columba}.

2016 1227 2175 1282 Vnus.
2218 1225 2399 1282 15.-
2450 1225 2652 1283 Veritas
2681 1227 2756 1282 in.
2800 1228 2925 1300 (lo.)
2964 1228 3244 1295 Christus,
3293 1230 3387 1300 qui
3431 1238 3516 1287 est

1941 1316 2052 1382 via,
2090 1323 2222 1380 etc.,
2255 1328 2417 1387 iisque
2438 1316 2508 1370 ad
2548 1324 2608 1373 ut
2638 1315 2839 1373 Christi
2887 1328 3117 1388 persona
3154 1327 3512 1387 monstretur,
3544 1376 3550 1385 ,

1942 1422 2104 1478 quam
2132 1408 2463 1474 deserentes,
2491 1410 2660 1465 secuti
2683 1417 2809 1464 sunt
2834 1409 3192 1467 mendacium.

2012 1496 2175 1553 Vens.
2200 1497 2284 1552 l6.
2311 1525 2383 1537 ——
2409 1494 2477 1551 Et
2497 1498 2643 1553 uidit.
2668 1498 2814 1570 (lo.).
2840 1498 3090 1566 Ostcnso,
3107 1500 3232 1571 quia
3253 1501 3519 1573 pmnitue-

1942 1596 2087 1652 runt,
2141 1587 2380 1643 ostendit
2418 1602 2527 1644 non
2570 1588 2835 1659 placuisse
2880 1590 3108 1648 Domino
3139 1594 3517 1662 ptenitentiam

1939 1691 2153 1741 eorum,
2186 1677 2312 1748 quia
2334 1692 2441 1732 non
2468 1693 2605 1751 puro
2633 1679 2798 1737 corde
2820 1679 3006 1750 plures
3050 1682 3439 1752 pcenituerunt.

2013 1763 2153 1835 Quia
2194 1781 2299 1820 non
2344 1776 2418 1823 est
2440 1767 2536 1822 vir.
2580 1766 2760 1825 Mente
2809 1783 2999 1825 omnes
3033 1768 3323 1829 eil‘eminati
3362 1781 3514 1843 sunt,

313 1857 496 1913 Vsus.
528 1857 1141 1928 li—zEdiﬁcabuntur
1166 1858 1378 1932 (illum)
1395 1859 1561 1916 Iudaei
1588 1858 1838 1917 referunt
1864 1852 1911 1911 Β
1937 1860 2077 1917 sicut
2102 1869 2159 1916 et
2178 1859 2327 1925 illud,
2359 1858 2547 1916 Voaaui
2570 1869 2621 1915 et
2640 1877 2749 1916 non
2768 1870 2879 1916 erat
2923 1863 3014 1934 qui
3060 1863 3288 1921 audiret.

239 1949 356 2002 hoc
386 1948 465 2003 ad
502 1949 951 2006 restaurationem
982 1966 1102 2022 quae
1136 1950 1279 2008 facta
1306 1962 1390 2008 est
1416 1952 1517 2008 sub
1536 1952 1835 2009 Zorobabel

235 2047 299 2092 et
340 2038 488 2094 Jesu
538 2039 832 2097 Sacerdote
858 2057 1084 2114 magno;
1121 2043 1207 2098 vel
1234 2043 1305 2099 ad
1332 2044 1478 2099 illam
1507 2059 1671 2116 quam
1700 2045 1833 2101 deli-

238 2139 392 2185 rant.
434 2129 671 2186 futuram
704 2131 760 2186 in
800 2131 1012 2190 ultimo.
1039 2131 1229 2191 Melius
1267 2134 1334 2191 ad
1376 2133 1681 2193 Ecclesium
1720 2135 1837 2191 haec

238 2220 457 2277 referri
489 2231 733 2293 possunt.

318 2311 709 2368 Fundamenta
747 2314 875 2387 (lo.)
907 2313 1212 2386 Apostolos,
1263 2317 1554 2387 prophetas
1589 2325 1646 2373 et
1680 2317 1834 2373 simi-

235 2403 323 2458 les
369 2420 385 2458 :
444 2402 617 2467 Unde,
664 2389 1034 2461 Fundamenta
1076 2405 1190 2476 ejus
1232 2405 1291 2460 in
1331 2407 1591 2461 montibus
1638 2407 1834 2462 sanctis

238 2492 434 2567 (Psal.
486 2496 729 2566 ιιιινι).
760 2491 1195 2553 Fundamentum
1239 2507 1418 2553 autem
1450 2496 1709 2564 singulari
1735 2513 1837 2553 nu-

237 2600 411 2641 mero
436 2584 688 2642 Christus
719 2595 825 2653 est,
867 2588 1028 2654 unde,
1057 2585 1481 2643 Fundamentum
1509 2588 1656 2644 aliud
1685 2604 1834 2643 nemo

236 2684 423 2746 potest
468 2691 681 2746 ponere,
714 2687 908 2747 prwter
947 2677 1001 2732 id
1037 2676 1179 2748 quod
1213 2677 1441 2748 positum
1464 2686 1560 2744 est,
1595 2677 1735 2749 quod
1760 2686 1834 2733 est

239 2762 499 2820 Christus
519 2763 676 2821 Iesus
703 2765 755 2839 (Ι
779 2766 899 2824 Cor.
931 2767 1039 2840 ιιι).

318 2853 707 2923 Iniquitatum,
758 2856 894 2912 alias
942 2858 999 2911 in
1057 2858 1299 2930 quietem,
1349 2859 1557 2915 scilicet
1609 2858 1839 2915 semitas

241 2945 463 2999 erroris
491 2943 544 2998 in
579 2945 817 3017 quietem
848 2949 928 3002 vel
959 2962 1143 3002 veram
1177 2963 1409 3019 pacem.-

321 3033 492 3088 Vsus.
535 3033 718 3089 M.—-—
758 3034 955 3091 Terrw.
986 3036 1292 3091 \iiventium
1331 3052 1452 3108 qua:
1481 3051 1694 3093 sursum
1724 3051 1838 3093 non

245 3123 537 3189 deorsum,
555 3125 694 3181 unde
708 3124 845 3183 Loth
871 3126 1068 3181 dicitur
1092 3144 1106 3180 :
1131 3125 1199 3182 In
1222 3138 1394 3183 monte
1420 3128 1619 3183 salvum
1641 3137 1690 3182 te
1718 3128 1824 3197 fac.

2008 1949 2079 2005 Et
2103 1949 2319 2006 saluauit
2338 1951 2458 2006 sibi.
2484 1950 2666 2017 Pater,
2709 1952 2917 2009 scilicet
2954 1967 3055 2024 per
3080 1952 3278 2011 Filium
3306 1964 3519 2028 gentes,

1937 2040 2007 2099 Et
2050 2039 2266 2112 justitia
2302 2040 2438 2112 ejus,
2483 2041 2569 2097 vel
2612 2042 2995 2098 misericordia
3040 2044 3336 2101 secundum
3375 2045 3520 2101 LXX

1937 2128 2281 2187 conﬁrmabit
2318 2143 2443 2184 eum
2473 2129 2565 2200 qui
2602 2128 2833 2187 voluerit
2852 2131 3137 2189 converti:
3166 2147 3275 2189 non
3301 2134 3517 2201 merito,

1936 2221 2031 2277 sed
2062 2219 2434 2277 misericordia
2458 2228 2514 2276 et
2530 2218 2761 2289 iustitia.
2790 2218 3005 2279 Justum
3027 2222 3173 2279 e’nim
3192 2234 3280 2279 est
3313 2233 3373 2280 ut
3399 2238 3517 2296 pm-

1939 2309 2131 2369 nitenti
2164 2316 2436 2365 creaturae
2472 2306 2701 2367 Creator
2731 2317 2943 2381 parcat,
2988 2325 3109 2382 quia
3146 2312 3358 2369 meritis
3402 2314 3519 2371 suis

1935 2398 2133 2456 salvari
2158 2414 2264 2455 non
2304 2407 2537 2470 poterat.

2006 2490 2170 2546 Vsus.
2204 2491 2292 2547 l9.
2313 2520 2385 2531 —
2415 2489 2487 2547 Et
2512 2490 2764 2547 timebunt
2804 2493 2915 2562 qui.
2941 2492 3362 2552 Pratmonstrata
3396 2495 3523 2553 vin-

1933 2582 2076 2639 dicta
2112 2580 2209 2637 Dei
2234 2582 2287 2637 in
2323 2580 2536 2638 Judaaos
2566 2571 2693 2669 per.
2710 2582 3017 2653 Romanos,
3055 2586 3316 2644 deacribit
3357 2587 3527 2671 ﬁdem

1933 2672 2196 2744 gentium,
2220 2672 2288 2728 de
2316 2684 2550 2744 quatuor
2574 2674 2820 2744 partibus
2846 2676 3029 2732 mundi
3054 2676 3404 2747 venientium,
3429 2694 3523 2735 an-

1932 2764 2043 2819 dita
2071 2763 2459 2833 praedicatione
2494 2766 2861 2836 apostolorum

2005 2854 2174 2922 Quasi
2198 2855 2411 2925 ﬂuvius.
2447 2854 2585 2923 Quia
2610 2857 2872 2915 citissime
2894 2861 3153 2916 mundum
3177 2877 3276 2918 sua
3320 2865 3521 2934 praedi-

1932 2943 2149 2998 catione
2170 2952 2229 2998 et
2254 2942 2361 3000 ﬁde
2385 2944 2667 3021 implevit._

2003 3030 2175 3097 Quem
2200 3029 2431 3102 Spiritus
2456 3032 2688 3090 Domini.
2720 3035 2866 3108 (lo.).
2903 3038 2986 3095 Ad
3010 3039 3383 3099 redimendum
3423 3058 3516 3116 ge-

1933 3136 2035 3176 nus
2066 3121 2358 3177 humanum
2383 3120 2621 3193 Spiritus
2645 3134 2866 3183 sanctus
2908 3127 3138 3185 scilicet.
3189 3129 3376 3188 Unde:
3412 3133 3534 3203 Qui.

340 3212 686 3272 Ηωνεάξιαω,
717 3215 958 3283 aggesti,
988 3232 1149 3288 quam
1176 3217 1297 3273 dedi
1320 3216 1487 3274 Jacob
1507 3218 1660 3287 cujus
1685 3196 1826 3274 ﬁlius
1853 3196 1905 3265 Ο
1931 3222 2205 3282 conceptus
2231 3221 2307 3267 est
2336 3214 2401 3269 de
2430 3211 2629 3281 Spiritu
2659 3226 2860 3271 sancto.
2898 3217 2987 3285 Et,
3032 3217 3324 3291 Requiescit
3345 3196 3523 3296 super-

245 3329 311 3370 es
339 3326 440 3381 per
488 3307 651 3364 ﬁdem
696 3315 753 3363 et
790 3308 1182 3378 operationem,
1220 3308 1351 3364 vitia
1398 3317 1559 3379 atque
1605 3317 1824 3379 peccata

245 3398 667 3473 supplantando.
693 3397 860 3469 Cujus
885 3398 1029 3454 enim
1073 3399 1194 3470 quis
1219 3398 1459 3454 imitator
1485 3398 1670 3465 fuerit,
1705 3399 1822 3469 ejus

246 3493 400 3550 illius
426 3491 644 3547 dicitur.

850 3557 1079 3616 CAPUT
1115 3559 1251 3617 LIX.

321 3675 498 3734 Vnus.
534 3672 590 3731 2.
613 3704 685 3715 —
712 3671 817 3729 Sed
843 3673 1144 3745 iniquitates
1166 3683 1366 3730 vestrm.
1385 3674 1632 3732 Ostendit
1659 3691 1831 3747 quare

246 3781 360 3823 non
382 3763 623 3821 exauditi
652 3764 782 3818 etin
808 3763 1174 3833 captivitatem
1203 3763 1372 3820 ducti.

322 3857 491 3913 Vens.
530 3857 586 3912 5.
618 3846 900 3910 -Μαηιιέ
925 3855 1062 3925 ejus.
1095 3854 1306 3927 (Ηιειι.)
1360 3855 1677 3930 iniquitates
1730 3873 1828 3929 per

244 3957 447 4024 partes.
472 3948 711 4020 exponit,
742 3954 877 4012 etc.,
902 3963 1062 4018 usque
1090 3947 1160 4000 ad
1203 3955 1265 4003 et
1288 3948 1506 4003 tandem
1534 3947 1599 4003 in
1629 3947 1826 4005 Filium

244 4040 349 4096 Dei
373 4037 727 4095 iuclamautes
746 4052 760 4089 :
777 4034 1005 4106 Sanguis
1020 4034 1134 4107 ejus
1159 4052 1318 4106 super
1339 4052 1432 4092 nos
1453 4045 1501 4091 et
1521 4053 1677 4109 super
1686 4035 1841 4107 ﬁlios.

246 4138 481 4184 nostros.

320 4217 492 4272 Vsus.
533 4213 589 4269 4.
642 4242 716 4255 -
759 4213 1144 4284 Conceperuut,
1200 4214 1324 4286 (lo.)
1366 4215 1469 4285 Qui
1515 4226 1831 4289 exspectant

245 4304 664 4362 Antichristum.
694 4303 865 4371 Quem
908 4302 1052 4359 enim
1091 4304 1261 4361 multo
1291 4304 1479 4363 labore
1505 4308 1831 4379 perquirunt

246 4398 305 4453 in
333 4395 623 4467 iniquitate
656 4394 977 4466 suscipient.

320 4487 492 4543 Vsus.
543 4487 693 4542 5.-
730 4485 861 4541 Ova.
901 4486 1025 4558 (lo.)
1077 4487 1157 4542 Ex
1200 4502 1305 4543 ovo
1360 4488 1521 4553 leuis,
1571 4504 1640 4545 ex
1662 4489 1826 4545 corde

1857 4544 1907 4606 D

1928 3317 2046 3356 eum
2079 3300 2305 3371 Spiritus
2324 3303 2537 3358 Domini
2565 3302 2699 3375 (Isa.
2729 3305 2832 3377 ιι),
2852 3315 2959 3361 etc.

2002 3393 2167 3449 Vens.
2202 3394 2293 3449 2i.
2329 3425 2402 3436 —
2426 3394 2542 3450 Hoc
2571 3396 2758 3466 fndus,
2784 3406 2844 3453 ut
2866 3397 3073 3455 scilicet
3116 3414 3213 3457 eos
3252 3403 3519 3473 sanguine

1930 3485 2050 3545 Filii
2084 3485 2370 3555 redimam,
2406 3496 2463 3542 et
2497 3488 2599 3559 ipsi
2628 3500 2895 3561 praecepta
2940 3505 3061 3547 mea
3098 3490 3324 3560 faciant,
3344 3503 3515 3555 etme

1930 3576 2155 3632 moritor
2180 3584 2463 3635 teneantet
2474 3579 2579 3636 hoc
2588 3587 2691 3667 est,
2709 3576 2938 3650 Spiritus
2957 3596 3125 3648 meus,
3149 3581 3240 3654 qui
3267 3592 3343 3638 est
3361 3584 3417 3640 in
3442 3594 3515 3653 te,

2523 3677 2751 3737 CAPUT
2790 3679 2904 3737 LX.

2002 3769 2166 3826 Vens.
2194 3770 2244 3825 i.
2265 3802 2338 3813 —
2360 3769 2549 3842 Surge,
2580 3771 2901 3828 illuminare.
2948 3773 3152 3847 (Ηιειι).
3202 3774 3329 3833 Hac
3369 3775 3511 3835 refe-

1931 3869 2057 3918 runt
2087 3860 2257 3918 Judaei
2286 3862 2355 3917 ad
2406 3870 2621 3934 tempus
2662 3862 2863 3920 Christi
2912 3866 3019 3933 sui,
3064 3875 3196 3934 etc.,
3244 3884 3408 3940 usque
3448 3870 3533 3925 ad'

1929 3962 1989 4008 ιιι
2009 3952 2107 4008 vel
2122 3966 2220 4023 pro
2238 3953 2323 4011 bis
2344 3954 2642 4024 suscipiant
2670 3954 2762 4011 Dei
2790 3954 3007 4013 Filium.

2002 4043 2189 4115 Surge.
2221 4043 2346 4116 (lo.)
2390 4036 2450 4099 in
2481 4044 2758 4114 Ecclesiis,
2806 4062 2928 4118 qua:
2973 4049 3219 4107 occidisti
3247 4052 3305 4108 in
3346 4068 3514 4124 syna-

1930 4135 2127 4207 gogis:
2164 4151 2325 4209 surge
2352 4136 2408 4191 in
2450 4138 2719 4208 gentibus,
2767 4154 2890 4209 quae
2911 4141 3155 4198 cecidisti
3194 4144 3249 4197 in
3293 4142 3529 4203 Judaeiu

1930 4223 2105 4296 Surge
2136 4236 2232 4294 per
2257 4224 2672 4292 confessionem,
2696 4241 2794 4296 per
2842 4227 3072 4285 virtutes
3107 4242 3226 4300 quae
3271 4232 3513 4289 cecidisti

1929 4329 2027 4385 per
2048 4315 2489 4385 negotiationem,
2522 4329 2621 4385 per
2655 4317 2808 4383 vitia,
2833 4325 2889 4373 et
2916 4333 3039 4375 cum
3087 4322 3411 4389 surrexeris,
3448 4323 3512 4378 il-

1930 4402 2214 4468 luminare,
2246 4401 2301 4457 id
2339 4411 2426 4459 est
2454 4404 2639 4475 accipe
2668 4403 2869 4463 Christi
2910 4406 3091 4464 tidem.

2002 4491 2220 4546 Lumen.
2247 4491 2367 4548 Tibi
2395 4493 2552 4565 longe
2578 4503 2704 4551 ante
2737 4496 3064 4567 promissum
3094 4499 3162 4555 ad
3184 4500 3513 4573 redemptio—

245 4577 561 4643 consilinm,
586 4592 657 4632 ex
678 4593 795 4648 quo.
812 4587 986 4633 actus.
1023 4577 1137 4634 Ova
1189 4594 1320 4650 ergo
1366 4589 1651 4649 ruperunt,
1696 4579 1829 4634 dum
1857 4577 1907 4606 υ
1934 4596 2057 4636 nem
2081 4589 2231 4638 tuam
2251 4591 2562 4652 venturum,
2580 4585 2726 4655 quod
2745 4584 3009 4643 illuminat
3031 4604 3235 4644 omnem
3249 4589 3511 4647 hominem

245 4671 417 4726 corda
453 4669 636 4739 iniqua
671 4678 729 4723 et
767 4682 1039 4724 venenosa
1085 4668 1314 4725 consilia
1347 4669 1529 4726 verbis
1566 4670 1827 4727 ostende-

248 4768 401 4826 runt,
431 4758 673 4815 dicentes
708 4776 722 4813 :
758 4758 899 4815 Reus
919 4768 994 4814 est
1017 4761 1201 4816 mortis
1227 4759 1444 4832 (Matth.
1475 4760 1644 4835 nm).

324 4848 601 4919 Aspidum.
646 4848 806 4919 Aspis
844 4849 911 4905 ad
954 4849 1188 4920 primam
1238 4866 1423 4908 vocem
1468 4850 1826 4911 incantatoris

248 4941 479 4997 alteram
505 4952 692 4995 aurem
718 4950 875 4995 teme
897 4940 1091 5010 inﬁgit,
1118 4940 1344 4996 alteram
1379 4943 1550 4999 cauda
1578 4945 1829 5012 obturat,

247 5044 316 5085 ne
344 5029 515 5100 possit
541 5029 810 5085 incantari
841 5048 856 5084 :
886 5030 966 5086 sic
993 5029 1163 5086 Judaei
1204 5032 1533 5090 inhaerentes
1573 5037 1825 5103 terrenis,

249 5135 320 5177 ne
357 5121 535 5177 locum
587 5112 651 5177 et'
681 5130 895 5193 gentem
947 5120 1241 5193 perderent
1270 5134 1593 5194 metuentes,
1622 5128 1825 5185 Christi

248 5211 681 5281 pnedicationem
698 5212 1025 5282 repulerunt,
1042 5215 1288 5270 venenati
1304 5227 1685 5274 venenatorum
1709 5218 1823 5277 lilii.

323 5303 571 5375 Erumpet
609 5305 667 5359 in
692 5304 948 5375 regulum.
984 5305 1064 5362 Ex
1085 5306 1204 5361 ovis
1229 5308 1431 5377 aspidis
1458 5310 1691 5381 regulus,
1732 5312 1823 5382 qui

249 5403 304 5447 et
328 5393 629 5460 basiliscos,
656 5412 724 5450 ex
770 5394 970 5451 Iudaeis
999 5395 1381 5453 Antichristus.
1429 5398 1507 5454 Ex
1553 5401 1634 5456 eis
1674 5402 1819 5458 enim

249 5490 520 5551 nascetur,
549 5482 677 5540 liatu
699 5500 821 5551 suo,
846 5486 898 5541 id
927 5495 1010 5542 est
1036 5500 1285 5542 sermone
1312 5502 1583 5545 venenoso
1623 5492 1820 5548 multos

249 5573 501 5630 occidens
543 5573 786 5631 volantes
851 5576 919 5630 ad
966 5577 1195 5646 patriam
1261 5578 1555 5636 cmlestem.
1610 5581 1820 5642 Occidit

248 5664 390 5719 enim
413 5666 695 5723 basiliscos
722 5666 851 5723 flatu
877 5683 976 5725 suo
1007 5682 1135 5725 aves
1171 5670 1414 5728 volantes
1439 5688 1537 5744 per
1562 5688 1707 5731 aera.

318 5756 475 5815 Vens.
518 5762 569 5817 9.
615 5793 683 5805 —-
719 5760 936 5834 Propter
975 5763 1072 5819 hoc
1109 5764 1232 5838 (lo.)
1280 5764 1544 5839 Propheta
1590 5769 1643 5825 in
1685 5785 1811 5843 per-

1935 4674 2225 4730 uenientem
2252 4675 2309 4729 in
2335 4675 2475 4731 hunc
2514 4677 2792 4744 mundum,
2815 4677 3026 4736 scilicet
3077 4681 3171 4752 qui
3195 4681 3328 4739 dicit
3356 4701 3370 4738 :
3396 4682 3510 4755 Ego

1930 4784 2049 4822 sum
2079 4767 2173 4824 lux
2205 4769 2388 4825 mundi
2421 4767 2606 4841 (Joan.
2644 4785 2683 4836 ι,
2721 4770 2861 4844 vui),
2893 4787 2925 4827 a
2955 4788 3065 4845 quo
3107 4772 3505 4835 illuminaberis

1933 4857 2158 4915 silidem
2187 4858 2389 4916 Christi
2429 4862 2755 4932 susceperis.

2003 4946 2184 5005 Gloria
2210 4949 2446 5006 Domini.
2477 4952 2557 5009 Ad
2605 4952 3037 5012 illuminandum.
3082 4956 3269 5023 Filius,
3305 4958 3511 5017 scmcet

1931 5038 2074 5094 sicut
2107 5039 2187 5095 sol
2227 5050 2383 5097 ortus
2424 5041 2690 5100 illuminat
2729 5047 3011 5113 mundum,
3052 5047 3105 5101 in
3148 5046 3303 5117 cujus
3336 5048 3509 5121 lignra

1930 5128 2099 5201 Moysi
2120 5138 2177 5186 et
2202 5130 2501 5199 Salomoni,
2548 5133 2702 5193 alteri
2729 5134 3161 5202 tabernactdum,
3191 5137 3351 5195 alteri
3377 5148 3509 5196 tem:

1927 5221 2075 5292 plum
2118 5222 2405 5280 tedilicanti
2474 5227 2775 5283 ostenditur
2825 5227 2995 5297 gloria
3049 5227 3282 5289 Domini.
3321 5229 3509 5288 Gloria

1927 5322 2143 5385 quoque
2189 5311 2404 5371 Domini
2468 5317 2574 5373 fuit
2624 5319 2827 5377 mortui
2885 5320 3248 5388 resuscitatio,
3305 5321 3504 5394 leprosi

1926 5404 2227 5470 mundatio,
2249 5413 2303 5461 et
2329 5405 2652 5476 huiusmodi.

1972 5494 2137 5552 Vens.
2166 5494 2222 5551 2.
2247 5527 2315 5538 —
2343 5496 2578 5553 Terram.
2609 5499 2733 5572 (lo.)
2773 5498 2988 5558 Judmos
3010 5508 3223 5559 terrena
3239 5512 3501 5569 amantes,

1923 5586 2121 5657 quibus
2142 5586 2342 5647 dicitur
2365 5604 2381 5645 :
2406 5588 2557 5644 Bona
2583 5600 2735 5646 teme
2760 5592 3056 5661 comedetis,
3101 5594 3245 5664 quod
3268 5594 3500 5651 carnaliv

1924 5685 2006 5733 ter
2036 5677 2325 5750 accipiunt.

1990 5769 2153 5827 Vnus.
2179 5771 2231 5827 5.
2262 5804 2330 5814 -
2379 5771 2535 5828 Ortus
2557 5774 2651 5830 tui.
2693 5774 2815 5849 (lo.)
2877 5775 3140 5844 Quoniam
3184 5777 3393 5835 scilicet
3432 5793 3505 5837 ex
