4028 6332
232 411 382 470 1305

1241 415 1506 474 GLOSSA
1542 415 1940 474 ORDINARIA.
1974 445 2046 456 --
2080 413 2210 470 LIB.
2246 411 2472 473 ISAIJE.

3347 418 3486 478 i306

231 529 516 599 gentibus,
538 540 668 598 etc.,
689 549 854 605 usque
873 533 941 588 ad
961 534 1052 604 qui
1072 541 1225 590 erant
1245 533 1551 590 sacerdotes
1575 532 1634 587 in
1656 532 1813 589 domo
1839 535 1893 595 Α
1917 541 2002 589 tus
2021 539 2106 588 est
2129 540 2185 588 et
2206 531 2304 588 Dei
2337 531 2620 604 sapientia.
2651 531 2718 587 In
2746 509 2984 590 dextera.
3013 534 3069 591 In
3093 534 3252 595 Filio.
3283 517 3438 596 Unde
3467 558 3483 598 :

231 615 482 674 Domini.

305 706 483 764 Vens.
524 710 578 767 7.
613 741 685 753 -
714 709 928 767 Partem
967 729 1166 768 eorum.
1208 713 1438 771 Domini.
1477 711 1632 769 Unde
1662 709 1817 767 Psal-

229 798 402 854 mista
434 819 449 855 :
495 799 748 856 Dominus
785 819 908 872 pars
952 804 1275 860 hereditatis
1317 819 1482 872 mete,
1518 811 1622 860 etc.
1663 801 1819 870 Quod

228 901 402 943 nemo
427 889 698 945 veraciter
720 890 874 958 dicit,
894 891 988 963 qui
1007 892 1167 948 aliam
1194 901 1403 964 partem
1432 894 1642 964 quaerit.

305 973 483 1031 Vens.
521 977 575 1032 8.
609 1008 681 1018 —
719 977 858 1046 Quia
892 996 986 1052 ego
1030 980 1287 1037 Dominus
1315 999 1334 1037 :
1365 981 1526 1051 Quasi
1561 982 1768 1038 diceret
1799 998 1814 1036 :

229 1061 352 1120 Hoc
377 1064 545 1120 faciet
567 1065 848 1135 Dominus,
873 1068 966 1140 qui
995 1069 1167 1141 magis
1191 1070 1362 1144 diligit
1391 1071 1660 1142 justitiam
1691 1085 1820 1140 pau-

229 1169 436 1224 perum
482 1163 536 1211 et
575 1155 836 1226 judicium
882 1173 1068 1214 verum
1116 1173 1279 1228 quam
1325 1175 1548 1216 munera
1591 1159 1842 1215 divitum-

230 1257 360 1312 quae
395 1258 544 1315 saepe
575 1245 642 1302 de
687 1247 876 1318 rapina
912 1255 1038 1303 sunt
1059 1287 1075 1314 ,
1115 1262 1216 1305 nec
1248 1249 1420 1320 magis
1455 1265 1618 1320 quam
1649 1249 1818 1306 scorti

231 1332 551 1387 mercedem
575 1331 659 1389 vel
686 1335 915 1404 pretium
946 1335 1124 1390 carnis
1153 1335 1209 1391 in
1247 1336 1573 1393 sacriﬁcium
1599 1377 1617 1406 ,
1644 1337 1730 1393 vel
1768 1337 1816 1394 si

227 1421 361 1492 quis
391 1423 633 1480 immolet
663 1425 828 1481 ﬁlium
858 1425 1102 1491 Domino,
1122 1427 1356 1498 placent.

304 1512 378 1567 In
407 1517 643 1571 veritate.
687 1515 758 1573 Ut
797 1517 852 1572 in
887 1518 1115 1574 veritate
1147 1521 1432 1576 comedant
1470 1536 1668 1594 agnum
1691 1561 1708 1588 ,
1757 1529 1817 1577 ut

229 1602 447 1659 faciant
471 1605 933 1662 circumcisionem
955 1609 1216 1674 cordium,
1247 1617 1444 1680 etquae
1465 1613 1588 1667 data
1615 1621 1741 1668 sunt
1757 1613 1814 1668 in

229 1692 440 1764 ﬁgura,
469 1695 650 1750 omnia
686 1694 740 1749 in
775 1695 1003 1752 veritate
1027 1695 1246 1752 faciant.

306 1781 514 1838 Foedus
546 1795 865 1855 perpetuum.
895 1787 1242 1860 Evangelium
1270 1795 1534 1845 aeternum
1557 1831 1572 1857 ,
1617 1807 1726 1847 non
1756 1800 1816 1848 ut

228 1873 407 1930 Vetus
436 1873 862 1944 Testamentum,
885 1877 968 1933 cui
991 1879 1231 1934 succedit
1249 1879 1618 1951 Evangelium.

301 1962 474 2020 Vens.
501 1965 552 2020 9.
578 1997 650 2006 —
669 1965 859 2023 Semen
884 1983 1082 2022 eorum.
1105 1967 1339 2035 Fideles,
1365 1970 1560 2040 quibus
1586 1971 1816 2041 apostoli

225 2066 423 2108 semen
447 2054 598 2109 verbi
613 2056 994 2111 commiserunt
1012 2056 1154 2126 quod
1173 2071 1204 2111 a
1228 2057 1454 2114 Domino
1469 2067 1814 2129 acceperunt.

303 2142 480 2200 Vens.
526 2145 613 2200 10.
642 2175 715 2187 -
749 2141 995 2201 Gaudens
1020 2146 1254 2218 gaudebo
1281 2147 1336 2202 in
1359 2148 1605 2214 Domino,
1635 2149 1817 2204 nonin

227 2235 468 2293 mundo.
620 2309 622 2312 ν
695 2293 701 2298 _

308 2323 651 2382 Vestimentis
685 2325 871 2383 salutis
895 2341 916 2381 :
938 2328 1257 2395 virtutibus,
1283 2329 1386 2402 ipsi
1420 2328 1656 2395 Christo,
1685 2341 1814 2400 etc.,

228 2431 400 2486 usque
412 2414 489 2468 ad
503 2423 680 2472 tamen
695 2433 801 2472 una
815 2417 868 2472 in
883 2419 1056 2488 capite
1068 2419 1185 2495 etin
1199 2420 1452 2476 membris
1462 2421 1814 2478 estEcclesia.

305 2503 379 2557 Et
429 2505 585 2575 quasi
625 2522 886 2576 sponsam.
933 2506 1168 2563 Alterius
1205 2509 1623 2579 comparationis
1667 2511 1818 2580 ponit

230 2593 508 2664 exempla,
546 2609 774 2665 quorum
799 2596 948 2668 prius
967 2598 1033 2654 ad
1056 2613 1337 2669 sponsum,
1375 2615 1606 2672 sequens
1641 2602 1816 2658 refer-

233 2691 328 2736 tur
350 2683 425 2738 ad
453 2697 722 2752 sponsam.

304 2771 476 2827 Vens.
517 2773 604 2828 li.
630 2805 702 2814 —
723 2774 799 2829 Et
827 2774 1037 2830 lauaem
1062 2791 1082 2831 :
1121 2791 1274 2832 suam
1296 2818 1312 2842 ,
1359 2786 1462 2834 etc.
1493 2819 1508 2844 ,
1559 2795 1720 2850 usque
1745 2781 1816 2835 ad

234 2863 435 2918 reddet
457 2863 685 2919 Domino
705 2863 935 2920 fructum
957 2866 1130 2923 laudis
1151 2877 1202 2923 et
1224 2869 1376 2924 bonae
1395 2871 1744 2940 operationis.

599 3027 602 3030 ῃ
825 2955 1051 3011 CAPUT
1081 2957 1240 3011 an.

309 3043 478 3100 Vens.
519 3045 571 3100 Ι.
609 3075 680 3086 -—
708 3045 932 3115 Propter
971 3044 1120 3101 Sion.
1174 3047 1409 3119 (litem)
1447 3036 1714 3120 Propheta
1759 3052 1813 3106 in

239 3151 478 3205 persona
521 3135 639 3199 sui,
687 3135 958 3205 impendio
985 3136 1317 3193 exhilaratus
1350 3153 1418 3194 ex
1446 3139 1531 3195 bis
1566 3141 1817 3198 omnibus

242 3199 369 3308 quae
410 3226 614 3286 mundo
643 3199 853 3282 confert
884 3226 1052 3282 Filius
1092 3225 1533 3285 incarnatus.'Et
1573 3231 1678 3287 hoc
1713 3241 1818 3301 est,
1847 3199 1893 3264 Ο

243 3327 476 3400 Propter
513 3319 646 3384 Sion
673 3345 777 3384 non
810 3318 1017 3393 tacebo,
1057 3321 1302 3398 quatlwis
1339 3320 1490 3388 loqui
1518 3324 1819 3400 prohibeat,

245 3418 498 3490 quamvis
523 3427 753 3474 mortem
778 3418 1032 3473 minetur.
1653 3461 1656 3464 .

319 3507 548 3578 Lampas
576 3503 912 3563 accendatur.
946 3507 1178 3578 Lampas
1206 3507 1390 3564 Graece
1416 3548 1432 3576 ,
1472 3507 1688 3564 ﬂamma
1719 3508 1824 3564 La-

245 3598 397 3664 tine,
429 3597 572 3653 unde
608 3615 621 3652 :
655 3595 840 3667 Ignem
877 3597 990 3652 veni
1027 3597 1228 3652 mittere
1260 3599 1314 3652 in
1351 3608 1542 3652 terram
1569 3639 1584 3664 ,
1624 3609 1670 3654 et
1696 3597 1824 3669 quid

245 3687 366 3742 volo
391 3687 493 3741 nisi
519 3695 576 3740 ut
609 3687 834 3742 ardeat?
869 3685 983 3743 Hoc
1010 3687 1256 3743 succensi
1283 3686 1510 3758 apostoli
1537 3687 1826 3758 loqueban-

247 3787 340 3832 tur
375 3775 540 3832 variis
565 3775 782 3848 linguis.

325 3864 487 3920 Vens.
516 3866 571 3921 2.
597 3897 670 3908 —-
708 3865 914 3922 Nomen
950 3883 1155 3922 novum.
1183 3865 1304 3940 (ιιι.)
1339 3866 1454 3924 Mos
1477 3877 1558 3924 est
1583 3866 1823 3926 Hebraeis

247 3971 316 4009 ex
347 3953 500 4010 novis
528 3955 689 4010 rebus
715 3969 855 4010 nova
883 3954 1100 4012 nomina
1127 3955 1404 4026 imponere
1427 3996 1443 4022 ,
1481 3964 1588 4012 etc.
1606 3997 1624 4025 ,
1665 3973 1827 4028 usque

251 4045 326 4098 ad
369 4043 618 4099 similiter
635 4043 785 4116 prius
807 4042 1015 4109 Simon,
1039 4053 1226 4114 postea
1250 4044 1462 4101 Petrus.

329 4132 492 4187 Vens.
527 4133 579 4188 '5.
619 4163 692 4174 —
727 4131 934 4188 Corona
965 4132 1166 4204 gloriae.
1191 4122 1282 4188 ‘De
1316 4135 1564 4192 omnibus
1582 4135 1827 4208 partibus

257 4223 465 4288 mundi,
493 4223 644 4293 quasi
672 4237 872 4279 corona
895 4223 1233 4280 venientibus
1254 4224 1520 4285 ﬁdelibus.

327 4311 492 4368 Vens.
524 4311 578 4367 4.
608 4343 680 4354 --
707 4311 832 4368 Non
856 4312 1138 4368 vocaberis.
1181 4313 1473 4372 Ecclesiam
1507 4317 1573 4373 de
1598 4325 1828 4389 utroque

253 4401 454 4475 populo
481 4401 790 4472 alloquitur,
818 4401 994 4474 quasi,
1030 4417 1136 4458 non
1173 4403 1277 4460 hoc
1303 4405 1684 4462 vocabulorum
1720 4407 1826 4462 ﬁne

252 4501 510 4550 contenta
541 4493 669 4548 eris.

331 4581 495 4638 Vens.
522 4583 574 4637 5.
597 4613 668 4624 —
692 4581 760 4637 Et
787 4583 1050 4652 gaudebit,
1079 4592 1186 4638 etc.
1213 4581 1434 4654 Pmpter
1457 4585 1554 4639 hoc
1576 4584 1827 4656 relinquet

255 4675 414 4728 homo
440 4682 642 4744 patrem
683 4682 731 4728 et
773 4681 990 4726 matrem
1021 4671 1172 4743 (Gen.
1213 4687 1284 4738 Il;
1319 4673 1507 4727 Matth.
1539 4675 1676 4746 XIX).
1727 4674 1832 4731 Sa-

257 4773 585 4820 cramentum
609 4765 706 4819 hoc
732 4780 976 4836 magnum
1007 4773 1080 4819 est
1110 4765 1164 4818 in
1195 4763 1398 4820 Christo
1422 4775 1470 4821 et
1508 4765 1564 4822 in
1595 4765 1831 4822 Ecclesia

261 4855 479 4926 (Ephes.
506 4854 586 4926 v).

335 4947 500 5002 Vens.
530 4945 582 5002 6.
615 4976 684 4987 --
723 4945 896 5017 Super
939 4963 1116 5002 muros
1165 4957 1302 5002 tuos.
1352 4947 1477 5020 (ln.)
1521 4949 1828 5021 Apostolos,

263 5036 662 5106 praedicatores,
707 5036 798 5106 qui
827 5036 1123 5093 Ecclesiam
1165 5037 1444 5105 muniunt,
1485 5055 1712 5110 quorum
1739 5055 1833 5096 cu-

262 5127 448 5183 stodes
496 5125 669 5198 angeli
719 5135 864 5182 sunt.
905 5125 1058 5183 Unde
1103 5143 1118 5180 :
1161 5127 1351 5182 Omnes
1398 5128 1834 5185 administratorii

263 5213 479 5284 spiritus
501 5223 641 5277 sunt,
675 5222 883 5284 propter
906 5229 992 5268 eos
1021 5213 1166 5268 missi
1190 5254 1206 5279 ,
1246 5215 1336 5285 qui
1362 5214 1713 5271 [nereditatem
1742 5234 1834 5271 ca-

265 5303 412 5373 piunt
435 5301 622 5357 salutis
649 5301 847 5374 (Hebr.
875 5300 948 5373 ι).
993 5301 1090 5356 Vel
1127 5303 1266 5357 muri
1306 5302 1666 5360 Ecclesiarum
1706 5319 1835 5376 apo-

267 5391 527 5449 stolorum
551 5391 816 5464 discipuli,
846 5407 1072 5464 quorum
1102 5395 1352 5449 custodes
1378 5394 1477 5465 ipsi
1514 5394 1757 5466 apostoli.

339 5478 502 5536 Vens.
543 5479 594 5534 7.
620 5511 690 5520 —
717 5479 890 5536 Donec
917 5490 1074 5552 ponat
1101 5479 1416 5536 Jerusalem.
1447 5483 1600 5550 Quod
1625 5492 1726 5547 est,
1749 5483 1833 5537 vel

269 5572 384 5644 ipsa
406 5572 560 5642 longe
585 5571 796 5644 lateque
824 5572 1046 5638 dill‘usa,
1079 5573 1277 5644 ubique
1304 5572 1568 5642 laudetur,
1597 5574 1680 5631 vel
1715 5573 1836 5631 ubi-

270 5679 374 5733 que
398 5663 576 5719 laudet
600 5679 812 5735 semper
839 5673 1139 5720 creatorem
1161 5681 1339 5721 suum.

344 5754 498 5810 Vens.
529 5755 578 5810 8.
605 5787 668 5794 —-
697 5753 900 5810 Iuravit
923 5770 1020 5824 per
1037 5756 1230 5813 Filium
1255 5757 1474 5824 scilicet,
1498 5760 1588 5830 qui
1615 5759 1707 5818 Dei
1733 5760 1836 5818 vir—

1919 621 2115 677 Omnia
2139 621 2196 676 in
2236 621 2494 692 sapientia
2534 621 2702 690 fecisti
2742 619 2914 694 (Psal.
2945 625 3060 695 cm)
3085 667 3100 686 .
3145 627 3236 697 qui
3279 636 3334 682 et
3365 629 3486 685 bra-

1915 711 2099 767 chium
2126 717 2181 766 et
2207 709 2468 766 fortitudo
2491 709 2669 766 Patris
2693 728 2722 794 τ’
2733 710 2884 767 Unde
2907 751 2923 776 ,
2944 711 3146 768 Omnia
3181 715 3280 782 per
3317 717 3486 787 ipsum

1917 799 2059 873 facta
2087 808 2208 854 sunt
2237 798 2418 872 (Joan.
2449 799 2513 870 ι).
2549 799 2608 855 Si
2633 799 2822 854 dedero
2855 801 3084 856 triticum
3111 811 3278 858 tuum.
3325 805 3485 862 Triti-

1915 907 2040 949 cum
2062 889 2366 947 Judzeorum
2390 899 2446 947 et
2470 891 2653 946 vinum
2683 906 2824 962 saepe
2847 891 2968 947 dedi
3013 893 3246 950 inimicis
3267 908 3478 963 eorum,

1915 981 2057 1037 sicut
2095 981 2149 1037 in
2188 981 2328 1036 libro
2354 980 2600 1037 Iudicum
2641 981 2836 1053 legitur
2863 981 3062 1054 (Judic.
3097 983 3175 1056 vn)
3219 987 3404 1055 :quod
3429 986 3486 1042 in

1915 1079 2158 1141 tempore
2179 1071 2370 1127 messis
2396 1070 2696 1126 Madianitae
2717 1071 2997 1128 irruebant
3015 1081 3070 1128 et
3087 1089 3274 1130 eorum
3304 1075 3484 1146 fruges

1915 1158 2256 1238 colligebant.
2289 1159 2357 1214 Et
2384 1159 2598 1230 quando
2635 1160 2827 1230 captivi
2858 1161 3004 1216 ducti
3041 1171 3206 1229 sunt,
3245 1164 3486 1220 Samari-

1915 1247 2029 1304 tani
2055 1250 2144 1319 qui
2184 1265 2371 1305 eorum
2408 1266 2613 1306 messes
2648 1251 3012 1315 comederent,
3041 1253 3315 1310 substituti
3336 1263 3485 1311 sunt.

1917 1337 2025 1394 Sed
2064 1339 2118 1393 in
2147 1340 2252 1395 hoc
2277 1338 2393 1395 loco
2430 1339 2680 1412 intelligit
2707 1341 2886 1396 cibum
2921 1341 3196 1409 Ecclesiae,
3236 1343 3483 1409 virtutes,

1914 1437 1970 1482 et
1996 1429 2136 1483 bona
2167 1442 2328 1499 opera
2347 1469 2364 1494 ,
2394 1443 2590 1498 corpus
2622 1429 2820 1484 Christi
2841 1437 2912 1485 'et
2941 1431 3276 1501 sanguinem.
3310 1433 3364 1489 Id
3399 1441 3486 1489 est

1915 1515 2120 1581 laudes,
2141 1532 2328 1586 opera,
2353 1533 2470 1587 quae
2500 1533 2621 1573 cum
2650 1517 2807 1573 idolis
2833 1519 3194 1589 impenderas,
3215 1523 3486 1578 daemones

1913 1605 2286 1659 comedebant.
2317 1604 2423 1660 Sed
2459 1613 2582 1675 post
2616 1606 2903 1661 adventum
2934 1605 3055 1662 Filii
3097 1609 3357 1665 Dominus
3393 1611 3488 1666 de-

1913 1679 2141 1747 Ie'ctatus
2185 1703 2270 1748 est
2306 1693 2359 1748 in
2394 1694 2494 1750 eis.
2543 1692 2802 1750 Triticum
2833 1710 2960 1767 ergo
2992 1705 3047 1753 et
3071 1697 3254 1753 vinum
3279 1738 3295 1765 ,
3335 1700 3486 1756 cibus

1916 1781 2142 1856 (scilicet
2164 1783 2494 1859 Iudaeorum)
2525 1801 2718 1856 corpus
2753 1788 2952 1843 Christi
2989 1797 3045 1845 et
3077 1791 3390 1862 sanguinem
3415 1794 3490 1849 si-

1841 1869 1890 1930 B
1916 1873 2261 1944 gniﬁcabant.
2289 1873 2456 1940 Unde,
2481 1875 2616 1930 Caro
2637 1893 2751 1932 mea
2775 1894 2890 1932 vere
2916 1887 2991 1933 est
3013 1879 3176 1946 cibus,
3201 1889 3249 1934 et
3274 1883 3489 1953 sanguis

1916 1979 2062 2018 meus
2084 1965 2292 2042 verem
2316 1974 2468 2035 potus
2489 1965 2669 2037 (Joan.
2696 1965 2792 2038 γι).
2820 1966 2932 2023 Hoc
2947 1968 3106 2024 hodie
3129 1986 3234 2026 non
3261 1972 3490 2026 sumitur

1917 2050 1986 2106 ab
2018 2051 2305 2120 haereticis,
2342 2054 2584 2126 paganis,
2621 2053 2838 2121 Iudaeis,
2870 2049 3102 2112 inimicis
3132 2059 3410 2116 Ecclesiae.

1989 2141 2154 2198 Vens.
2187 2142 2273 2197 10.
2304 2173 2376 2184 -—-
2398 2141 2510 2198 Per
2539 2154 2736 2215 portas.
2768 2145 3039 2204 Ministros
3078 2147 3354 2216 Ecclesiae,
3394 2149 3488 2222 qui

1915 2231 2051 2286 alios
2068 2232 2432 2290 introducunt.
2447 2233 2546 2290 Vel
2564 2235 2813 2301 virtutes,
2835 2250 2954 2306 quae
2974 2237 3174 2292 ducunt
3193 2239 3246 2293 in
3269 2240 3487 2308 caelum,

1917 2322 2069 2390 quasi
2113 2321 2180 2377 de
2223 2323 2423 2379 virtute
2470 2323 2524 2378 in
2572 2325 2846 2379 virtutem.
2890 2323 3120 2380 Planum
3174 2327 3328 2396 facite
3367 2329 3488 2384 iter.

1914 2411 2224 2468 Auferendo
2271 2412 2556 2480 scandala;
2604 2413 2657 2468 in
2698 2414 2964 2484 baptismo
3003 2415 3324 2474 remittendo
3367 2432 3494 2488 pec-

1916 2511 2058 2558 cata.
2083 2499 2295 2573 Eligite.
2338 2503 2432 2558 Vel
2462 2543 2478 2568 ,
2517 2503 2763 2578 projicite
2787 2503 3080 2559 secundum
3117 2503 3492 2578 Septuaginta,

1915 2592 2058 2664 quod
2079 2600 2184 2658 est,
2208 2591 2414 2648 auferte
2434 2575 2684 2648 duritiam
2715 2593 3040 2650 inﬁdelitatis
3066 2610 3096 2650 a
3118 2575 3368 2653 cordibus
3395 2598 3492 2653 ho-

1915 2683 2152 2750 minum;
2181 2683 2286 2750 vel,
2315 2685 2574 2754 reprobos
2601 2693 2654 2741 et
2675 2683 2837 2740 duros
2863 2701 2893 2740 a
2923 2687 3194 2743 consortio
3231 2687 3490 2745 ﬁdelium.

1986 2771 2145 2829 Vens.
2178 2775 2264 2829 ll.
2293 2805 2364 2815 —
2389 2774 2559 2829 Dicite
2603 2776 2730 2846 ﬁlia:
2764 2775 2920 2832 Sion.
2947 2775 3166 2833 Scilicet
3209 2779 3494 2848 primitivaa

1914 2861 2190 2930 Ecclesiae,
2213 2879 2332 2935 quae
2357 2879 2420 2918 ex
2448 2862 2648 2920 Iudaeis
2667 2865 2940 2934 primum:
2969 2865 3132 2932 unde,
3159 2865 3289 2921 Filii
3309 2871 3493 2924 matris

1915 2970 2044 3008 mea:
2068 2962 2422 3024 pugnaverunt
2443 2963 2624 3009 contra
2654 2972 2735 3009 me
2761 2953 2935 3028 (Cant.
2969 2955 3030 3028 ι).
3065 2957 3162 3013 Vel
3198 2960 3492 3016 secundum

1915 3041 2044 3096 illud
2071 3061 2083 3095 :
2110 3041 2372 3113 Quotquot
2392 3052 2564 3097 autem
2591 3055 2886 3114 receperunt
2930 3063 3050 3100 eum
3077 3048 3259 3118 (Joan.
3289 3050 3353 3120 t),
3377 3060 3486 3106 etc.

1941 3135 1948 3140 '
1987 3133 2056 3187 Et
2103 3133 2355 3187 vocabunt
2405 3150 2522 3188 eum
2550 3173 2566 3198 ,
2618 3135 2856 3190 dicentes
2900 3153 2913 3190 :
2955 3135 3060 3191 Vos
3095 3139 3226 3194 estis
3271 3141 3496 3209 populus

1925 3229 2168 3288 sanctus,
2199 3236 2294 3275 vos
2317 3220 2449 3276 estis
2473 3221 2729 3292 redempti
2755 3237 2785 3275 a
2817 3222 3048 3279 Domino’
3067 3224 3196 3280 Deo.
3231 3225 3320 3281 Sic
3346 3229 3492 3282 enim

1923 3310 2140 3382 quidam
2179 3310 2392 3366 codices
2421 3311 2640 3367 habent.

2483 3403 2711 3464 CAPUT
2745 3405 2930 3463 LXIII.

1994 3498 2155 3555 Vens.
2184 3499 2235 3555 1.
2259 3530 2330 3540 -
2353 3499 2484 3566 Quis
2510 3509 2582 3554 est
2611 3501 2725 3554 iste.
2756 3502 2981 3569 Quidam
3004 3503 3180 3573 angeli
3209 3520 3312 3560 non
3341 3504 3498 3576 plene

1923 3598 2311 3662 cognoscentes
2340 3591 2651 3661 mysterium
2675 3591 3080 3658 incarnationis,
3103 3594 3390 3664 passionis,
3413 3611 3470 3650 re
3490 3624 3500 3632 -

1922 3681 2297 3747 surrectionis,
2323 3681 2566 3737 videntes
2603 3683 2671 3736 ad
2697 3682 2862 3738 caelos
2894 3684 3182 3738 ascendere
3213 3684 3493 3740 Dominum

1923 3789 2047 3830 cum
2079 3771 2418 3852 multitudine
2447 3771 2757 3844 angelorum
2788 3780 2842 3828 et
2870 3781 3176 3828 sanctorum
3213 3775 3493 3830 hominum

1924 3865 2139 3937 prepria
2173 3865 2394 3932 virtute,
2429 3880 2534 3920 non
2561 3863 2758 3920 auxilio
2797 3863 3127 3936 angelorum,
3169 3866 3505 3921 admirantur

1926 3952 2342 4018 incarnationis,
2370 3961 2424 4010 et
2465 3953 2753 4025 passionis,
2791 3962 2846 4009 et
2871 3955 3304 4018 resurrectionis,
3332 3964 3386 4010 et
3409 3970 3501 4011 as-

1925 4042 2197 4100 censionis
2225 4043 2538 4114 mysterium
2575 4061 2587 4097 :
2630 4052 2686 4099 et
2711 4043 2984 4114 quomodo
3017 4043 3119 4099 sibi
3147 4053 3202 4100 et
3227 4043 3346 4099 aliis
3371 4060 3500 4115 ape-

1927 4137 2034 4192 riat
2068 4150 2292 4207 regnum
2329 4136 2630 4202 caelorum;
2681 4136 2822 4191 unde
2862 4143 2918 4191 et
2958 4135 3164 4206 angelis
3210 4136 3496 4192 Dominum

1925 4226 2306 4282 comitantibus
2324 4226 2536 4282 dicunt:
2559 4225 2689 4292 Quis
2708 4238 2782 4280 est
2805 4222 3016 4280 iste?Et
3037 4225 3202 4280 David
3224 4225 3501 4282 similiter:

1927 4318 2056 4386 Quis
2086 4328 2159 4373 est
2195 4319 2290 4372 iste
2319 4333 2410 4372 rex
2435 4317 2615 4387 gloria:
2632 4318 2658 4370 .9
2677 4315 2850 4389 (Psal.
2876 4315 3052 4390 nm).
3069 4315 3292 4371 Videtur
3318 4324 3501 4393 tamen

1925 4410 2200 4480 Augustus
2236 4407 2415 4463 dicere
2459 4421 2618 4478 super
2641 4406 2890 4463 Genesim
2931 4407 3072 4478 quod
3109 4421 3297 4464 omnes
3329 4409 3503 4478 angeli

1930 4499 1998 4552 ab
2037 4499 2149 4568 ipsa
2193 4497 2468 4553 creatione
2495 4513 2590 4552 sua
2615 4536 2632 4564 ,
2669 4497 2850 4553 statim
2889 4506 3252 4569 cognoverunt
3287 4498 3342 4553 in
3371 4514 3504 4554 con-

1933 4585 2278 4658 templatione
2299 4587 2380 4643 sui
2395 4586 2678 4654 creatoris,
2692 4587 2948 4658 quidquid
2968 4587 3082 4659 ipse
3101 4596 3219 4642 erat
3243 4586 3498 4645 facturus.

1933 4673 2289 4746 Hieronymus
2318 4683 2496 4730 autem
2523 4685 2706 4746 aperte
2735 4676 2976 4731 declarat
3006 4677 3132 4746 quia
3162 4677 3377 4747 quidam
3404 4695 3503 4732 an-

1932 4765 2059 4837 geli,
2091 4766 2261 4822 donec
2284 4765 2635 4836 perﬁceretur
2661 4767 2973 4839 mysterium
2997 4767 3400 4835 incantationis,
3435 4769 3506 4824 ad

1933 4857 2151 4930 plenum
2181 4873 2287 4912 non
2315 4865 2699 4928 cognoverunt.

2006 4945 2081 5000 De
2124 4944 2315 5000 Edam.
2349 4945 2517 5000 Edom
2554 4946 2642 5017 (ex
2681 4944 2863 5016 Ῑίιειι.)
2894 4946 2963 5003 ab
3008 4946 3183 5003 edulio
3213 4946 3343 5002 rufae
3379 4946 3499 5001 len-

1932 5035 2021 5101 tis,
2052 5045 2182 5102 etc.,
2207 5053 2369 5108 usque
2396 5037 2468 5092 ad
2487 5037 2568 5092 vel
2587 5037 2654 5093 de
2682 5036 2890 5095 inferno
2919 5038 3146 5110 spoliato
3181 5038 3353 5094 victor
3381 5055 3505 5094 cum

1934 5124 2179 5180 ﬁdelibus
2207 5125 2339 5181 suis.

2007 5214 2294 5270 Formosus
2319 5217 2376 5270 in
2403 5213 2558 5270 stola.
2593 5215 2909 5271 Formosum
2935 5215 3187 5271 calidum.
3217 5214 3370 5272 Unde
3395 5215 3506 5272 for-

1935 5321 2117 5362 mosus
2153 5307 2306 5376 quasi
2345 5305 2587 5373 calidus,
2631 5309 2754 5377 quia
2783 5323 2850 5362 ex
2889 5305 3068 5362 colore
3097 5307 3294 5364 rubeus
3334 5317 3389 5364 et
3416 5325 3506 5366 ro-

1937 5413 2062 5453 seus
2086 5395 2315 5452 elﬁcitur
2337 5397 2539 5464 vultus,
2567 5406 2622 5454 et
2651 5398 2773 5452 inde
2801 5398 3094 5468 speciosus.

2009 5484 2171 5540 Vens.
2209 5486 2265 5539 2.
2305 5517 2375 5527 -
2411 5486 2588 5553 Quare
2635 5504 2774 5557 ergo.
2819 5487 2963 5559 (Ιυ.)
2997 5488 3273 5559 Tanquam
3327 5491 3511 5549 dicant

1937 5577 2155 5650 angeli:
2206 5577 2536 5645 Didicimus,
2571 5577 2716 5642 etc.,
2742 5596 2901 5650 usque
2942 5580 3011 5634 ad
3051 5583 3220 5654 magis
3257 5583 3356 5640 tibi
3399 5584 3508 5641 cle-

1940 5668 2139 5726 mentia
2173 5669 2422 5726 convenit
2443 5685 2605 5740 quam
2627 5669 2937 5726 crudelitas.

2012 5758 2172 5814 Vens.
2215 5761 2268 5814 5.
2309 5788 2373 5802 -
2412 5757 2583 5816 Solus.
2631 5759 2788 5818 Solus
2813 5760 3039 5820 Samson
3073 5767 3314 5836 prtccisis
3341 5768 3505 5826 crini-
