  <div class='ocr_page' id='page_1' title='image "/cluster/home/n/w/nwhite01/storage/ocr_20150623/113/hvd.32044018909572/659.png"; bbox 0 0 4028 6332; ppageno 0'>
   <div class='ocr_carea' id='block_1_1' title="bbox 639 443 778 499">
    <p class='ocr_par' dir='ltr' id='par_1_1' title="bbox 639 443 778 499">
     <span class='ocr_line' id='line_1_1' title="bbox 639 443 778 499; baseline -0.007 -1"><span class='ocrx_word' id='word_1_1' title='bbox 639 443 778 499; x_wconf 77' lang='grc'><strong>1307</strong></span> 
     </span>
    </p>
   </div>
   <div class='ocr_carea' id='block_1_2' title="bbox 1136 430 3340 497">
    <p class='ocr_par' dir='ltr' id='par_1_2' title="bbox 1136 430 3340 497">
     <span class='ocr_line' id='line_1_2' title="bbox 1136 430 3340 497; baseline -0.002 0"><span class='ocrx_word' id='word_1_2' title='bbox 1136 430 1530 497; x_wconf 76' lang='lat' dir='ltr'><strong>WALAFRIDI</strong></span> <span class='ocrx_word' id='word_1_3' title='bbox 1569 434 1816 494; x_wconf 80' lang='lat' dir='ltr'><strong>STRABI</strong></span> <span class='ocrx_word' id='word_1_4' title='bbox 1853 432 2058 491; x_wconf 83' lang='lat' dir='ltr'><strong>FULD.</strong></span> <span class='ocrx_word' id='word_1_5' title='bbox 2100 431 2264 488; x_wconf 77' lang='grc' dir='ltr'><strong>ΜΘΝ.</strong></span> <span class='ocrx_word' id='word_1_6' title='bbox 2303 430 2455 489; x_wconf 82' lang='lat' dir='ltr'><strong>OPP.</strong></span> <span class='ocrx_word' id='word_1_7' title='bbox 2496 432 2674 489; x_wconf 72' lang='lat' dir='ltr'><strong>PARS</strong></span> <span class='ocrx_word' id='word_1_8' title='bbox 2704 432 2748 489; x_wconf 88' lang='grc' dir='ltr'><strong>Ι.</strong></span> <span class='ocrx_word' id='word_1_9' title='bbox 2787 465 2857 475; x_wconf 90' lang='grc'><strong><em>-</em></strong></span> <span class='ocrx_word' id='word_1_10' title='bbox 2891 434 3340 492; x_wconf 77' lang='lat' dir='ltr'><strong>THEOLOCICA.</strong></span> 
     </span>
    </p>
   </div>
   <div class='ocr_carea' id='block_1_3' title="bbox 3688 440 3789 498">
    <p class='ocr_par' dir='ltr' id='par_1_3' title="bbox 3688 440 3789 498">
     <span class='ocr_line' id='line_1_3' title="bbox 3688 440 3789 498; baseline 0.059 -6"><span class='ocrx_word' id='word_1_11' title='bbox 3688 440 3789 498; x_wconf 65' lang='grc'><strong>1503</strong></span> 
     </span>
    </p>
   </div>
   <div class='ocr_carea' id='block_1_4' title="bbox 634 519 3791 620">
    <p class='ocr_par' dir='ltr' id='par_1_4' title="bbox 634 519 3791 620">
     <span class='ocr_line' id='line_1_4' title="bbox 634 519 3791 620; baseline 0 -13"><span class='ocrx_word' id='word_1_12' title='bbox 634 552 737 608; x_wconf 89' lang='lat' dir='ltr'><strong>bus</strong></span> <span class='ocrx_word' id='word_1_13' title='bbox 762 519 1087 606; x_wconf 70' lang='lat' dir='ltr'><strong>Pbilisthaeis</strong></span> <span class='ocrx_word' id='word_1_14' title='bbox 1115 549 1434 620; x_wconf 77' lang='lat' dir='ltr'><strong>exponitur,</strong></span> <span class='ocrx_word' id='word_1_15' title='bbox 1462 562 1564 603; x_wconf 90' lang='lat' dir='ltr'><strong>nee</strong></span> <span class='ocrx_word' id='word_1_16' title='bbox 1597 546 1818 618; x_wconf 81' lang='lat' dir='ltr'><strong>angelus</strong></span> <span class='ocrx_word' id='word_1_17' title='bbox 1843 560 1942 600; x_wconf 89' lang='lat' dir='ltr'><strong>nec</strong></span> <span class='ocrx_word' id='word_1_18' title='bbox 1976 543 2204 597; x_wconf 87' lang='lat' dir='ltr'><strong>archan-</strong></span> <span class='ocrx_word' id='word_1_19' title='bbox 2233 552 2283 611; x_wconf 79' lang='grc' dir='ltr'><strong>Α</strong></span> <span class='ocrx_word' id='word_1_20' title='bbox 2379 545 2546 602; x_wconf 86' lang='lat' dir='ltr'><strong>Vens.</strong></span> <span class='ocrx_word' id='word_1_21' title='bbox 2579 546 2665 601; x_wconf 80' lang='grc'><strong>16.</strong></span> <span class='ocrx_word' id='word_1_22' title='bbox 2693 577 2765 587; x_wconf 93' lang='lat'><strong>—</strong></span> <span class='ocrx_word' id='word_1_23' title='bbox 2792 546 3055 602; x_wconf 74' lang='lat' dir='ltr'><strong>Abraham</strong></span> <span class='ocrx_word' id='word_1_24' title='bbox 3083 549 3313 605; x_wconf 79' lang='lat' dir='ltr'><strong>nescivit.</strong></span> <span class='ocrx_word' id='word_1_25' title='bbox 3351 548 3547 619; x_wconf 73' lang='grc' dir='ltr'><strong>(Ηιει.)</strong></span> <span class='ocrx_word' id='word_1_26' title='bbox 3582 549 3791 617; x_wconf 68' lang='lat' dir='ltr'><strong>Quasi—di-</strong></span> 
     </span>
    </p>
   </div>
   <div class='ocr_carea' id='block_1_5' title="bbox 635 633 2207 713">
    <p class='ocr_par' dir='ltr' id='par_1_5' title="bbox 635 633 2207 713">
     <span class='ocr_line' id='line_1_5' title="bbox 635 633 2207 713; baseline -0.008 -15"><span class='ocrx_word' id='word_1_27' title='bbox 635 641 786 713; x_wconf 87' lang='lat' dir='ltr'><strong>gelus</strong></span> <span class='ocrx_word' id='word_1_28' title='bbox 811 640 896 695; x_wconf 85' lang='lat' dir='ltr'><strong>vel</strong></span> <span class='ocrx_word' id='word_1_29' title='bbox 932 639 1156 711; x_wconf 90' lang='lat' dir='ltr'><strong>quilibet</strong></span> <span class='ocrx_word' id='word_1_30' title='bbox 1188 639 1423 695; x_wconf 64' lang='lat' dir='ltr'><strong>caelestis</strong></span> <span class='ocrx_word' id='word_1_31' title='bbox 1445 637 1684 708; x_wconf 72' lang='lat' dir='ltr'><strong>spiritus.</strong></span> <span class='ocrx_word' id='word_1_32' title='bbox 1714 635 1953 707; x_wconf 87' lang='lat' dir='ltr'><strong>Denique</strong></span> <span class='ocrx_word' id='word_1_33' title='bbox 1988 633 2207 689; x_wconf 84' lang='lat' dir='ltr'><strong>humani</strong></span> 
     </span>
    </p>
   </div>
   <div class='ocr_carea' id='block_1_6' title="bbox 633 722 2205 800">
    <p class='ocr_par' dir='ltr' id='par_1_6' title="bbox 633 722 2205 800">
     <span class='ocr_line' id='line_1_6' title="bbox 633 722 2205 800; baseline -0.007 -14"><span class='ocrx_word' id='word_1_34' title='bbox 633 730 846 800; x_wconf 75' lang='lat' dir='ltr'><strong>generis</strong></span> <span class='ocrx_word' id='word_1_35' title='bbox 892 729 1069 784; x_wconf 92' lang='lat' dir='ltr'><strong>nullus</strong></span> <span class='ocrx_word' id='word_1_36' title='bbox 1110 726 1195 784; x_wconf 87' lang='lat' dir='ltr'><strong>vel</strong></span> <span class='ocrx_word' id='word_1_37' title='bbox 1224 727 1439 783; x_wconf 81' lang='lat' dir='ltr'><strong>Judaeus</strong></span> <span class='ocrx_word' id='word_1_38' title='bbox 1478 726 1562 781; x_wconf 88' lang='lat' dir='ltr'><strong>vel</strong></span> <span class='ocrx_word' id='word_1_39' title='bbox 1599 724 1828 781; x_wconf 83' lang='lat' dir='ltr'><strong>Gentilis</strong></span> <span class='ocrx_word' id='word_1_40' title='bbox 1868 722 2154 779; x_wconf 76' lang='lat' dir='ltr'><strong>auxiliator</strong></span> <span class='ocrx_word' id='word_1_41' title='bbox 2190 739 2205 775; x_wconf 88' lang='lat'><strong>:</strong></span> 
     </span>
    </p>
   </div>
   <div class='ocr_carea' id='block_1_7' title="bbox 635 811 2207 892">
    <p class='ocr_par' dir='ltr' id='par_1_7' title="bbox 635 811 2207 892">
     <span class='ocr_line' id='line_1_7' title="bbox 635 811 2207 892; baseline -0.009 -14"><span class='ocrx_word' id='word_1_42' title='bbox 635 820 783 878; x_wconf 83' lang='lat' dir='ltr'><strong>solus</strong></span> <span class='ocrx_word' id='word_1_43' title='bbox 837 828 1059 892; x_wconf 91' lang='lat' dir='ltr'><strong>pugnat,</strong></span> <span class='ocrx_word' id='word_1_44' title='bbox 1111 819 1257 876; x_wconf 91' lang='lat' dir='ltr'><strong>solus</strong></span> <span class='ocrx_word' id='word_1_45' title='bbox 1299 826 1537 890; x_wconf 90' lang='lat' dir='ltr'><strong>superat.</strong></span> <span class='ocrx_word' id='word_1_46' title='bbox 1584 818 1837 888; x_wconf 85' lang='lat' dir='ltr'><strong>Aspersus</strong></span> <span class='ocrx_word' id='word_1_47' title='bbox 1879 824 1975 870; x_wconf 90' lang='lat' dir='ltr'><strong>est.</strong></span> <span class='ocrx_word' id='word_1_48' title='bbox 2003 811 2207 885; x_wconf 64' lang='lat' dir='ltr'><strong>(linem)</strong></span> 
     </span>
    </p>
   </div>
   <div class='ocr_carea' id='block_1_8' title="bbox 636 896 2225 983">
    <p class='ocr_par' dir='ltr' id='par_1_8' title="bbox 636 896 2225 983">
     <span class='ocr_line' id='line_1_8' title="bbox 636 896 2225 983; baseline -0.004 -16"><span class='ocrx_word' id='word_1_49' title='bbox 636 909 867 983; x_wconf 82' lang='lat' dir='ltr'><strong>Sanguis</strong></span> <span class='ocrx_word' id='word_1_50' title='bbox 892 926 1042 966; x_wconf 91' lang='lat' dir='ltr'><strong>meus</strong></span> <span class='ocrx_word' id='word_1_51' title='bbox 1070 926 1257 966; x_wconf 87' lang='lat' dir='ltr'><strong>eorum</strong></span> <span class='ocrx_word' id='word_1_52' title='bbox 1285 923 1512 965; x_wconf 89' lang='lat' dir='ltr'><strong>rancore</strong></span> <span class='ocrx_word' id='word_1_53' title='bbox 1534 950 1549 975; x_wconf 93' lang='lat'><strong>,</strong></span> <span class='ocrx_word' id='word_1_54' title='bbox 1590 917 1696 964; x_wconf 89' lang='lat' dir='ltr'><strong>etc.</strong></span> <span class='ocrx_word' id='word_1_55' title='bbox 1715 948 1730 972; x_wconf 93' lang='lat'><strong>,</strong></span> <span class='ocrx_word' id='word_1_56' title='bbox 1768 923 1930 979; x_wconf 84' lang='lat' dir='ltr'><strong>usque</strong></span> <span class='ocrx_word' id='word_1_57' title='bbox 1958 906 2026 959; x_wconf 90' lang='lat' dir='ltr'><strong>ad</strong></span> <span class='ocrx_word' id='word_1_58' title='bbox 2055 896 2225 974; x_wconf 65' lang='lat' dir='ltr'><strong>cujus&#39;</strong></span> 
     </span>
    </p>
   </div>
   <div class='ocr_carea' id='block_1_9' title="bbox 634 995 2142 1071">
    <p class='ocr_par' dir='ltr' id='par_1_9' title="bbox 634 995 2142 1071">
     <span class='ocr_line' id='line_1_9' title="bbox 634 995 2142 1071; baseline -0.007 -15"><span class='ocrx_word' id='word_1_59' title='bbox 634 1014 776 1070; x_wconf 83' lang='lat' dir='ltr'><strong>saepe</strong></span> <span class='ocrx_word' id='word_1_60' title='bbox 805 1000 1022 1070; x_wconf 76' lang='lat' dir='ltr'><strong>sanguis</strong></span> <span class='ocrx_word' id='word_1_61' title='bbox 1043 1014 1203 1071; x_wconf 86' lang='lat' dir='ltr'><strong>super</strong></span> <span class='ocrx_word' id='word_1_62' title='bbox 1232 1000 1549 1055; x_wconf 84' lang='lat' dir='ltr'><strong>vestimenta</strong></span> <span class='ocrx_word' id='word_1_63' title='bbox 1577 997 1796 1054; x_wconf 85' lang='lat' dir='ltr'><strong>victoris</strong></span> <span class='ocrx_word' id='word_1_64' title='bbox 1818 995 2142 1066; x_wconf 82' lang='lat' dir='ltr'><strong>aspergitur.</strong></span> 
     </span>
    </p>
   </div>
   <div class='ocr_carea' id='block_1_10' title="bbox 702 1082 2221 1159">
    <p class='ocr_par' dir='ltr' id='par_1_10' title="bbox 702 1082 2221 1159">
     <span class='ocr_line' id='line_1_10' title="bbox 702 1082 2221 1159; baseline -0.005 -14"><span class='ocrx_word' id='word_1_65' title='bbox 702 1089 869 1145; x_wconf 84' lang='lat' dir='ltr'><strong>Vens.</strong></span> <span class='ocrx_word' id='word_1_66' title='bbox 910 1089 964 1145; x_wconf 88' lang='lat'><strong>5.</strong></span> <span class='ocrx_word' id='word_1_67' title='bbox 1002 1119 1073 1130; x_wconf 91' lang='lat'>—</span> <span class='ocrx_word' id='word_1_68' title='bbox 1108 1086 1178 1143; x_wconf 87' lang='lat' dir='ltr'><strong>Et</strong></span> <span class='ocrx_word' id='word_1_69' title='bbox 1205 1105 1309 1142; x_wconf 92' lang='lat' dir='ltr'><strong>non</strong></span> <span class='ocrx_word' id='word_1_70' title='bbox 1332 1088 1458 1159; x_wconf 77' lang='lat' dir='ltr'><strong>fuit,</strong></span> <span class='ocrx_word' id='word_1_71' title='bbox 1479 1096 1587 1143; x_wconf 89' lang='lat' dir='ltr'><strong>etc.</strong></span> <span class='ocrx_word' id='word_1_72' title='bbox 1618 1086 1809 1142; x_wconf 86' lang='lat' dir='ltr'><strong>Unde:</strong></span> <span class='ocrx_word' id='word_1_73' title='bbox 1835 1085 2026 1140; x_wconf 83' lang='lat' dir='ltr'><strong>Omnes</strong></span> <span class='ocrx_word' id='word_1_74' title='bbox 2052 1082 2221 1139; x_wconf 82' lang='lat' dir='ltr'><strong>amici&#39;</strong></span> 
     </span>
    </p>
   </div>
   <div class='ocr_carea' id='block_1_11' title="bbox 632 1171 2208 1247">
    <p class='ocr_par' dir='ltr' id='par_1_11' title="bbox 632 1171 2208 1247">
     <span class='ocr_line' id='line_1_11' title="bbox 632 1171 2208 1247; baseline -0.005 -14"><span class='ocrx_word' id='word_1_75' title='bbox 632 1179 733 1233; x_wconf 85' lang='lat' dir='ltr'><strong>mei</strong></span> <span class='ocrx_word' id='word_1_76' title='bbox 757 1176 1141 1247; x_wconf 87' lang='lat' dir='ltr'><strong>dereliquerunt</strong></span> <span class='ocrx_word' id='word_1_77' title='bbox 1172 1193 1286 1243; x_wconf 89' lang='lat' dir='ltr'><strong>me,</strong></span> <span class='ocrx_word' id='word_1_78' title='bbox 1318 1185 1366 1232; x_wconf 92' lang='lat' dir='ltr'><strong>et</strong></span> <span class='ocrx_word' id='word_1_79' title='bbox 1392 1176 1503 1231; x_wconf 88' lang='lat' dir='ltr'><strong>noti</strong></span> <span class='ocrx_word' id='word_1_80' title='bbox 1540 1176 1640 1230; x_wconf 88' lang='lat' dir='ltr'><strong>mei</strong></span> <span class='ocrx_word' id='word_1_81' title='bbox 1672 1174 1825 1246; x_wconf 88' lang='lat' dir='ltr'><strong>quasi</strong></span> <span class='ocrx_word' id='word_1_82' title='bbox 1856 1171 2014 1227; x_wconf 87' lang='lat' dir='ltr'><strong>alieni</strong></span> <span class='ocrx_word' id='word_1_83' title='bbox 2038 1188 2208 1226; x_wconf 88' lang='lat' dir='ltr'><strong>reces-</strong></span> 
     </span>
    </p>
   </div>
   <div class='ocr_carea' id='block_1_12' title="bbox 630 1261 2207 1337">
    <p class='ocr_par' dir='ltr' id='par_1_12' title="bbox 630 1261 2207 1337">
     <span class='ocr_line' id='line_1_12' title="bbox 630 1261 2207 1337; baseline -0.004 -14"><span class='ocrx_word' id='word_1_84' title='bbox 630 1276 812 1323; x_wconf 82' lang='lat' dir='ltr'><strong>serunt</strong></span> <span class='ocrx_word' id='word_1_85' title='bbox 838 1283 871 1322; x_wconf 91' lang='lat' dir='ltr'><strong>a</strong></span> <span class='ocrx_word' id='word_1_86' title='bbox 912 1282 992 1320; x_wconf 90' lang='lat' dir='ltr'><strong>me</strong></span> <span class='ocrx_word' id='word_1_87' title='bbox 1018 1263 1160 1337; x_wconf 77' lang='lat' dir='ltr'><strong>(Job.</strong></span> <span class='ocrx_word' id='word_1_88' title='bbox 1192 1265 1327 1337; x_wconf 66' lang='grc' dir='ltr'>ιιι).</span> <span class='ocrx_word' id='word_1_89' title='bbox 1372 1264 1441 1320; x_wconf 90' lang='lat' dir='ltr'><strong>Et</strong></span> <span class='ocrx_word' id='word_1_90' title='bbox 1481 1265 1717 1320; x_wconf 80' lang='lat' dir='ltr'><strong>saluauit.</strong></span> <span class='ocrx_word' id='word_1_91' title='bbox 1749 1262 2110 1333; x_wconf 84' lang='lat' dir='ltr'><strong>Hieronymus</strong></span> <span class='ocrx_word' id='word_1_92' title='bbox 2139 1261 2207 1316; x_wconf 90' lang='lat' dir='ltr'><strong>ad</strong></span> 
     </span>
    </p>
   </div>
   <div class='ocr_carea' id='block_1_13' title="bbox 631 1350 2209 1425">
    <p class='ocr_par' dir='ltr' id='par_1_13' title="bbox 631 1350 2209 1425">
     <span class='ocr_line' id='line_1_13' title="bbox 631 1350 2209 1425; baseline -0.003 -17"><span class='ocrx_word' id='word_1_93' title='bbox 631 1352 988 1425; x_wconf 77' lang='lat' dir='ltr'><strong>Augustinum</strong></span> <span class='ocrx_word' id='word_1_94' title='bbox 1024 1360 1081 1410; x_wconf 90' lang='lat' dir='ltr'><strong>et</strong></span> <span class='ocrx_word' id='word_1_95' title='bbox 1114 1353 1367 1425; x_wconf 83' lang='lat' dir='ltr'><strong>Alipium,</strong></span> <span class='ocrx_word' id='word_1_96' title='bbox 1415 1354 1742 1425; x_wconf 82' lang='lat' dir='ltr'><strong>impietatem</strong></span> <span class='ocrx_word' id='word_1_97' title='bbox 1783 1350 2002 1407; x_wconf 86' lang='lat' dir='ltr'><strong>Sabellii</strong></span> <span class='ocrx_word' id='word_1_98' title='bbox 2043 1350 2209 1405; x_wconf 87' lang='lat' dir='ltr'><strong>decli-</strong></span> 
     </span>
    </p>
   </div>
   <div class='ocr_carea' id='block_1_14' title="bbox 630 1445 2207 1519">
    <p class='ocr_par' dir='ltr' id='par_1_14' title="bbox 630 1445 2207 1519">
     <span class='ocr_line' id='line_1_14' title="bbox 630 1445 2207 1519; baseline 0.001 -21"><span class='ocrx_word' id='word_1_99' title='bbox 630 1453 847 1512; x_wconf 85' lang='lat' dir='ltr'><strong>nantes,</strong></span> <span class='ocrx_word' id='word_1_100' title='bbox 887 1453 998 1502; x_wconf 87' lang='lat' dir='ltr'><strong>tres</strong></span> <span class='ocrx_word' id='word_1_101' title='bbox 1030 1460 1289 1517; x_wconf 83' lang='lat' dir='ltr'><strong>personas</strong></span> <span class='ocrx_word' id='word_1_102' title='bbox 1327 1461 1611 1517; x_wconf 84' lang='lat' dir='ltr'><strong>expressas</strong></span> <span class='ocrx_word' id='word_1_103' title='bbox 1646 1447 1748 1502; x_wconf 86' lang='lat' dir='ltr'><strong>sub</strong></span> <span class='ocrx_word' id='word_1_104' title='bbox 1774 1446 2100 1519; x_wconf 78' lang='lat' dir='ltr'><strong>proprietate</strong></span> <span class='ocrx_word' id='word_1_105' title='bbox 2129 1445 2207 1500; x_wconf 88' lang='lat' dir='ltr'><strong>di-</strong></span> 
     </span>
    </p>
   </div>
   <div class='ocr_carea' id='block_1_15' title="bbox 630 1534 2205 1606">
    <p class='ocr_par' dir='ltr' id='par_1_15' title="bbox 630 1534 2205 1606">
     <span class='ocr_line' id='line_1_15' title="bbox 630 1534 2205 1606; baseline -0.001 -15"><span class='ocrx_word' id='word_1_106' title='bbox 630 1534 955 1605; x_wconf 85' lang='lat' dir='ltr'><strong>stinguimus</strong></span> <span class='ocrx_word' id='word_1_107' title='bbox 980 1577 995 1603; x_wconf 96' lang='lat'><strong>,</strong></span> <span class='ocrx_word' id='word_1_108' title='bbox 1022 1551 1131 1591; x_wconf 91' lang='lat' dir='ltr'><strong>non</strong></span> <span class='ocrx_word' id='word_1_109' title='bbox 1166 1535 1337 1606; x_wconf 89' lang='lat' dir='ltr'><strong>ipsum</strong></span> <span class='ocrx_word' id='word_1_110' title='bbox 1366 1536 1466 1591; x_wconf 87' lang='lat' dir='ltr'><strong>sibi</strong></span> <span class='ocrx_word' id='word_1_111' title='bbox 1493 1536 1729 1599; x_wconf 85' lang='lat' dir='ltr'><strong>Patrem,</strong></span> <span class='ocrx_word' id='word_1_112' title='bbox 1760 1550 1865 1590; x_wconf 89' lang='lat' dir='ltr'><strong>non</strong></span> <span class='ocrx_word' id='word_1_113' title='bbox 1891 1535 2063 1606; x_wconf 90' lang='lat' dir='ltr'><strong>ipsum</strong></span> <span class='ocrx_word' id='word_1_114' title='bbox 2101 1534 2205 1590; x_wconf 87' lang='lat' dir='ltr'><strong>sibi</strong></span> 
     </span>
    </p>
   </div>
   <div class='ocr_carea' id='block_1_16' title="bbox 628 1622 2203 1696">
    <p class='ocr_par' dir='ltr' id='par_1_16' title="bbox 628 1622 2203 1696">
     <span class='ocr_line' id='line_1_16' title="bbox 628 1622 2203 1696; baseline -0.002 -17"><span class='ocrx_word' id='word_1_115' title='bbox 628 1623 860 1691; x_wconf 89' lang='lat' dir='ltr'><strong>Filium,</strong></span> <span class='ocrx_word' id='word_1_116' title='bbox 891 1640 998 1680; x_wconf 92' lang='lat' dir='ltr'><strong>non</strong></span> <span class='ocrx_word' id='word_1_117' title='bbox 1034 1624 1208 1696; x_wconf 90' lang='lat' dir='ltr'><strong>ipsum</strong></span> <span class='ocrx_word' id='word_1_118' title='bbox 1240 1624 1342 1681; x_wconf 83' lang='lat' dir='ltr'><strong>sibi</strong></span> <span class='ocrx_word' id='word_1_119' title='bbox 1386 1623 1643 1695; x_wconf 89' lang='lat' dir='ltr'><strong>Spiritum</strong></span> <span class='ocrx_word' id='word_1_120' title='bbox 1690 1631 1934 1679; x_wconf 89' lang='lat' dir='ltr'><strong>sanctum</strong></span> <span class='ocrx_word' id='word_1_121' title='bbox 1973 1637 2091 1679; x_wconf 88' lang='lat' dir='ltr'><strong>esse</strong></span> <span class='ocrx_word' id='word_1_122' title='bbox 2126 1622 2203 1677; x_wconf 83' lang='lat' dir='ltr'><strong>di-</strong></span> 
     </span>
    </p>
   </div>
   <div class='ocr_carea' id='block_1_17' title="bbox 629 1710 2205 1782">
    <p class='ocr_par' dir='ltr' id='par_1_17' title="bbox 629 1710 2205 1782">
     <span class='ocr_line' id='line_1_17' title="bbox 629 1710 2205 1782; baseline -0.001 -13"><span class='ocrx_word' id='word_1_123' title='bbox 629 1722 817 1771; x_wconf 88' lang='lat' dir='ltr'><strong>centes</strong></span> <span class='ocrx_word' id='word_1_124' title='bbox 842 1730 856 1770; x_wconf 89' lang='lat'><strong>:</strong></span> <span class='ocrx_word' id='word_1_125' title='bbox 882 1715 975 1771; x_wconf 89' lang='lat' dir='ltr'><strong>sed</strong></span> <span class='ocrx_word' id='word_1_126' title='bbox 997 1715 1157 1770; x_wconf 89' lang='lat' dir='ltr'><strong>aliam</strong></span> <span class='ocrx_word' id='word_1_127' title='bbox 1183 1714 1361 1771; x_wconf 86' lang='lat' dir='ltr'><strong>Patris</strong></span> <span class='ocrx_word' id='word_1_128' title='bbox 1382 1756 1397 1780; x_wconf 95' lang='lat'><strong>,</strong></span> <span class='ocrx_word' id='word_1_129' title='bbox 1426 1714 1584 1769; x_wconf 90' lang='lat' dir='ltr'><strong>aliam</strong></span> <span class='ocrx_word' id='word_1_130' title='bbox 1612 1710 1758 1779; x_wconf 81' lang='lat' dir='ltr'><strong>Filii,</strong></span> <span class='ocrx_word' id='word_1_131' title='bbox 1782 1712 1942 1767; x_wconf 89' lang='lat' dir='ltr'><strong>aliam</strong></span> <span class='ocrx_word' id='word_1_132' title='bbox 1972 1712 2205 1782; x_wconf 82' lang='lat' dir='ltr'><strong>Spiritus</strong></span> 
     </span>
    </p>
   </div>
   <div class='ocr_carea' id='block_1_18' title="bbox 628 1804 2203 1878">
    <p class='ocr_par' dir='ltr' id='par_1_18' title="bbox 628 1804 2203 1878">
     <span class='ocr_line' id='line_1_18' title="bbox 628 1804 2203 1878; baseline -0.003 -15"><span class='ocrx_word' id='word_1_133' title='bbox 628 1808 799 1863; x_wconf 84' lang='lat' dir='ltr'><strong>sancti</strong></span> <span class='ocrx_word' id='word_1_134' title='bbox 826 1823 1114 1878; x_wconf 87' lang='lat' dir='ltr'><strong>personam</strong></span> <span class='ocrx_word' id='word_1_135' title='bbox 1148 1823 1288 1865; x_wconf 91' lang='lat' dir='ltr'><strong>esse.</strong></span> <span class='ocrx_word' id='word_1_136' title='bbox 1316 1807 1432 1863; x_wconf 89' lang='lat' dir='ltr'><strong>Non</strong></span> <span class='ocrx_word' id='word_1_137' title='bbox 1460 1806 1604 1862; x_wconf 90' lang='lat' dir='ltr'><strong>enim</strong></span> <span class='ocrx_word' id='word_1_138' title='bbox 1635 1804 1852 1859; x_wconf 90' lang='lat' dir='ltr'><strong>nomina</strong></span> <span class='ocrx_word' id='word_1_139' title='bbox 1881 1812 2203 1859; x_wconf 89' lang='lat' dir='ltr'><strong>tantummo-</strong></span> 
     </span>
    </p>
   </div>
   <div class='ocr_carea' id='block_1_19' title="bbox 625 1893 1890 1966">
    <p class='ocr_par' dir='ltr' id='par_1_19' title="bbox 625 1893 1890 1966">
     <span class='ocr_line' id='line_1_19' title="bbox 625 1893 1890 1966; baseline -0.002 -17"><span class='ocrx_word' id='word_1_140' title='bbox 625 1893 717 1961; x_wconf 90' lang='lat' dir='ltr'><strong>do,</strong></span> <span class='ocrx_word' id='word_1_141' title='bbox 748 1898 843 1951; x_wconf 86' lang='lat' dir='ltr'><strong>sed</strong></span> <span class='ocrx_word' id='word_1_142' title='bbox 867 1896 1223 1966; x_wconf 84' lang='lat' dir='ltr'><strong>proprietates</strong></span> <span class='ocrx_word' id='word_1_143' title='bbox 1247 1895 1521 1951; x_wconf 88' lang='lat' dir='ltr'><strong>nominum</strong></span> <span class='ocrx_word' id='word_1_144' title='bbox 1548 1894 1890 1950; x_wconf 76' lang='lat' dir='ltr'><strong>conﬁtemur.</strong></span> 
     </span>
    </p>
   </div>
   <div class='ocr_carea' id='block_1_20' title="bbox 696 1980 2205 2055">
    <p class='ocr_par' dir='ltr' id='par_1_20' title="bbox 696 1980 2205 2055">
     <span class='ocr_line' id='line_1_20' title="bbox 696 1980 2205 2055; baseline -0.001 -17"><span class='ocrx_word' id='word_1_145' title='bbox 696 1982 860 2039; x_wconf 87' lang='lat' dir='ltr'><strong>Vens.</strong></span> <span class='ocrx_word' id='word_1_146' title='bbox 897 1985 950 2038; x_wconf 90' lang='grc'><strong>7.</strong></span> <span class='ocrx_word' id='word_1_147' title='bbox 987 2014 1057 2024; x_wconf 89' lang='grc'><strong><em>--</em></strong></span> <span class='ocrx_word' id='word_1_148' title='bbox 1092 1983 1508 2039; x_wconf 77' lang='lat' dir='ltr'><strong>Miserationum.</strong></span> <span class='ocrx_word' id='word_1_149' title='bbox 1553 1980 1779 2055; x_wconf 76' lang='grc' dir='ltr'><strong>(Ηιειι.)</strong></span> <span class='ocrx_word' id='word_1_150' title='bbox 1826 1980 2095 2053; x_wconf 80' lang='lat' dir='ltr'><strong>Propheta</strong></span> <span class='ocrx_word' id='word_1_151' title='bbox 2144 1980 2205 2037; x_wconf 89' lang='lat' dir='ltr'><strong>iu</strong></span> 
     </span>
    </p>
   </div>
   <div class='ocr_carea' id='block_1_21' title="bbox 625 2070 2203 2144">
    <p class='ocr_par' dir='ltr' id='par_1_21' title="bbox 625 2070 2203 2144">
     <span class='ocr_line' id='line_1_21' title="bbox 625 2070 2203 2144; baseline -0.001 -16"><span class='ocrx_word' id='word_1_152' title='bbox 625 2087 856 2144; x_wconf 85' lang='lat' dir='ltr'><strong>persona</strong></span> <span class='ocrx_word' id='word_1_153' title='bbox 883 2073 1094 2129; x_wconf 80' lang='lat' dir='ltr'><strong>Judaici</strong></span> <span class='ocrx_word' id='word_1_154' title='bbox 1122 2072 1301 2144; x_wconf 86' lang='lat' dir='ltr'><strong>p0puli</strong></span> <span class='ocrx_word' id='word_1_155' title='bbox 1328 2073 1642 2144; x_wconf 85' lang='lat' dir='ltr'><strong>paenitentis</strong></span> <span class='ocrx_word' id='word_1_156' title='bbox 1689 2079 1747 2128; x_wconf 90' lang='lat' dir='ltr'><strong>et</strong></span> <span class='ocrx_word' id='word_1_157' title='bbox 1769 2070 2203 2128; x_wconf 47' lang='lat' dir='ltr'><strong>misericordiam</strong></span> 
     </span>
    </p>
   </div>
   <div class='ocr_carea' id='block_1_22' title="bbox 624 2157 1878 2235">
    <p class='ocr_par' dir='ltr' id='par_1_22' title="bbox 624 2157 1878 2235">
     <span class='ocr_line' id='line_1_22' title="bbox 624 2157 1878 2235; baseline 0.002 -17"><span class='ocrx_word' id='word_1_158' title='bbox 624 2163 839 2220; x_wconf 90' lang='lat' dir='ltr'><strong>Domini</strong></span> <span class='ocrx_word' id='word_1_159' title='bbox 868 2165 1327 2235; x_wconf 77' lang='lat' dir='ltr'><strong>recognoscentis.</strong></span> <span class='ocrx_word' id='word_1_160' title='bbox 1871 2157 1878 2165; x_wconf 75' lang='grc'><strong>’</strong></span> 
     </span>
    </p>
   </div>
   <div class='ocr_carea' id='block_1_23' title="bbox 698 2249 2203 2326">
    <p class='ocr_par' dir='ltr' id='par_1_23' title="bbox 698 2249 2203 2326">
     <span class='ocr_line' id='line_1_23' title="bbox 698 2249 2203 2326; baseline 0 -20"><span class='ocrx_word' id='word_1_161' title='bbox 698 2250 864 2306; x_wconf 85' lang='lat' dir='ltr'><strong>Vens.</strong></span> <span class='ocrx_word' id='word_1_162' title='bbox 903 2252 956 2308; x_wconf 89' lang='lat'><strong>9.</strong></span> <span class='ocrx_word' id='word_1_163' title='bbox 992 2283 1063 2293; x_wconf 93' lang='lat'><strong><em>—</em></strong></span> <span class='ocrx_word' id='word_1_164' title='bbox 1100 2251 1226 2307; x_wconf 88' lang='lat' dir='ltr'><strong>Non</strong></span> <span class='ocrx_word' id='word_1_165' title='bbox 1247 2262 1323 2307; x_wconf 84' lang='lat' dir='ltr'><strong>est</strong></span> <span class='ocrx_word' id='word_1_166' title='bbox 1344 2251 1643 2306; x_wconf 87' lang='lat' dir='ltr'><strong>tribulatus.</strong></span> <span class='ocrx_word' id='word_1_167' title='bbox 1665 2249 1792 2326; x_wconf 79' lang='grc' dir='ltr'><strong>’(Ιυ.)</strong></span> <span class='ocrx_word' id='word_1_168' title='bbox 1814 2250 1930 2306; x_wconf 87' lang='lat' dir='ltr'><strong>Vox</strong></span> <span class='ocrx_word' id='word_1_169' title='bbox 1956 2266 2076 2323; x_wconf 76' lang='lat' dir='ltr'><strong>quae</strong></span> <span class='ocrx_word' id='word_1_170' title='bbox 2094 2258 2203 2318; x_wconf 90' lang='lat' dir='ltr'><strong>est,</strong></span> 
     </span>
    </p>
   </div>
   <div class='ocr_carea' id='block_1_24' title="bbox 623 2342 2203 2415">
    <p class='ocr_par' dir='ltr' id='par_1_24' title="bbox 623 2342 2203 2415">
     <span class='ocr_line' id='line_1_24' title="bbox 623 2342 2203 2415; baseline 0.001 -18"><span class='ocrx_word' id='word_1_171' title='bbox 623 2349 756 2408; x_wconf 85' lang='lat' dir='ltr'><strong>etc.,</strong></span> <span class='ocrx_word' id='word_1_172' title='bbox 789 2358 949 2415; x_wconf 87' lang='lat' dir='ltr'><strong>usque</strong></span> <span class='ocrx_word' id='word_1_173' title='bbox 969 2343 1038 2397; x_wconf 87' lang='lat' dir='ltr'><strong>ad</strong></span> <span class='ocrx_word' id='word_1_174' title='bbox 1081 2360 1228 2398; x_wconf 89' lang='lat' dir='ltr'><strong>nemo</strong></span> <span class='ocrx_word' id='word_1_175' title='bbox 1255 2352 1330 2398; x_wconf 85' lang='lat' dir='ltr'><strong>est</strong></span> <span class='ocrx_word' id='word_1_176' title='bbox 1352 2343 1568 2411; x_wconf 85' lang='lat' dir='ltr'><strong>adjutor</strong></span> <span class='ocrx_word' id='word_1_177' title='bbox 1586 2342 1687 2398; x_wconf 85' lang='lat' dir='ltr'><strong>nisi</strong></span> <span class='ocrx_word' id='word_1_178' title='bbox 1718 2342 1943 2398; x_wconf 74' lang='lat' dir='ltr'><strong>Michael</strong></span> <span class='ocrx_word' id='word_1_179' title='bbox 1963 2345 2203 2413; x_wconf 88' lang='lat' dir='ltr'><strong>princeps</strong></span> 
     </span>
    </p>
   </div>
   <div class='ocr_carea' id='block_1_25' title="bbox 623 2433 2000 2507">
    <p class='ocr_par' dir='ltr' id='par_1_25' title="bbox 623 2433 2000 2507">
     <span class='ocr_line' id='line_1_25' title="bbox 623 2433 2000 2507; baseline 0.001 -20"><span class='ocrx_word' id='word_1_180' title='bbox 623 2443 807 2500; x_wconf 80' lang='lat' dir='ltr'><strong>uester,</strong></span> <span class='ocrx_word' id='word_1_181' title='bbox 828 2434 917 2505; x_wconf 86' lang='lat' dir='ltr'><strong>qui</strong></span> <span class='ocrx_word' id='word_1_182' title='bbox 942 2444 1079 2489; x_wconf 87' lang='lat' dir='ltr'><strong>astat</strong></span> <span class='ocrx_word' id='word_1_183' title='bbox 1115 2451 1207 2506; x_wconf 79' lang='lat' dir='ltr'><strong>pro</strong></span> <span class='ocrx_word' id='word_1_184' title='bbox 1236 2435 1361 2503; x_wconf 80' lang='lat' dir='ltr'><strong>ﬁliis</strong></span> <span class='ocrx_word' id='word_1_185' title='bbox 1382 2434 1564 2506; x_wconf 78' lang='lat' dir='ltr'><strong>pepuli</strong></span> <span class='ocrx_word' id='word_1_186' title='bbox 1593 2435 1693 2488; x_wconf 87' lang='lat' dir='ltr'><strong>mei</strong></span> <span class='ocrx_word' id='word_1_187' title='bbox 1721 2433 1885 2507; x_wconf 89' lang='lat' dir='ltr'><strong>(Dan.</strong></span> <span class='ocrx_word' id='word_1_188' title='bbox 1921 2434 2000 2506; x_wconf 73' lang='grc' dir='ltr'><strong>ι).</strong></span> 
     </span>
    </p>
   </div>
   <div class='ocr_carea' id='block_1_26' title="bbox 693 2522 2205 2597">
    <p class='ocr_par' dir='ltr' id='par_1_26' title="bbox 693 2522 2205 2597">
     <span class='ocr_line' id='line_1_26' title="bbox 693 2522 2205 2597; baseline 0.004 -21"><span class='ocrx_word' id='word_1_189' title='bbox 693 2522 763 2576; x_wconf 81' lang='lat' dir='ltr'><strong>Et</strong></span> <span class='ocrx_word' id='word_1_190' title='bbox 803 2523 1039 2594; x_wconf 84' lang='lat' dir='ltr'><strong>angelus.</strong></span> <span class='ocrx_word' id='word_1_191' title='bbox 1056 2523 1179 2595; x_wconf 87' lang='lat' dir='ltr'><strong>(ln.)</strong></span> <span class='ocrx_word' id='word_1_192' title='bbox 1205 2522 1574 2596; x_wconf 74' lang='lat' dir='ltr'><strong>Septuaginta.</strong></span> <span class='ocrx_word' id='word_1_193' title='bbox 1599 2522 1714 2580; x_wconf 82' lang='lat' dir='ltr'><strong>Non</strong></span> <span class='ocrx_word' id='word_1_194' title='bbox 1738 2524 1946 2597; x_wconf 82' lang='lat' dir='ltr'><strong>legatus</strong></span> <span class='ocrx_word' id='word_1_195' title='bbox 1967 2539 2067 2581; x_wconf 87' lang='lat' dir='ltr'><strong>nec</strong></span> <span class='ocrx_word' id='word_1_196' title='bbox 2087 2524 2205 2597; x_wconf 85' lang='lat' dir='ltr'><strong>ipse</strong></span> 
     </span>
    </p>
   </div>
   <div class='ocr_carea' id='block_1_27' title="bbox 622 2613 1670 2686">
    <p class='ocr_par' dir='ltr' id='par_1_27' title="bbox 622 2613 1670 2686">
     <span class='ocr_line' id='line_1_27' title="bbox 622 2613 1670 2686; baseline -0.001 -16"><span class='ocrx_word' id='word_1_197' title='bbox 622 2613 864 2686; x_wconf 83' lang='lat' dir='ltr'><strong>angelus,</strong></span> <span class='ocrx_word' id='word_1_198' title='bbox 896 2615 992 2670; x_wconf 88' lang='lat' dir='ltr'><strong>sed</strong></span> <span class='ocrx_word' id='word_1_199' title='bbox 1011 2613 1274 2669; x_wconf 89' lang='lat' dir='ltr'><strong>Dominus</strong></span> <span class='ocrx_word' id='word_1_200' title='bbox 1301 2613 1529 2670; x_wconf 83' lang='lat' dir='ltr'><strong>salvavit</strong></span> <span class='ocrx_word' id='word_1_201' title='bbox 1554 2630 1670 2671; x_wconf 91' lang='lat' dir='ltr'><strong>eos.</strong></span> 
     </span>
    </p>
   </div>
   <div class='ocr_carea' id='block_1_28' title="bbox 691 2702 2217 2777">
    <p class='ocr_par' dir='ltr' id='par_1_28' title="bbox 691 2702 2217 2777">
     <span class='ocr_line' id='line_1_28' title="bbox 691 2702 2217 2777; baseline 0.001 -17"><span class='ocrx_word' id='word_1_202' title='bbox 691 2704 857 2760; x_wconf 85' lang='lat' dir='ltr'><strong>Vens.</strong></span> <span class='ocrx_word' id='word_1_203' title='bbox 889 2704 976 2760; x_wconf 88' lang='grc'><strong>10.</strong></span> <span class='ocrx_word' id='word_1_204' title='bbox 1002 2736 1070 2746; x_wconf 89' lang='grc'><strong><em>-</em></strong></span> <span class='ocrx_word' id='word_1_205' title='bbox 1097 2703 1351 2776; x_wconf 84' lang='lat' dir='ltr'><strong>Spiritum</strong></span> <span class='ocrx_word' id='word_1_206' title='bbox 1374 2706 1541 2759; x_wconf 86' lang='lat' dir='ltr'><strong>sancti</strong></span> <span class='ocrx_word' id='word_1_207' title='bbox 1581 2705 1714 2776; x_wconf 89' lang='lat' dir='ltr'><strong>ejus.</strong></span> <span class='ocrx_word' id='word_1_208' title='bbox 1745 2704 1802 2760; x_wconf 89' lang='lat' dir='ltr'><strong>ld</strong></span> <span class='ocrx_word' id='word_1_209' title='bbox 1838 2713 1923 2760; x_wconf 88' lang='lat' dir='ltr'><strong>est</strong></span> <span class='ocrx_word' id='word_1_210' title='bbox 1977 2705 2145 2777; x_wconf 76' lang='lat' dir='ltr'><strong>Moysi</strong></span> <span class='ocrx_word' id='word_1_211' title='bbox 2184 2702 2217 2761; x_wconf 72' lang='grc' dir='ltr'><em>ε’</em></span> 
     </span>
    </p>
   </div>
   <div class='ocr_carea' id='block_1_29' title="bbox 624 2784 2207 2866">
    <p class='ocr_par' dir='ltr' id='par_1_29' title="bbox 624 2784 2207 2866">
     <span class='ocr_line' id='line_1_29' title="bbox 624 2784 2207 2866; baseline -0.001 -16"><span class='ocrx_word' id='word_1_212' title='bbox 624 2797 800 2863; x_wconf 83' lang='lat' dir='ltr'><strong>unde,</strong></span> <span class='ocrx_word' id='word_1_213' title='bbox 846 2794 1308 2850; x_wconf 76' lang='lat' dir='ltr'><strong>Exacerbauerunt</strong></span> <span class='ocrx_word' id='word_1_214' title='bbox 1349 2794 1566 2866; x_wconf 79' lang='lat' dir='ltr'><strong>Moysen</strong></span> <span class='ocrx_word' id='word_1_215' title='bbox 1610 2796 1666 2848; x_wconf 89' lang='lat' dir='ltr'><strong>in</strong></span> <span class='ocrx_word' id='word_1_216' title='bbox 1699 2794 1903 2859; x_wconf 83' lang='lat' dir='ltr'><strong>castris,</strong></span> <span class='ocrx_word' id='word_1_217' title='bbox 1930 2804 1977 2847; x_wconf 90' lang='lat' dir='ltr'><strong>et</strong></span> <span class='ocrx_word' id='word_1_218' title='bbox 2025 2784 2207 2849; x_wconf 75' lang='lat' dir='ltr'><strong>Aaron</strong></span> 
     </span>
    </p>
   </div>
   <div class='ocr_carea' id='block_1_30' title="bbox 623 2883 2205 2957">
    <p class='ocr_par' dir='ltr' id='par_1_30' title="bbox 623 2883 2205 2957">
     <span class='ocr_line' id='line_1_30' title="bbox 623 2883 2205 2957; baseline -0.004 -14"><span class='ocrx_word' id='word_1_219' title='bbox 623 2897 861 2943; x_wconf 88' lang='lat' dir='ltr'><strong>sanctum</strong></span> <span class='ocrx_word' id='word_1_220' title='bbox 888 2886 1118 2941; x_wconf 87' lang='lat' dir='ltr'><strong>Domini.</strong></span> <span class='ocrx_word' id='word_1_221' title='bbox 1154 2883 1327 2957; x_wconf 84' lang='lat' dir='ltr'><strong>(Psal.</strong></span> <span class='ocrx_word' id='word_1_222' title='bbox 1353 2885 1462 2955; x_wconf 88' lang='lat' dir='ltr'><strong>cv.)</strong></span> <span class='ocrx_word' id='word_1_223' title='bbox 1494 2885 1588 2940; x_wconf 89' lang='lat' dir='ltr'><strong>Vel</strong></span> <span class='ocrx_word' id='word_1_224' title='bbox 1611 2886 1782 2940; x_wconf 79' lang='lat' dir='ltr'><strong>sancti</strong></span> <span class='ocrx_word' id='word_1_225' title='bbox 1810 2884 1949 2952; x_wconf 89' lang='lat' dir='ltr'><strong>ejus,</strong></span> <span class='ocrx_word' id='word_1_226' title='bbox 1977 2883 2205 2952; x_wconf 82' lang='lat' dir='ltr'><strong>Christi,</strong></span> 
     </span>
    </p>
   </div>
   <div class='ocr_carea' id='block_1_31' title="bbox 623 2974 2202 3046">
    <p class='ocr_par' dir='ltr' id='par_1_31' title="bbox 623 2974 2202 3046">
     <span class='ocr_line' id='line_1_31' title="bbox 623 2974 2202 3046; baseline -0.002 -13"><span class='ocrx_word' id='word_1_227' title='bbox 623 2978 711 3033; x_wconf 90' lang='lat' dir='ltr'><strong>cui</strong></span> <span class='ocrx_word' id='word_1_228' title='bbox 746 2976 968 3034; x_wconf 84' lang='lat' dir='ltr'><strong>credere</strong></span> <span class='ocrx_word' id='word_1_229' title='bbox 992 2977 1302 3031; x_wconf 90' lang='lat' dir='ltr'><strong>noluerunt.</strong></span> <span class='ocrx_word' id='word_1_230' title='bbox 1356 2975 1527 3030; x_wconf 88' lang='lat' dir='ltr'><strong>Filius</strong></span> <span class='ocrx_word' id='word_1_231' title='bbox 1546 2976 1690 3030; x_wconf 84' lang='lat' dir='ltr'><strong>enim</strong></span> <span class='ocrx_word' id='word_1_232' title='bbox 1725 2974 1820 3030; x_wconf 86' lang='lat' dir='ltr'><strong>Dei</strong></span> <span class='ocrx_word' id='word_1_233' title='bbox 1866 2975 1959 3046; x_wconf 86' lang='lat' dir='ltr'><strong>qui</strong></span> <span class='ocrx_word' id='word_1_234' title='bbox 1992 2989 2090 3030; x_wconf 92' lang='lat' dir='ltr'><strong>nos</strong></span> <span class='ocrx_word' id='word_1_235' title='bbox 2114 2990 2202 3031; x_wconf 80' lang='lat' dir='ltr'><strong>re-</strong></span> 
     </span>
    </p>
   </div>
   <div class='ocr_carea' id='block_1_32' title="bbox 623 3065 2203 3139">
    <p class='ocr_par' dir='ltr' id='par_1_32' title="bbox 623 3065 2203 3139">
     <span class='ocr_line' id='line_1_32' title="bbox 623 3065 2203 3139; baseline -0.003 -12"><span class='ocrx_word' id='word_1_236' title='bbox 623 3070 812 3138; x_wconf 88' lang='lat' dir='ltr'><strong>demit,</strong></span> <span class='ocrx_word' id='word_1_237' title='bbox 866 3070 1010 3139; x_wconf 90' lang='lat' dir='ltr'><strong>ipsos</strong></span> <span class='ocrx_word' id='word_1_238' title='bbox 1061 3068 1126 3123; x_wconf 92' lang='lat' dir='ltr'><strong>de</strong></span> <span class='ocrx_word' id='word_1_239' title='bbox 1148 3067 1382 3139; x_wconf 66' lang='lat' dir='ltr'><strong>Egypto</strong></span> <span class='ocrx_word' id='word_1_240' title='bbox 1425 3075 1483 3122; x_wconf 90' lang='lat' dir='ltr'><strong>et</strong></span> <span class='ocrx_word' id='word_1_241' title='bbox 1523 3067 1662 3123; x_wconf 90' lang='lat' dir='ltr'><strong>mari</strong></span> <span class='ocrx_word' id='word_1_242' title='bbox 1704 3066 1887 3122; x_wconf 84' lang='lat' dir='ltr'><strong>Rubro</strong></span> <span class='ocrx_word' id='word_1_243' title='bbox 1931 3065 2203 3123; x_wconf 84' lang='lat' dir='ltr'><strong>liberavit.</strong></span> 
     </span>
    </p>
   </div>
   <div class='ocr_carea' id='block_1_33' title="bbox 2225 1890 2277 1952">
    <p class='ocr_par' dir='ltr' id='par_1_33' title="bbox 2225 1890 2277 1952">
     <span class='ocr_line' id='line_1_33' title="bbox 2225 1890 2277 1952; baseline 0 0"><span class='ocrx_word' id='word_1_244' title='bbox 2225 1890 2277 1952; x_wconf 90' lang='lat' dir='ltr'><strong>B</strong></span> 
     </span>
    </p>
   </div>
   <div class='ocr_carea' id='block_1_34' title="bbox 2307 634 3787 710">
    <p class='ocr_par' dir='ltr' id='par_1_34' title="bbox 2307 634 3787 710">
     <span class='ocr_line' id='line_1_34' title="bbox 2307 634 3787 710; baseline 0.001 -20"><span class='ocrx_word' id='word_1_245' title='bbox 2307 644 2395 694; x_wconf 88' lang='lat' dir='ltr'><strong>cat</strong></span> <span class='ocrx_word' id='word_1_246' title='bbox 2429 654 2445 691; x_wconf 85' lang='lat'><strong>:</strong></span> <span class='ocrx_word' id='word_1_247' title='bbox 2480 637 2614 704; x_wconf 83' lang='lat' dir='ltr'><strong>Quia</strong></span> <span class='ocrx_word' id='word_1_248' title='bbox 2645 634 3066 704; x_wconf 81' lang='lat' dir='ltr'><strong>te&#39;oll&#39;endimus,</strong></span> <span class='ocrx_word' id='word_1_249' title='bbox 3092 648 3221 701; x_wconf 87' lang='lat' dir='ltr'><strong>etc.,</strong></span> <span class='ocrx_word' id='word_1_250' title='bbox 3254 654 3412 710; x_wconf 87' lang='lat' dir='ltr'><strong>usque</strong></span> <span class='ocrx_word' id='word_1_251' title='bbox 3438 641 3502 691; x_wconf 81' lang='lat' dir='ltr'><strong>ad</strong></span> <span class='ocrx_word' id='word_1_252' title='bbox 3535 655 3627 699; x_wconf 82' lang='lat' dir='ltr'><strong>non</strong></span> <span class='ocrx_word' id='word_1_253' title='bbox 3648 642 3787 697; x_wconf 64' lang='lat' dir='ltr'><strong>oblisi.</strong></span> 
     </span>
    </p>
   </div>
   <div class='ocr_carea' id='block_1_35' title="bbox 2307 726 3791 799">
    <p class='ocr_par' dir='ltr' id='par_1_35' title="bbox 2307 726 3791 799">
     <span class='ocr_line' id='line_1_35' title="bbox 2307 726 3791 799; baseline 0.005 -18"><span class='ocrx_word' id='word_1_254' title='bbox 2307 739 2491 782; x_wconf 85' lang='lat' dir='ltr'><strong>scatur</strong></span> <span class='ocrx_word' id='word_1_255' title='bbox 2543 726 2776 782; x_wconf 82' lang='lat' dir='ltr'><strong>ﬁliorum</strong></span> <span class='ocrx_word' id='word_1_256' title='bbox 2820 740 3060 792; x_wconf 89' lang='lat' dir='ltr'><strong>suorum,</strong></span> <span class='ocrx_word' id='word_1_257' title='bbox 3099 742 3169 783; x_wconf 89' lang='lat' dir='ltr'><strong>ne</strong></span> <span class='ocrx_word' id='word_1_258' title='bbox 3210 742 3306 798; x_wconf 90' lang='lat' dir='ltr'><strong>per</strong></span> <span class='ocrx_word' id='word_1_259' title='bbox 3344 728 3487 799; x_wconf 86' lang='lat' dir='ltr'><strong>ipsos</strong></span> <span class='ocrx_word' id='word_1_260' title='bbox 3527 744 3692 786; x_wconf 80' lang='lat' dir='ltr'><strong>nomen</strong></span> <span class='ocrx_word' id='word_1_261' title='bbox 3722 732 3791 789; x_wconf 80' lang='lat' dir='ltr'><strong>Dei</strong></span> 
     </span>
    </p>
   </div>
   <div class='ocr_carea' id='block_1_36' title="bbox 2306 816 3077 888">
    <p class='ocr_par' dir='ltr' id='par_1_36' title="bbox 2306 816 3077 888">
     <span class='ocr_line' id='line_1_36' title="bbox 2306 816 3077 888; baseline -0.003 -16"><span class='ocrx_word' id='word_1_262' title='bbox 2306 816 2709 888; x_wconf 87' lang='lat' dir='ltr'><strong>blasphemetur</strong></span> <span class='ocrx_word' id='word_1_263' title='bbox 2737 817 2788 871; x_wconf 91' lang='lat' dir='ltr'><strong>iu</strong></span> <span class='ocrx_word' id='word_1_264' title='bbox 2810 816 3077 887; x_wconf 87' lang='lat' dir='ltr'><strong>gentibus.</strong></span> 
     </span>
    </p>
   </div>
   <div class='ocr_carea' id='block_1_37' title="bbox 2376 906 3793 974">
    <p class='ocr_par' dir='ltr' id='par_1_37' title="bbox 2376 906 3793 974">
     <span class='ocr_line' id='line_1_37' title="bbox 2376 906 3793 974; baseline 0.007 -14"><span class='ocrx_word' id='word_1_265' title='bbox 2376 906 2539 962; x_wconf 92' lang='lat' dir='ltr'><strong>Vens.</strong></span> <span class='ocrx_word' id='word_1_266' title='bbox 2574 907 2660 962; x_wconf 80' lang='grc'><strong>17.</strong></span> <span class='ocrx_word' id='word_1_267' title='bbox 2705 938 2776 947; x_wconf 94' lang='grc'><strong><em>-</em></strong></span> <span class='ocrx_word' id='word_1_268' title='bbox 2802 908 2978 974; x_wconf 86' lang='lat' dir='ltr'><strong>Quare</strong></span> <span class='ocrx_word' id='word_1_269' title='bbox 2996 924 3194 963; x_wconf 87' lang='lat' dir='ltr'><strong>errare.</strong></span> <span class='ocrx_word' id='word_1_270' title='bbox 3232 907 3428 965; x_wconf 87' lang='lat' dir='ltr'><strong>Paulus</strong></span> <span class='ocrx_word' id='word_1_271' title='bbox 3459 909 3526 963; x_wconf 80' lang='lat' dir='ltr'><strong>ad</strong></span> <span class='ocrx_word' id='word_1_272' title='bbox 3559 910 3793 970; x_wconf 57' lang='lat' dir='ltr'><strong>Corinthos</strong></span> 
     </span>
    </p>
   </div>
   <div class='ocr_carea' id='block_1_38' title="bbox 2306 996 3794 1073">
    <p class='ocr_par' dir='ltr' id='par_1_38' title="bbox 2306 996 3794 1073">
     <span class='ocr_line' id='line_1_38' title="bbox 2306 996 3794 1073; baseline 0.003 -21"><span class='ocrx_word' id='word_1_273' title='bbox 2306 997 2565 1064; x_wconf 88' lang='lat' dir='ltr'><strong>scribens,</strong></span> <span class='ocrx_word' id='word_1_274' title='bbox 2593 996 2659 1052; x_wconf 88' lang='lat' dir='ltr'><strong>ad</strong></span> <span class='ocrx_word' id='word_1_275' title='bbox 2686 997 2845 1053; x_wconf 89' lang='lat' dir='ltr'><strong>unius</strong></span> <span class='ocrx_word' id='word_1_276' title='bbox 2878 996 3085 1054; x_wconf 88' lang='lat' dir='ltr'><strong>scilicet</strong></span> <span class='ocrx_word' id='word_1_277' title='bbox 3106 997 3356 1070; x_wconf 89' lang='lat' dir='ltr'><strong>populum</strong></span> <span class='ocrx_word' id='word_1_278' title='bbox 3383 999 3607 1055; x_wconf 76' lang='lat' dir='ltr'><strong>civitatis</strong></span> <span class='ocrx_word' id='word_1_279' title='bbox 3638 1017 3713 1073; x_wconf 88' lang='lat' dir='ltr'><strong>pro</strong></span> <span class='ocrx_word' id='word_1_280' title='bbox 3731 1019 3794 1057; x_wconf 78' lang='lat' dir='ltr'><strong>u-</strong></span> 
     </span>
    </p>
   </div>
   <div class='ocr_carea' id='block_1_39' title="bbox 2307 1087 3793 1160">
    <p class='ocr_par' dir='ltr' id='par_1_39' title="bbox 2307 1087 3793 1160">
     <span class='ocr_line' id='line_1_39' title="bbox 2307 1087 3793 1160; baseline 0.003 -19"><span class='ocrx_word' id='word_1_281' title='bbox 2307 1087 2497 1142; x_wconf 90' lang='lat' dir='ltr'><strong>rietate</strong></span> <span class='ocrx_word' id='word_1_282' title='bbox 2518 1087 2870 1141; x_wconf 87' lang='lat' dir='ltr'><strong>habitantium</strong></span> <span class='ocrx_word' id='word_1_283' title='bbox 2892 1097 3199 1143; x_wconf 85' lang='lat' dir='ltr'><strong>sanetorum</strong></span> <span class='ocrx_word' id='word_1_284' title='bbox 3222 1087 3427 1144; x_wconf 89' lang='lat' dir='ltr'><strong>scilicet</strong></span> <span class='ocrx_word' id='word_1_285' title='bbox 3437 1098 3489 1144; x_wconf 89' lang='lat' dir='ltr'><strong>et</strong></span> <span class='ocrx_word' id='word_1_286' title='bbox 3507 1100 3793 1160; x_wconf 72' lang='lat' dir='ltr'><strong>peccatorum,</strong></span> 
     </span>
    </p>
   </div>
   <div class='ocr_carea' id='block_1_40' title="bbox 2306 1176 3796 1253">
    <p class='ocr_par' dir='ltr' id='par_1_40' title="bbox 2306 1176 3796 1253">
     <span class='ocr_line' id='line_1_40' title="bbox 2306 1176 3796 1253; baseline 0.003 -20"><span class='ocrx_word' id='word_1_287' title='bbox 2306 1193 2450 1233; x_wconf 90' lang='lat' dir='ltr'><strong>nunc</strong></span> <span class='ocrx_word' id='word_1_288' title='bbox 2474 1176 2676 1244; x_wconf 88' lang='lat' dir='ltr'><strong>laudat,</strong></span> <span class='ocrx_word' id='word_1_289' title='bbox 2709 1193 2854 1233; x_wconf 89' lang='lat' dir='ltr'><strong>nunc</strong></span> <span class='ocrx_word' id='word_1_290' title='bbox 2880 1177 3227 1248; x_wconf 89' lang='lat' dir='ltr'><strong>reprehendit</strong></span> <span class='ocrx_word' id='word_1_291' title='bbox 3253 1197 3268 1233; x_wconf 91' lang='lat'><strong>:</strong></span> <span class='ocrx_word' id='word_1_292' title='bbox 3297 1179 3375 1234; x_wconf 90' lang='lat' dir='ltr'><strong>sic</strong></span> <span class='ocrx_word' id='word_1_293' title='bbox 3397 1193 3623 1249; x_wconf 59' lang='lat' dir='ltr'><strong>praesens</strong></span> <span class='ocrx_word' id='word_1_294' title='bbox 3650 1184 3796 1253; x_wconf 78' lang='lat' dir='ltr'><strong>capita-</strong></span> 
     </span>
    </p>
   </div>
   <div class='ocr_carea' id='block_1_41' title="bbox 2306 1266 3798 1340">
    <p class='ocr_par' dir='ltr' id='par_1_41' title="bbox 2306 1266 3798 1340">
     <span class='ocr_line' id='line_1_41' title="bbox 2306 1266 3798 1340; baseline 0.005 -19"><span class='ocrx_word' id='word_1_295' title='bbox 2306 1266 2437 1333; x_wconf 90' lang='lat' dir='ltr'><strong>lum,</strong></span> <span class='ocrx_word' id='word_1_296' title='bbox 2488 1267 2628 1338; x_wconf 89' lang='lat' dir='ltr'><strong>quod</strong></span> <span class='ocrx_word' id='word_1_297' title='bbox 2683 1282 2751 1323; x_wconf 89' lang='lat' dir='ltr'><strong>ex</strong></span> <span class='ocrx_word' id='word_1_298' title='bbox 2800 1269 3047 1324; x_wconf 91' lang='lat' dir='ltr'><strong>oratione</strong></span> <span class='ocrx_word' id='word_1_299' title='bbox 3093 1270 3273 1340; x_wconf 92' lang='lat' dir='ltr'><strong>populi</strong></span> <span class='ocrx_word' id='word_1_300' title='bbox 3328 1270 3497 1326; x_wconf 89' lang='lat' dir='ltr'><strong>Deum</strong></span> <span class='ocrx_word' id='word_1_301' title='bbox 3538 1271 3798 1340; x_wconf 78' lang='lat' dir='ltr'><strong>deprccaat&#39;s</strong></span> 
     </span>
    </p>
   </div>
   <div class='ocr_carea' id='block_1_42' title="bbox 2306 1357 3797 1426">
    <p class='ocr_par' dir='ltr' id='par_1_42' title="bbox 2306 1357 3797 1426">
     <span class='ocr_line' id='line_1_42' title="bbox 2306 1357 3797 1426; baseline 0.001 -13"><span class='ocrx_word' id='word_1_302' title='bbox 2306 1358 2632 1423; x_wconf 76' lang='lat' dir='ltr'><strong>contexitur,</strong></span> <span class='ocrx_word' id='word_1_303' title='bbox 2671 1374 2816 1414; x_wconf 92' lang='lat' dir='ltr'><strong>nunc</strong></span> <span class='ocrx_word' id='word_1_304' title='bbox 2861 1357 3042 1414; x_wconf 87' lang='lat' dir='ltr'><strong>laudat</strong></span> <span class='ocrx_word' id='word_1_305' title='bbox 3086 1359 3395 1426; x_wconf 90' lang='lat' dir='ltr'><strong>Dominum,</strong></span> <span class='ocrx_word' id='word_1_306' title='bbox 3442 1376 3578 1415; x_wconf 89' lang='lat' dir='ltr'><strong>nunc</strong></span> <span class='ocrx_word' id='word_1_307' title='bbox 3616 1372 3797 1426; x_wconf 80' lang='lat' dir='ltr'><strong>accusat,</strong></span> 
     </span>
    </p>
   </div>
   <div class='ocr_carea' id='block_1_43' title="bbox 2298 1445 3799 1520">
    <p class='ocr_par' dir='ltr' id='par_1_43' title="bbox 2298 1445 3799 1520">
     <span class='ocr_line' id='line_1_43' title="bbox 2298 1445 3799 1520; baseline 0.004 -20"><span class='ocrx_word' id='word_1_308' title='bbox 2298 1445 2451 1517; x_wconf 79' lang='lat' dir='ltr'><strong>juxta</strong></span> <span class='ocrx_word' id='word_1_309' title='bbox 2482 1448 2776 1501; x_wconf 82' lang='lat' dir='ltr'><strong>secundam</strong></span> <span class='ocrx_word' id='word_1_310' title='bbox 2817 1446 3054 1519; x_wconf 89' lang='lat' dir='ltr'><strong>regulam</strong></span> <span class='ocrx_word' id='word_1_311' title='bbox 3098 1445 3329 1516; x_wconf 89' lang='lat' dir='ltr'><strong>Ticonii,</strong></span> <span class='ocrx_word' id='word_1_312' title='bbox 3368 1463 3489 1520; x_wconf 68' lang='lat' dir='ltr'><strong>quae</strong></span> <span class='ocrx_word' id='word_1_313' title='bbox 3523 1458 3600 1505; x_wconf 55' lang='lat' dir='ltr'><strong>est</strong></span> <span class='ocrx_word' id='word_1_314' title='bbox 3630 1450 3685 1505; x_wconf 88' lang='lat' dir='ltr'><strong>de</strong></span> <span class='ocrx_word' id='word_1_315' title='bbox 3714 1468 3799 1506; x_wconf 81' lang='lat' dir='ltr'><strong>cor-</strong></span> 
     </span>
    </p>
   </div>
   <div class='ocr_carea' id='block_1_44' title="bbox 2303 1535 2690 1607">
    <p class='ocr_par' dir='ltr' id='par_1_44' title="bbox 2303 1535 2690 1607">
     <span class='ocr_line' id='line_1_44' title="bbox 2303 1535 2690 1607; baseline 0 -17"><span class='ocrx_word' id='word_1_316' title='bbox 2303 1551 2434 1607; x_wconf 89' lang='lat' dir='ltr'><strong>pore</strong></span> <span class='ocrx_word' id='word_1_317' title='bbox 2455 1535 2690 1590; x_wconf 87' lang='lat' dir='ltr'><strong>Domini.</strong></span> 
     </span>
    </p>
   </div>
   <div class='ocr_carea' id='block_1_45' title="bbox 2372 1625 3804 1701">
    <p class='ocr_par' dir='ltr' id='par_1_45' title="bbox 2372 1625 3804 1701">
     <span class='ocr_line' id='line_1_45' title="bbox 2372 1625 3804 1701; baseline 0.002 -21"><span class='ocrx_word' id='word_1_318' title='bbox 2372 1625 2538 1682; x_wconf 89' lang='lat' dir='ltr'><strong>Vens.</strong></span> <span class='ocrx_word' id='word_1_319' title='bbox 2570 1627 2657 1683; x_wconf 86' lang='grc'><strong>19.</strong></span> <span class='ocrx_word' id='word_1_320' title='bbox 2687 1651 2762 1667; x_wconf 56' lang='grc' dir='ltr'><strong>-ε</strong></span> <span class='ocrx_word' id='word_1_321' title='bbox 2785 1626 2953 1695; x_wconf 88' lang='lat' dir='ltr'><strong>Quasi</strong></span> <span class='ocrx_word' id='word_1_322' title='bbox 2971 1627 3024 1682; x_wconf 89' lang='lat' dir='ltr'><strong>in</strong></span> <span class='ocrx_word' id='word_1_323' title='bbox 3051 1629 3327 1700; x_wconf 86' lang='lat' dir='ltr'><strong>principio.</strong></span> <span class='ocrx_word' id='word_1_324' title='bbox 3352 1626 3555 1701; x_wconf 78' lang='grc' dir='ltr'><strong>(Ηιειι.)</strong></span> <span class='ocrx_word' id='word_1_325' title='bbox 3574 1629 3804 1697; x_wconf 78' lang='lat' dir='ltr'><strong>Antequam</strong></span> 
     </span>
    </p>
   </div>
   <div class='ocr_carea' id='block_1_46' title="bbox 2302 1711 3801 1789">
    <p class='ocr_par' dir='ltr' id='par_1_46' title="bbox 2302 1711 3801 1789">
     <span class='ocr_line' id='line_1_46' title="bbox 2302 1711 3801 1789; baseline 0.002 -20"><span class='ocrx_word' id='word_1_326' title='bbox 2302 1730 2526 1773; x_wconf 78' lang='lat' dir='ltr'><strong>vocares</strong></span> <span class='ocrx_word' id='word_1_327' title='bbox 2552 1732 2669 1779; x_wconf 88' lang='lat' dir='ltr'><strong>nos,</strong></span> <span class='ocrx_word' id='word_1_328' title='bbox 2701 1726 2832 1782; x_wconf 89' lang='lat' dir='ltr'><strong>etc.,</strong></span> <span class='ocrx_word' id='word_1_329' title='bbox 2858 1734 3018 1789; x_wconf 87' lang='lat' dir='ltr'><strong>usque</strong></span> <span class='ocrx_word' id='word_1_330' title='bbox 3046 1717 3114 1772; x_wconf 91' lang='lat' dir='ltr'><strong>ad</strong></span> <span class='ocrx_word' id='word_1_331' title='bbox 3152 1711 3256 1773; x_wconf 79' lang='lat' dir='ltr'><strong>non</strong></span> <span class='ocrx_word' id='word_1_332' title='bbox 3293 1719 3617 1776; x_wconf 88' lang='lat' dir='ltr'><strong>vocabuntur</strong></span> <span class='ocrx_word' id='word_1_333' title='bbox 3635 1717 3801 1789; x_wconf 73' lang='lat' dir='ltr'><strong>populus</strong></span> 
     </span>
    </p>
   </div>
   <div class='ocr_carea' id='block_1_47' title="bbox 2305 1802 3357 1873">
    <p class='ocr_par' dir='ltr' id='par_1_47' title="bbox 2305 1802 3357 1873">
     <span class='ocr_line' id='line_1_47' title="bbox 2305 1802 3357 1873; baseline 0.003 -13"><span class='ocrx_word' id='word_1_334' title='bbox 2305 1805 2420 1872; x_wconf 88' lang='lat' dir='ltr'><strong>Dei,</strong></span> <span class='ocrx_word' id='word_1_335' title='bbox 2446 1822 2479 1862; x_wconf 89' lang='lat' dir='ltr'><strong>a</strong></span> <span class='ocrx_word' id='word_1_336' title='bbox 2503 1805 2722 1864; x_wconf 87' lang='lat' dir='ltr'><strong>Christo</strong></span> <span class='ocrx_word' id='word_1_337' title='bbox 2751 1805 2960 1863; x_wconf 85' lang='lat' dir='ltr'><strong>scilicet</strong></span> <span class='ocrx_word' id='word_1_338' title='bbox 2979 1805 3293 1873; x_wconf 77' lang='lat' dir='ltr'><strong>Christiani.</strong></span> <span class='ocrx_word' id='word_1_339' title='bbox 3350 1802 3357 1807; x_wconf 78' lang='grc'><em>’</em></span> 
     </span>
    </p>
   </div>
   <div class='ocr_carea' id='block_1_48' title="bbox 2866 1894 3313 1957">
    <p class='ocr_par' dir='ltr' id='par_1_48' title="bbox 2866 1894 3313 1957">
     <span class='ocr_line' id='line_1_48' title="bbox 2866 1894 3313 1957; baseline -0.007 -1"><span class='ocrx_word' id='word_1_340' title='bbox 2866 1896 3093 1957; x_wconf 88' lang='lat' dir='ltr'><strong>CAPUT</strong></span> <span class='ocrx_word' id='word_1_341' title='bbox 3133 1894 3313 1954; x_wconf 78' lang='lat' dir='ltr'><strong>LXIV.</strong></span> 
     </span>
    </p>
   </div>
   <div class='ocr_carea' id='block_1_49' title="bbox 2372 1988 3805 2063">
    <p class='ocr_par' dir='ltr' id='par_1_49' title="bbox 2372 1988 3805 2063">
     <span class='ocr_line' id='line_1_49' title="bbox 2372 1988 3805 2063; baseline 0 -18"><span class='ocrx_word' id='word_1_342' title='bbox 2372 1988 2538 2046; x_wconf 87' lang='lat' dir='ltr'><strong>Vens.</strong></span> <span class='ocrx_word' id='word_1_343' title='bbox 2575 1990 2625 2046; x_wconf 89' lang='grc'><strong>1.</strong></span> <span class='ocrx_word' id='word_1_344' title='bbox 2648 2020 2719 2031; x_wconf 94' lang='grc'><strong><em>-</em></strong></span> <span class='ocrx_word' id='word_1_345' title='bbox 2743 1988 2955 2047; x_wconf 85' lang='lat' dir='ltr'><strong>Utinam</strong></span> <span class='ocrx_word' id='word_1_346' title='bbox 2980 1988 3536 2063; x_wconf 77' lang='lat' dir='ltr'><strong>dirumperes.(llten.)</strong></span> <span class='ocrx_word' id='word_1_347' title='bbox 3566 1990 3617 2046; x_wconf 90' lang='lat' dir='ltr'><strong>ln</strong></span> <span class='ocrx_word' id='word_1_348' title='bbox 3634 2005 3805 2063; x_wconf 75' lang='lat' dir='ltr'><strong>persona</strong></span> 
     </span>
    </p>
   </div>
   <div class='ocr_carea' id='block_1_50' title="bbox 2300 2079 3807 2149">
    <p class='ocr_par' dir='ltr' id='par_1_50' title="bbox 2300 2079 3807 2149">
     <span class='ocr_line' id='line_1_50' title="bbox 2300 2079 3807 2149; baseline 0 -14"><span class='ocrx_word' id='word_1_349' title='bbox 2300 2095 2415 2147; x_wconf 86' lang='lat' dir='ltr'><strong>sua,</strong></span> <span class='ocrx_word' id='word_1_350' title='bbox 2439 2088 2571 2147; x_wconf 90' lang='lat' dir='ltr'><strong>etc.,</strong></span> <span class='ocrx_word' id='word_1_351' title='bbox 2598 2097 2761 2149; x_wconf 86' lang='lat' dir='ltr'><strong>usque</strong></span> <span class='ocrx_word' id='word_1_352' title='bbox 2785 2081 2855 2136; x_wconf 91' lang='lat' dir='ltr'><strong>ad</strong></span> <span class='ocrx_word' id='word_1_353' title='bbox 2876 2080 3005 2138; x_wconf 86' lang='lat' dir='ltr'><strong>item</strong></span> <span class='ocrx_word' id='word_1_354' title='bbox 3042 2079 3211 2136; x_wconf 81' lang='lat' dir='ltr'><strong>David</strong></span> <span class='ocrx_word' id='word_1_355' title='bbox 3230 2088 3247 2136; x_wconf 77' lang='grc' dir='ltr'><strong>ἐ</strong></span> <span class='ocrx_word' id='word_1_356' title='bbox 3273 2080 3553 2136; x_wconf 78' lang='lat' dir='ltr'><strong>Inclinauit</strong></span> <span class='ocrx_word' id='word_1_357' title='bbox 3592 2081 3744 2145; x_wconf 68' lang='lat' dir='ltr'><strong>celos,</strong></span> <span class='ocrx_word' id='word_1_358' title='bbox 3774 2092 3807 2133; x_wconf 79' lang='lat' dir='ltr'><strong>et</strong></span> 
     </span>
    </p>
   </div>
   <div class='ocr_carea' id='block_1_51' title="bbox 2300 2170 2943 2245">
    <p class='ocr_par' dir='ltr' id='par_1_51' title="bbox 2300 2170 2943 2245">
     <span class='ocr_line' id='line_1_51' title="bbox 2300 2170 2943 2245; baseline 0.002 -18"><span class='ocrx_word' id='word_1_359' title='bbox 2300 2170 2563 2228; x_wconf 81' lang='lat' dir='ltr'><strong>descendit</strong></span> <span class='ocrx_word' id='word_1_360' title='bbox 2593 2171 2765 2244; x_wconf 88' lang='lat' dir='ltr'><strong>(Psal.</strong></span> <span class='ocrx_word' id='word_1_361' title='bbox 2789 2172 2943 2245; x_wconf 84' lang='lat' dir='ltr'><strong>xvu).</strong></span> 
     </span>
    </p>
   </div>
   <div class='ocr_carea' id='block_1_52' title="bbox 2370 2260 3805 2335">
    <p class='ocr_par' dir='ltr' id='par_1_52' title="bbox 2370 2260 3805 2335">
     <span class='ocr_line' id='line_1_52' title="bbox 2370 2260 3805 2335; baseline -0.001 -20"><span class='ocrx_word' id='word_1_362' title='bbox 2370 2260 2535 2317; x_wconf 78' lang='lat' dir='ltr'><strong>Vens.</strong></span> <span class='ocrx_word' id='word_1_363' title='bbox 2560 2263 2618 2317; x_wconf 74' lang='lat'><strong>2.</strong></span> <span class='ocrx_word' id='word_1_364' title='bbox 2641 2292 2713 2303; x_wconf 95' lang='lat'><strong>—</strong></span> <span class='ocrx_word' id='word_1_365' title='bbox 2733 2260 2896 2334; x_wconf 76' lang='lat' dir='ltr'><strong>Aqua:</strong></span> <span class='ocrx_word' id='word_1_366' title='bbox 2919 2260 3181 2317; x_wconf 80' lang='lat' dir='ltr'><strong>arderent.</strong></span> <span class='ocrx_word' id='word_1_367' title='bbox 3211 2260 3392 2335; x_wconf 60' lang='lat' dir='ltr'><strong>(Sne)</strong></span> <span class='ocrx_word' id='word_1_368' title='bbox 3415 2263 3574 2334; x_wconf 80' lang='lat' dir='ltr'><strong>Aqua:</strong></span> <span class='ocrx_word' id='word_1_369' title='bbox 3598 2263 3805 2317; x_wconf 65' lang='lat' dir='ltr'><strong>maritar-</strong></span> 
     </span>
    </p>
   </div>
   <div class='ocr_carea' id='block_1_53' title="bbox 2300 2348 3809 2423">
    <p class='ocr_par' dir='ltr' id='par_1_53' title="bbox 2300 2348 3809 2423">
     <span class='ocr_line' id='line_1_53' title="bbox 2300 2348 3809 2423; baseline -0.001 -18"><span class='ocrx_word' id='word_1_370' title='bbox 2300 2348 2479 2406; x_wconf 84' lang='lat' dir='ltr'><strong>derent</strong></span> <span class='ocrx_word' id='word_1_371' title='bbox 2503 2352 2634 2423; x_wconf 87' lang='lat' dir='ltr'><strong>igni.</strong></span> <span class='ocrx_word' id='word_1_372' title='bbox 2669 2352 2819 2419; x_wconf 89' lang='lat' dir='ltr'><strong>Quod</strong></span> <span class='ocrx_word' id='word_1_373' title='bbox 2845 2360 2945 2420; x_wconf 90' lang='lat' dir='ltr'><strong>est,</strong></span> <span class='ocrx_word' id='word_1_374' title='bbox 2967 2350 3150 2423; x_wconf 86' lang='lat' dir='ltr'><strong>populi</strong></span> <span class='ocrx_word' id='word_1_375' title='bbox 3177 2352 3364 2408; x_wconf 88' lang='lat' dir='ltr'><strong>mundi</strong></span> <span class='ocrx_word' id='word_1_376' title='bbox 3412 2351 3809 2408; x_wconf 80' lang='lat' dir='ltr'><strong>inﬂammarentur</strong></span> 
     </span>
    </p>
   </div>
   <div class='ocr_carea' id='block_1_54' title="bbox 2302 2441 3807 2515">
    <p class='ocr_par' dir='ltr' id='par_1_54' title="bbox 2302 2441 3807 2515">
     <span class='ocr_line' id='line_1_54' title="bbox 2302 2441 3807 2515; baseline -0.001 -18"><span class='ocrx_word' id='word_1_377' title='bbox 2302 2441 2424 2514; x_wconf 83' lang='lat' dir='ltr'><strong>igne</strong></span> <span class='ocrx_word' id='word_1_378' title='bbox 2452 2442 2758 2498; x_wconf 85' lang='lat' dir='ltr'><strong>charitatis.</strong></span> <span class='ocrx_word' id='word_1_379' title='bbox 2781 2442 2934 2501; x_wconf 86' lang='lat' dir='ltr'><strong>Unde</strong></span> <span class='ocrx_word' id='word_1_380' title='bbox 2964 2461 2978 2499; x_wconf 91' lang='lat'><strong>:</strong></span> <span class='ocrx_word' id='word_1_381' title='bbox 3011 2442 3190 2515; x_wconf 88' lang='lat' dir='ltr'><strong>Ignem</strong></span> <span class='ocrx_word' id='word_1_382' title='bbox 3211 2445 3325 2499; x_wconf 83' lang='lat' dir='ltr'><strong>ueni</strong></span> <span class='ocrx_word' id='word_1_383' title='bbox 3346 2444 3548 2498; x_wconf 88' lang='lat' dir='ltr'><strong>mittere</strong></span> <span class='ocrx_word' id='word_1_384' title='bbox 3582 2445 3631 2497; x_wconf 88' lang='lat' dir='ltr'><strong>in</strong></span> <span class='ocrx_word' id='word_1_385' title='bbox 3651 2454 3807 2504; x_wconf 57' lang='lat' dir='ltr'><strong>terram</strong></span> 
     </span>
    </p>
   </div>
   <div class='ocr_carea' id='block_1_55' title="bbox 2301 2532 3807 2607">
    <p class='ocr_par' dir='ltr' id='par_1_55' title="bbox 2301 2532 3807 2607">
     <span class='ocr_line' id='line_1_55' title="bbox 2301 2532 3807 2607; baseline -0.003 -18"><span class='ocrx_word' id='word_1_386' title='bbox 2301 2533 2495 2604; x_wconf 83' lang='lat' dir='ltr'><strong>etquid</strong></span> <span class='ocrx_word' id='word_1_387' title='bbox 2522 2532 2638 2588; x_wconf 81' lang='lat' dir='ltr'><strong>volo</strong></span> <span class='ocrx_word' id='word_1_388' title='bbox 2664 2535 2764 2589; x_wconf 85' lang='lat' dir='ltr'><strong>nisi</strong></span> <span class='ocrx_word' id='word_1_389' title='bbox 2796 2545 2850 2589; x_wconf 88' lang='lat' dir='ltr'><strong>ut</strong></span> <span class='ocrx_word' id='word_1_390' title='bbox 2882 2534 3105 2589; x_wconf 84' lang='lat' dir='ltr'><strong>ardeat?</strong></span> <span class='ocrx_word' id='word_1_391' title='bbox 3148 2533 3298 2607; x_wconf 88' lang='lat' dir='ltr'><strong>(Luc.</strong></span> <span class='ocrx_word' id='word_1_392' title='bbox 3341 2535 3465 2607; x_wconf 88' lang='lat' dir='ltr'><strong>xu.)</strong></span> <span class='ocrx_word' id='word_1_393' title='bbox 3495 2545 3547 2591; x_wconf 90' lang='lat' dir='ltr'><strong>et</strong></span> <span class='ocrx_word' id='word_1_394' title='bbox 3566 2534 3637 2591; x_wconf 82' lang='lat' dir='ltr'><strong>sic</strong></span> <span class='ocrx_word' id='word_1_395' title='bbox 3676 2547 3807 2588; x_wconf 74' lang='lat' dir='ltr'><strong>notant</strong></span> 
     </span>
    </p>
   </div>
   <div class='ocr_carea' id='block_1_56' title="bbox 2302 2621 3810 2692">
    <p class='ocr_par' dir='ltr' id='par_1_56' title="bbox 2302 2621 3810 2692">
     <span class='ocr_line' id='line_1_56' title="bbox 2302 2621 3810 2692; baseline -0.003 -15"><span class='ocrx_word' id='word_1_396' title='bbox 2302 2623 2448 2692; x_wconf 81' lang='lat' dir='ltr'><strong>ﬁeret</strong></span> <span class='ocrx_word' id='word_1_397' title='bbox 2492 2639 2679 2678; x_wconf 84' lang='lat' dir='ltr'><strong>nomen</strong></span> <span class='ocrx_word' id='word_1_398' title='bbox 2708 2631 2877 2687; x_wconf 89' lang='lat' dir='ltr'><strong>tuum,</strong></span> <span class='ocrx_word' id='word_1_399' title='bbox 2905 2624 3048 2692; x_wconf 89' lang='lat' dir='ltr'><strong>quod</strong></span> <span class='ocrx_word' id='word_1_400' title='bbox 3074 2632 3158 2679; x_wconf 88' lang='lat' dir='ltr'><strong>est</strong></span> <span class='ocrx_word' id='word_1_401' title='bbox 3186 2622 3439 2679; x_wconf 89' lang='lat' dir='ltr'><strong>Christus</strong></span> <span class='ocrx_word' id='word_1_402' title='bbox 3476 2621 3644 2687; x_wconf 74' lang='lat' dir='ltr'><strong>lesus,</strong></span> <span class='ocrx_word' id='word_1_403' title='bbox 3683 2622 3810 2675; x_wconf 76' lang='lat' dir='ltr'><strong>iniui-</strong></span> 
     </span>
    </p>
   </div>
   <div class='ocr_carea' id='block_1_57' title="bbox 2304 2711 3013 2779">
    <p class='ocr_par' dir='ltr' id='par_1_57' title="bbox 2304 2711 3013 2779">
     <span class='ocr_line' id='line_1_57' title="bbox 2304 2711 3013 2779; baseline 0.001 -12"><span class='ocrx_word' id='word_1_404' title='bbox 2304 2713 2377 2767; x_wconf 86' lang='lat' dir='ltr'><strong>cis</strong></span> <span class='ocrx_word' id='word_1_405' title='bbox 2402 2714 2526 2779; x_wconf 85' lang='lat' dir='ltr'><strong>tuis,</strong></span> <span class='ocrx_word' id='word_1_406' title='bbox 2555 2713 2763 2769; x_wconf 88' lang='lat' dir='ltr'><strong>scilicet</strong></span> <span class='ocrx_word' id='word_1_407' title='bbox 2790 2711 3013 2768; x_wconf 73' lang='lat' dir='ltr'><strong>Iudaeis.</strong></span> 
     </span>
    </p>
   </div>
   <div class='ocr_carea' id='block_1_58' title="bbox 2373 2800 3811 2865">
    <p class='ocr_par' dir='ltr' id='par_1_58' title="bbox 2373 2800 3811 2865">
     <span class='ocr_line' id='line_1_58' title="bbox 2373 2800 3811 2865; baseline -0.003 -8"><span class='ocrx_word' id='word_1_408' title='bbox 2373 2803 2539 2858; x_wconf 83' lang='lat' dir='ltr'><strong>Vens.</strong></span> <span class='ocrx_word' id='word_1_409' title='bbox 2567 2805 2621 2859; x_wconf 77' lang='grc'><strong>5.</strong></span> <span class='ocrx_word' id='word_1_410' title='bbox 2658 2833 2731 2843; x_wconf 92' lang='grc'><strong><em>-</em></strong></span> <span class='ocrx_word' id='word_1_411' title='bbox 2763 2802 2888 2858; x_wconf 86' lang='lat' dir='ltr'><strong>Non</strong></span> <span class='ocrx_word' id='word_1_412' title='bbox 2937 2803 3324 2858; x_wconf 84' lang='lat' dir='ltr'><strong>sustinebimus.</strong></span> <span class='ocrx_word' id='word_1_413' title='bbox 3380 2802 3493 2858; x_wconf 86' lang='lat' dir='ltr'><strong>Nos</strong></span> <span class='ocrx_word' id='word_1_414' title='bbox 3543 2800 3710 2865; x_wconf 59' lang='lat' dir='ltr'><strong>Judzi,</strong></span> <span class='ocrx_word' id='word_1_415' title='bbox 3746 2800 3811 2853; x_wconf 84' lang='lat' dir='ltr'><strong>sed</strong></span> 
     </span>
    </p>
   </div>
   <div class='ocr_carea' id='block_1_59' title="bbox 2306 2893 3813 2966">
    <p class='ocr_par' dir='ltr' id='par_1_59' title="bbox 2306 2893 3813 2966">
     <span class='ocr_line' id='line_1_59' title="bbox 2306 2893 3813 2966; baseline -0.005 -15"><span class='ocrx_word' id='word_1_416' title='bbox 2306 2896 2799 2966; x_wconf 84' lang='lat' dir='ltr'><strong>blasphemabimus</strong></span> <span class='ocrx_word' id='word_1_417' title='bbox 2827 2896 3069 2951; x_wconf 87' lang='lat' dir='ltr'><strong>dicentes</strong></span> <span class='ocrx_word' id='word_1_418' title='bbox 3098 2912 3112 2949; x_wconf 87' lang='lat'><strong>:</strong></span> <span class='ocrx_word' id='word_1_419' title='bbox 3143 2894 3211 2948; x_wconf 83' lang='lat' dir='ltr'><strong>In</strong></span> <span class='ocrx_word' id='word_1_420' title='bbox 3231 2895 3464 2966; x_wconf 82' lang='lat' dir='ltr'><strong>principe</strong></span> <span class='ocrx_word' id='word_1_421' title='bbox 3502 2893 3813 2948; x_wconf 69' lang='lat' dir='ltr'><strong>damoniomi</strong></span> 
     </span>
    </p>
   </div>
   <div class='ocr_carea' id='block_1_60' title="bbox 2303 2979 3919 3056">
    <p class='ocr_par' dir='ltr' id='par_1_60' title="bbox 2303 2979 3919 3056">
     <span class='ocr_line' id='line_1_60' title="bbox 2303 2979 3919 3056; baseline -0.008 -14"><span class='ocrx_word' id='word_1_422' title='bbox 2303 2985 2589 3042; x_wconf 79' lang='lat' dir='ltr'><strong>Beelzebub</strong></span> <span class='ocrx_word' id='word_1_423' title='bbox 2611 2984 2752 3056; x_wconf 81' lang='lat' dir='ltr'><strong>ejicit</strong></span> <span class='ocrx_word' id='word_1_424' title='bbox 2773 2984 3034 3039; x_wconf 76' lang='lat' dir='ltr'><strong>dtemones</strong></span> <span class='ocrx_word' id='word_1_425' title='bbox 3052 2983 3265 3053; x_wconf 78' lang='lat' dir='ltr'><strong>(Matth.</strong></span> <span class='ocrx_word' id='word_1_426' title='bbox 3293 2984 3421 3054; x_wconf 83' lang='lat' dir='ltr'><strong>xu).</strong></span> <span class='ocrx_word' id='word_1_427' title='bbox 3450 2983 3561 3039; x_wconf 86' lang='lat' dir='ltr'><strong>Hoc</strong></span> <span class='ocrx_word' id='word_1_428' title='bbox 3578 2983 3703 3037; x_wconf 87' lang='lat' dir='ltr'><strong>enim</strong></span> <span class='ocrx_word' id='word_1_429' title='bbox 3720 2979 3813 3032; x_wconf 77' lang='lat' dir='ltr'><strong>dicit</strong></span> 
     </span>
    </p>
   </div>
   <div class='ocr_carea' id='block_1_61' title="bbox 2302 3068 3813 3147">
    <p class='ocr_par' dir='ltr' id='par_1_61' title="bbox 2302 3068 3813 3147">
     <span class='ocr_line' id='line_1_61' title="bbox 2302 3068 3813 3147; baseline -0.009 -13"><span class='ocrx_word' id='word_1_430' title='bbox 2302 3077 2564 3147; x_wconf 87' lang='lat' dir='ltr'><strong>propheta</strong></span> <span class='ocrx_word' id='word_1_431' title='bbox 2597 3075 2651 3132; x_wconf 92' lang='lat' dir='ltr'><strong>in</strong></span> <span class='ocrx_word' id='word_1_432' title='bbox 2692 3090 2921 3145; x_wconf 88' lang='lat' dir='ltr'><strong>persona</strong></span> <span class='ocrx_word' id='word_1_433' title='bbox 2962 3073 3279 3128; x_wconf 76' lang='lat' dir='ltr'><strong>infidelium.</strong></span> <span class='ocrx_word' id='word_1_434' title='bbox 3326 3072 3658 3127; x_wconf 83' lang='lat' dir='ltr'><strong>Descendisti.</strong></span> <span class='ocrx_word' id='word_1_435' title='bbox 3711 3068 3813 3122; x_wconf 71' lang='lat' dir='ltr'><strong>Tan~</strong></span> 
     </span>
    </p>
   </div>
   <div class='ocr_carea' id='block_1_62' title="bbox 623 3162 3809 3241">
    <p class='ocr_par' dir='ltr' id='par_1_62' title="bbox 623 3162 3809 3241">
     <span class='ocr_line' id='line_1_62' title="bbox 623 3162 3809 3241; baseline -0.003 -21"><span class='ocrx_word' id='word_1_436' title='bbox 623 3163 880 3235; x_wconf 88' lang='lat' dir='ltr'><strong>Spiritum</strong></span> <span class='ocrx_word' id='word_1_437' title='bbox 908 3173 1169 3228; x_wconf 86' lang='lat' dir='ltr'><strong>sanctum,</strong></span> <span class='ocrx_word' id='word_1_438' title='bbox 1201 3162 1306 3228; x_wconf 89' lang='lat' dir='ltr'><strong>vel,</strong></span> <span class='ocrx_word' id='word_1_439' title='bbox 1346 3163 1514 3218; x_wconf 87' lang='lat' dir='ltr'><strong>sancti</strong></span> <span class='ocrx_word' id='word_1_440' title='bbox 1551 3163 1685 3233; x_wconf 86' lang='lat' dir='ltr'><strong>ejus.</strong></span> <span class='ocrx_word' id='word_1_441' title='bbox 1735 3162 1961 3231; x_wconf 85' lang='lat' dir='ltr'><strong>Quidam</strong></span> <span class='ocrx_word' id='word_1_442' title='bbox 1989 3162 2203 3219; x_wconf 87' lang='lat' dir='ltr'><strong>codices</strong></span> <span class='ocrx_word' id='word_1_443' title='bbox 2237 3230 2274 3241; x_wconf 78' lang='lat'>_</span> <span class='ocrx_word' id='word_1_444' title='bbox 2305 3184 2463 3236; x_wconf 83' lang='lat' dir='ltr'><strong>quam</strong></span> <span class='ocrx_word' id='word_1_445' title='bbox 2489 3168 2738 3241; x_wconf 76' lang='lat' dir='ltr'><strong>precibus</strong></span> <span class='ocrx_word' id='word_1_446' title='bbox 2758 3167 2872 3223; x_wconf 89' lang='lat' dir='ltr'><strong>suis</strong></span> <span class='ocrx_word' id='word_1_447' title='bbox 2890 3164 3158 3223; x_wconf 85' lang='lat' dir='ltr'><strong>exauditis</strong></span> <span class='ocrx_word' id='word_1_448' title='bbox 3178 3165 3353 3234; x_wconf 85' lang='lat' dir='ltr'><strong>inquit</strong></span> <span class='ocrx_word' id='word_1_449' title='bbox 3374 3184 3389 3218; x_wconf 89' lang='lat'><strong>:</strong></span> <span class='ocrx_word' id='word_1_450' title='bbox 3414 3163 3809 3225; x_wconf 80' lang='lat' dir='ltr'><strong>Descendisti,etc.</strong></span> 
     </span>
    </p>
   </div>
   <div class='ocr_carea' id='block_1_63' title="bbox 622 3230 3811 3329">
    <p class='ocr_par' dir='ltr' id='par_1_63' title="bbox 622 3230 3811 3329">
     <span class='ocr_line' id='line_1_63' title="bbox 622 3230 3811 3329; baseline -0.001 -19"><span class='ocrx_word' id='word_1_451' title='bbox 622 3230 842 3319; x_wconf 78' lang='lat' dir='ltr'><strong>habent,</strong></span> <span class='ocrx_word' id='word_1_452' title='bbox 872 3254 1078 3310; x_wconf 87' lang='lat' dir='ltr'><strong>scilicet</strong></span> <span class='ocrx_word' id='word_1_453' title='bbox 1107 3254 1367 3325; x_wconf 84' lang='lat' dir='ltr'><strong>Spiritum</strong></span> <span class='ocrx_word' id='word_1_454' title='bbox 1397 3230 1663 3323; x_wconf 84' lang='lat' dir='ltr'><strong>sanctum,</strong></span> <span class='ocrx_word' id='word_1_455' title='bbox 1699 3272 1862 3326; x_wconf 89' lang='lat' dir='ltr'><strong>quem</strong></span> <span class='ocrx_word' id='word_1_456' title='bbox 1895 3256 2199 3321; x_wconf 88' lang='lat' dir='ltr'><strong>contristat,</strong></span> <span class='ocrx_word' id='word_1_457' title='bbox 2228 3230 2275 3297; x_wconf 67' lang='grc' dir='ltr'>ο</span> <span class='ocrx_word' id='word_1_458' title='bbox 2310 3230 2533 3315; x_wconf 60' lang='lat' dir='ltr'><strong>Montei.</strong></span> <span class='ocrx_word' id='word_1_459' title='bbox 2592 3259 2805 3317; x_wconf 82' lang='lat' dir='ltr'><strong>Amissa</strong></span> <span class='ocrx_word' id='word_1_460' title='bbox 2875 3257 3117 3329; x_wconf 87' lang='lat' dir='ltr'><strong>potentia</strong></span> <span class='ocrx_word' id='word_1_461' title='bbox 3167 3274 3187 3313; x_wconf 83' lang='lat'><strong>:</strong></span> <span class='ocrx_word' id='word_1_462' title='bbox 3235 3230 3397 3311; x_wconf 71' lang='lat' dir='ltr'><strong>[Vuae</strong></span> <span class='ocrx_word' id='word_1_463' title='bbox 3440 3256 3663 3327; x_wconf 79' lang='lat' dir='ltr'><strong>princeps</strong></span> <span class='ocrx_word' id='word_1_464' title='bbox 3699 3248 3811 3320; x_wconf 66' lang='lat' dir='ltr'><strong>hujus</strong></span> 
     </span>
    </p>
   </div>
   <div class='ocr_carea' id='block_1_64' title="bbox 622 3343 3808 3421">
    <p class='ocr_par' dir='ltr' id='par_1_64' title="bbox 622 3343 3808 3421">
     <span class='ocr_line' id='line_1_64' title="bbox 622 3343 3808 3421; baseline -0.003 -20"><span class='ocrx_word' id='word_1_465' title='bbox 622 3346 713 3417; x_wconf 90' lang='lat' dir='ltr'><strong>qui</strong></span> <span class='ocrx_word' id='word_1_466' title='bbox 763 3347 938 3402; x_wconf 88' lang='lat' dir='ltr'><strong>virum</strong></span> <span class='ocrx_word' id='word_1_467' title='bbox 990 3346 1323 3417; x_wconf 89' lang='lat' dir='ltr'><strong>spiritualem</strong></span> <span class='ocrx_word' id='word_1_468' title='bbox 1377 3348 1662 3403; x_wconf 87' lang='lat' dir='ltr'><strong>contristat</strong></span> <span class='ocrx_word' id='word_1_469' title='bbox 1699 3366 1711 3402; x_wconf 92' lang='lat'>:</span> <span class='ocrx_word' id='word_1_470' title='bbox 1762 3348 1925 3414; x_wconf 90' lang='lat' dir='ltr'><strong>unde,</strong></span> <span class='ocrx_word' id='word_1_471' title='bbox 1974 3347 2077 3415; x_wconf 85' lang='lat' dir='ltr'><strong>Qui</strong></span> <span class='ocrx_word' id='word_1_472' title='bbox 2116 3364 2204 3403; x_wconf 81' lang='lat' dir='ltr'><strong>vos</strong></span> <span class='ocrx_word' id='word_1_473' title='bbox 2307 3350 2489 3405; x_wconf 87' lang='lat' dir='ltr'><strong>mundi</strong></span> <span class='ocrx_word' id='word_1_474' title='bbox 2515 3350 2753 3421; x_wconf 89' lang='lat' dir='ltr'><strong>ejicietur</strong></span> <span class='ocrx_word' id='word_1_475' title='bbox 2773 3350 2916 3419; x_wconf 80' lang='lat' dir='ltr'><strong>foras</strong></span> <span class='ocrx_word' id='word_1_476' title='bbox 2947 3346 3130 3420; x_wconf 81' lang='lat' dir='ltr'><strong>(Joan.</strong></span> <span class='ocrx_word' id='word_1_477' title='bbox 3156 3349 3276 3417; x_wconf 84' lang='lat' dir='ltr'><strong>xu).</strong></span> <span class='ocrx_word' id='word_1_478' title='bbox 3308 3346 3373 3401; x_wconf 84' lang='lat' dir='ltr'><strong>Et</strong></span> <span class='ocrx_word' id='word_1_479' title='bbox 3405 3344 3605 3402; x_wconf 67' lang='lat' dir='ltr'><strong>Iudaeis</strong></span> <span class='ocrx_word' id='word_1_480' title='bbox 3625 3343 3808 3399; x_wconf 84' lang='lat' dir='ltr'><strong>dicitur:</strong></span> 
     </span>
    </p>
   </div>
   <div class='ocr_carea' id='block_1_65' title="bbox 623 3432 3811 3510">
    <p class='ocr_par' dir='ltr' id='par_1_65' title="bbox 623 3432 3811 3510">
     <span class='ocr_line' id='line_1_65' title="bbox 623 3432 3811 3510; baseline -0 -20"><span class='ocrx_word' id='word_1_481' title='bbox 623 3438 813 3507; x_wconf 89' lang='lat' dir='ltr'><strong>tangit,</strong></span> <span class='ocrx_word' id='word_1_482' title='bbox 837 3436 986 3509; x_wconf 89' lang='lat' dir='ltr'><strong>quasi</strong></span> <span class='ocrx_word' id='word_1_483' title='bbox 1009 3437 1099 3508; x_wconf 89' lang='lat' dir='ltr'><strong>qui</strong></span> <span class='ocrx_word' id='word_1_484' title='bbox 1120 3438 1286 3508; x_wconf 86' lang='lat' dir='ltr'><strong>tangit</strong></span> <span class='ocrx_word' id='word_1_485' title='bbox 1305 3435 1560 3507; x_wconf 88' lang='lat' dir='ltr'><strong>pupillam</strong></span> <span class='ocrx_word' id='word_1_486' title='bbox 1587 3435 1860 3491; x_wconf 78' lang='lat' dir='ltr'><strong>ocutimei.</strong></span> <span class='ocrx_word' id='word_1_487' title='bbox 1888 3435 2090 3510; x_wconf 83' lang='lat' dir='ltr'><strong>(Zach.</strong></span> <span class='ocrx_word' id='word_1_488' title='bbox 2116 3437 2203 3505; x_wconf 91' lang='lat' dir='ltr'><strong>u.)</strong></span> <span class='ocrx_word' id='word_1_489' title='bbox 2307 3439 2588 3509; x_wconf 74' lang='lat' dir='ltr'><strong>Auferetur</strong></span> <span class='ocrx_word' id='word_1_490' title='bbox 2607 3456 2640 3494; x_wconf 82' lang='grc' dir='ltr'><em>α</em></span> <span class='ocrx_word' id='word_1_491' title='bbox 2661 3439 2802 3495; x_wconf 77' lang='lat' dir='ltr'><strong>vobis</strong></span> <span class='ocrx_word' id='word_1_492' title='bbox 2831 3454 3044 3509; x_wconf 79' lang='lat' dir='ltr'><strong>regnum</strong></span> <span class='ocrx_word' id='word_1_493' title='bbox 3069 3437 3171 3492; x_wconf 88' lang='lat' dir='ltr'><strong>Dei</strong></span> <span class='ocrx_word' id='word_1_494' title='bbox 3222 3436 3445 3509; x_wconf 76' lang='lat' dir='ltr'><strong>(Matth.</strong></span> <span class='ocrx_word' id='word_1_495' title='bbox 3492 3434 3623 3507; x_wconf 74' lang='lat' dir='ltr'><strong>ut),</strong></span> <span class='ocrx_word' id='word_1_496' title='bbox 3662 3432 3811 3489; x_wconf 60' lang='lat' dir='ltr'><strong>milia!</strong></span> 
     </span>
    </p>
   </div>
   <div class='ocr_carea' id='block_1_66' title="bbox 624 3524 3808 3603">
    <p class='ocr_par' dir='ltr' id='par_1_66' title="bbox 624 3524 3808 3603">
     <span class='ocr_line' id='line_1_66' title="bbox 624 3524 3808 3603; baseline -0.003 -21"><span class='ocrx_word' id='word_1_497' title='bbox 624 3527 742 3591; x_wconf 89' lang='lat' dir='ltr'><strong>Vel,</strong></span> <span class='ocrx_word' id='word_1_498' title='bbox 775 3526 1023 3598; x_wconf 86' lang='lat' dir='ltr'><strong>angelum</strong></span> <span class='ocrx_word' id='word_1_499' title='bbox 1049 3526 1103 3581; x_wconf 92' lang='lat' dir='ltr'><strong>in</strong></span> <span class='ocrx_word' id='word_1_500' title='bbox 1130 3527 1428 3583; x_wconf 85' lang='lat' dir='ltr'><strong>custodiam</strong></span> <span class='ocrx_word' id='word_1_501' title='bbox 1455 3527 1699 3595; x_wconf 89' lang='lat' dir='ltr'><strong>missum,</strong></span> <span class='ocrx_word' id='word_1_502' title='bbox 1724 3541 1885 3600; x_wconf 88' lang='lat' dir='ltr'><strong>quem</strong></span> <span class='ocrx_word' id='word_1_503' title='bbox 1906 3541 2046 3598; x_wconf 64' lang='lat' dir='ltr'><strong>saepe</strong></span> <span class='ocrx_word' id='word_1_504' title='bbox 2063 3526 2204 3583; x_wconf 88' lang='lat' dir='ltr'><strong>male</strong></span> <span class='ocrx_word' id='word_1_505' title='bbox 2305 3540 2493 3589; x_wconf 87' lang='lat' dir='ltr'><strong>sancta</strong></span> <span class='ocrx_word' id='word_1_506' title='bbox 2522 3528 2798 3603; x_wconf 90' lang='lat' dir='ltr'><strong>Scriptura</strong></span> <span class='ocrx_word' id='word_1_507' title='bbox 2823 3538 2875 3587; x_wconf 90' lang='lat' dir='ltr'><strong>et</strong></span> <span class='ocrx_word' id='word_1_508' title='bbox 2900 3529 3078 3585; x_wconf 88' lang='lat' dir='ltr'><strong>omnis</strong></span> <span class='ocrx_word' id='word_1_509' title='bbox 3102 3527 3292 3598; x_wconf 86' lang='lat' dir='ltr'><strong>gloria,</strong></span> <span class='ocrx_word' id='word_1_510' title='bbox 3315 3538 3371 3584; x_wconf 90' lang='lat' dir='ltr'><strong>et</strong></span> <span class='ocrx_word' id='word_1_511' title='bbox 3407 3527 3583 3583; x_wconf 85' lang='lat' dir='ltr'><strong>omnis</strong></span> <span class='ocrx_word' id='word_1_512' title='bbox 3617 3524 3808 3595; x_wconf 79' lang='lat' dir='ltr'><strong>dignius.</strong></span> 
     </span>
    </p>
   </div>
   <div class='ocr_carea' id='block_1_67' title="bbox 623 3612 3811 3679">
    <p class='ocr_par' dir='ltr' id='par_1_67' title="bbox 623 3612 3811 3679">
     <span class='ocr_line' id='line_1_67' title="bbox 623 3612 3811 3679; baseline -0.005 0"><span class='ocrx_word' id='word_1_513' title='bbox 623 3614 873 3670; x_wconf 68' lang='grc' dir='ltr'><strong>ἷίιεὶθηάο</strong></span> <span class='ocrx_word' id='word_1_514' title='bbox 900 3612 1259 3671; x_wconf 69' lang='grc' dir='ltr'><strong>οσθηάθνιιηι-</strong></span> <span class='ocrx_word' id='word_1_515' title='bbox 2376 3624 2542 3679; x_wconf 86' lang='lat' dir='ltr'><strong>Vens.</strong></span> <span class='ocrx_word' id='word_1_516' title='bbox 2568 3621 2622 3676; x_wconf 72' lang='grc'><strong>4.</strong></span> <span class='ocrx_word' id='word_1_517' title='bbox 2643 3652 2714 3663; x_wconf 93' lang='lat'><strong>—</strong></span> <span class='ocrx_word' id='word_1_518' title='bbox 2740 3622 2784 3676; x_wconf 84' lang='grc' dir='ltr'><em>Α</em></span> <span class='ocrx_word' id='word_1_519' title='bbox 2809 3620 3020 3676; x_wconf 73' lang='lat' dir='ltr'><strong>sa&#39;culo.</strong></span> <span class='ocrx_word' id='word_1_520' title='bbox 3053 3619 3189 3675; x_wconf 78' lang='lat' dir='ltr'><strong>Hinc</strong></span> <span class='ocrx_word' id='word_1_521' title='bbox 3213 3618 3411 3674; x_wconf 88' lang='lat' dir='ltr'><strong>Paulus</strong></span> <span class='ocrx_word' id='word_1_522' title='bbox 3459 3618 3527 3673; x_wconf 91' lang='lat' dir='ltr'><strong>ad</strong></span> <span class='ocrx_word' id='word_1_523' title='bbox 3571 3612 3811 3672; x_wconf 85' lang='lat' dir='ltr'><strong>Corinthios</strong></span> 
     </span>
    </p>
   </div>
   <div class='ocr_carea' id='block_1_68' title="bbox 697 3702 3809 3780">
    <p class='ocr_par' dir='ltr' id='par_1_68' title="bbox 697 3702 3809 3780">
     <span class='ocr_line' id='line_1_68' title="bbox 697 3702 3809 3780; baseline -0 -21"><span class='ocrx_word' id='word_1_524' title='bbox 697 3705 860 3761; x_wconf 82' lang='lat' dir='ltr'><strong>Vens.</strong></span> <span class='ocrx_word' id='word_1_525' title='bbox 903 3706 988 3760; x_wconf 84' lang='grc'><strong>11.</strong></span> <span class='ocrx_word' id='word_1_526' title='bbox 1019 3735 1090 3745; x_wconf 93' lang='grc'><strong><em>-</em></strong></span> <span class='ocrx_word' id='word_1_527' title='bbox 1116 3702 1306 3775; x_wconf 79' lang='lat' dir='ltr'><strong>Moysi.</strong></span> <span class='ocrx_word' id='word_1_528' title='bbox 1350 3702 1485 3772; x_wconf 89' lang='lat' dir='ltr'><strong>Quia</strong></span> <span class='ocrx_word' id='word_1_529' title='bbox 1522 3721 1627 3761; x_wconf 89' lang='lat' dir='ltr'><strong>non</strong></span> <span class='ocrx_word' id='word_1_530' title='bbox 1667 3712 1751 3762; x_wconf 90' lang='lat' dir='ltr'><strong>est</strong></span> <span class='ocrx_word' id='word_1_531' title='bbox 1783 3704 1921 3761; x_wconf 89' lang='lat' dir='ltr'><strong>alius</strong></span> <span class='ocrx_word' id='word_1_532' title='bbox 1958 3706 2049 3777; x_wconf 93' lang='lat' dir='ltr'><strong>qui</strong></span> <span class='ocrx_word' id='word_1_533' title='bbox 2084 3716 2207 3762; x_wconf 90' lang='lat' dir='ltr'><strong>orat</strong></span> <span class='ocrx_word' id='word_1_534' title='bbox 2306 3716 2672 3775; x_wconf 78' lang='lat' dir='ltr'><strong>testimonium</strong></span> <span class='ocrx_word' id='word_1_535' title='bbox 2701 3714 2885 3780; x_wconf 86' lang='lat' dir='ltr'><strong>sumit,</strong></span> <span class='ocrx_word' id='word_1_536' title='bbox 2911 3728 3016 3768; x_wconf 86' lang='lat' dir='ltr'><strong>non</strong></span> <span class='ocrx_word' id='word_1_537' title='bbox 3037 3712 3263 3768; x_wconf 87' lang='lat' dir='ltr'><strong>verbum</strong></span> <span class='ocrx_word' id='word_1_538' title='bbox 3287 3726 3355 3768; x_wconf 87' lang='lat' dir='ltr'><strong>ex</strong></span> <span class='ocrx_word' id='word_1_539' title='bbox 3380 3710 3570 3775; x_wconf 88' lang='lat' dir='ltr'><strong>verbo,</strong></span> <span class='ocrx_word' id='word_1_540' title='bbox 3614 3706 3692 3762; x_wconf 87' lang='lat' dir='ltr'><strong>sed</strong></span> <span class='ocrx_word' id='word_1_541' title='bbox 3723 3716 3809 3758; x_wconf 75' lang='lat' dir='ltr'><strong>sat-</strong></span> 
     </span>
    </p>
   </div>
   <div class='ocr_carea' id='block_1_69' title="bbox 622 3787 3808 3878">
    <p class='ocr_par' dir='ltr' id='par_1_69' title="bbox 622 3787 3808 3878">
     <span class='ocr_line' id='line_1_69' title="bbox 622 3787 3808 3878; baseline -0.003 -24"><span class='ocrx_word' id='word_1_542' title='bbox 622 3814 722 3870; x_wconf 91' lang='lat' dir='ltr'><strong>pro</strong></span> <span class='ocrx_word' id='word_1_543' title='bbox 747 3796 844 3853; x_wconf 88' lang='lat' dir='ltr'><strong>eis.</strong></span> <span class='ocrx_word' id='word_1_544' title='bbox 876 3794 976 3855; x_wconf 87' lang='lat' dir='ltr'><strong>Ubi</strong></span> <span class='ocrx_word' id='word_1_545' title='bbox 1002 3806 1097 3862; x_wconf 90' lang='lat' dir='ltr'><strong>est,</strong></span> <span class='ocrx_word' id='word_1_546' title='bbox 1125 3806 1232 3852; x_wconf 90' lang='lat' dir='ltr'><strong>etc.</strong></span> <span class='ocrx_word' id='word_1_547' title='bbox 1265 3796 1533 3866; x_wconf 90' lang='lat' dir='ltr'><strong>Propheta</strong></span> <span class='ocrx_word' id='word_1_548' title='bbox 1561 3799 1748 3853; x_wconf 86' lang='lat' dir='ltr'><strong>videns</strong></span> <span class='ocrx_word' id='word_1_549' title='bbox 1791 3798 1973 3869; x_wconf 92' lang='lat' dir='ltr'><strong>populi</strong></span> <span class='ocrx_word' id='word_1_550' title='bbox 2001 3799 2083 3854; x_wconf 91' lang='lat' dir='ltr'><strong>sui</strong></span> <span class='ocrx_word' id='word_1_551' title='bbox 2112 3798 2201 3855; x_wconf 65' lang='grc' dir='ltr'><strong>οι».</strong></span> <span class='ocrx_word' id='word_1_552' title='bbox 2309 3825 2427 3867; x_wconf 74' lang='lat' dir='ltr'><strong>sum</strong></span> <span class='ocrx_word' id='word_1_553' title='bbox 2453 3807 2783 3878; x_wconf 66' lang='lat' dir='ltr'><strong>exprimens,</strong></span> <span class='ocrx_word' id='word_1_554' title='bbox 2812 3803 3032 3860; x_wconf 61' lang='lat' dir='ltr'><strong>oculus.</strong></span> <span class='ocrx_word' id='word_1_555' title='bbox 3086 3802 3223 3870; x_wconf 72' lang='lat' dir='ltr'><strong>Quia</strong></span> <span class='ocrx_word' id='word_1_556' title='bbox 3270 3815 3379 3856; x_wconf 77' lang='lat' dir='ltr'><strong>non</strong></span> <span class='ocrx_word' id='word_1_557' title='bbox 3417 3806 3505 3856; x_wconf 68' lang='lat' dir='ltr'><strong>est</strong></span> <span class='ocrx_word' id='word_1_558' title='bbox 3550 3810 3718 3866; x_wconf 79' lang='lat' dir='ltr'><strong>corpus</strong></span> <span class='ocrx_word' id='word_1_559' title='bbox 3749 3787 3808 3844; x_wconf 84' lang='lat' dir='ltr'><strong>vel</strong></span> 
     </span>
    </p>
   </div>
   <div class='ocr_carea' id='block_1_70' title="bbox 618 3886 3806 3971">
    <p class='ocr_par' dir='ltr' id='par_1_70' title="bbox 618 3886 3806 3971">
     <span class='ocr_line' id='line_1_70' title="bbox 618 3886 3806 3971; baseline -0.003 -27"><span class='ocrx_word' id='word_1_560' title='bbox 618 3889 930 3959; x_wconf 86' lang='lat' dir='ltr'><strong>jectionem,</strong></span> <span class='ocrx_word' id='word_1_561' title='bbox 954 3888 1228 3945; x_wconf 86' lang='lat' dir='ltr'><strong>miseriam</strong></span> <span class='ocrx_word' id='word_1_562' title='bbox 1251 3898 1306 3947; x_wconf 86' lang='lat' dir='ltr'><strong>et</strong></span> <span class='ocrx_word' id='word_1_563' title='bbox 1325 3888 1669 3946; x_wconf 79' lang='lat' dir='ltr'><strong>alliietionem</strong></span> <span class='ocrx_word' id='word_1_564' title='bbox 1694 3888 1808 3960; x_wconf 83' lang='lat' dir='ltr'><strong>jam</strong></span> <span class='ocrx_word' id='word_1_565' title='bbox 1831 3890 2205 3949; x_wconf 84' lang='lat' dir='ltr'><strong>imminentem</strong></span> <span class='ocrx_word' id='word_1_566' title='bbox 2306 3899 2475 3971; x_wconf 82' lang='lat' dir='ltr'><strong>color.</strong></span> <span class='ocrx_word' id='word_1_567' title='bbox 2506 3892 2658 3966; x_wconf 89' lang='lat' dir='ltr'><strong>Quod</strong></span> <span class='ocrx_word' id='word_1_568' title='bbox 2706 3893 2994 3966; x_wconf 83' lang='lat' dir='ltr'><strong>Apostolus</strong></span> <span class='ocrx_word' id='word_1_569' title='bbox 3038 3892 3192 3964; x_wconf 92' lang='lat' dir='ltr'><strong>ponit</strong></span> <span class='ocrx_word' id='word_1_570' title='bbox 3241 3891 3296 3946; x_wconf 89' lang='lat' dir='ltr'><strong>in</strong></span> <span class='ocrx_word' id='word_1_571' title='bbox 3334 3905 3434 3946; x_wconf 87' lang='lat' dir='ltr'><strong>cor</strong></span> <span class='ocrx_word' id='word_1_572' title='bbox 3482 3886 3694 3945; x_wconf 88' lang='lat' dir='ltr'><strong>hominis</strong></span> <span class='ocrx_word' id='word_1_573' title='bbox 3734 3896 3806 3936; x_wconf 89' lang='lat' dir='ltr'><strong>non</strong></span> 
     </span>
    </p>
   </div>
   <div class='ocr_carea' id='block_1_71' title="bbox 624 3983 2204 4057">
    <p class='ocr_par' dir='ltr' id='par_1_71' title="bbox 624 3983 2204 4057">
     <span class='ocr_line' id='line_1_71' title="bbox 624 3983 2204 4057; baseline 0.004 -20"><span class='ocrx_word' id='word_1_574' title='bbox 624 3991 843 4056; x_wconf 86' lang='lat' dir='ltr'><strong>propter</strong></span> <span class='ocrx_word' id='word_1_575' title='bbox 870 3983 989 4038; x_wconf 86' lang='lat' dir='ltr'><strong>Filii</strong></span> <span class='ocrx_word' id='word_1_576' title='bbox 1012 3985 1106 4039; x_wconf 89' lang='lat' dir='ltr'><strong>Dei</strong></span> <span class='ocrx_word' id='word_1_577' title='bbox 1133 3987 1470 4057; x_wconf 87' lang='lat' dir='ltr'><strong>negationem</strong></span> <span class='ocrx_word' id='word_1_578' title='bbox 1489 4028 1505 4053; x_wconf 94' lang='lat'><strong>,</strong></span> <span class='ocrx_word' id='word_1_579' title='bbox 1531 3987 1865 4043; x_wconf 87' lang='lat' dir='ltr'><strong>condolendo</strong></span> <span class='ocrx_word' id='word_1_580' title='bbox 1894 3989 2166 4044; x_wconf 87' lang='lat' dir='ltr'><strong>exclamat</strong></span> <span class='ocrx_word' id='word_1_581' title='bbox 2186 4029 2204 4055; x_wconf 93' lang='lat'><strong>,</strong></span> 
     </span>
    </p>
   </div>
   <div class='ocr_carea' id='block_1_72' title="bbox 624 4072 2203 4150">
    <p class='ocr_par' dir='ltr' id='par_1_72' title="bbox 624 4072 2203 4150">
     <span class='ocr_line' id='line_1_72' title="bbox 624 4072 2203 4150; baseline 0.003 -18"><span class='ocrx_word' id='word_1_582' title='bbox 624 4075 841 4133; x_wconf 88' lang='lat' dir='ltr'><strong>dicens:</strong></span> <span class='ocrx_word' id='word_1_583' title='bbox 859 4072 960 4130; x_wconf 82' lang='lat' dir='ltr'><strong>Ubi</strong></span> <span class='ocrx_word' id='word_1_584' title='bbox 974 4084 1046 4130; x_wconf 88' lang='lat' dir='ltr'><strong>est</strong></span> <span class='ocrx_word' id='word_1_585' title='bbox 1062 4076 1087 4129; x_wconf 69' lang='lat'><strong>.9</strong></span> <span class='ocrx_word' id='word_1_586' title='bbox 1105 4075 1259 4146; x_wconf 88' lang='lat' dir='ltr'><strong>quasi</strong></span> <span class='ocrx_word' id='word_1_587' title='bbox 1278 4077 1422 4133; x_wconf 86' lang='lat' dir='ltr'><strong>dicat</strong></span> <span class='ocrx_word' id='word_1_588' title='bbox 1438 4096 1451 4132; x_wconf 91' lang='lat'><strong>:</strong></span> <span class='ocrx_word' id='word_1_589' title='bbox 1466 4077 1762 4135; x_wconf 86' lang='lat' dir='ltr'><strong>Clementia</strong></span> <span class='ocrx_word' id='word_1_590' title='bbox 1788 4079 2203 4150; x_wconf 87' lang='lat' dir='ltr'><strong>Omnipoteutis.</strong></span> 
     </span>
    </p>
   </div>
   <div class='ocr_carea' id='block_1_73' title="bbox 627 4162 2205 4239">
    <p class='ocr_par' dir='ltr' id='par_1_73' title="bbox 627 4162 2205 4239">
     <span class='ocr_line' id='line_1_73' title="bbox 627 4162 2205 4239; baseline 0.001 -17"><span class='ocrx_word' id='word_1_591' title='bbox 627 4162 727 4222; x_wconf 86' lang='lat' dir='ltr'><strong>Ubi</strong></span> <span class='ocrx_word' id='word_1_592' title='bbox 752 4174 825 4219; x_wconf 88' lang='lat' dir='ltr'><strong>est</strong></span> <span class='ocrx_word' id='word_1_593' title='bbox 853 4165 942 4236; x_wconf 88' lang='lat' dir='ltr'><strong>qui</strong></span> <span class='ocrx_word' id='word_1_594' title='bbox 955 4165 1126 4236; x_wconf 87' lang='lat' dir='ltr'><strong>posuit</strong></span> <span class='ocrx_word' id='word_1_595' title='bbox 1147 4166 1172 4219; x_wconf 74' lang='lat'><strong>2’</strong></span> <span class='ocrx_word' id='word_1_596' title='bbox 1190 4164 1357 4237; x_wconf 80' lang='lat' dir='ltr'><strong>Moysi</strong></span> <span class='ocrx_word' id='word_1_597' title='bbox 1381 4165 1606 4232; x_wconf 87' lang='lat' dir='ltr'><strong>scilicet,</strong></span> <span class='ocrx_word' id='word_1_598' title='bbox 1635 4167 1760 4238; x_wconf 87' lang='lat' dir='ltr'><strong>quia</strong></span> <span class='ocrx_word' id='word_1_599' title='bbox 1781 4178 1971 4223; x_wconf 89' lang='lat' dir='ltr'><strong>orante</strong></span> <span class='ocrx_word' id='word_1_600' title='bbox 2000 4169 2205 4239; x_wconf 83' lang='lat' dir='ltr'><strong>Moyse,</strong></span> 
     </span>
    </p>
   </div>
   <div class='ocr_carea' id='block_1_74' title="bbox 627 4254 2204 4331">
    <p class='ocr_par' dir='ltr' id='par_1_74' title="bbox 627 4254 2204 4331">
     <span class='ocr_line' id='line_1_74' title="bbox 627 4254 2204 4331; baseline 0.002 -19"><span class='ocrx_word' id='word_1_601' title='bbox 627 4254 747 4317; x_wconf 89' lang='lat' dir='ltr'><strong>tulit</strong></span> <span class='ocrx_word' id='word_1_602' title='bbox 760 4256 1015 4313; x_wconf 87' lang='lat' dir='ltr'><strong>Dominus</strong></span> <span class='ocrx_word' id='word_1_603' title='bbox 1034 4258 1101 4313; x_wconf 89' lang='lat' dir='ltr'><strong>de</strong></span> <span class='ocrx_word' id='word_1_604' title='bbox 1119 4257 1310 4329; x_wconf 77' lang='lat' dir='ltr'><strong>Spiritu</strong></span> <span class='ocrx_word' id='word_1_605' title='bbox 1332 4256 1514 4327; x_wconf 87' lang='lat' dir='ltr'><strong>ejuset</strong></span> <span class='ocrx_word' id='word_1_606' title='bbox 1534 4259 1679 4315; x_wconf 89' lang='lat' dir='ltr'><strong>dedit</strong></span> <span class='ocrx_word' id='word_1_607' title='bbox 1700 4259 2039 4331; x_wconf 85' lang='lat' dir='ltr'><strong>septuaginta</strong></span> <span class='ocrx_word' id='word_1_608' title='bbox 2052 4259 2204 4315; x_wconf 87' lang='lat' dir='ltr'><strong>viris.</strong></span> 
     </span>
    </p>
   </div>
   <div class='ocr_carea' id='block_1_75' title="bbox 696 4346 2208 4422">
    <p class='ocr_par' dir='ltr' id='par_1_75' title="bbox 696 4346 2208 4422">
     <span class='ocr_line' id='line_1_75' title="bbox 696 4346 2208 4422; baseline 0.001 -20"><span class='ocrx_word' id='word_1_609' title='bbox 696 4346 861 4402; x_wconf 84' lang='lat' dir='ltr'><strong>Vens.</strong></span> <span class='ocrx_word' id='word_1_610' title='bbox 892 4347 979 4402; x_wconf 74' lang='grc'><strong>12.</strong></span> <span class='ocrx_word' id='word_1_611' title='bbox 1009 4377 1079 4389; x_wconf 91' lang='grc'><strong><em>-</em></strong></span> <span class='ocrx_word' id='word_1_612' title='bbox 1108 4346 1211 4413; x_wconf 90' lang='lat' dir='ltr'><strong>Qui</strong></span> <span class='ocrx_word' id='word_1_613' title='bbox 1248 4348 1399 4403; x_wconf 82' lang='lat' dir='ltr'><strong>scidit</strong></span> <span class='ocrx_word' id='word_1_614' title='bbox 1439 4365 1603 4422; x_wconf 86' lang='lat' dir='ltr'><strong>aquas</strong></span> <span class='ocrx_word' id='word_1_615' title='bbox 1645 4361 1767 4405; x_wconf 88' lang='lat' dir='ltr'><strong>ante</strong></span> <span class='ocrx_word' id='word_1_616' title='bbox 1798 4364 1904 4405; x_wconf 83' lang='lat' dir='ltr'><strong>eos.</strong></span> <span class='ocrx_word' id='word_1_617' title='bbox 1945 4347 2043 4404; x_wconf 87' lang='lat' dir='ltr'><strong>Vel</strong></span> <span class='ocrx_word' id='word_1_618' title='bbox 2075 4347 2208 4404; x_wconf 90' lang='lat' dir='ltr'><strong>dici-</strong></span> 
     </span>
    </p>
   </div>
   <div class='ocr_carea' id='block_1_76' title="bbox 630 4434 2206 4509">
    <p class='ocr_par' dir='ltr' id='par_1_76' title="bbox 630 4434 2206 4509">
     <span class='ocr_line' id='line_1_76' title="bbox 630 4434 2206 4509; baseline 0.004 -21"><span class='ocrx_word' id='word_1_619' title='bbox 630 4442 738 4490; x_wconf 91' lang='lat' dir='ltr'><strong>tur.</strong></span> <span class='ocrx_word' id='word_1_620' title='bbox 769 4434 905 4491; x_wconf 89' lang='lat' dir='ltr'><strong>Cum</strong></span> <span class='ocrx_word' id='word_1_621' title='bbox 931 4435 1141 4508; x_wconf 81' lang='lat' dir='ltr'><strong>Moyses</strong></span> <span class='ocrx_word' id='word_1_622' title='bbox 1166 4452 1315 4493; x_wconf 90' lang='lat' dir='ltr'><strong>mare</strong></span> <span class='ocrx_word' id='word_1_623' title='bbox 1334 4439 1713 4509; x_wconf 87' lang='lat' dir='ltr'><strong>percussisset,</strong></span> <span class='ocrx_word' id='word_1_624' title='bbox 1739 4446 1796 4494; x_wconf 91' lang='lat' dir='ltr'><strong>et</strong></span> <span class='ocrx_word' id='word_1_625' title='bbox 1829 4439 1883 4493; x_wconf 93' lang='lat' dir='ltr'><strong>in</strong></span> <span class='ocrx_word' id='word_1_626' title='bbox 1923 4438 2206 4495; x_wconf 89' lang='lat' dir='ltr'><strong>duodecim</strong></span> 
     </span>
    </p>
   </div>
   <div class='ocr_carea' id='block_1_77' title="bbox 624 4526 2206 4604">
    <p class='ocr_par' dir='ltr' id='par_1_77' title="bbox 624 4526 2206 4604">
     <span class='ocr_line' id='line_1_77' title="bbox 624 4526 2206 4604; baseline 0.004 -22"><span class='ocrx_word' id='word_1_627' title='bbox 624 4528 743 4584; x_wconf 85' lang='lat' dir='ltr'><strong>vias</strong></span> <span class='ocrx_word' id='word_1_628' title='bbox 764 4528 1011 4585; x_wconf 86' lang='lat' dir='ltr'><strong>scidisset</strong></span> <span class='ocrx_word' id='word_1_629' title='bbox 1021 4526 1205 4586; x_wconf 89' lang='lat' dir='ltr'><strong>etaliis</strong></span> <span class='ocrx_word' id='word_1_630' title='bbox 1217 4530 1608 4598; x_wconf 71' lang='lat' dir='ltr'><strong>musitantibus,</strong></span> <span class='ocrx_word' id='word_1_631' title='bbox 1622 4532 1792 4588; x_wconf 88' lang='lat' dir='ltr'><strong>tribus</strong></span> <span class='ocrx_word' id='word_1_632' title='bbox 1811 4530 1840 4589; x_wconf 74' lang='grc' dir='ltr'>Ι</span> <span class='ocrx_word' id='word_1_633' title='bbox 1846 4531 1947 4588; x_wconf 88' lang='lat' dir='ltr'><strong>uda</strong></span> <span class='ocrx_word' id='word_1_634' title='bbox 1962 4530 2206 4604; x_wconf 88' lang='lat' dir='ltr'><strong>ingressa</strong></span> 
     </span>
    </p>
   </div>
   <div class='ocr_carea' id='block_1_78' title="bbox 606 4610 1916 4694">
    <p class='ocr_par' dir='ltr' id='par_1_78' title="bbox 606 4610 1916 4694">
     <span class='ocr_line' id='line_1_78' title="bbox 606 4610 1916 4694; baseline 0.002 -19"><span class='ocrx_word' id='word_1_635' title='bbox 606 4610 733 4684; x_wconf 82' lang='lat' dir='ltr'><strong>est,</strong></span> <span class='ocrx_word' id='word_1_636' title='bbox 772 4627 828 4677; x_wconf 92' lang='lat' dir='ltr'><strong>et</strong></span> <span class='ocrx_word' id='word_1_637' title='bbox 849 4619 920 4675; x_wconf 92' lang='lat' dir='ltr'><strong>ob</strong></span> <span class='ocrx_word' id='word_1_638' title='bbox 944 4620 1047 4676; x_wconf 86' lang='lat' dir='ltr'><strong>hoc</strong></span> <span class='ocrx_word' id='word_1_639' title='bbox 1072 4620 1223 4691; x_wconf 82' lang='lat' dir='ltr'><strong>regni</strong></span> <span class='ocrx_word' id='word_1_640' title='bbox 1257 4621 1570 4694; x_wconf 87' lang='lat' dir='ltr'><strong>dignitatem</strong></span> <span class='ocrx_word' id='word_1_641' title='bbox 1599 4622 1791 4692; x_wconf 84' lang='lat' dir='ltr'><strong>adepta</strong></span> <span class='ocrx_word' id='word_1_642' title='bbox 1813 4629 1916 4678; x_wconf 83' lang='lat' dir='ltr'><strong>est.</strong></span> 
     </span>
    </p>
   </div>
   <div class='ocr_carea' id='block_1_79' title="bbox 702 4708 2200 4783">
    <p class='ocr_par' dir='ltr' id='par_1_79' title="bbox 702 4708 2200 4783">
     <span class='ocr_line' id='line_1_79' title="bbox 702 4708 2200 4783; baseline 0.003 -18"><span class='ocrx_word' id='word_1_643' title='bbox 702 4709 864 4765; x_wconf 85' lang='lat' dir='ltr'><strong>Vens.</strong></span> <span class='ocrx_word' id='word_1_644' title='bbox 907 4709 995 4766; x_wconf 72' lang='grc'><strong>14.</strong></span> <span class='ocrx_word' id='word_1_645' title='bbox 1026 4740 1092 4751; x_wconf 90' lang='grc'><strong>-</strong></span> <span class='ocrx_word' id='word_1_646' title='bbox 1115 4710 1342 4782; x_wconf 86' lang='lat' dir='ltr'><strong>Spiritus</strong></span> <span class='ocrx_word' id='word_1_647' title='bbox 1378 4708 1611 4767; x_wconf 81' lang='lat' dir='ltr'><strong>Domini.</strong></span> <span class='ocrx_word' id='word_1_648' title='bbox 1645 4708 1914 4783; x_wconf 73' lang='lat' dir='ltr'><strong>&#39;Angelus,</strong></span> <span class='ocrx_word' id='word_1_649' title='bbox 1963 4714 2200 4782; x_wconf 89' lang='lat' dir='ltr'><strong>scilicet;</strong></span> 
     </span>
    </p>
   </div>
   <div class='ocr_carea' id='block_1_80' title="bbox 628 4802 2204 4878">
    <p class='ocr_par' dir='ltr' id='par_1_80' title="bbox 628 4802 2204 4878">
     <span class='ocr_line' id='line_1_80' title="bbox 628 4802 2204 4878; baseline 0.001 -20"><span class='ocrx_word' id='word_1_650' title='bbox 628 4802 772 4858; x_wconf 91' lang='lat' dir='ltr'><strong>unde</strong></span> <span class='ocrx_word' id='word_1_651' title='bbox 804 4820 817 4859; x_wconf 90' lang='lat'><strong>:</strong></span> <span class='ocrx_word' id='word_1_652' title='bbox 857 4802 926 4859; x_wconf 84' lang='lat' dir='ltr'><strong>Et</strong></span> <span class='ocrx_word' id='word_1_653' title='bbox 965 4804 1217 4873; x_wconf 79' lang='lat' dir='ltr'><strong>prceccdet</strong></span> <span class='ocrx_word' id='word_1_654' title='bbox 1261 4814 1311 4858; x_wconf 88' lang='lat' dir='ltr'><strong>te</strong></span> <span class='ocrx_word' id='word_1_655' title='bbox 1361 4803 1577 4876; x_wconf 87' lang='lat' dir='ltr'><strong>angelus</strong></span> <span class='ocrx_word' id='word_1_656' title='bbox 1616 4821 1760 4860; x_wconf 86' lang='lat' dir='ltr'><strong>meus</strong></span> <span class='ocrx_word' id='word_1_657' title='bbox 1803 4804 2018 4876; x_wconf 74' lang='lat' dir='ltr'><strong>(Exod.</strong></span> <span class='ocrx_word' id='word_1_658' title='bbox 2068 4803 2204 4878; x_wconf 80' lang='lat' dir='ltr'><strong>xiv).</strong></span> 
     </span>
    </p>
   </div>
   <div class='ocr_carea' id='block_1_81' title="bbox 632 4892 2096 4975">
    <p class='ocr_par' dir='ltr' id='par_1_81' title="bbox 632 4892 2096 4975">
     <span class='ocr_line' id='line_1_81' title="bbox 632 4892 2096 4975; baseline -0.001 -23"><span class='ocrx_word' id='word_1_659' title='bbox 632 4895 867 4968; x_wconf 87' lang='lat' dir='ltr'><strong>Spiritus</strong></span> <span class='ocrx_word' id='word_1_660' title='bbox 891 4892 1058 4960; x_wconf 88' lang='lat' dir='ltr'><strong>enim,</strong></span> <span class='ocrx_word' id='word_1_661' title='bbox 1088 4901 1293 4949; x_wconf 68' lang='lat' dir='ltr'><strong>natura:</strong></span> <span class='ocrx_word' id='word_1_662' title='bbox 1320 4910 1514 4951; x_wconf 87' lang='lat' dir='ltr'><strong>nomen</strong></span> <span class='ocrx_word' id='word_1_663' title='bbox 1537 4903 1641 4961; x_wconf 88' lang='lat' dir='ltr'><strong>est,</strong></span> <span class='ocrx_word' id='word_1_664' title='bbox 1672 4894 1894 4966; x_wconf 87' lang='lat' dir='ltr'><strong>angelus</strong></span> <span class='ocrx_word' id='word_1_665' title='bbox 1917 4894 2096 4975; x_wconf 76' lang='lat' dir='ltr'><strong>ollicii.</strong></span> 
     </span>
    </p>
   </div>
   <div class='ocr_carea' id='block_1_82' title="bbox 703 4986 2203 5047">
    <p class='ocr_par' dir='ltr' id='par_1_82' title="bbox 703 4986 2203 5047">
     <span class='ocr_line' id='line_1_82' title="bbox 703 4986 2203 5047; baseline 0.003 -5"><span class='ocrx_word' id='word_1_666' title='bbox 703 4986 867 5045; x_wconf 80' lang='lat' dir='ltr'><strong>Vens.</strong></span> <span class='ocrx_word' id='word_1_667' title='bbox 901 4987 985 5044; x_wconf 79' lang='lat' dir='ltr'><strong>i5.</strong></span> <span class='ocrx_word' id='word_1_668' title='bbox 1017 5017 1087 5029; x_wconf 89' lang='lat'><strong><em>—</em></strong></span> <span class='ocrx_word' id='word_1_669' title='bbox 1105 4986 1325 5045; x_wconf 79' lang='lat' dir='ltr'><strong>Attende</strong></span> <span class='ocrx_word' id='word_1_670' title='bbox 1344 4988 1408 5042; x_wconf 88' lang='lat' dir='ltr'><strong>de</strong></span> <span class='ocrx_word' id='word_1_671' title='bbox 1435 4987 1560 5044; x_wconf 71' lang='lat' dir='ltr'><strong>caelo</strong></span> <span class='ocrx_word' id='word_1_672' title='bbox 1582 4998 1630 5043; x_wconf 88' lang='lat' dir='ltr'><strong>et</strong></span> <span class='ocrx_word' id='word_1_673' title='bbox 1651 4988 1784 5043; x_wconf 78' lang='lat' dir='ltr'><strong>vide.</strong></span> <span class='ocrx_word' id='word_1_674' title='bbox 1807 4988 2064 5044; x_wconf 90' lang='lat' dir='ltr'><strong>Dominus</strong></span> <span class='ocrx_word' id='word_1_675' title='bbox 2086 4987 2203 5047; x_wconf 70' lang='lat' dir='ltr'><strong>ubiv</strong></span> 
     </span>
    </p>
   </div>
   <div class='ocr_carea' id='block_1_83' title="bbox 631 5078 2204 5152">
    <p class='ocr_par' dir='ltr' id='par_1_83' title="bbox 631 5078 2204 5152">
     <span class='ocr_line' id='line_1_83' title="bbox 631 5078 2204 5152; baseline 0.001 -16"><span class='ocrx_word' id='word_1_676' title='bbox 631 5095 738 5152; x_wconf 88' lang='lat' dir='ltr'><strong>que</strong></span> <span class='ocrx_word' id='word_1_677' title='bbox 761 5087 904 5135; x_wconf 81' lang='lat' dir='ltr'><strong>totus</strong></span> <span class='ocrx_word' id='word_1_678' title='bbox 930 5086 983 5135; x_wconf 89' lang='lat' dir='ltr'><strong>et</strong></span> <span class='ocrx_word' id='word_1_679' title='bbox 1012 5092 1225 5148; x_wconf 86' lang='lat' dir='ltr'><strong>semper</strong></span> <span class='ocrx_word' id='word_1_680' title='bbox 1251 5088 1354 5143; x_wconf 88' lang='lat' dir='ltr'><strong>est,</strong></span> <span class='ocrx_word' id='word_1_681' title='bbox 1383 5082 1525 5135; x_wconf 89' lang='lat' dir='ltr'><strong>unde</strong></span> <span class='ocrx_word' id='word_1_682' title='bbox 1552 5097 1565 5134; x_wconf 87' lang='lat'><strong>:</strong></span> <span class='ocrx_word' id='word_1_683' title='bbox 1592 5078 1787 5134; x_wconf 76' lang='lat' dir='ltr'><strong>Cwlum</strong></span> <span class='ocrx_word' id='word_1_684' title='bbox 1812 5089 1860 5135; x_wconf 85' lang='lat' dir='ltr'><strong>et</strong></span> <span class='ocrx_word' id='word_1_685' title='bbox 1888 5089 2084 5135; x_wconf 78' lang='lat' dir='ltr'><strong>terram</strong></span> <span class='ocrx_word' id='word_1_686' title='bbox 2112 5097 2204 5152; x_wconf 85' lang='lat' dir='ltr'><strong>ego</strong></span> 
     </span>
    </p>
   </div>
   <div class='ocr_carea' id='block_1_84' title="bbox 631 5168 2204 5243">
    <p class='ocr_par' dir='ltr' id='par_1_84' title="bbox 631 5168 2204 5243">
     <span class='ocr_line' id='line_1_84' title="bbox 631 5168 2204 5243; baseline 0.002 -16"><span class='ocrx_word' id='word_1_687' title='bbox 631 5169 819 5243; x_wconf 85' lang='lat' dir='ltr'><strong>impleo</strong></span> <span class='ocrx_word' id='word_1_688' title='bbox 855 5168 989 5240; x_wconf 82' lang='lat' dir='ltr'><strong>(Jer.</strong></span> <span class='ocrx_word' id='word_1_689' title='bbox 1030 5168 1208 5242; x_wconf 79' lang='lat' dir='ltr'><strong>xxiu).</strong></span> <span class='ocrx_word' id='word_1_690' title='bbox 1244 5169 1452 5226; x_wconf 90' lang='lat' dir='ltr'><strong>Dicitur</strong></span> <span class='ocrx_word' id='word_1_691' title='bbox 1502 5179 1680 5227; x_wconf 89' lang='lat' dir='ltr'><strong>tamen</strong></span> <span class='ocrx_word' id='word_1_692' title='bbox 1707 5171 1889 5231; x_wconf 84' lang='lat' dir='ltr'><strong>sedem</strong></span> <span class='ocrx_word' id='word_1_693' title='bbox 1921 5171 2125 5229; x_wconf 86' lang='lat' dir='ltr'><strong>habere</strong></span> <span class='ocrx_word' id='word_1_694' title='bbox 2148 5173 2204 5230; x_wconf 91' lang='lat' dir='ltr'><strong>in</strong></span> 
     </span>
    </p>
   </div>
   <div class='ocr_carea' id='block_1_85' title="bbox 634 5255 2201 5335">
    <p class='ocr_par' dir='ltr' id='par_1_85' title="bbox 634 5255 2201 5335">
     <span class='ocr_line' id='line_1_85' title="bbox 634 5255 2201 5335; baseline 0.001 -19"><span class='ocrx_word' id='word_1_695' title='bbox 634 5260 801 5325; x_wconf 67' lang='lat' dir='ltr'><strong>caelo,</strong></span> <span class='ocrx_word' id='word_1_696' title='bbox 852 5259 1141 5315; x_wconf 87' lang='lat' dir='ltr'><strong>secundum</strong></span> <span class='ocrx_word' id='word_1_697' title='bbox 1198 5259 1377 5315; x_wconf 84' lang='lat' dir='ltr'><strong>illud:</strong></span> <span class='ocrx_word' id='word_1_698' title='bbox 1433 5255 1630 5315; x_wconf 70' lang='lat' dir='ltr'><strong>Cretum</strong></span> <span class='ocrx_word' id='word_1_699' title='bbox 1682 5259 1810 5314; x_wconf 78' lang='lat' dir='ltr'><strong>milii</strong></span> <span class='ocrx_word' id='word_1_700' title='bbox 1859 5258 2007 5315; x_wconf 77' lang='lat' dir='ltr'><strong>sedes</strong></span> <span class='ocrx_word' id='word_1_701' title='bbox 2056 5260 2201 5335; x_wconf 88' lang='lat' dir='ltr'><strong>(Isa.</strong></span> 
     </span>
    </p>
   </div>
   <div class='ocr_carea' id='block_1_86' title="bbox 636 5348 2200 5422">
    <p class='ocr_par' dir='ltr' id='par_1_86' title="bbox 636 5348 2200 5422">
     <span class='ocr_line' id='line_1_86' title="bbox 636 5348 2200 5422; baseline 0.001 -16"><span class='ocrx_word' id='word_1_702' title='bbox 636 5350 806 5419; x_wconf 67' lang='lat' dir='ltr'><strong>LXVI),</strong></span> <span class='ocrx_word' id='word_1_703' title='bbox 830 5349 954 5419; x_wconf 88' lang='lat' dir='ltr'><strong>quia</strong></span> <span class='ocrx_word' id='word_1_704' title='bbox 978 5348 1184 5405; x_wconf 88' lang='lat' dir='ltr'><strong>scilicet</strong></span> <span class='ocrx_word' id='word_1_705' title='bbox 1227 5349 1281 5404; x_wconf 90' lang='lat' dir='ltr'><strong>in</strong></span> <span class='ocrx_word' id='word_1_706' title='bbox 1317 5348 1627 5405; x_wconf 79' lang='lat' dir='ltr'><strong>coelestibus</strong></span> <span class='ocrx_word' id='word_1_707' title='bbox 1647 5350 1854 5422; x_wconf 88' lang='lat' dir='ltr'><strong>angelis</strong></span> <span class='ocrx_word' id='word_1_708' title='bbox 1878 5360 1934 5407; x_wconf 92' lang='lat' dir='ltr'><strong>et</strong></span> <span class='ocrx_word' id='word_1_709' title='bbox 1965 5351 2200 5407; x_wconf 80' lang='grc' dir='ltr'><strong>ιιοιιιὶηἰ-</strong></span> 
     </span>
    </p>
   </div>
   <div class='ocr_carea' id='block_1_87' title="bbox 636 5439 2204 5517">
    <p class='ocr_par' dir='ltr' id='par_1_87' title="bbox 636 5439 2204 5517">
     <span class='ocr_line' id='line_1_87' title="bbox 636 5439 2204 5517; baseline 0.002 -20"><span class='ocrx_word' id='word_1_710' title='bbox 636 5443 738 5497; x_wconf 86' lang='lat' dir='ltr'><strong>bus</strong></span> <span class='ocrx_word' id='word_1_711' title='bbox 771 5439 934 5510; x_wconf 84' lang='lat' dir='ltr'><strong>justis</strong></span> <span class='ocrx_word' id='word_1_712' title='bbox 959 5440 1207 5513; x_wconf 88' lang='lat' dir='ltr'><strong>(quorum</strong></span> <span class='ocrx_word' id='word_1_713' title='bbox 1237 5440 1442 5497; x_wconf 85' lang='lat' dir='ltr'><strong>scilicet</strong></span> <span class='ocrx_word' id='word_1_714' title='bbox 1475 5441 1816 5497; x_wconf 89' lang='lat' dir='ltr'><strong>conversatio</strong></span> <span class='ocrx_word' id='word_1_715' title='bbox 1839 5451 1925 5497; x_wconf 88' lang='lat' dir='ltr'><strong>est</strong></span> <span class='ocrx_word' id='word_1_716' title='bbox 1948 5442 2003 5496; x_wconf 89' lang='lat' dir='ltr'><strong>in</strong></span> <span class='ocrx_word' id='word_1_717' title='bbox 2028 5442 2204 5517; x_wconf 59' lang='lat' dir='ltr'><strong>caelis)</strong></span> 
     </span>
    </p>
   </div>
   <div class='ocr_carea' id='block_1_88' title="bbox 633 5530 2200 5603">
    <p class='ocr_par' dir='ltr' id='par_1_88' title="bbox 633 5530 2200 5603">
     <span class='ocr_line' id='line_1_88' title="bbox 633 5530 2200 5603; baseline -0.002 -13"><span class='ocrx_word' id='word_1_718' title='bbox 633 5533 753 5603; x_wconf 83' lang='lat' dir='ltr'><strong>ejus</strong></span> <span class='ocrx_word' id='word_1_719' title='bbox 782 5533 1026 5589; x_wconf 84' lang='lat' dir='ltr'><strong>voluntas</strong></span> <span class='ocrx_word' id='word_1_720' title='bbox 1064 5533 1330 5603; x_wconf 78' lang='lat' dir='ltr'><strong>praecipue</strong></span> <span class='ocrx_word' id='word_1_721' title='bbox 1368 5532 1445 5587; x_wconf 85' lang='lat' dir='ltr'><strong>ﬁt.</strong></span> <span class='ocrx_word' id='word_1_722' title='bbox 1491 5530 1589 5587; x_wconf 85' lang='lat' dir='ltr'><strong>Ubi</strong></span> <span class='ocrx_word' id='word_1_723' title='bbox 1635 5542 1711 5587; x_wconf 84' lang='lat' dir='ltr'><strong>est</strong></span> <span class='ocrx_word' id='word_1_724' title='bbox 1750 5531 1892 5587; x_wconf 79' lang='lat' dir='ltr'><strong>zelus</strong></span> <span class='ocrx_word' id='word_1_725' title='bbox 1932 5543 2072 5602; x_wconf 88' lang='lat' dir='ltr'><strong>tuus,</strong></span> <span class='ocrx_word' id='word_1_726' title='bbox 2097 5544 2200 5591; x_wconf 89' lang='lat' dir='ltr'><strong>etc.</strong></span> 
     </span>
    </p>
   </div>
   <div class='ocr_carea' id='block_1_89' title="bbox 637 5621 2201 5691">
    <p class='ocr_par' dir='ltr' id='par_1_89' title="bbox 637 5621 2201 5691">
     <span class='ocr_line' id='line_1_89' title="bbox 637 5621 2201 5691; baseline -0.001 -14"><span class='ocrx_word' id='word_1_727' title='bbox 637 5622 804 5691; x_wconf 85' lang='lat' dir='ltr'><strong>Quasi</strong></span> <span class='ocrx_word' id='word_1_728' title='bbox 843 5623 985 5678; x_wconf 87' lang='lat' dir='ltr'><strong>dicat</strong></span> <span class='ocrx_word' id='word_1_729' title='bbox 1017 5640 1030 5676; x_wconf 88' lang='lat'>:</span> <span class='ocrx_word' id='word_1_730' title='bbox 1072 5622 1205 5688; x_wconf 89' lang='lat' dir='ltr'><strong>Quia</strong></span> <span class='ocrx_word' id='word_1_731' title='bbox 1250 5621 1608 5691; x_wconf 84' lang='lat' dir='ltr'><strong>peccavimus,</strong></span> <span class='ocrx_word' id='word_1_732' title='bbox 1650 5628 1706 5676; x_wconf 84' lang='lat' dir='ltr'><strong>et</strong></span> <span class='ocrx_word' id='word_1_733' title='bbox 1745 5634 1845 5677; x_wconf 92' lang='lat' dir='ltr'><strong>nos</strong></span> <span class='ocrx_word' id='word_1_734' title='bbox 1883 5623 2061 5679; x_wconf 88' lang='lat' dir='ltr'><strong>odisse</strong></span> <span class='ocrx_word' id='word_1_735' title='bbox 2092 5635 2201 5677; x_wconf 77' lang='lat' dir='ltr'><strong>cte-</strong></span> 
     </span>
    </p>
   </div>
   <div class='ocr_carea' id='block_1_90' title="bbox 637 5711 2199 5787">
    <p class='ocr_par' dir='ltr' id='par_1_90' title="bbox 637 5711 2199 5787">
     <span class='ocr_line' id='line_1_90' title="bbox 637 5711 2199 5787; baseline -0.001 -18"><span class='ocrx_word' id='word_1_736' title='bbox 637 5714 788 5787; x_wconf 87' lang='lat' dir='ltr'><strong>pisti,</strong></span> <span class='ocrx_word' id='word_1_737' title='bbox 807 5712 1030 5769; x_wconf 88' lang='lat' dir='ltr'><strong>recessit</strong></span> <span class='ocrx_word' id='word_1_738' title='bbox 1046 5711 1193 5768; x_wconf 83' lang='lat' dir='ltr'><strong>zelus</strong></span> <span class='ocrx_word' id='word_1_739' title='bbox 1217 5720 1339 5767; x_wconf 91' lang='lat' dir='ltr'><strong>tuus</strong></span> <span class='ocrx_word' id='word_1_740' title='bbox 1368 5732 1380 5767; x_wconf 86' lang='lat'><strong>:</strong></span> <span class='ocrx_word' id='word_1_741' title='bbox 1412 5728 1522 5782; x_wconf 89' lang='lat' dir='ltr'><strong>quo</strong></span> <span class='ocrx_word' id='word_1_742' title='bbox 1543 5712 1827 5771; x_wconf 86' lang='lat' dir='ltr'><strong>recedente</strong></span> <span class='ocrx_word' id='word_1_743' title='bbox 1850 5715 2066 5772; x_wconf 88' lang='lat' dir='ltr'><strong>recessit</strong></span> <span class='ocrx_word' id='word_1_744' title='bbox 2092 5712 2199 5768; x_wconf 79' lang='lat' dir='ltr'><strong>lor-</strong></span> 
     </span>
    </p>
   </div>
   <div class='ocr_carea' id='block_1_91' title="bbox 639 5801 2197 5875">
    <p class='ocr_par' dir='ltr' id='par_1_91' title="bbox 639 5801 2197 5875">
     <span class='ocr_line' id='line_1_91' title="bbox 639 5801 2197 5875; baseline -0.001 -16"><span class='ocrx_word' id='word_1_745' title='bbox 639 5805 838 5871; x_wconf 86' lang='lat' dir='ltr'><strong>titudo,</strong></span> <span class='ocrx_word' id='word_1_746' title='bbox 873 5813 925 5859; x_wconf 89' lang='lat' dir='ltr'><strong>et</strong></span> <span class='ocrx_word' id='word_1_747' title='bbox 963 5810 1307 5875; x_wconf 85' lang='lat' dir='ltr'><strong>paternorum</strong></span> <span class='ocrx_word' id='word_1_748' title='bbox 1336 5801 1598 5858; x_wconf 89' lang='lat' dir='ltr'><strong>viscerum</strong></span> <span class='ocrx_word' id='word_1_749' title='bbox 1629 5814 1915 5875; x_wconf 88' lang='lat' dir='ltr'><strong>superatur</strong></span> <span class='ocrx_word' id='word_1_750' title='bbox 1957 5801 2197 5858; x_wconf 84' lang='lat' dir='ltr'><strong>ali&#39;ectus.</strong></span> 
     </span>
    </p>
   </div>
   <div class='ocr_carea' id='block_1_92' title="bbox 2307 3975 3808 4057">
    <p class='ocr_par' dir='ltr' id='par_1_92' title="bbox 2307 3975 3808 4057">
     <span class='ocr_line' id='line_1_92' title="bbox 2307 3975 3808 4057; baseline -0.014 -13"><span class='ocrx_word' id='word_1_751' title='bbox 2307 3988 2570 4052; x_wconf 87' lang='lat' dir='ltr'><strong>ascendit,</strong></span> <span class='ocrx_word' id='word_1_752' title='bbox 2594 3988 2719 4057; x_wconf 87' lang='lat' dir='ltr'><strong>quia</strong></span> <span class='ocrx_word' id='word_1_753' title='bbox 2745 3985 2938 4055; x_wconf 86' lang='lat' dir='ltr'><strong>majus,</strong></span> <span class='ocrx_word' id='word_1_754' title='bbox 2974 3993 3030 4041; x_wconf 88' lang='lat' dir='ltr'><strong>et</strong></span> <span class='ocrx_word' id='word_1_755' title='bbox 3052 3999 3148 4040; x_wconf 91' lang='lat' dir='ltr'><strong>cor</strong></span> <span class='ocrx_word' id='word_1_756' title='bbox 3166 3982 3321 4038; x_wconf 90' lang='lat' dir='ltr'><strong>debet</strong></span> <span class='ocrx_word' id='word_1_757' title='bbox 3346 3981 3475 4037; x_wconf 90' lang='lat' dir='ltr'><strong>illuc</strong></span> <span class='ocrx_word' id='word_1_758' title='bbox 3504 3977 3665 4049; x_wconf 85' lang='lat' dir='ltr'><strong>dirigi.</strong></span> <span class='ocrx_word' id='word_1_759' title='bbox 3690 3975 3808 4029; x_wconf 81' lang='lat' dir='ltr'><strong>Para-</strong></span> 
     </span>
    </p>
   </div>
   <div class='ocr_carea' id='block_1_93' title="bbox 2306 4070 3806 4147">
    <p class='ocr_par' dir='ltr' id='par_1_93' title="bbox 2306 4070 3806 4147">
     <span class='ocr_line' id='line_1_93' title="bbox 2306 4070 3806 4147; baseline -0.013 -12"><span class='ocrx_word' id='word_1_760' title='bbox 2306 4080 2386 4134; x_wconf 89' lang='lat' dir='ltr'><strong>vit</strong></span> <span class='ocrx_word' id='word_1_761' title='bbox 2414 4079 2555 4134; x_wconf 88' lang='lat' dir='ltr'><strong>enim</strong></span> <span class='ocrx_word' id='word_1_762' title='bbox 2580 4078 2813 4147; x_wconf 89' lang='lat' dir='ltr'><strong>seipsum</strong></span> <span class='ocrx_word' id='word_1_763' title='bbox 2844 4073 3201 4145; x_wconf 88' lang='lat' dir='ltr'><strong>cognitionem</strong></span> <span class='ocrx_word' id='word_1_764' title='bbox 3226 4071 3329 4136; x_wconf 86' lang='lat' dir='ltr'><strong>sui,</strong></span> <span class='ocrx_word' id='word_1_765' title='bbox 3366 4070 3701 4143; x_wconf 84' lang='lat' dir='ltr'><strong>cognitionem</strong></span> <span class='ocrx_word' id='word_1_766' title='bbox 3720 4075 3806 4117; x_wconf 78' lang='lat' dir='ltr'><strong>san-</strong></span> 
     </span>
    </p>
   </div>
   <div class='ocr_carea' id='block_1_94' title="bbox 2307 4159 3805 4233">
    <p class='ocr_par' dir='ltr' id='par_1_94' title="bbox 2307 4159 3805 4233">
     <span class='ocr_line' id='line_1_94' title="bbox 2307 4159 3805 4233; baseline -0.011 -8"><span class='ocrx_word' id='word_1_767' title='bbox 2307 4179 2409 4225; x_wconf 82' lang='lat' dir='ltr'><strong>ctae</strong></span> <span class='ocrx_word' id='word_1_768' title='bbox 2444 4169 2757 4233; x_wconf 87' lang='lat' dir='ltr'><strong>Trinitatis;</strong></span> <span class='ocrx_word' id='word_1_769' title='bbox 2794 4165 2976 4220; x_wconf 88' lang='lat' dir='ltr'><strong>unde:</strong></span> <span class='ocrx_word' id='word_1_770' title='bbox 3005 4161 3132 4217; x_wconf 72' lang='lat' dir='ltr'><strong>Hice</strong></span> <span class='ocrx_word' id='word_1_771' title='bbox 3160 4171 3237 4217; x_wconf 90' lang='lat' dir='ltr'><strong>est</strong></span> <span class='ocrx_word' id='word_1_772' title='bbox 3270 4159 3377 4216; x_wconf 81' lang='lat' dir='ltr'><strong>vita</strong></span> <span class='ocrx_word' id='word_1_773' title='bbox 3428 4170 3632 4222; x_wconf 68' lang='lat' dir='ltr'><strong>istem,</strong></span> <span class='ocrx_word' id='word_1_774' title='bbox 3673 4164 3717 4207; x_wconf 79' lang='lat' dir='ltr'><strong>ut</strong></span> <span class='ocrx_word' id='word_1_775' title='bbox 3748 4166 3805 4203; x_wconf 77' lang='lat' dir='ltr'><strong>c0-</strong></span> 
     </span>
    </p>
   </div>
   <div class='ocr_carea' id='block_1_95' title="bbox 2306 4238 3806 4330">
    <p class='ocr_par' dir='ltr' id='par_1_95' title="bbox 2306 4238 3806 4330">
     <span class='ocr_line' id='line_1_95' title="bbox 2306 4238 3806 4330; baseline -0.015 -14"><span class='ocrx_word' id='word_1_776' title='bbox 2306 4269 2556 4330; x_wconf 81' lang='lat' dir='ltr'><strong>gnoscant</strong></span> <span class='ocrx_word' id='word_1_777' title='bbox 2584 4269 2633 4313; x_wconf 85' lang='lat' dir='ltr'><strong>te</strong></span> <span class='ocrx_word' id='word_1_778' title='bbox 2652 4272 2828 4312; x_wconf 88' lang='lat' dir='ltr'><strong>verum</strong></span> <span class='ocrx_word' id='word_1_779' title='bbox 2851 4255 3019 4310; x_wconf 86' lang='lat' dir='ltr'><strong>Deum</strong></span> <span class='ocrx_word' id='word_1_780' title='bbox 3040 4262 3088 4309; x_wconf 89' lang='lat' dir='ltr'><strong>et</strong></span> <span class='ocrx_word' id='word_1_781' title='bbox 3124 4269 3276 4323; x_wconf 87' lang='lat' dir='ltr'><strong>quem</strong></span> <span class='ocrx_word' id='word_1_782' title='bbox 3298 4251 3489 4307; x_wconf 87' lang='lat' dir='ltr'><strong>misisti</strong></span> <span class='ocrx_word' id='word_1_783' title='bbox 3514 4247 3677 4303; x_wconf 74' lang='lat' dir='ltr'><strong>Iesum</strong></span> <span class='ocrx_word' id='word_1_784' title='bbox 3701 4238 3806 4330; x_wconf 73' lang='lat' dir='ltr'><strong>Chri-</strong></span> 
     </span>
    </p>
   </div>
   <div class='ocr_carea' id='block_1_96' title="bbox 2306 4328 3804 4422">
    <p class='ocr_par' dir='ltr' id='par_1_96' title="bbox 2306 4328 3804 4422">
     <span class='ocr_line' id='line_1_96' title="bbox 2306 4328 3804 4422; baseline -0.012 -15"><span class='ocrx_word' id='word_1_785' title='bbox 2306 4328 2444 4409; x_wconf 82' lang='lat' dir='ltr'><strong>stum</strong></span> <span class='ocrx_word' id='word_1_786' title='bbox 2473 4350 2652 4422; x_wconf 80' lang='lat' dir='ltr'><strong>(Joan.</strong></span> <span class='ocrx_word' id='word_1_787' title='bbox 2678 4347 2829 4419; x_wconf 87' lang='lat' dir='ltr'><strong>xvu).</strong></span> <span class='ocrx_word' id='word_1_788' title='bbox 2858 4345 3012 4401; x_wconf 84' lang='lat' dir='ltr'><strong>Hunc</strong></span> <span class='ocrx_word' id='word_1_789' title='bbox 3048 4359 3207 4400; x_wconf 90' lang='lat' dir='ltr'><strong>nemo</strong></span> <span class='ocrx_word' id='word_1_790' title='bbox 3244 4349 3421 4414; x_wconf 86' lang='lat' dir='ltr'><strong>potest</strong></span> <span class='ocrx_word' id='word_1_791' title='bbox 3468 4340 3668 4399; x_wconf 88' lang='lat' dir='ltr'><strong>videre;</strong></span> <span class='ocrx_word' id='word_1_792' title='bbox 3707 4328 3804 4384; x_wconf 70' lang='lat' dir='ltr'><strong>unde</strong></span> 
     </span>
    </p>
   </div>
   <div class='ocr_carea' id='block_1_97' title="bbox 2308 4432 3542 4507">
    <p class='ocr_par' dir='ltr' id='par_1_97' title="bbox 2308 4432 3542 4507">
     <span class='ocr_line' id='line_1_97' title="bbox 2308 4432 3542 4507; baseline -0.01 -8"><span class='ocrx_word' id='word_1_793' title='bbox 2308 4443 2437 4500; x_wconf 90' lang='lat' dir='ltr'><strong>illud</strong></span> <span class='ocrx_word' id='word_1_794' title='bbox 2462 4460 2476 4496; x_wconf 88' lang='lat'><strong>:</strong></span> <span class='ocrx_word' id='word_1_795' title='bbox 2502 4440 2667 4495; x_wconf 87' lang='lat' dir='ltr'><strong>Deum</strong></span> <span class='ocrx_word' id='word_1_796' title='bbox 2699 4455 2847 4493; x_wconf 88' lang='lat' dir='ltr'><strong>nemo</strong></span> <span class='ocrx_word' id='word_1_797' title='bbox 2870 4437 2994 4493; x_wconf 81' lang='lat' dir='ltr'><strong>vidit</strong></span> <span class='ocrx_word' id='word_1_798' title='bbox 3014 4452 3243 4507; x_wconf 86' lang='lat' dir='ltr'><strong>unquam</strong></span> <span class='ocrx_word' id='word_1_799' title='bbox 3272 4434 3453 4505; x_wconf 84' lang='lat' dir='ltr'><strong>(Joan.</strong></span> <span class='ocrx_word' id='word_1_800' title='bbox 3482 4432 3542 4505; x_wconf 89' lang='lat' dir='ltr'><strong>I).</strong></span> 
     </span>
    </p>
   </div>
   <div class='ocr_carea' id='block_1_98' title="bbox 2383 4511 3799 4596">
    <p class='ocr_par' dir='ltr' id='par_1_98' title="bbox 2383 4511 3799 4596">
     <span class='ocr_line' id='line_1_98' title="bbox 2383 4511 3799 4596; baseline -0.011 -6"><span class='ocrx_word' id='word_1_801' title='bbox 2383 4534 2545 4591; x_wconf 87' lang='lat' dir='ltr'><strong>Vens.</strong></span> <span class='ocrx_word' id='word_1_802' title='bbox 2561 4531 2614 4587; x_wconf 83' lang='lat'><strong>5.</strong></span> <span class='ocrx_word' id='word_1_803' title='bbox 2630 4561 2701 4571; x_wconf 95' lang='lat'><strong>—</strong></span> <span class='ocrx_word' id='word_1_804' title='bbox 2718 4529 2855 4583; x_wconf 79' lang='lat' dir='ltr'><strong>Ecce</strong></span> <span class='ocrx_word' id='word_1_805' title='bbox 2873 4538 2950 4592; x_wconf 91' lang='lat' dir='ltr'><strong>tu,</strong></span> <span class='ocrx_word' id='word_1_806' title='bbox 2964 4535 3069 4583; x_wconf 90' lang='lat' dir='ltr'><strong>etc.</strong></span> <span class='ocrx_word' id='word_1_807' title='bbox 3094 4526 3150 4581; x_wconf 90' lang='lat' dir='ltr'><strong>ln</strong></span> <span class='ocrx_word' id='word_1_808' title='bbox 3172 4538 3403 4596; x_wconf 83' lang='lat' dir='ltr'><strong>persona</strong></span> <span class='ocrx_word' id='word_1_809' title='bbox 3424 4522 3642 4580; x_wconf 82' lang='lat' dir='ltr'><strong>inﬁdelis</strong></span> <span class='ocrx_word' id='word_1_810' title='bbox 3652 4511 3799 4590; x_wconf 69' lang='lat' dir='ltr'><strong>populi.</strong></span> 
     </span>
    </p>
   </div>
   <div class='ocr_carea' id='block_1_99' title="bbox 2310 4605 3799 4697">
    <p class='ocr_par' dir='ltr' id='par_1_99' title="bbox 2310 4605 3799 4697">
     <span class='ocr_line' id='line_1_99' title="bbox 2310 4605 3799 4697; baseline -0.015 -17"><span class='ocrx_word' id='word_1_811' title='bbox 2310 4624 2401 4697; x_wconf 91' lang='lat' dir='ltr'><strong>qui</strong></span> <span class='ocrx_word' id='word_1_812' title='bbox 2424 4623 2609 4679; x_wconf 90' lang='lat' dir='ltr'><strong>volens</strong></span> <span class='ocrx_word' id='word_1_813' title='bbox 2630 4618 2858 4674; x_wconf 87' lang='lat' dir='ltr'><strong>transire</strong></span> <span class='ocrx_word' id='word_1_814' title='bbox 2881 4617 2949 4672; x_wconf 91' lang='lat' dir='ltr'><strong>ad</strong></span> <span class='ocrx_word' id='word_1_815' title='bbox 2969 4615 3252 4672; x_wconf 87' lang='lat' dir='ltr'><strong>veritatem</strong></span> <span class='ocrx_word' id='word_1_816' title='bbox 3278 4612 3570 4684; x_wconf 82' lang='lat' dir='ltr'><strong>Evangelii,</strong></span> <span class='ocrx_word' id='word_1_817' title='bbox 3596 4605 3799 4697; x_wconf 67' lang='lat' dir='ltr'><strong>peniten-</strong></span> 
     </span>
    </p>
   </div>
   <div class='ocr_carea' id='block_1_100' title="bbox 2310 4695 3763 4784">
    <p class='ocr_par' dir='ltr' id='par_1_100' title="bbox 2310 4695 3763 4784">
     <span class='ocr_line' id='line_1_100' title="bbox 2310 4695 3763 4784; baseline -0.014 -14"><span class='ocrx_word' id='word_1_818' title='bbox 2310 4695 2440 4771; x_wconf 81' lang='lat' dir='ltr'><strong>tiam</strong></span> <span class='ocrx_word' id='word_1_819' title='bbox 2473 4708 2792 4784; x_wconf 62' lang='lat' dir='ltr'><strong>praeferebat</strong></span> <span class='ocrx_word' id='word_1_820' title='bbox 2815 4722 2943 4772; x_wconf 88' lang='lat' dir='ltr'><strong>ore,</strong></span> <span class='ocrx_word' id='word_1_821' title='bbox 2971 4721 3130 4777; x_wconf 86' lang='lat' dir='ltr'><strong>quam</strong></span> <span class='ocrx_word' id='word_1_822' title='bbox 3161 4721 3267 4761; x_wconf 91' lang='lat' dir='ltr'><strong>non</strong></span> <span class='ocrx_word' id='word_1_823' title='bbox 3297 4704 3525 4760; x_wconf 90' lang='lat' dir='ltr'><strong>habebat</strong></span> <span class='ocrx_word' id='word_1_824' title='bbox 3552 4703 3601 4757; x_wconf 90' lang='lat' dir='ltr'><strong>in</strong></span> <span class='ocrx_word' id='word_1_825' title='bbox 3623 4695 3763 4753; x_wconf 79' lang='lat' dir='ltr'><strong>corde.</strong></span> 
     </span>
    </p>
   </div>
   <div class='ocr_carea' id='block_1_101' title="bbox 2379 4788 3798 4866">
    <p class='ocr_par' dir='ltr' id='par_1_101' title="bbox 2379 4788 3798 4866">
     <span class='ocr_line' id='line_1_101' title="bbox 2379 4788 3798 4866; baseline -0.007 -8"><span class='ocrx_word' id='word_1_826' title='bbox 2379 4804 2544 4860; x_wconf 86' lang='lat' dir='ltr'><strong>Vens.</strong></span> <span class='ocrx_word' id='word_1_827' title='bbox 2573 4802 2700 4858; x_wconf 86' lang='grc'><strong>6.-</strong></span> <span class='ocrx_word' id='word_1_828' title='bbox 2728 4800 3089 4866; x_wconf 53' lang='lat' dir='ltr'><strong>Menstruanus,</strong></span> <span class='ocrx_word' id='word_1_829' title='bbox 3112 4809 3217 4855; x_wconf 89' lang='lat' dir='ltr'><strong>etc.</strong></span> <span class='ocrx_word' id='word_1_830' title='bbox 3240 4798 3391 4853; x_wconf 88' lang='lat' dir='ltr'><strong>Mene</strong></span> <span class='ocrx_word' id='word_1_831' title='bbox 3418 4795 3676 4856; x_wconf 79' lang='lat' dir='ltr'><strong>Hebraice,</strong></span> <span class='ocrx_word' id='word_1_832' title='bbox 3694 4788 3798 4842; x_wconf 71' lang='grc' dir='ltr'><strong>ιιιιιθ</strong></span> 
     </span>
    </p>
   </div>
   <div class='ocr_carea' id='block_1_102' title="bbox 2308 4879 3797 4960">
    <p class='ocr_par' dir='ltr' id='par_1_102' title="bbox 2308 4879 3797 4960">
     <span class='ocr_line' id='line_1_102' title="bbox 2308 4879 3797 4960; baseline -0.013 -9"><span class='ocrx_word' id='word_1_833' title='bbox 2308 4893 2541 4960; x_wconf 88' lang='lat' dir='ltr'><strong>Latine;</strong></span> <span class='ocrx_word' id='word_1_834' title='bbox 2584 4892 2725 4948; x_wconf 89' lang='lat' dir='ltr'><strong>unde</strong></span> <span class='ocrx_word' id='word_1_835' title='bbox 2777 4899 3122 4949; x_wconf 71' lang='lat' dir='ltr'><strong>mensz</strong></span> <span class='ocrx_word' id='word_1_836' title='bbox 3161 4903 3283 4959; x_wconf 68' lang='lat' dir='ltr'><strong>qua:</strong></span> <span class='ocrx_word' id='word_1_837' title='bbox 3334 4886 3556 4959; x_wconf 89' lang='lat' dir='ltr'><strong>singulis</strong></span> <span class='ocrx_word' id='word_1_838' title='bbox 3591 4879 3797 4939; x_wconf 81' lang='lat' dir='ltr'><strong>mensibus</strong></span> 
     </span>
    </p>
   </div>
   <div class='ocr_carea' id='block_1_103' title="bbox 2310 4964 3797 5055">
    <p class='ocr_par' dir='ltr' id='par_1_103' title="bbox 2310 4964 3797 5055">
     <span class='ocr_line' id='line_1_103' title="bbox 2310 4964 3797 5055; baseline -0.013 -11"><span class='ocrx_word' id='word_1_839' title='bbox 2310 4987 2482 5044; x_wconf 87' lang='lat' dir='ltr'><strong>solent</strong></span> <span class='ocrx_word' id='word_1_840' title='bbox 2500 4983 2777 5055; x_wconf 79' lang='lat' dir='ltr'><strong>sanguinis</strong></span> <span class='ocrx_word' id='word_1_841' title='bbox 2805 4983 3001 5039; x_wconf 80' lang='lat' dir='ltr'><strong>ﬂuxum</strong></span> <span class='ocrx_word' id='word_1_842' title='bbox 3029 4980 3312 5036; x_wconf 88' lang='lat' dir='ltr'><strong>sustinere.</strong></span> <span class='ocrx_word' id='word_1_843' title='bbox 3342 4978 3410 5034; x_wconf 87' lang='lat' dir='ltr'><strong>Et</strong></span> <span class='ocrx_word' id='word_1_844' title='bbox 3452 4987 3574 5034; x_wconf 90' lang='lat' dir='ltr'><strong>tunc</strong></span> <span class='ocrx_word' id='word_1_845' title='bbox 3616 4971 3700 5027; x_wconf 84' lang='lat' dir='ltr'><strong>viri</strong></span> <span class='ocrx_word' id='word_1_846' title='bbox 3735 4964 3797 5019; x_wconf 75' lang='lat' dir='ltr'><strong>ab-</strong></span> 
     </span>
    </p>
   </div>
   <div class='ocr_carea' id='block_1_104' title="bbox 2306 5068 3795 5140">
    <p class='ocr_par' dir='ltr' id='par_1_104' title="bbox 2306 5068 3795 5140">
     <span class='ocr_line' id='line_1_104' title="bbox 2306 5068 3795 5140; baseline -0.016 -5"><span class='ocrx_word' id='word_1_847' title='bbox 2306 5080 2505 5136; x_wconf 88' lang='lat' dir='ltr'><strong>stinere</strong></span> <span class='ocrx_word' id='word_1_848' title='bbox 2533 5077 2731 5133; x_wconf 87' lang='lat' dir='ltr'><strong>debent</strong></span> <span class='ocrx_word' id='word_1_849' title='bbox 2749 5076 2817 5130; x_wconf 87' lang='lat' dir='ltr'><strong>ab</strong></span> <span class='ocrx_word' id='word_1_850' title='bbox 2841 5073 2941 5130; x_wconf 88' lang='lat' dir='ltr'><strong>cis.</strong></span> <span class='ocrx_word' id='word_1_851' title='bbox 2961 5071 3111 5126; x_wconf 87' lang='lat' dir='ltr'><strong>Tunc</strong></span> <span class='ocrx_word' id='word_1_852' title='bbox 3136 5070 3280 5127; x_wconf 88' lang='lat' dir='ltr'><strong>enim</strong></span> <span class='ocrx_word' id='word_1_853' title='bbox 3310 5068 3664 5140; x_wconf 88' lang='lat' dir='ltr'><strong>concipiuntur</strong></span> <span class='ocrx_word' id='word_1_854' title='bbox 3677 5069 3795 5115; x_wconf 74' lang='lat' dir='ltr'><strong>meu-</strong></span> 
     </span>
    </p>
   </div>
   <div class='ocr_carea' id='block_1_105' title="bbox 2304 5144 3791 5231">
    <p class='ocr_par' dir='ltr' id='par_1_105' title="bbox 2304 5144 3791 5231">
     <span class='ocr_line' id='line_1_105' title="bbox 2304 5144 3791 5231; baseline -0.016 -4"><span class='ocrx_word' id='word_1_855' title='bbox 2304 5169 2418 5227; x_wconf 83' lang='lat' dir='ltr'><strong>bris</strong></span> <span class='ocrx_word' id='word_1_856' title='bbox 2456 5166 2718 5231; x_wconf 85' lang='lat' dir='ltr'><strong>damnati,</strong></span> <span class='ocrx_word' id='word_1_857' title='bbox 2769 5162 2920 5227; x_wconf 68' lang='lat' dir='ltr'><strong>caaci,</strong></span> <span class='ocrx_word' id='word_1_858' title='bbox 2961 5160 3158 5224; x_wconf 89' lang='lat' dir='ltr'><strong>claudi,</strong></span> <span class='ocrx_word' id='word_1_859' title='bbox 3188 5158 3385 5230; x_wconf 82' lang='lat' dir='ltr'><strong>leprosi</strong></span> <span class='ocrx_word' id='word_1_860' title='bbox 3427 5169 3481 5214; x_wconf 89' lang='lat' dir='ltr'><strong>et</strong></span> <span class='ocrx_word' id='word_1_861' title='bbox 3516 5144 3791 5225; x_wconf 73' lang='lat' dir='ltr'><strong>huiusmodi:</strong></span> 
     </span>
    </p>
   </div>
   <div class='ocr_carea' id='block_1_106' title="bbox 2304 5243 3794 5331">
    <p class='ocr_par' dir='ltr' id='par_1_106' title="bbox 2304 5243 3794 5331">
     <span class='ocr_line' id='line_1_106' title="bbox 2304 5243 3794 5331; baseline -0.013 -16"><span class='ocrx_word' id='word_1_862' title='bbox 2304 5267 2365 5315; x_wconf 90' lang='lat' dir='ltr'><strong>ut</strong></span> <span class='ocrx_word' id='word_1_863' title='bbox 2393 5259 2521 5329; x_wconf 85' lang='lat' dir='ltr'><strong>quia</strong></span> <span class='ocrx_word' id='word_1_864' title='bbox 2557 5265 2807 5331; x_wconf 88' lang='lat' dir='ltr'><strong>parentes</strong></span> <span class='ocrx_word' id='word_1_865' title='bbox 2846 5268 2949 5307; x_wconf 90' lang='lat' dir='ltr'><strong>non</strong></span> <span class='ocrx_word' id='word_1_866' title='bbox 3002 5250 3337 5306; x_wconf 88' lang='lat' dir='ltr'><strong>erubuerunt</strong></span> <span class='ocrx_word' id='word_1_867' title='bbox 3382 5247 3587 5304; x_wconf 86' lang='lat' dir='ltr'><strong>misceri</strong></span> <span class='ocrx_word' id='word_1_868' title='bbox 3626 5243 3670 5298; x_wconf 91' lang='lat' dir='ltr'><strong>in</strong></span> <span class='ocrx_word' id='word_1_869' title='bbox 3706 5250 3794 5293; x_wconf 73' lang='lat'><strong>009-</strong></span> 
     </span>
    </p>
   </div>
   <div class='ocr_carea' id='block_1_107' title="bbox 2302 5337 3794 5417">
    <p class='ocr_par' dir='ltr' id='par_1_107' title="bbox 2302 5337 3794 5417">
     <span class='ocr_line' id='line_1_107' title="bbox 2302 5337 3794 5417; baseline -0.018 -8"><span class='ocrx_word' id='word_1_870' title='bbox 2302 5351 2466 5417; x_wconf 81' lang='lat' dir='ltr'><strong>clavi,</strong></span> <span class='ocrx_word' id='word_1_871' title='bbox 2497 5363 2681 5405; x_wconf 85' lang='lat' dir='ltr'><strong>eorum</strong></span> <span class='ocrx_word' id='word_1_872' title='bbox 2708 5352 2926 5414; x_wconf 83' lang='lat' dir='ltr'><strong>peccata</strong></span> <span class='ocrx_word' id='word_1_873' title='bbox 2957 5347 3176 5410; x_wconf 90' lang='lat' dir='ltr'><strong>pateant</strong></span> <span class='ocrx_word' id='word_1_874' title='bbox 3201 5340 3432 5405; x_wconf 88' lang='lat' dir='ltr'><strong>cunctis,</strong></span> <span class='ocrx_word' id='word_1_875' title='bbox 3458 5346 3511 5393; x_wconf 89' lang='lat' dir='ltr'><strong>et</strong></span> <span class='ocrx_word' id='word_1_876' title='bbox 3548 5338 3704 5405; x_wconf 84' lang='lat' dir='ltr'><strong>aperte</strong></span> <span class='ocrx_word' id='word_1_877' title='bbox 3737 5337 3794 5377; x_wconf 54' lang='lat' dir='ltr'><strong>nr</strong></span> 
     </span>
    </p>
   </div>
   <div class='ocr_carea' id='block_1_108' title="bbox 2311 5419 3793 5513">
    <p class='ocr_par' dir='ltr' id='par_1_108' title="bbox 2311 5419 3793 5513">
     <span class='ocr_line' id='line_1_108' title="bbox 2311 5419 3793 5513; baseline -0.011 -19"><span class='ocrx_word' id='word_1_878' title='bbox 2311 5442 2641 5510; x_wconf 84' lang='lat' dir='ltr'><strong>darguautur</strong></span> <span class='ocrx_word' id='word_1_879' title='bbox 2669 5435 2722 5489; x_wconf 92' lang='lat' dir='ltr'><strong>in</strong></span> <span class='ocrx_word' id='word_1_880' title='bbox 2748 5429 3000 5503; x_wconf 86' lang='lat' dir='ltr'><strong>parvulis.</strong></span> <span class='ocrx_word' id='word_1_881' title='bbox 3035 5428 3253 5485; x_wconf 82' lang='lat' dir='ltr'><strong>Ventus.</strong></span> <span class='ocrx_word' id='word_1_882' title='bbox 3294 5427 3583 5487; x_wconf 85' lang='lat' dir='ltr'><strong>Commotio</strong></span> <span class='ocrx_word' id='word_1_883' title='bbox 3754 5419 3793 5513; x_wconf 63' lang='grc' dir='ltr'><strong>ιξί</strong></span> 
     </span>
    </p>
   </div>
   <div class='ocr_carea' id='block_1_109' title="bbox 2312 5503 3794 5597">
    <p class='ocr_par' dir='ltr' id='par_1_109' title="bbox 2312 5503 3794 5597">
     <span class='ocr_line' id='line_1_109' title="bbox 2312 5503 3794 5597; baseline -0.013 -14"><span class='ocrx_word' id='word_1_884' title='bbox 2312 5503 2718 5597; x_wconf 41' lang='lat' dir='ltr'><strong>ibi,vlmperavit</strong></span> <span class='ocrx_word' id='word_1_885' title='bbox 2739 5523 2899 5578; x_wconf 81' lang='lat' dir='ltr'><strong>uentis</strong></span> <span class='ocrx_word' id='word_1_886' title='bbox 2918 5531 2966 5576; x_wconf 91' lang='lat' dir='ltr'><strong>et</strong></span> <span class='ocrx_word' id='word_1_887' title='bbox 2986 5521 3122 5577; x_wconf 88' lang='lat' dir='ltr'><strong>mari</strong></span> <span class='ocrx_word' id='word_1_888' title='bbox 3158 5521 3371 5593; x_wconf 73' lang='lat' dir='ltr'><strong>(Matth.</strong></span> <span class='ocrx_word' id='word_1_889' title='bbox 3409 5522 3543 5591; x_wconf 81' lang='lat' dir='ltr'><strong>vui).</strong></span> <span class='ocrx_word' id='word_1_890' title='bbox 3592 5512 3671 5567; x_wconf 84' lang='lat' dir='ltr'><strong>Vel</strong></span> 
     </span>
    </p>
   </div>
   <div class='ocr_carea' id='block_1_110' title="bbox 2311 5594 3777 5683">
    <p class='ocr_par' dir='ltr' id='par_1_110' title="bbox 2311 5594 3777 5683">
     <span class='ocr_line' id='line_1_110' title="bbox 2311 5594 3777 5683; baseline -0.012 -9"><span class='ocrx_word' id='word_1_891' title='bbox 2311 5618 2449 5674; x_wconf 81' lang='lat' dir='ltr'><strong>ritus</strong></span> <span class='ocrx_word' id='word_1_892' title='bbox 2475 5594 2690 5672; x_wconf 82' lang='lat' dir='ltr'><strong>sanctus</strong></span> <span class='ocrx_word' id='word_1_893' title='bbox 2718 5632 2731 5667; x_wconf 92' lang='lat'><strong>:</strong></span> <span class='ocrx_word' id='word_1_894' title='bbox 2764 5612 3091 5668; x_wconf 80' lang='lat' dir='ltr'><strong>Aduenientis</strong></span> <span class='ocrx_word' id='word_1_895' title='bbox 3119 5611 3342 5683; x_wconf 87' lang='lat' dir='ltr'><strong>Spiritus</strong></span> <span class='ocrx_word' id='word_1_896' title='bbox 3378 5603 3652 5667; x_wconf 72' lang='lat' dir='ltr'><strong>vehementis</strong></span> <span class='ocrx_word' id='word_1_897' title='bbox 3692 5594 3777 5668; x_wconf 68' lang='grc' dir='ltr'><strong>(Λα</strong></span> 
     </span>
    </p>
   </div>
   <div class='ocr_carea' id='block_1_111' title="bbox 2313 5684 3787 5776">
    <p class='ocr_par' dir='ltr' id='par_1_111' title="bbox 2313 5684 3787 5776">
     <span class='ocr_line' id='line_1_111' title="bbox 2313 5684 3787 5776; baseline -0.009 -14"><span class='ocrx_word' id='word_1_898' title='bbox 2313 5710 2376 5776; x_wconf 87' lang='grc' dir='ltr'><strong>ι).</strong></span> <span class='ocrx_word' id='word_1_899' title='bbox 2416 5706 2512 5762; x_wconf 85' lang='lat' dir='ltr'><strong>Hic</strong></span> <span class='ocrx_word' id='word_1_900' title='bbox 2542 5705 2685 5761; x_wconf 88' lang='lat' dir='ltr'><strong>enim</strong></span> <span class='ocrx_word' id='word_1_901' title='bbox 2722 5701 2955 5772; x_wconf 88' lang='lat' dir='ltr'><strong>Spiritus</strong></span> <span class='ocrx_word' id='word_1_902' title='bbox 2992 5717 3093 5773; x_wconf 89' lang='lat' dir='ltr'><strong>pro</strong></span> <span class='ocrx_word' id='word_1_903' title='bbox 3134 5710 3296 5758; x_wconf 88' lang='lat' dir='ltr'><strong>vento</strong></span> <span class='ocrx_word' id='word_1_904' title='bbox 3344 5700 3549 5773; x_wconf 84' lang='lat' dir='ltr'><strong>ponitur</strong></span> <span class='ocrx_word' id='word_1_905' title='bbox 3585 5684 3787 5760; x_wconf 65' lang='lat' dir='ltr'><strong>signiﬁﬂ&#39;</strong></span> 
     </span>
    </p>
   </div>
   <div class='ocr_carea' id='block_1_112' title="bbox 2315 5779 3790 5869">
    <p class='ocr_par' dir='ltr' id='par_1_112' title="bbox 2315 5779 3790 5869">
     <span class='ocr_line' id='line_1_112' title="bbox 2315 5779 3790 5869; baseline -0.012 -12"><span class='ocrx_word' id='word_1_906' title='bbox 2315 5798 2458 5857; x_wconf 86' lang='lat' dir='ltr'><strong>tione</strong></span> <span class='ocrx_word' id='word_1_907' title='bbox 2483 5795 2712 5869; x_wconf 88' lang='lat' dir='ltr'><strong>Spiritus</strong></span> <span class='ocrx_word' id='word_1_908' title='bbox 2732 5779 2923 5850; x_wconf 70' lang='lat' dir='ltr'><strong>sancti.</strong></span> <span class='ocrx_word' id='word_1_909' title='bbox 2956 5792 3067 5861; x_wconf 90' lang='lat' dir='ltr'><strong>Vel,</strong></span> <span class='ocrx_word' id='word_1_910' title='bbox 3100 5792 3321 5851; x_wconf 87' lang='lat' dir='ltr'><strong>tentatio</strong></span> <span class='ocrx_word' id='word_1_911' title='bbox 3340 5790 3617 5849; x_wconf 79' lang='lat' dir='ltr'><strong>daemonum</strong></span> <span class='ocrx_word' id='word_1_912' title='bbox 3637 5787 3681 5837; x_wconf 71' lang='lat' dir='ltr'><strong>et</strong></span> <span class='ocrx_word' id='word_1_913' title='bbox 3709 5785 3790 5831; x_wconf 71' lang='grc'><strong>1³³³</strong></span> 
     </span>
    </p>
   </div>
   <div class='ocr_carea' id='block_1_113' title="bbox 2234 4581 2285 4642">
    <p class='ocr_par' dir='ltr' id='par_1_113' title="bbox 2234 4581 2285 4642">
     <span class='ocr_line' id='line_1_113' title="bbox 2234 4581 2285 4642; baseline 0 0"><span class='ocrx_word' id='word_1_914' title='bbox 2234 4581 2285 4642; x_wconf 91' lang='lat' dir='ltr'><strong>D</strong></span> 
     </span>
    </p>
   </div>
  </div>
