4028 6332
631 429 764 488 1311

1143 424 1531 484 WALAFRIDI
1567 426 1814 485 STRABI
1849 427 2052 484 FULD.
2090 425 2210 483 MOI

2297 422 2448 482 OPP.
2484 427 2664 484 PARS
2698 427 2740 484 1.
2774 459 2845 470 -
2881 426 3327 488 τιιεοιοριω.

3699 437 3793 498 ﬁli

630 541 748 598 Non
767 539 941 597 solum
965 540 1230 596 corruetis
1247 539 1447 610 gladio,
1477 548 1606 608 etc.,
1631 554 1793 611 usque
1809 539 1880 594 ad
1903 547 1978 606 et,
2021 537 2200 596 Satia-
2225 543 2275 601 Α
2301 538 2474 595 donec
2517 541 2703 598 multis
2742 541 3018 601 laboribus
3045 545 3294 601 Veniatur
3331 547 3400 603 ad
3440 547 3796 618 profunditatem

632 632 726 687 bur
752 646 872 685 cum
901 631 1200 700 apparuerit
1220 629 1387 700 gloria
1415 639 1529 685 tua.

703 715 868 772 Vsus.
893 716 978 771 15.
1004 746 1074 758 -
1095 716 1163 771 Et
1179 717 1454 772 dimittetis
1486 734 1675 773 nomen
1709 728 1952 774 uestrum.
1997 719 2071 776 Ut
2105 720 2204 775 ali-

633 807 726 878 qui
754 805 1078 862 allirmantes
1122 807 1343 862 dicant:
1377 805 1437 862 Si
1481 807 1640 864 aliter
1667 809 1884 876 'l‘ecero,
1929 809 2206 879 contingat

632 899 768 954 mihi
795 899 934 953 sicut
958 895 1158 964 Iudaeis
1188 897 1554 953 Romanorum
1602 898 1778 970 gladio
1831 899 2042 955 occisis.
2106 898 2203 954 Vel

635 990 712 1045 ita
737 1002 754 1043 :
778 987 909 1044 Juro
938 1003 1036 1058 per
1055 989 1242 1052 Deum,
1276 987 1332 1042 in
1365 1002 1526 1058 quem
1565 988 1694 1043 olim
1747 987 1914 1043 Judzei
1963 988 2206 1044 credide-

634 1086 779 1134 runt.
802 1078 920 1144 Vel,
953 1078 1080 1148 quia
1105 1079 1247 1132 Deus
1266 1075 1632 1145 juramentum
1661 1092 1848 1133 eorum
1886 1086 2023 1143 erat,
2058 1077 2202 1146 quod

633 1168 927 1224 Christiani
955 1169 1112 1224 modo
1139 1169 1324 1240 jurant
1367 1169 1690 1224 necessitate
1723 1168 2007 1239 compulsi,
2067 1169 2201 1224 Vivit

633 1260 890 1316 Dominus
917 1261 1142 1316 scilicet.

704 1350 774 1405 Et
795 1350 1065 1418 interﬁciet
1091 1359 1159 1405 te.
1178 1349 1348 1407 Utvel
1367 1351 1508 1407 hunc
1527 1365 1635 1406 non
1656 1351 1924 1415 habeatis,
1943 1350 2032 1420 qui
2049 1351 2199 1417 dicit,

635 1439 748 1512 Ego
773 1457 888 1496 sum
917 1443 1021 1508 eia,
1047 1442 1237 1496 ueritas
1269 1450 1316 1496 et
1347 1443 1452 1496 vita
1498 1441 1680 1513 (Joan.
1719 1441 1855 1512 xiv.)
1897 1440 2008 1497 Nec
2039 1457 2202 1498 voce-

634 1531 766 1586 mini
813 1530 1174 1596 circumcisio,
1198 1531 1292 1585 sed
1321 1530 1605 1586 conscisio.

705 1619 870 1675 Vsus.
903 1620 989 1676 16.
1015 1651 1086 1660 -
1112 1620 1251 1687 Quia
1271 1620 1536 1675 oblivioni.
1568 1621 1773 1693 (litt-zu.)
1806 1620 1878 1676 Ut
1902 1636 2008 1676 non
2039 1621 2205 1677 idolo-

633 1727 753 1766 rum
775 1711 1140 1778 meminerint,
1163 1721 1295 1778 etc.,
1318 1728 1478 1783 usque
1505 1712 1574 1765 ad
1595 1711 1843 1767 Forsitan
1865 1722 1919 1767 et
1943 1713 1998 1766 in
2021 1712 2203 1769 futuro

635 1803 877 1872 pristina:
903 1803 1331 1858 conversationis
1358 1803 1617 1858 memoria
1647 1803 1867 1857 omnino
1889 1803 2174 1858 delebitur.

2301 631 2564 701 mysbsrii,
2591 635 2733 690 sicut
2755 633 3088 704 Augustinus
3112 645 3169 693 et
3199 637 3499 709 Cyprianus
3523 650 3577 697 et
3595 642 3690 698 alii.
3715 646 3797 702 Ne-

2298 734 2397 788 que
2424 721 2676 776 occident.
2723 723 2976 794 Deposita
3003 724 3243 792 feritate,
3262 727 3341 783 vel
3388 729 3444 783 in
3485 736 3706 800 presenti
3737 738 3799 792 vel

2299 809 2356 864 in
2381 809 2584 878 futuro,
2605 820 2661 866 et
2689 811 2793 868 hoc
2811 822 2924 868 est:
2945 813 3020 883 In
3041 817 3183 870 omni
3209 827 3400 884 monte,
3427 828 3531 874 etc.
3557 819 3657 878 Hoc
3674 823 3798 883 inda"

2300 899 2588 955 carnaliter
2613 901 2903 971 accipiunt,
2923 901 3170 959 dicentes
3187 906 3330 975 quod
3354 907 3410 961 in
3446 917 3669 979 tempore
3683 911 3800 968 Clui-

2301 990 2370 1044 sti
2408 991 2490 1045 sui
2537 1000 2688 1046 tanta
2735 1008 2838 1062 pax
2879 1003 2935 1048 et
2965 996 3232 1052 securitas
3258 999 3360 1052 sibi
3408 999 3532 1062 erit,
3557 1009 3612 1054 ut
3647 1000 3733 1072 lupi
3765 1014 3804 1060 et

2301 1077 2629 1148 agni,leones
2649 1087 2703 1133 et
2716 1080 2900 1146 boves,
2915 1093 3188 1152 serpentes
3201 1092 3255 1139 et
3276 1085 3524 1140 homines
3543 1102 3806 1145 commmen-

2299 1172 2391 1218 tur
2411 1166 2614 1233 'simul,
2640 1175 2697 1222 et
2743 1170 3054 1236 comedunt,
3081 1187 3255 1242 neque
3291 1174 3370 1228 eis
3401 1185 3642 1242 noceant,
3665 1179 3736 1248 qui
3767 1181 3803 1234 in

2301 1254 2521 1325 templo,
2549 1257 2675 1312 etin
2705 1267 2891 1313 monte
2917 1269 3105 1316 sancto
3130 1262 3396 1318 habitant.
3425 1263 3504 1318 Ex
3528 1280 3628 1335 quo
3660 1269 3806 1338 colligi-

2301 1354 2390 1400 tur
2412 1348 2594 1434 ,.quod
2638 1363 2826 1404 omnes
2873 1351 2962 1404 alii
3011 1353 3340 1409 occitleutur.
3383 1354 3494 1411 Sed
3537 1357 3632 1413 hoc
3667 1359 3806 1416 falsum

2304 1454 2426 1496 esse
2445 1440 2746 1495 ostenditur
2763 1441 2848 1497 his
2870 1445 3051 1500 verbis
3082 1462 3095 1498 :
3128 1445 3259 1502 Ηιτσ
3283 1449 3410 1502 dicit
3438 1449 3676 1506 Dominus
3701 1473 3712 1508 :
3735 1455 3809 1509 Ca-

2300 1528 2406 1582 lum
2429 1529 2573 1583 sedes
2593 1546 2728 1596 mea,
2751 1539 2892 1585 terra
2912 1535 3085 1588 autem
3107 1537 3390 1592 scabellum
3411 1541 3596 1609 pedum
3618 1559 3808 1611 meorum,

2300 1627 2430 1685 etc.,
2453 1619 2556 1676 hoc
2576 1629 2756 1676 tamen
2783 1620 2951 1678 Judaei
2971 1627 3260 1683 carnaliter
3282 1631 3602 1703 intelligunt.

2867 1756 3093 1815 CAPUT
3131 1760 3319 1817 LXVI.

705 1891 873 1948 Vnus.
913 1894 1001 1949 l8.
1031 1923 1100 1934 —
1126 1892 1264 1958 Quia
1297 1909 1432 1948 ecce.
1468 1892 1547 1947 Ex
1572 1893 1774 1962 angelis
1797 1892 2006 1948 scilicet
2029 1902 2085 1948 et
2109 1893 2208 1948 ho-
2235 1876 2282 1936 Β
2380 1885 2544 1944 Vsus.
2587 1888 2639 1944 l.
2668 1919 2739 1932 --
2767 1886 2987 1946 Caelum.
3034 1893 3236 1952 Omnes
3283 1900 3462 1955 sancti
3493 1916 3699 1970 quorum
3721 1919 3812 1958 eou-

638 1981 877 2039 minibus
901 1997 1064 2038 unam
1108 1983 1426 2050 Ecclesiam,
1453 1993 1509 2040 et
1551 1983 1896 2040 exsultabant
1923 1993 1982 2040 et
2008 1985 2209 2054 gaude-

632 2074 786 2140 bunt,
804 2081 866 2128 ut
893 2086 993 2145 ego
1022 2073 1116 2144 qui
1137 2074 1321 2130 creavi
1348 2073 1630 2142 exsultem,
1655 2083 1714 2129 et
1742 2075 2005 2144 gaudeam
2031 2075 2084 2129 in
2107 2075 2208 2131 eis.

636 2162 1080 2236 Exsultationem.
1119 2162 1391 2236 Universa:
1410 2172 1584 2227 terrae,
1613 2173 1674 2218 ut
1699 2179 1820 2234 quae
1844 2174 2000 2220 vetus
2027 2165 2214 2234 unige—

635 2255 732 2310 niti
754 2262 873 2310 erat
901 2255 1170 2325 gaudium,
1199 2270 1336 2310 nova
1363 2255 1570 2310 cunctis
1590 2255 1895 2310 nationibus
1921 2255 2104 2310 laetitia
2120 2255 2208 2310 sit.

637 2346 927 2402 Gaudium.
969 2346 1122 2413 Quod
1152 2347 1234 2402 vel
1275 2355 1397 2417 post
1433 2347 1884 2402 resurrectionem
1927 2361 2213 2417 possumus

635 2435 960 2507 intelligere,
984 2436 1069 2492 vel
1085 2445 1208 2507 post
1233 2436 1560 2506 baptismum
1591 2437 1643 2491 in
1677 2435 1848 2506 prima
1863 2437 2212 2492 resurrectio-

635 2541 726 2582 ne.
771 2526 884 2582 Hoc
903 2527 970 2581 ad
995 2526 1298 2598 generalem
1330 2527 1777 2581 resurrectionem
1801 2541 1905 2595 qua
1933 2541 2122 2582 omnes
2157 2526 2212 2581 in

635 2616 874 2689 perfecta
907 2626 1066 2674 aetate
1082 2626 1384 2690 resurgent.
1419 2619 1484 2673 Et
1519 2619 1620 2674 hoc
1647 2627 1731 2674 cst
1759 2633 1774 2672 :
1801 2618 1926 2673 Non
1953 2621 2073 2686 erit,
2102 2628 2209 2676 etc.

708 2704 854 2762 Vens
881 2708 990 2762 .20.
1017 2739 1090 2748 —
1114 2707 1258 2763 Puer
1278 2718 1484 2763 centum
1509 2725 1792 2773 annorum,
1820 2718 1922 2764 etc.
1953 2709 2046 2766 Ille
2067 2710 2214 2766 scili-

642 2805 754 2861 cet,
783 2797 874 2865 qui
899 2797 1002 2850 etsi
1029 2796 1142 2863 diu,
1173 2806 1350 2852 tamen
1378 2797 1656 2868 pueriliter
1683 2798 1834 2861 vixit,
1864 2800 2106 2854 serviens
2131 2800 2210 2854 vi-

645 2889 766 2943 tiis:
794 2897 849 2942 et
869 2888 970 2943 hoc
981 2889 1202 2959 exponit
1222 2889 1300 2944 sic
1323 2889 1635 2960 Gregorius.
1656 2887 1800 2942 Puer
1819 2899 2022 2944 centum
2045 2906 2213 2944 anno-

644 2995 780 3031 rum.
839 2975 908 3031 Et
954 2987 1194 3046 peccator
1239 2989 1440 3032 centum
1489 2995 1768 3033 annorum.
1821 2979 1942 3035 Vita
1992 2980 2211 3049 quidem

643 3065 794 3136 pueri
823 3066 1042 3137 longum
1091 3067 1340 3132 trahitur,
1372 3077 1434 3122 ut
1478 3083 1506 3122 a
1534 3068 1692 3123 factis
1719 3068 2013 3139 puerilibus
2041 3070 2212 3125 corri-

644 3165 837 3227 gatur:
871 3158 965 3213 sed
989 3157 1034 3212 si
1067 3173 1096 3228 a
1124 3158 1329 3228 peccati
1357 3159 1778 3228 perpetratioue,
1811 3175 1910 3214 nec
1953 3161 2212 3230 temporis

643 3245 1441 3316 longinquitatetcompescitur,
1470 3246 1584 3302 haec
1613 3247 1726 3316 ipsa
1752 3248 1874 3302 vita:
1900 3248 2202 3323 longinqui-

644 3347 750 3398 tas,
779 3352 938 3406 quam
963 3351 1051 3408 pet
1088 3338 1515 3396 misericordiam
1559 3337 1653 3396 Dei
1676 3343 1885 3412 accepit
1907 3343 1958 3399 ei
2003 3344 2070 3398 ad
2106 3361 2208 3400 cu-

642 3429 846 3483 mulum
873 3429 1264 3485 maledictionis
1287 3431 1501 3486 crescit.

715 3515 882 3570 Vsus.
913 3516 1003 3571 2l.
1027 3547 1100 3558 —-
1125 3517 1340 3572 Domos.
1377 3517 1583 3591 (Ηιειι.)
1614 3518 1854 3577 Virtutes
1891 3537 1992 3593 pro
2017 3523 2212 3594 quibus

646 3608 701 3662 in
736 3609 1042 3664 caelestibus
1067 3611 1424 3681 requiesceut,
1451 3619 1578 3676 etc.,
1604 3629 1764 3684 usque
1788 3615 1857 3668 ad
1889 3615 2040 3671 Multi
2065 3619 2210 3673 enim

645 3699 818 3754 sancti
847 3699 1114 3755 aediﬁcant
1136 3698 1345 3767 domos,
1377 3701 1468 3756 sed
1490 3716 1596 3757 non
1626 3703 1871 3758 habitant
1901 3704 1956 3760 in
1987 3705 2087 3762 eis.

717 3785 884 3842 Vsus.
909 3788 999 3843 22.
1032 3817 1099 3829 ——
1130 3787 1427 3844 Secundum
1453 3792 1611 3846 enim.
1642 3791 1766 3866 (ιιι.)
1791 3795 1942 3850 Sicut
1966 3797 2214 3854 Christus

645 3887 776 3945 etc.,
804 3895 966 3948 usque
989 3880 1058 3932 ad
1101 3877 1323 3950 Lignum
1364 3882 1481 3936 vita:
1512 3891 1586 3936 est
1628 3882 1709 3936 his
1733 3884 1823 3955 qui
1861 3887 2213 3956 apprehende-

647 3977 770 4021 runt
797 3984 928 4031 eam,
959 3967 1184 4033 scilicet,
1210 3969 1548 4038 sapientiam,
1573 3985 1692 4040 quae
1717 3981 1800 4029 est
1834 3972 2102 4031 Christus.

717 4056 882 4112 Vsus.
921 4055 1012 4112 23.
1060 4087 1129 4097 —
1170 4056 1358 4114 Semen
1404 4060 1809 4118 benedictorum.
1842 4065 2120 4134 Apostoli,
2157 4076 2213 4124 et

649 4148 740 4204 alii
787 4149 1037 4204 doctores
1063 4148 1117 4202 in
1146 4148 1546 4220 praedicatione,
1577 4150 1662 4205 vel
1691 4151 1743 4206 in
1778 4153 1898 4210 aliis
1935 4157 2210 4225 cperibus,

647 4242 787 4297 sicut
822 4239 1020 4308 Judaei,
1068 4241 1194 4311 quia
1234 4251 1492 4297 :eternam
1539 4243 1843 4299 mercedem
1890 4248 2210 4321 percipient,

644 4332 770 4403 quia
815 4332 1013 4386 uenient
1061 4349 1180 4386 cum
1221 4332 1566 4390 exsultatione
1603 4344 1870 4407 portantes
1919 4339 2214 4411 manipulos

649 4439 771 4477 suos
798 4420 969 4492 (Psal.
1000 4423 1182 4494 cxxv).

729 4515 975 4585 Nepotes.
1047 4514 1193 4582 Quos
1262 4514 1356 4570 lilii
1405 4533 1592 4574 eorum
1645 4519 1700 4575 in
1747 4520 1850 4578 ﬁde
1892 4532 2213 4591 genuerunt,

654 4606 796 4660 sicut
822 4602 1032 4658 Marcus
1069 4603 1214 4659 Petri
1236 4605 1548 4676 discipulus,
1577 4617 1633 4663 et
1656 4607 1832 4665 Lucas
1863 4610 2011 4666 Pauli
2051 4613 2212 4668 ﬁlius.

723 4695 888 4750 Vens.
906 4695 999 4749 24.
1022 4725 1097 4738 -ρ
1123 4695 1411 4768 Antequam
1435 4699 1674 4756 clament.
1701 4701 1758 4756 ln
1784 4704 2215 4772 conturbatione,

652 4787 706 4842 in
759 4786 942 4842 dolore
985 4787 1201 4852 mentis,
1231 4789 1326 4844 sed
1367 4791 1421 4844 in
1468 4791 1662 4862 gaudio
1691 4800 1746 4847 et
1785 4793 1970 4849 laetitia
2004 4813 2017 4850 :
2051 4797 2216 4864 unde,

655 4875 807 4941 Quod
846 4875 982 4931 enim
1011 4885 1084 4929 est
1116 4878 1364 4946 gaudium
1389 4891 1639 4936 nostrum
1660 4893 1752 4937 aut
1790 4899 1983 4939 corona
2011 4885 2214 4956 gloritu,

655 4981 824 5020 nonne
854 4980 941 5020 vos
969 4963 1052 5033 (Il
1084 4963 1238 5020 Thes.
1264 4966 1323 5038 ll)
1349 4968 1374 5020 ?
1401 4979 1507 5024 etc.
2143 5007 2146 5010 λ

728 5053 890 5110 Vsus.
929 5055 1020 5110 25.
1046 5087 1118 5096 —
1145 5054 1342 5128 Lupus.
1381 5057 1560 5128 Lupus
1591 5058 1807 5129 Saulus,
1833 5063 1886 5118 id
1923 5073 2008 5120 est
2033 5080 2216 5137 perse-

657 5153 835 5209 cutor,
864 5145 930 5198 de
965 5160 1094 5216 quo,
1127 5145 1403 5216 Benjamin
1431 5147 1585 5217 lupus
1633 5168 1799 5220 rapax
1848 5151 2002 5223 (Gen.
2043 5157 2213 5228 xux).

659 5233 858 5302 Agnus.
907 5231 1007 5299 Qui
1035 5233 1240 5288 scilicet
1267 5233 1322 5288 in
1369 5237 1610 5293 candidis
1656 5241 1895 5296 vestibus
1921 5256 2219 5313 sequuntur

658 5336 856 5390 agnum
903 5337 1222 5392 quocunque
1273 5324 1437 5379 ierit:
1473 5326 1551 5382 De
1593 5331 1786 5400 quibus
1814 5331 1973 5388 Petro
1998 5335 2216 5405 dicitur,

663 5410 832 5464 Pasce
861 5427 1022 5480 agnos
1059 5428 1198 5467 meos
1245 5415 1425 5486 (Joan.
1457 5417 1609 5490 xm).
1641 5419 1709 5473 Et
1731 5421 1810 5476 leo
1849 5433 1897 5477 et
1924 5427 2014 5478 bos
2051 5443 2220 5483 come-

662 5500 807 5554 dent.
840 5499 936 5555 Vir
963 5501 1170 5556 scilicet
1193 5505 1426 5560 disertus
1451 5517 1506 5562 et
1527 5510 1928 5578 potentissimus
1948 5515 2002 5570 in
2023 5518 2219 5575 seculo

661 5601 842 5662 spreta
891 5593 1243 5665 philosophia:
1271 5596 1574 5668 eloquentia
1614 5602 1857 5657 comedet
1900 5605 2120 5674 paleas,
2166 5609 2220 5664 id

659 5689 746 5735 est
770 5681 1057 5738 utilitatem
1086 5693 1141 5739 et
1163 5686 1499 5756 superﬁciem
1526 5673 1765 5746 historiae
1790 5673 1914 5746 cum
1951 5673 2142 5764 bobus,
2167 5697 2222 5754 id

664 5778 748 5824 est
777 5773 1216 5840 praedicatoribus
1250 5776 1520 5835 Ecclesiae.
1570 5781 1692 5840 llzec
1721 5784 2007 5842 comedunt
2041 5788 2219 5849 leones

2309 1979 2544 2035 versatio
2587 1981 2642 2034 in
2673 1981 2828 2038 ctelis
2858 1991 2973 2050 est;
3014 1975 3157 2042 unde
3184 2004 3199 2041 :
3225 1987 3419 2044 Anima
3441 1991 3575 2060 justi
3614 1994 3733 2048 sedet
3762 2007 3813 2048 est

2311 2065 2428 2121 Dei.
2477 2067 2676 2124 Caelum
2709 2071 2858 2127 sedes
2897 2089 3034 2128 mea.
3085 2075 3253 2142 Quasi
3279 2078 3492 2135 diceret
3522 2098 3535 2134 :
3567 2080 3637 2136 Ne
3670 2087 3815 2152 putetis

2311 2154 2424 2210 haec
2454 2156 2520 2211 ad
2541 2156 2776 2214 litteram
2795 2175 2917 2217 esse
2941 2163 3279 2235 complenda.
3312 2166 3448 2234 Quae
3467 2179 3540 2224 est
3563 2170 3673 2225 ista.
3697 2171 3814 2238 Quasi

2311 2244 2554 2301 diceret:
2587 2247 2795 2305 Putatis
2834 2267 2921 2308 me
2969 2252 3217 2323 localem,
3246 2259 3388 2314 etin
3431 2260 3624 2331 templo
3663 2271 3816 2316 tantum

2310 2348 2638 2406 manentem,
2668 2341 2760 2396 sed
2779 2359 2896 2413 qua:
2929 2354 3005 2399 est
3032 2347 3136 2400 ista
3157 2347 3364 2415 domus,
3393 2360 3507 2405 etc.

2387 2426 2546 2483 Vsus.
2583 2429 2637 2483 2.
2660 2461 2733 2470 —
2761 2432 2843 2485 Ad
2868 2450 3042 2504 quem,
3073 2446 3180 2492 etc.
3227 2438 3427 2495 Ablato
3457 2440 3610 2495 altari
3648 2441 3818 2510 templo-

2311 2531 2417 2587 que
2446 2526 2660 2574 terreno
2681 2522 2824 2590 quod
2864 2522 3096 2579 humana
3132 2542 3325 2583 manus
3361 2532 3676 2595 construxit,
3715 2541 3818 2585 recte

2312 2604 2624 2661 auferentur
2662 2609 2893 2664 victima:
2930 2609 3268 2680 Judteorum,
3296 2631 3366 2672 ne
3417 2617 3554 2673 forte
3594 2620 3816 2673 dicereut:

2311 2692 2427 2750 Non
2475 2704 2584 2749 tam
2613 2712 2801 2753 sumus
2833 2699 3009 2766 stulti,
3040 2711 3100 2756 ut
3142 2703 3309 2758 Deum
3339 2713 3593 2775 putemus
3616 2707 3705 2761 hoc
3736 2706 3817 2760 locu

2310 2800 2468 2854 posse
2501 2787 2780 2853 concludi,
2807 2790 2902 2844 sed
2945 2791 2998 2845 in
3052 2804 3303 2863 separato
3369 2797 3443 2851 ad
3473 2797 3815 2867 gloriﬁcandun

2312 2874 2481 2928 Deum
2506 2874 2626 2931 loco
2665 2877 2914 2934 victimas
2958 2881 3304 2940 immolamus
3328 2886 3476 2941 sicut
3501 2887 3554 2941 in
3579 2886 3684 2959 lege
3720 2904 3818 2958 pra-

2309 2964 2528 3036 cipitur.

2384 3053 2547 3111 Vsus.
2588 3055 2640 3112 5.
2671 3087 2737 3099 —-
2766 3056 2869 3125 Qui
2912 3059 3146 3117 immolat
3181 3062 3373 3120 bouem.
3427 3066 3624 3139 (Ηιειι.)
3662 3066 3816 3133 Quasi:

2314 3141 2650 3201 Sacriﬁcium
2681 3159 2920 3203 vestrum
2950 3165 3058 3206 non
3106 3153 3281 3222 placet
3325 3155 3458 3211 mihi
3487 3163 3604 3226 post
3631 3154 3816 3209 immola-

2318 3235 2516 3291 tionem
2545 3237 2656 3292 veri
2687 3237 2939 3294 sacriﬁcii
2967 3256 2982 3296 :
3013 3241 3069 3296 in
3099 3241 3251 3312 cujus
3275 3246 3471 3300 umbra
3495 3247 3580 3300 illa
3615 3245 3818 3300 sacrificia

2314 3327 2555 3382 concessi
2572 3329 2801 3395 vobis,et
2815 3345 2884 3385 ne
2896 3329 3247 3390 immolaretis
3267 3336 3445 3392 idolis.
3463 3336 3662 3391 Canem.
3677 3335 3815 3406 Deque

2314 3432 2413 3488 per
2443 3417 2664 3488 Moysen
2696 3435 2708 3472 :
2744 3418 2869 3475 Non
2894 3423 3079 3492 oﬂ'eres
3101 3425 3158 3478 in
3179 3426 3332 3480 domo
3357 3426 3459 3482 Dei
3487 3429 3563 3481 tui
3600 3427 3815 3482 mercedest

2312 3510 2622 3577 meretricis,
2643 3527 2806 3583 neque
2829 3516 3054 3583 pretium
3074 3517 3218 3573 canis
3240 3517 3424 3590 (Deut.
3450 3523 3622 3590 χχιιι).
3651 3521 3705 3576 Et
3722 3520 3816 3573 bene

2313 3601 2464 3656 canis
2491 3612 2548 3657 et
2589 3605 2845 3658 meretrix
2877 3607 3214 3677 copulantur,
3241 3612 3367 3682 quia
3414 3614 3654 3668 similiter
3688 3613 3815 3666 libidi-

2314 3703 2533 3750 nantur.
2583 3695 2862 3767 Elegerunt
2892 3703 2946 3752 in
2978 3701 3070 3755 viis
3101 3702 3233 3757 suis.
3271 3703 3386 3758 Non
3424 3720 3547 3760 mea
3585 3704 3811 3764 voluntate,

2314 3798 2379 3839 ex
2423 3801 2530 3855 quo
2579 3802 2738 3842 verus
2766 3804 2933 3859 agnus
2979 3790 3289 3849 immolatus
3329 3804 3437 3862 est,
3465 3795 3633 3852 Unde:
3660 3792 3812 3846 Paula

2315 3890 2548 3934 nostrum
2575 3881 2875 3936 immolatus
2903 3893 2977 3937 est
3009 3882 3246 3940 Christus
3275 3885 3327 3958 (I
3363 3885 3491 3942 Cor.
3515 3888 3587 3960 ν),

2385 3968 2550 4025 Vnus.
2600 3970 2654 4025 4.
2682 4001 2753 4011 -
2778 3971 2847 4025 Et
2881 3989 2997 4043 qua:
3044 3975 3310 4032 timebam.
3360 3977 3651 4042 Romanos;
3678 3976 3810 4030 unde:

2329 4057 2540 4115 Venient
2567 4059 2814 4127 Romani,
2843 4071 2891 4116 et
2912 4062 3092 4118 tollent
3121 4076 3355 4120 nostrum
3393 4067 3564 4122 locum
3594 4077 3636 4121 et
3659 4065 3809 4119 (iam

2317 4150 2498 4222 (Joan.
2531 4151 2627 4222 xi).
2675 4150 2768 4206 Vel
2799 4151 3016 4218 famem,
3044 4163 3274 4224 pestem,
3297 4157 3670 4227 captivitatem.

2388 4241 2552 4296 Vsus.
2575 4241 2630 4295 5.
2656 4271 2727 4282 -—
2746 4239 2990 4298 0dientes
3011 4260 3117 4299 vos.
3145 4244 3279 4311 Quia
3301 4248 3366 4302 de
3388 4249 3585 4304 mundo
3597 4262 3686 4301 non
3701 4243 3808 4304 estis.

2315 4332 2443 4402 quia
2476 4333 2531 4386 in
2570 4345 2657 4386 me
2695 4335 2938 4401 creditis,
2960 4337 3085 4406 quia
3126 4353 3321 4394 nomen
3357 4353 3538 4396 meum
3582 4339 3806 4400 habetis,a

2317 4421 2506 4476 Chrito
2534 4419 2829 4475 Christiani
2855 4423 2985 4478 dicti
3015 4441 3029 4478 :
3059 4427 3222 4492 unde,
3247 4425 3372 4483 lam
3399 4431 3536 4484 enim
3559 4427 3810 4497 conspirav-

2321 4523 2438 4567 rant
2459 4512 2660 4588 Judtei,
2679 4523 2732 4568 ut
2747 4516 2792 4569 si
2805 4517 2922 4587 quis
2945 4519 3280 4587 confiteretur
3304 4521 3581 4586 Christum,
3599 4529 3720 4576 extra
3739 4516 3805 4583 Sy-

2323 4622 2579 4676 nagogam
2595 4606 2742 4675 ﬁeret
2765 4607 2944 4679 (Joan.
2974 4608 3075 4681 ιιι).
3101 4609 3450 4680 Gloriﬁcetur.
3479 4611 3662 4684 (Ιιιει.)
3682 4607 3802 4679 quasi;

2318 4696 2592 4767 Αρυπυαι
2632 4698 2934 4768 Gloriosus,
2975 4711 3105 4767 etc.,
3145 4719 3309 4776 usque
3348 4707 3416 4759 ad
3454 4721 3571 4762 cum
3614 4709 3804 4775 potestate

2319 4804 2513 4860 magna
2539 4801 2592 4845 et
2617 4790 2899 4859 majestate
2919 4802 2974 4848 et
2998 4796 3216 4862 virtute,
3247 4797 3330 4852 vel
3354 4800 3514 4855 etiam
3537 4802 3585 4855 iu
3599 4793 3800 4869 praesedi-

2391 4879 2553 4938 Vsns.
2589 4885 2643 4940 6.
2665 4882 2859 4941 —V0:c
2881 4891 3058 4960 populi
3085 4889 3150 4941 dc
3178 4891 3402 4948 civitate.
3426 4894 3714 4949 Advenientc
3730 4889 3800 4940 llo-

2285 4971 2291 4978 “
2321 4987 2482 5029 mano
2506 4976 2770 5041 exercitu,
2795 4981 3086 5034 secundum
3114 4981 3423 5053 .Iosupbum,
3454 4985 3599 5041 divisi
3629 4989 3725 5038 sunt
3740 4979 3800 5033 .lu-

2324 5065 2424 5120 daei
2453 5067 2507 5120 in
2539 5077 2646 5121 tres
2673 5077 2856 5138 partes
2881 5071 2947 5125 de
2973 5073 3275 5143 principatu
3323 5079 3690 5132 contendentes.
3729 5069 3797 5124 Alii

2322 5157 2427 5212 sibi
2455 5157 2621 5213 alium
2646 5161 2947 5231 principem
2986 5178 3357 5236 praeponentes
3409 5170 3536 5225 Pars
3569 5178 3712 5223 autem
3737 5176 3798 5232 po-

2321 5247 2432 5318 puli
2479 5259 2533 5306 et
2561 5253 2924 5320 sacerdotum,
2950 5258 3201 5314 tenebant
3243 5263 3514 5332 templum,
3543 5267 3797 5315 arcemvero

2325 5348 2380 5395 et
2401 5341 2604 5412 regiam
2625 5344 2841 5399 domum
2862 5361 2988 5416 pars
3007 5351 3184 5418 populi
3206 5361 3260 5406 et
3283 5354 3593 5425 principum,
3607 5350 3796 5416 reliquam

2325 5446 2456 5488 vero
2481 5434 2756 5490 civitatem
2784 5439 2941 5492 tertia
2967 5456 3092 5510 pars
3111 5451 3166 5496 et
3187 5445 3418 5501 maxime
3443 5447 3624 5517 vulgus.
3647 5442 3794 5509 Ρυεηθ·

2325 5522 2458 5578 bant
2496 5538 2626 5596 ergo
2666 5534 2723 5580 et
2747 5535 2901 5584 extra
2941 5540 3128 5587 contra
3174 5534 3377 5603 hostes,
3406 5545 3461 5592 et
3505 5537 3627 5591 intra
3661 5539 3794 5586 contra

2327 5612 2494 5667 cives.
2548 5613 2806 5671 Romanis
2834 5632 2964 5689 ergo
3007 5622 3196 5678 urbem
3237 5625 3628 5697 irrumpentibus
3663 5617 3791 5674 audita

2326 5711 2412 5758 est
2456 5719 2559 5760 vox
2588 5706 2766 5777 populi
2808 5709 3108 5782 plangentis
3135 5715 3201 5771 de
3227 5717 3463 5783 civitate,
3488 5731 3578 5772 vox
3609 5706 3790 5768 sacerdtr

2329 5802 2460 5864 tum,
2485 5803 2537 5852 ct
2579 5797 2670 5869 qui
2701 5813 2820 5856 cum
2854 5800 2982 5872 ipsis
3028 5815 3184 5866 erant
3217 5806 3281 5866 de
3325 5809 3527 5881 templo.
3551 5804 3642 5863 Vox
3678 5797 3790 5856 etiam
