  <div class='ocr_page' id='page_1' title='image "/cluster/home/n/w/nwhite01/storage/ocr_20150623/113/hvd.32044018909572/662.png"; bbox 0 0 4028 6332; ppageno 0'>
   <div class='ocr_carea' id='block_1_1' title="bbox 199 361 331 419">
    <p class='ocr_par' dir='ltr' id='par_1_1' title="bbox 199 361 331 419">
     <span class='ocr_line' id='line_1_1' title="bbox 199 361 331 419; baseline -0.03 0"><span class='ocrx_word' id='word_1_1' title='bbox 199 361 331 419; x_wconf 74' lang='grc'><strong>1513</strong></span> 
     </span>
    </p>
   </div>
   <div class='ocr_carea' id='block_1_2' title="bbox 1176 351 2420 412">
    <p class='ocr_par' dir='ltr' id='par_1_2' title="bbox 1176 351 2420 412">
     <span class='ocr_line' id='line_1_2' title="bbox 1176 351 2420 412; baseline 0 -2"><span class='ocrx_word' id='word_1_2' title='bbox 1176 353 1448 412; x_wconf 85' lang='lat' dir='ltr'><strong>GLOSSA</strong></span> <span class='ocrx_word' id='word_1_3' title='bbox 1485 351 1884 410; x_wconf 79' lang='lat' dir='ltr'><strong>ORDINARIA.</strong></span> <span class='ocrx_word' id='word_1_4' title='bbox 1923 381 1994 393; x_wconf 90' lang='lat'>—</span> <span class='ocrx_word' id='word_1_5' title='bbox 2026 351 2159 409; x_wconf 86' lang='lat' dir='ltr'><strong>LIB.</strong></span> <span class='ocrx_word' id='word_1_6' title='bbox 2197 353 2420 410; x_wconf 70' lang='lat' dir='ltr'><strong>lSAUE.</strong></span> 
     </span>
    </p>
   </div>
   <div class='ocr_carea' id='block_1_3' title="bbox 3293 355 3429 411">
    <p class='ocr_par' dir='ltr' id='par_1_3' title="bbox 3293 355 3429 411">
     <span class='ocr_line' id='line_1_3' title="bbox 3293 355 3429 411; baseline 0 -1"><span class='ocrx_word' id='word_1_7' title='bbox 3293 355 3429 411; x_wconf 75' lang='grc' dir='ltr'><strong>15ιὸ</strong></span> 
     </span>
    </p>
   </div>
   <div class='ocr_carea' id='block_1_4' title="bbox 169 462 3432 538">
    <p class='ocr_par' dir='ltr' id='par_1_4' title="bbox 169 462 3432 538">
     <span class='ocr_line' id='line_1_4' title="bbox 169 462 3432 538; baseline -0.002 -7"><span class='ocrx_word' id='word_1_8' title='bbox 169 469 401 531; x_wconf 63' lang='grc' dir='ltr'><strong>ΔΙοοιιιίιιί</strong></span> <span class='ocrx_word' id='word_1_9' title='bbox 448 467 629 525; x_wconf 85' lang='lat' dir='ltr'><strong>audita</strong></span> <span class='ocrx_word' id='word_1_10' title='bbox 667 475 752 524; x_wconf 85' lang='lat' dir='ltr'><strong>est</strong></span> <span class='ocrx_word' id='word_1_11' title='bbox 791 466 849 522; x_wconf 84' lang='lat' dir='ltr'><strong>in</strong></span> <span class='ocrx_word' id='word_1_12' title='bbox 893 464 1152 522; x_wconf 80' lang='lat' dir='ltr'><strong>Romanis</strong></span> <span class='ocrx_word' id='word_1_13' title='bbox 1193 463 1590 522; x_wconf 74' lang='lat' dir='ltr'><strong>exsultantibus</strong></span> <span class='ocrx_word' id='word_1_14' title='bbox 1613 505 1629 531; x_wconf 93' lang='lat'><strong>,</strong></span> <span class='ocrx_word' id='word_1_15' title='bbox 1658 464 1750 535; x_wconf 87' lang='lat' dir='ltr'><strong>qui</strong></span> <span class='ocrx_word' id='word_1_16' title='bbox 1779 467 1834 528; x_wconf 80' lang='grc' dir='ltr'><strong>Α</strong></span> <span class='ocrx_word' id='word_1_17' title='bbox 1857 462 2054 532; x_wconf 87' lang='lat' dir='ltr'><strong>Aquila</strong></span> <span class='ocrx_word' id='word_1_18' title='bbox 2076 463 2220 519; x_wconf 89' lang='lat' dir='ltr'><strong>enim</strong></span> <span class='ocrx_word' id='word_1_19' title='bbox 2248 463 2368 536; x_wconf 87' lang='lat' dir='ltr'><strong>plus</strong></span> <span class='ocrx_word' id='word_1_20' title='bbox 2390 464 2640 522; x_wconf 90' lang='lat' dir='ltr'><strong>omnibus</strong></span> <span class='ocrx_word' id='word_1_21' title='bbox 2658 464 2870 532; x_wconf 77' lang='lat' dir='ltr'><strong>bestiis,</strong></span> <span class='ocrx_word' id='word_1_22' title='bbox 2887 474 2941 522; x_wconf 91' lang='lat' dir='ltr'><strong>et</strong></span> <span class='ocrx_word' id='word_1_23' title='bbox 2956 465 3246 536; x_wconf 65' lang='lat' dir='ltr'><strong>iumentis,</strong></span> <span class='ocrx_word' id='word_1_24' title='bbox 3269 484 3432 538; x_wconf 55' lang='lat' dir='ltr'><strong>pecu.</strong></span> 
     </span>
    </p>
   </div>
   <div class='ocr_carea' id='block_1_5' title="bbox 192 553 1756 620">
    <p class='ocr_par' dir='ltr' id='par_1_5' title="bbox 192 553 1756 620">
     <span class='ocr_line' id='line_1_5' title="bbox 192 553 1756 620; baseline -0.006 -3"><span class='ocrx_word' id='word_1_25' title='bbox 192 562 355 617; x_wconf 89' lang='lat' dir='ltr'><strong>etiam</strong></span> <span class='ocrx_word' id='word_1_26' title='bbox 398 566 529 614; x_wconf 89' lang='lat' dir='ltr'><strong>nutu</strong></span> <span class='ocrx_word' id='word_1_27' title='bbox 555 557 652 614; x_wconf 88' lang='lat' dir='ltr'><strong>Dei</strong></span> <span class='ocrx_word' id='word_1_28' title='bbox 680 563 962 620; x_wconf 88' lang='lat' dir='ltr'><strong>venerunt,</strong></span> <span class='ocrx_word' id='word_1_29' title='bbox 985 554 1248 610; x_wconf 85' lang='lat' dir='ltr'><strong>reddentis</strong></span> <span class='ocrx_word' id='word_1_30' title='bbox 1291 553 1562 609; x_wconf 89' lang='lat' dir='ltr'><strong>reddentes</strong></span> <span class='ocrx_word' id='word_1_31' title='bbox 1603 553 1756 608; x_wconf 88' lang='lat' dir='ltr'><strong>retri-</strong></span> 
     </span>
    </p>
   </div>
   <div class='ocr_carea' id='block_1_6' title="bbox 163 644 1755 716">
    <p class='ocr_par' dir='ltr' id='par_1_6' title="bbox 163 644 1755 716">
     <span class='ocr_line' id='line_1_6' title="bbox 163 644 1755 716; baseline -0.006 -8"><span class='ocrx_word' id='word_1_32' title='bbox 163 682 166 684; x_wconf 77' lang='lat'><strong><em>~</em></strong></span> <span class='ocrx_word' id='word_1_33' title='bbox 194 652 453 708; x_wconf 86' lang='lat' dir='ltr'><strong>butionem</strong></span> <span class='ocrx_word' id='word_1_34' title='bbox 497 649 720 704; x_wconf 87' lang='lat' dir='ltr'><strong>inimicis</strong></span> <span class='ocrx_word' id='word_1_35' title='bbox 764 648 895 714; x_wconf 86' lang='lat' dir='ltr'><strong>suis,</strong></span> <span class='ocrx_word' id='word_1_36' title='bbox 929 646 1136 704; x_wconf 80' lang='lat' dir='ltr'><strong>scilicet</strong></span> <span class='ocrx_word' id='word_1_37' title='bbox 1177 644 1396 708; x_wconf 69' lang='lat' dir='ltr'><strong>Iudaeis,</strong></span> <span class='ocrx_word' id='word_1_38' title='bbox 1423 659 1520 716; x_wconf 90' lang='lat' dir='ltr'><strong>per</strong></span> <span class='ocrx_word' id='word_1_39' title='bbox 1552 644 1755 700; x_wconf 84' lang='lat' dir='ltr'><strong>Roma-</strong></span> 
     </span>
    </p>
   </div>
   <div class='ocr_carea' id='block_1_7' title="bbox 193 757 313 798">
    <p class='ocr_par' dir='ltr' id='par_1_7' title="bbox 193 757 313 798">
     <span class='ocr_line' id='line_1_7' title="bbox 193 757 313 798; baseline -0.017 0"><span class='ocrx_word' id='word_1_40' title='bbox 193 757 313 798; x_wconf 77' lang='grc'><strong>1108.</strong></span> 
     </span>
    </p>
   </div>
   <div class='ocr_carea' id='block_1_8' title="bbox 269 823 1759 901">
    <p class='ocr_par' dir='ltr' id='par_1_8' title="bbox 269 823 1759 901">
     <span class='ocr_line' id='line_1_8' title="bbox 269 823 1759 901; baseline -0.007 -14"><span class='ocrx_word' id='word_1_41' title='bbox 269 829 436 887; x_wconf 83' lang='lat' dir='ltr'><strong>Vens.</strong></span> <span class='ocrx_word' id='word_1_42' title='bbox 463 831 519 885; x_wconf 89' lang='lat'><strong>7.</strong></span> <span class='ocrx_word' id='word_1_43' title='bbox 538 859 612 872; x_wconf 90' lang='lat'>—</span> <span class='ocrx_word' id='word_1_44' title='bbox 637 829 927 901; x_wconf 77' lang='lat' dir='ltr'><strong>Antequam</strong></span> <span class='ocrx_word' id='word_1_45' title='bbox 944 826 1246 899; x_wconf 85' lang='lat' dir='ltr'><strong>parturiret.</strong></span> <span class='ocrx_word' id='word_1_46' title='bbox 1265 823 1469 897; x_wconf 63' lang='lat' dir='ltr'><strong>(litem)</strong></span> <span class='ocrx_word' id='word_1_47' title='bbox 1496 823 1610 881; x_wconf 86' lang='lat' dir='ltr'><strong>Non</strong></span> <span class='ocrx_word' id='word_1_48' title='bbox 1627 838 1759 894; x_wconf 88' lang='lat' dir='ltr'><strong>pau-</strong></span> 
     </span>
    </p>
   </div>
   <div class='ocr_carea' id='block_1_9' title="bbox 192 911 1759 988">
    <p class='ocr_par' dir='ltr' id='par_1_9' title="bbox 192 911 1759 988">
     <span class='ocr_line' id='line_1_9' title="bbox 192 911 1759 988; baseline -0.005 -12"><span class='ocrx_word' id='word_1_49' title='bbox 192 918 365 986; x_wconf 84' lang='lat' dir='ltr'><strong>latim,</strong></span> <span class='ocrx_word' id='word_1_50' title='bbox 399 911 502 975; x_wconf 87' lang='lat' dir='ltr'><strong>sed</strong></span> <span class='ocrx_word' id='word_1_51' title='bbox 518 933 622 976; x_wconf 92' lang='lat' dir='ltr'><strong>nec</strong></span> <span class='ocrx_word' id='word_1_52' title='bbox 647 917 816 974; x_wconf 91' lang='lat' dir='ltr'><strong>multo</strong></span> <span class='ocrx_word' id='word_1_53' title='bbox 839 925 1099 988; x_wconf 89' lang='lat' dir='ltr'><strong>tempore,</strong></span> <span class='ocrx_word' id='word_1_54' title='bbox 1123 926 1254 981; x_wconf 89' lang='lat' dir='ltr'><strong>etc.,</strong></span> <span class='ocrx_word' id='word_1_55' title='bbox 1284 931 1448 987; x_wconf 84' lang='lat' dir='ltr'><strong>usque</strong></span> <span class='ocrx_word' id='word_1_56' title='bbox 1475 915 1544 968; x_wconf 88' lang='lat' dir='ltr'><strong>ad</strong></span> <span class='ocrx_word' id='word_1_57' title='bbox 1572 922 1627 968; x_wconf 91' lang='lat' dir='ltr'><strong>et</strong></span> <span class='ocrx_word' id='word_1_58' title='bbox 1652 915 1759 969; x_wconf 86' lang='lat' dir='ltr'><strong>Da-</strong></span> 
     </span>
    </p>
   </div>
   <div class='ocr_carea' id='block_1_10' title="bbox 192 1005 1760 1082">
    <p class='ocr_par' dir='ltr' id='par_1_10' title="bbox 192 1005 1760 1082">
     <span class='ocr_line' id='line_1_10' title="bbox 192 1005 1760 1082; baseline -0.004 -17"><span class='ocrx_word' id='word_1_59' title='bbox 192 1011 307 1077; x_wconf 86' lang='lat' dir='ltr'><strong>vid,</strong></span> <span class='ocrx_word' id='word_1_60' title='bbox 337 1011 536 1081; x_wconf 88' lang='lat' dir='ltr'><strong>inquit,</strong></span> <span class='ocrx_word' id='word_1_61' title='bbox 577 1009 709 1082; x_wconf 89' lang='lat' dir='ltr'><strong>Spes</strong></span> <span class='ocrx_word' id='word_1_62' title='bbox 751 1011 984 1065; x_wconf 86' lang='lat' dir='ltr'><strong>omnium</strong></span> <span class='ocrx_word' id='word_1_63' title='bbox 1007 1009 1194 1080; x_wconf 76' lang='lat' dir='ltr'><strong>ﬁnium</strong></span> <span class='ocrx_word' id='word_1_64' title='bbox 1234 1018 1387 1064; x_wconf 75' lang='lat' dir='ltr'><strong>terra:</strong></span> <span class='ocrx_word' id='word_1_65' title='bbox 1427 1015 1477 1062; x_wconf 88' lang='lat' dir='ltr'><strong>et</strong></span> <span class='ocrx_word' id='word_1_66' title='bbox 1522 1008 1580 1061; x_wconf 91' lang='lat' dir='ltr'><strong>in</strong></span> <span class='ocrx_word' id='word_1_67' title='bbox 1621 1005 1760 1060; x_wconf 87' lang='lat' dir='ltr'><strong>mari</strong></span> 
     </span>
    </p>
   </div>
   <div class='ocr_carea' id='block_1_11' title="bbox 193 1101 787 1174">
    <p class='ocr_par' dir='ltr' id='par_1_11' title="bbox 193 1101 787 1174">
     <span class='ocr_line' id='line_1_11' title="bbox 193 1101 787 1174; baseline 0.002 -20"><span class='ocrx_word' id='word_1_68' title='bbox 193 1101 347 1173; x_wconf 88' lang='lat' dir='ltr'><strong>longe</strong></span> <span class='ocrx_word' id='word_1_69' title='bbox 372 1101 548 1174; x_wconf 84' lang='lat' dir='ltr'><strong>(Psal.</strong></span> <span class='ocrx_word' id='word_1_70' title='bbox 580 1101 787 1172; x_wconf 77' lang='lat' dir='ltr'><strong>uxrv).</strong></span> 
     </span>
    </p>
   </div>
   <div class='ocr_carea' id='block_1_12' title="bbox 263 1188 1757 1263">
    <p class='ocr_par' dir='ltr' id='par_1_12' title="bbox 263 1188 1757 1263">
     <span class='ocr_line' id='line_1_12' title="bbox 263 1188 1757 1263; baseline -0.001 -18"><span class='ocrx_word' id='word_1_71' title='bbox 263 1190 561 1247; x_wconf 77' lang='lat' dir='ltr'><strong>Hasculum</strong></span> <span class='ocrx_word' id='word_1_72' title='bbox 584 1232 602 1258; x_wconf 93' lang='lat'><strong>,</strong></span> <span class='ocrx_word' id='word_1_73' title='bbox 625 1190 880 1263; x_wconf 82' lang='lat' dir='ltr'><strong>populum</strong></span> <span class='ocrx_word' id='word_1_74' title='bbox 923 1189 1118 1247; x_wconf 78' lang='lat' dir='ltr'><strong>fortem</strong></span> <span class='ocrx_word' id='word_1_75' title='bbox 1167 1190 1234 1246; x_wconf 87' lang='lat' dir='ltr'><strong>de</strong></span> <span class='ocrx_word' id='word_1_76' title='bbox 1273 1205 1382 1260; x_wconf 92' lang='lat' dir='ltr'><strong>quo</strong></span> <span class='ocrx_word' id='word_1_77' title='bbox 1427 1188 1757 1260; x_wconf 82' lang='lat' dir='ltr'><strong>Stephanus,</strong></span> 
     </span>
    </p>
   </div>
   <div class='ocr_carea' id='block_1_13' title="bbox 189 1278 1762 1352">
    <p class='ocr_par' dir='ltr' id='par_1_13' title="bbox 189 1278 1762 1352">
     <span class='ocr_line' id='line_1_13' title="bbox 189 1278 1762 1352; baseline -0.003 -17"><span class='ocrx_word' id='word_1_78' title='bbox 189 1279 393 1336; x_wconf 86' lang='lat' dir='ltr'><strong>Paulus</strong></span> <span class='ocrx_word' id='word_1_79' title='bbox 415 1321 430 1344; x_wconf 93' lang='lat'><strong>,</strong></span> <span class='ocrx_word' id='word_1_80' title='bbox 453 1281 546 1350; x_wconf 85' lang='lat' dir='ltr'><strong>qui</strong></span> <span class='ocrx_word' id='word_1_81' title='bbox 589 1280 722 1337; x_wconf 89' lang='lat' dir='ltr'><strong>dicit</strong></span> <span class='ocrx_word' id='word_1_82' title='bbox 766 1297 781 1334; x_wconf 90' lang='lat'>:</span> <span class='ocrx_word' id='word_1_83' title='bbox 820 1279 950 1346; x_wconf 90' lang='lat' dir='ltr'><strong>Quis</strong></span> <span class='ocrx_word' id='word_1_84' title='bbox 990 1295 1084 1336; x_wconf 90' lang='lat' dir='ltr'><strong>nos</strong></span> <span class='ocrx_word' id='word_1_85' title='bbox 1123 1279 1383 1352; x_wconf 76' lang='lat' dir='ltr'><strong>separabit</strong></span> <span class='ocrx_word' id='word_1_86' title='bbox 1429 1296 1464 1334; x_wconf 92' lang='lat' dir='ltr'><strong>a</strong></span> <span class='ocrx_word' id='word_1_87' title='bbox 1501 1278 1762 1334; x_wconf 88' lang='lat' dir='ltr'><strong>charitate</strong></span> 
     </span>
    </p>
   </div>
   <div class='ocr_carea' id='block_1_14' title="bbox 191 1367 750 1441">
    <p class='ocr_par' dir='ltr' id='par_1_14' title="bbox 191 1367 750 1441">
     <span class='ocr_line' id='line_1_14' title="bbox 191 1367 750 1441; baseline 0 -18"><span class='ocrx_word' id='word_1_88' title='bbox 191 1367 388 1424; x_wconf 89' lang='lat' dir='ltr'><strong>Christi</strong></span> <span class='ocrx_word' id='word_1_89' title='bbox 410 1368 582 1441; x_wconf 83' lang='lat' dir='ltr'><strong>(Rom.</strong></span> <span class='ocrx_word' id='word_1_90' title='bbox 607 1370 750 1441; x_wconf 89' lang='lat' dir='ltr'><strong>vm).</strong></span> 
     </span>
    </p>
   </div>
   <div class='ocr_carea' id='block_1_15' title="bbox 263 1457 1767 1528">
    <p class='ocr_par' dir='ltr' id='par_1_15' title="bbox 263 1457 1767 1528">
     <span class='ocr_line' id='line_1_15' title="bbox 263 1457 1767 1528; baseline -0.002 -14"><span class='ocrx_word' id='word_1_91' title='bbox 263 1457 432 1514; x_wconf 87' lang='lat' dir='ltr'><strong>Vens.</strong></span> <span class='ocrx_word' id='word_1_92' title='bbox 467 1457 521 1514; x_wconf 90' lang='lat'><strong>8.</strong></span> <span class='ocrx_word' id='word_1_93' title='bbox 548 1487 620 1499; x_wconf 90' lang='lat'><strong>—</strong></span> <span class='ocrx_word' id='word_1_94' title='bbox 644 1457 714 1513; x_wconf 86' lang='lat' dir='ltr'><strong>In</strong></span> <span class='ocrx_word' id='word_1_95' title='bbox 735 1458 820 1514; x_wconf 90' lang='lat' dir='ltr'><strong>die</strong></span> <span class='ocrx_word' id='word_1_96' title='bbox 847 1467 974 1513; x_wconf 78' lang='lat' dir='ltr'><strong>una.</strong></span> <span class='ocrx_word' id='word_1_97' title='bbox 1005 1457 1291 1528; x_wconf 77' lang='lat' dir='ltr'><strong>Apostolus</strong></span> <span class='ocrx_word' id='word_1_98' title='bbox 1321 1457 1460 1514; x_wconf 92' lang='lat' dir='ltr'><strong>ﬁlios</strong></span> <span class='ocrx_word' id='word_1_99' title='bbox 1485 1471 1612 1514; x_wconf 91' lang='lat' dir='ltr'><strong>suos</strong></span> <span class='ocrx_word' id='word_1_100' title='bbox 1651 1465 1767 1512; x_wconf 89' lang='lat' dir='ltr'><strong>tan-</strong></span> 
     </span>
    </p>
   </div>
   <div class='ocr_carea' id='block_1_16' title="bbox 191 1546 1763 1620">
    <p class='ocr_par' dir='ltr' id='par_1_16' title="bbox 191 1546 1763 1620">
     <span class='ocr_line' id='line_1_16' title="bbox 191 1546 1763 1620; baseline 0 -19"><span class='ocrx_word' id='word_1_101' title='bbox 191 1561 358 1617; x_wconf 88' lang='lat' dir='ltr'><strong>quam</strong></span> <span class='ocrx_word' id='word_1_102' title='bbox 380 1563 488 1604; x_wconf 90' lang='lat' dir='ltr'><strong>una</strong></span> <span class='ocrx_word' id='word_1_103' title='bbox 516 1548 603 1604; x_wconf 90' lang='lat' dir='ltr'><strong>die</strong></span> <span class='ocrx_word' id='word_1_104' title='bbox 625 1547 783 1604; x_wconf 86' lang='lat' dir='ltr'><strong>simul</strong></span> <span class='ocrx_word' id='word_1_105' title='bbox 805 1547 1008 1620; x_wconf 84' lang='lat' dir='ltr'><strong>genuit,</strong></span> <span class='ocrx_word' id='word_1_106' title='bbox 1029 1548 1157 1619; x_wconf 82' lang='lat' dir='ltr'><strong>quia</strong></span> <span class='ocrx_word' id='word_1_107' title='bbox 1183 1548 1239 1604; x_wconf 92' lang='lat' dir='ltr'><strong>in</strong></span> <span class='ocrx_word' id='word_1_108' title='bbox 1267 1546 1506 1615; x_wconf 84' lang='lat' dir='ltr'><strong>Christo,</strong></span> <span class='ocrx_word' id='word_1_109' title='bbox 1529 1547 1623 1617; x_wconf 91' lang='lat' dir='ltr'><strong>qui</strong></span> <span class='ocrx_word' id='word_1_110' title='bbox 1645 1547 1763 1612; x_wconf 81' lang='lat' dir='ltr'><strong>lux,</strong></span> 
     </span>
    </p>
   </div>
   <div class='ocr_carea' id='block_1_17' title="bbox 193 1637 994 1702">
    <p class='ocr_par' dir='ltr' id='par_1_17' title="bbox 193 1637 994 1702">
     <span class='ocr_line' id='line_1_17' title="bbox 193 1637 994 1702; baseline 0 -10"><span class='ocrx_word' id='word_1_111' title='bbox 193 1644 253 1692; x_wconf 86' lang='lat' dir='ltr'><strong>et</strong></span> <span class='ocrx_word' id='word_1_112' title='bbox 279 1637 425 1702; x_wconf 90' lang='lat' dir='ltr'><strong>dies;</strong></span> <span class='ocrx_word' id='word_1_113' title='bbox 457 1645 513 1692; x_wconf 90' lang='lat' dir='ltr'><strong>et</strong></span> <span class='ocrx_word' id='word_1_114' title='bbox 533 1637 588 1692; x_wconf 92' lang='lat' dir='ltr'><strong>in</strong></span> <span class='ocrx_word' id='word_1_115' title='bbox 614 1637 819 1692; x_wconf 90' lang='lat' dir='ltr'><strong>unitate</strong></span> <span class='ocrx_word' id='word_1_116' title='bbox 848 1637 994 1692; x_wconf 88' lang='lat' dir='ltr'><strong>ﬁdei.</strong></span> 
     </span>
    </p>
   </div>
   <div class='ocr_carea' id='block_1_18' title="bbox 265 1723 1766 1797">
    <p class='ocr_par' dir='ltr' id='par_1_18' title="bbox 265 1723 1766 1797">
     <span class='ocr_line' id='line_1_18' title="bbox 265 1723 1766 1797; baseline 0.001 -18"><span class='ocrx_word' id='word_1_117' title='bbox 265 1723 432 1780; x_wconf 86' lang='lat' dir='ltr'><strong>Vens.</strong></span> <span class='ocrx_word' id='word_1_118' title='bbox 471 1725 526 1780; x_wconf 88' lang='lat'><strong>9.</strong></span> <span class='ocrx_word' id='word_1_119' title='bbox 555 1754 626 1764; x_wconf 97' lang='lat'><strong>—</strong></span> <span class='ocrx_word' id='word_1_120' title='bbox 651 1724 713 1780; x_wconf 87' lang='lat' dir='ltr'><strong>Si</strong></span> <span class='ocrx_word' id='word_1_121' title='bbox 736 1741 851 1796; x_wconf 86' lang='lat' dir='ltr'><strong>ego.</strong></span> <span class='ocrx_word' id='word_1_122' title='bbox 884 1725 1047 1793; x_wconf 86' lang='lat' dir='ltr'><strong>Quasi</strong></span> <span class='ocrx_word' id='word_1_123' title='bbox 1079 1743 1093 1780; x_wconf 90' lang='lat'><strong>:</strong></span> <span class='ocrx_word' id='word_1_124' title='bbox 1120 1725 1232 1797; x_wconf 83' lang='lat' dir='ltr'><strong>Ego</strong></span> <span class='ocrx_word' id='word_1_125' title='bbox 1253 1725 1346 1796; x_wconf 89' lang='lat' dir='ltr'><strong>qui</strong></span> <span class='ocrx_word' id='word_1_126' title='bbox 1370 1741 1560 1783; x_wconf 91' lang='lat' dir='ltr'><strong>omnes</strong></span> <span class='ocrx_word' id='word_1_127' title='bbox 1583 1724 1766 1782; x_wconf 82' lang='lat' dir='ltr'><strong>creavi</strong></span> 
     </span>
    </p>
   </div>
   <div class='ocr_carea' id='block_1_19' title="bbox 1858 552 3433 629">
    <p class='ocr_par' dir='ltr' id='par_1_19' title="bbox 1858 552 3433 629">
     <span class='ocr_line' id='line_1_19' title="bbox 1858 552 3433 629; baseline 0.005 -21"><span class='ocrx_word' id='word_1_128' title='bbox 1858 552 2014 608; x_wconf 91' lang='lat' dir='ltr'><strong>dibus</strong></span> <span class='ocrx_word' id='word_1_129' title='bbox 2040 555 2335 624; x_wconf 85' lang='lat' dir='ltr'><strong>avibusque</strong></span> <span class='ocrx_word' id='word_1_130' title='bbox 2374 555 2540 612; x_wconf 56' lang='lat' dir='ltr'><strong>fartus</strong></span> <span class='ocrx_word' id='word_1_131' title='bbox 2581 556 2779 628; x_wconf 77' lang='lat' dir='ltr'><strong>diligit,</strong></span> <span class='ocrx_word' id='word_1_132' title='bbox 2806 565 2865 612; x_wconf 90' lang='lat' dir='ltr'><strong>ut</strong></span> <span class='ocrx_word' id='word_1_133' title='bbox 2906 558 3060 613; x_wconf 90' lang='lat' dir='ltr'><strong>aiunt</strong></span> <span class='ocrx_word' id='word_1_134' title='bbox 3079 559 3172 629; x_wconf 92' lang='lat' dir='ltr'><strong>qui</strong></span> <span class='ocrx_word' id='word_1_135' title='bbox 3201 559 3267 616; x_wconf 89' lang='lat' dir='ltr'><strong>de</strong></span> <span class='ocrx_word' id='word_1_136' title='bbox 3311 559 3433 616; x_wconf 89' lang='lat' dir='ltr'><strong>ani-</strong></span> 
     </span>
    </p>
   </div>
   <div class='ocr_carea' id='block_1_20' title="bbox 1858 645 2652 716">
    <p class='ocr_par' dir='ltr' id='par_1_20' title="bbox 1858 645 2652 716">
     <span class='ocr_line' id='line_1_20' title="bbox 1858 645 2652 716; baseline 0.005 -17"><span class='ocrx_word' id='word_1_137' title='bbox 1858 645 2121 700; x_wconf 89' lang='lat' dir='ltr'><strong>mantium</strong></span> <span class='ocrx_word' id='word_1_138' title='bbox 2153 647 2418 716; x_wconf 83' lang='lat' dir='ltr'><strong>scripsere</strong></span> <span class='ocrx_word' id='word_1_139' title='bbox 2442 648 2652 703; x_wconf 89' lang='lat' dir='ltr'><strong>naturis</strong></span> 
     </span>
    </p>
   </div>
   <div class='ocr_carea' id='block_1_21' title="bbox 1929 731 3438 806">
    <p class='ocr_par' dir='ltr' id='par_1_21' title="bbox 1929 731 3438 806">
     <span class='ocr_line' id='line_1_21' title="bbox 1929 731 3438 806; baseline 0.005 -19"><span class='ocrx_word' id='word_1_140' title='bbox 1929 731 2093 788; x_wconf 85' lang='lat' dir='ltr'><strong>Vens.</strong></span> <span class='ocrx_word' id='word_1_141' title='bbox 2121 733 2210 788; x_wconf 72' lang='grc'><strong>14.</strong></span> <span class='ocrx_word' id='word_1_142' title='bbox 2234 765 2306 774; x_wconf 94' lang='lat'><strong>—-</strong></span> <span class='ocrx_word' id='word_1_143' title='bbox 2334 733 2645 802; x_wconf 78' lang='lat' dir='ltr'><strong>Videbitis,o</strong></span> <span class='ocrx_word' id='word_1_144' title='bbox 2666 737 2915 806; x_wconf 90' lang='lat' dir='ltr'><strong>apostoli,</strong></span> <span class='ocrx_word' id='word_1_145' title='bbox 2938 737 3336 794; x_wconf 89' lang='lat' dir='ltr'><strong>multitudinem</strong></span> <span class='ocrx_word' id='word_1_146' title='bbox 3358 738 3438 794; x_wconf 87' lang='lat' dir='ltr'><strong>vi-</strong></span> 
     </span>
    </p>
   </div>
   <div class='ocr_carea' id='block_1_22' title="bbox 1858 823 3440 896">
    <p class='ocr_par' dir='ltr' id='par_1_22' title="bbox 1858 823 3440 896">
     <span class='ocr_line' id='line_1_22' title="bbox 1858 823 3440 896; baseline 0.004 -18"><span class='ocrx_word' id='word_1_147' title='bbox 1858 824 2097 879; x_wconf 91' lang='lat' dir='ltr'><strong>ventium</strong></span> <span class='ocrx_word' id='word_1_148' title='bbox 2124 825 2191 879; x_wconf 90' lang='lat' dir='ltr'><strong>ad</strong></span> <span class='ocrx_word' id='word_1_149' title='bbox 2212 823 2390 880; x_wconf 89' lang='lat' dir='ltr'><strong>ﬁdem.</strong></span> <span class='ocrx_word' id='word_1_150' title='bbox 2409 824 2477 880; x_wconf 87' lang='lat' dir='ltr'><strong>Et</strong></span> <span class='ocrx_word' id='word_1_151' title='bbox 2499 826 2741 896; x_wconf 85' lang='lat' dir='ltr'><strong>gaudebit</strong></span> <span class='ocrx_word' id='word_1_152' title='bbox 2767 837 3090 882; x_wconf 83' lang='lat' dir='ltr'><strong>corvestrum</strong></span> <span class='ocrx_word' id='word_1_153' title='bbox 3107 829 3172 883; x_wconf 90' lang='lat' dir='ltr'><strong>de</strong></span> <span class='ocrx_word' id='word_1_154' title='bbox 3183 828 3356 884; x_wconf 90' lang='lat' dir='ltr'><strong>salute</strong></span> <span class='ocrx_word' id='word_1_155' title='bbox 3379 827 3440 884; x_wconf 83' lang='lat' dir='ltr'><strong>il-</strong></span> 
     </span>
    </p>
   </div>
   <div class='ocr_carea' id='block_1_23' title="bbox 1858 914 3434 988">
    <p class='ocr_par' dir='ltr' id='par_1_23' title="bbox 1858 914 3434 988">
     <span class='ocr_line' id='line_1_23' title="bbox 1858 914 3434 988; baseline 0.003 -18"><span class='ocrx_word' id='word_1_156' title='bbox 1858 914 2057 981; x_wconf 90' lang='lat' dir='ltr'><strong>lorum,</strong></span> <span class='ocrx_word' id='word_1_157' title='bbox 2075 924 2123 970; x_wconf 88' lang='lat' dir='ltr'><strong>et</strong></span> <span class='ocrx_word' id='word_1_158' title='bbox 2140 932 2258 971; x_wconf 88' lang='lat' dir='ltr'><strong>ossa</strong></span> <span class='ocrx_word' id='word_1_159' title='bbox 2283 918 3104 986; x_wconf 82' lang='lat' dir='ltr'><strong>vestra,virtutes,germinabunt</strong></span> <span class='ocrx_word' id='word_1_160' title='bbox 3119 919 3174 974; x_wconf 92' lang='lat' dir='ltr'><strong>in</strong></span> <span class='ocrx_word' id='word_1_161' title='bbox 3201 919 3434 988; x_wconf 84' lang='lat' dir='ltr'><strong>aliorum</strong></span> 
     </span>
    </p>
   </div>
   <div class='ocr_carea' id='block_1_24' title="bbox 1818 1005 3433 1078">
    <p class='ocr_par' dir='ltr' id='par_1_24' title="bbox 1818 1005 3433 1078">
     <span class='ocr_line' id='line_1_24' title="bbox 1818 1005 3433 1078; baseline 0.002 -17"><span class='ocrx_word' id='word_1_162' title='bbox 1818 1007 1826 1012; x_wconf 81' lang='grc'><em>’</em></span> <span class='ocrx_word' id='word_1_163' title='bbox 1861 1005 2134 1072; x_wconf 86' lang='lat' dir='ltr'><strong>cordibus,</strong></span> <span class='ocrx_word' id='word_1_164' title='bbox 2155 1005 2364 1062; x_wconf 83' lang='lat' dir='ltr'><strong>fructus</strong></span> <span class='ocrx_word' id='word_1_165' title='bbox 2387 1005 2542 1062; x_wconf 70' lang='lat' dir='ltr'><strong>bona:</strong></span> <span class='ocrx_word' id='word_1_166' title='bbox 2560 1007 2853 1063; x_wconf 82' lang='lat' dir='ltr'><strong>voluntatis</strong></span> <span class='ocrx_word' id='word_1_167' title='bbox 2879 1015 2933 1063; x_wconf 90' lang='lat' dir='ltr'><strong>et</strong></span> <span class='ocrx_word' id='word_1_168' title='bbox 2969 1008 3317 1078; x_wconf 87' lang='lat' dir='ltr'><strong>operationis.</strong></span> <span class='ocrx_word' id='word_1_169' title='bbox 3347 1007 3433 1064; x_wconf 90' lang='lat' dir='ltr'><strong>Si-</strong></span> 
     </span>
    </p>
   </div>
   <div class='ocr_carea' id='block_1_25' title="bbox 1861 1095 3430 1166">
    <p class='ocr_par' dir='ltr' id='par_1_25' title="bbox 1861 1095 3430 1166">
     <span class='ocr_line' id='line_1_25' title="bbox 1861 1095 3430 1166; baseline 0.003 -16"><span class='ocrx_word' id='word_1_170' title='bbox 1861 1104 1954 1151; x_wconf 90' lang='lat' dir='ltr'><strong>cut</strong></span> <span class='ocrx_word' id='word_1_171' title='bbox 1985 1095 2128 1151; x_wconf 90' lang='lat' dir='ltr'><strong>enim</strong></span> <span class='ocrx_word' id='word_1_172' title='bbox 2157 1111 2352 1166; x_wconf 89' lang='lat' dir='ltr'><strong>corpus</strong></span> <span class='ocrx_word' id='word_1_173' title='bbox 2375 1097 2607 1162; x_wconf 88' lang='lat' dir='ltr'><strong>ossibus,</strong></span> <span class='ocrx_word' id='word_1_174' title='bbox 2629 1097 2708 1152; x_wconf 88' lang='lat' dir='ltr'><strong>ita</strong></span> <span class='ocrx_word' id='word_1_175' title='bbox 2744 1097 2922 1152; x_wconf 90' lang='lat' dir='ltr'><strong>anima</strong></span> <span class='ocrx_word' id='word_1_176' title='bbox 2957 1106 3291 1154; x_wconf 84' lang='lat' dir='ltr'><strong>sustentatur</strong></span> <span class='ocrx_word' id='word_1_177' title='bbox 3317 1099 3430 1154; x_wconf 91' lang='lat' dir='ltr'><strong>vir-</strong></span> 
     </span>
    </p>
   </div>
   <div class='ocr_carea' id='block_1_26' title="bbox 1863 1185 3426 1260">
    <p class='ocr_par' dir='ltr' id='par_1_26' title="bbox 1863 1185 3426 1260">
     <span class='ocr_line' id='line_1_26' title="bbox 1863 1185 3426 1260; baseline 0.003 -20"><span class='ocrx_word' id='word_1_178' title='bbox 1863 1185 2091 1240; x_wconf 87' lang='lat' dir='ltr'><strong>tutibus.</strong></span> <span class='ocrx_word' id='word_1_179' title='bbox 2132 1185 2198 1240; x_wconf 84' lang='lat' dir='ltr'><strong>Et</strong></span> <span class='ocrx_word' id='word_1_180' title='bbox 2223 1203 2341 1240; x_wconf 88' lang='lat' dir='ltr'><strong>ossa</strong></span> <span class='ocrx_word' id='word_1_181' title='bbox 2363 1196 2550 1241; x_wconf 82' lang='lat' dir='ltr'><strong>vestra.</strong></span> <span class='ocrx_word' id='word_1_182' title='bbox 2578 1186 2634 1240; x_wconf 86' lang='lat' dir='ltr'><strong>In</strong></span> <span class='ocrx_word' id='word_1_183' title='bbox 2666 1187 2752 1242; x_wconf 89' lang='lat' dir='ltr'><strong>die</strong></span> <span class='ocrx_word' id='word_1_184' title='bbox 2773 1187 2963 1258; x_wconf 86' lang='lat' dir='ltr'><strong>judicii</strong></span> <span class='ocrx_word' id='word_1_185' title='bbox 2983 1203 3214 1260; x_wconf 87' lang='lat' dir='ltr'><strong>corpora</strong></span> <span class='ocrx_word' id='word_1_186' title='bbox 3242 1199 3426 1245; x_wconf 89' lang='lat' dir='ltr'><strong>vestra</strong></span> 
     </span>
    </p>
   </div>
   <div class='ocr_carea' id='block_1_27' title="bbox 1863 1276 3437 1350">
    <p class='ocr_par' dir='ltr' id='par_1_27' title="bbox 1863 1276 3437 1350">
     <span class='ocr_line' id='line_1_27' title="bbox 1863 1276 3437 1350; baseline 0.001 -17"><span class='ocrx_word' id='word_1_187' title='bbox 1863 1277 2189 1333; x_wconf 85' lang='lat' dir='ltr'><strong>reviviscent</strong></span> <span class='ocrx_word' id='word_1_188' title='bbox 2233 1277 2288 1332; x_wconf 91' lang='lat' dir='ltr'><strong>in</strong></span> <span class='ocrx_word' id='word_1_189' title='bbox 2335 1276 2738 1334; x_wconf 87' lang='lat' dir='ltr'><strong>immortalitate</strong></span> <span class='ocrx_word' id='word_1_190' title='bbox 2763 1319 2779 1345; x_wconf 93' lang='lat'><strong>,</strong></span> <span class='ocrx_word' id='word_1_191' title='bbox 2827 1286 2888 1334; x_wconf 89' lang='lat' dir='ltr'><strong>ut</strong></span> <span class='ocrx_word' id='word_1_192' title='bbox 2923 1279 3065 1334; x_wconf 88' lang='lat' dir='ltr'><strong>sicut</strong></span> <span class='ocrx_word' id='word_1_193' title='bbox 3111 1294 3336 1350; x_wconf 90' lang='lat' dir='ltr'><strong>corpore</strong></span> <span class='ocrx_word' id='word_1_194' title='bbox 3377 1286 3437 1335; x_wconf 91' lang='lat' dir='ltr'><strong>et</strong></span> 
     </span>
    </p>
   </div>
   <div class='ocr_carea' id='block_1_28' title="bbox 1864 1367 3439 1440">
    <p class='ocr_par' dir='ltr' id='par_1_28' title="bbox 1864 1367 3439 1440">
     <span class='ocr_line' id='line_1_28' title="bbox 1864 1367 3439 1440; baseline 0.003 -18"><span class='ocrx_word' id='word_1_195' title='bbox 1864 1368 2044 1423; x_wconf 91' lang='lat' dir='ltr'><strong>anima</strong></span> <span class='ocrx_word' id='word_1_196' title='bbox 2089 1367 2145 1422; x_wconf 92' lang='lat' dir='ltr'><strong>in</strong></span> <span class='ocrx_word' id='word_1_197' title='bbox 2170 1369 2424 1438; x_wconf 83' lang='lat' dir='ltr'><strong>praesenti</strong></span> <span class='ocrx_word' id='word_1_198' title='bbox 2449 1367 2560 1423; x_wconf 90' lang='lat' dir='ltr'><strong>vita</strong></span> <span class='ocrx_word' id='word_1_199' title='bbox 2607 1367 2718 1424; x_wconf 88' lang='lat' dir='ltr'><strong>Deo</strong></span> <span class='ocrx_word' id='word_1_200' title='bbox 2754 1369 3074 1435; x_wconf 89' lang='lat' dir='ltr'><strong>servivistis,</strong></span> <span class='ocrx_word' id='word_1_201' title='bbox 3105 1370 3184 1426; x_wconf 92' lang='lat' dir='ltr'><strong>sic</strong></span> <span class='ocrx_word' id='word_1_202' title='bbox 3211 1385 3439 1440; x_wconf 84' lang='lat' dir='ltr'><strong>corpore</strong></span> 
     </span>
    </p>
   </div>
   <div class='ocr_carea' id='block_1_29' title="bbox 1865 1459 3442 1532">
    <p class='ocr_par' dir='ltr' id='par_1_29' title="bbox 1865 1459 3442 1532">
     <span class='ocr_line' id='line_1_29' title="bbox 1865 1459 3442 1532; baseline 0 -17"><span class='ocrx_word' id='word_1_203' title='bbox 1865 1469 1922 1515; x_wconf 92' lang='lat' dir='ltr'><strong>et</strong></span> <span class='ocrx_word' id='word_1_204' title='bbox 1948 1459 2124 1513; x_wconf 90' lang='lat' dir='ltr'><strong>anima</strong></span> <span class='ocrx_word' id='word_1_205' title='bbox 2155 1459 2376 1528; x_wconf 67' lang='lat' dir='ltr'><strong>praemia</strong></span> <span class='ocrx_word' id='word_1_206' title='bbox 2414 1459 2708 1530; x_wconf 88' lang='lat' dir='ltr'><strong>recipiatis.</strong></span> <span class='ocrx_word' id='word_1_207' title='bbox 2737 1459 3106 1532; x_wconf 71' lang='lat' dir='ltr'><strong>Cognoscetur.</strong></span> <span class='ocrx_word' id='word_1_208' title='bbox 3144 1460 3202 1514; x_wconf 90' lang='lat' dir='ltr'><strong>In</strong></span> <span class='ocrx_word' id='word_1_209' title='bbox 3238 1459 3442 1528; x_wconf 83' lang='lat' dir='ltr'><strong>judicio</strong></span> 
     </span>
    </p>
   </div>
   <div class='ocr_carea' id='block_1_30' title="bbox 1867 1547 3443 1619">
    <p class='ocr_par' dir='ltr' id='par_1_30' title="bbox 1867 1547 3443 1619">
     <span class='ocr_line' id='line_1_30' title="bbox 1867 1547 3443 1619; baseline 0.001 -16"><span class='ocrx_word' id='word_1_210' title='bbox 1867 1547 2076 1603; x_wconf 87' lang='lat' dir='ltr'><strong>scilicet</strong></span> <span class='ocrx_word' id='word_1_211' title='bbox 2101 1547 2256 1603; x_wconf 91' lang='lat' dir='ltr'><strong>bonis</strong></span> <span class='ocrx_word' id='word_1_212' title='bbox 2296 1549 2477 1604; x_wconf 87' lang='lat' dir='ltr'><strong>suavis</strong></span> <span class='ocrx_word' id='word_1_213' title='bbox 2503 1556 2558 1603; x_wconf 88' lang='lat' dir='ltr'><strong>et</strong></span> <span class='ocrx_word' id='word_1_214' title='bbox 2599 1548 2775 1614; x_wconf 90' lang='lat' dir='ltr'><strong>mitis;</strong></span> <span class='ocrx_word' id='word_1_215' title='bbox 2813 1549 2991 1619; x_wconf 89' lang='lat' dir='ltr'><strong>impiis</strong></span> <span class='ocrx_word' id='word_1_216' title='bbox 3018 1549 3180 1614; x_wconf 89' lang='lat' dir='ltr'><strong>ultor,</strong></span> <span class='ocrx_word' id='word_1_217' title='bbox 3209 1555 3266 1603; x_wconf 87' lang='lat' dir='ltr'><strong>et</strong></span> <span class='ocrx_word' id='word_1_218' title='bbox 3287 1548 3443 1604; x_wconf 79' lang='lat' dir='ltr'><strong>fortis</strong></span> 
     </span>
    </p>
   </div>
   <div class='ocr_carea' id='block_1_31' title="bbox 1867 1639 3443 1712">
    <p class='ocr_par' dir='ltr' id='par_1_31' title="bbox 1867 1639 3443 1712">
     <span class='ocr_line' id='line_1_31' title="bbox 1867 1639 3443 1712; baseline -0.001 -16"><span class='ocrx_word' id='word_1_219' title='bbox 1867 1649 2218 1712; x_wconf 88' lang='lat' dir='ltr'><strong>cognoscetur</strong></span> <span class='ocrx_word' id='word_1_220' title='bbox 2251 1641 2440 1708; x_wconf 88' lang='lat' dir='ltr'><strong>Filius,</strong></span> <span class='ocrx_word' id='word_1_221' title='bbox 2469 1641 2560 1712; x_wconf 90' lang='lat' dir='ltr'><strong>qui</strong></span> <span class='ocrx_word' id='word_1_222' title='bbox 2588 1639 2764 1696; x_wconf 85' lang='lat' dir='ltr'><strong>Patris</strong></span> <span class='ocrx_word' id='word_1_223' title='bbox 2787 1656 2980 1696; x_wconf 90' lang='lat' dir='ltr'><strong>manus</strong></span> <span class='ocrx_word' id='word_1_224' title='bbox 3024 1649 3129 1708; x_wconf 91' lang='lat' dir='ltr'><strong>est,</strong></span> <span class='ocrx_word' id='word_1_225' title='bbox 3149 1655 3247 1712; x_wconf 91' lang='lat' dir='ltr'><strong>per</strong></span> <span class='ocrx_word' id='word_1_226' title='bbox 3281 1655 3443 1712; x_wconf 89' lang='lat' dir='ltr'><strong>quem</strong></span> 
     </span>
    </p>
   </div>
   <div class='ocr_carea' id='block_1_32' title="bbox 1866 1733 2327 1803">
    <p class='ocr_par' dir='ltr' id='par_1_32' title="bbox 1866 1733 2327 1803">
     <span class='ocr_line' id='line_1_32' title="bbox 1866 1733 2327 1803; baseline -0.009 -13"><span class='ocrx_word' id='word_1_227' title='bbox 1866 1733 2046 1790; x_wconf 86' lang='lat' dir='ltr'><strong>omnia</strong></span> <span class='ocrx_word' id='word_1_228' title='bbox 2072 1740 2327 1803; x_wconf 86' lang='lat' dir='ltr'><strong>operatur</strong></span> 
     </span>
    </p>
   </div>
   <div class='ocr_carea' id='block_1_33' title="bbox 187 1816 3444 1900">
    <p class='ocr_par' dir='ltr' id='par_1_33' title="bbox 187 1816 3444 1900">
     <span class='ocr_line' id='line_1_33' title="bbox 187 1816 3444 1900; baseline 0.002 -28"><span class='ocrx_word' id='word_1_229' title='bbox 187 1817 440 1872; x_wconf 89' lang='lat' dir='ltr'><strong>homines</strong></span> <span class='ocrx_word' id='word_1_230' title='bbox 459 1817 515 1871; x_wconf 89' lang='lat' dir='ltr'><strong>in</strong></span> <span class='ocrx_word' id='word_1_231' title='bbox 539 1816 726 1884; x_wconf 89' lang='lat' dir='ltr'><strong>nihilo,</strong></span> <span class='ocrx_word' id='word_1_232' title='bbox 758 1818 956 1875; x_wconf 88' lang='lat' dir='ltr'><strong>creabo</strong></span> <span class='ocrx_word' id='word_1_233' title='bbox 989 1819 1121 1873; x_wconf 90' lang='lat' dir='ltr'><strong>mihi</strong></span> <span class='ocrx_word' id='word_1_234' title='bbox 1145 1834 1214 1874; x_wconf 78' lang='lat' dir='ltr'><strong>ex</strong></span> <span class='ocrx_word' id='word_1_235' title='bbox 1251 1819 1500 1874; x_wconf 90' lang='lat' dir='ltr'><strong>omnibus</strong></span> <span class='ocrx_word' id='word_1_236' title='bbox 1525 1819 1773 1890; x_wconf 76' lang='lat' dir='ltr'><strong>gentibus</strong></span> <span class='ocrx_word' id='word_1_237' title='bbox 1800 1822 1848 1882; x_wconf 90' lang='lat' dir='ltr'><strong>B</strong></span> <span class='ocrx_word' id='word_1_238' title='bbox 1943 1820 2108 1877; x_wconf 88' lang='lat' dir='ltr'><strong>Vens.</strong></span> <span class='ocrx_word' id='word_1_239' title='bbox 2145 1821 2234 1878; x_wconf 88' lang='grc'><strong>16.</strong></span> <span class='ocrx_word' id='word_1_240' title='bbox 2254 1853 2326 1863; x_wconf 90' lang='grc'><strong><em>-</em></strong></span> <span class='ocrx_word' id='word_1_241' title='bbox 2346 1823 2414 1877; x_wconf 88' lang='lat' dir='ltr'><strong>In</strong></span> <span class='ocrx_word' id='word_1_242' title='bbox 2435 1823 2570 1894; x_wconf 82' lang='lat' dir='ltr'><strong>igne.</strong></span> <span class='ocrx_word' id='word_1_243' title='bbox 2604 1821 2704 1891; x_wconf 88' lang='lat' dir='ltr'><strong>Qui</strong></span> <span class='ocrx_word' id='word_1_244' title='bbox 2727 1829 2962 1900; x_wconf 59' lang='lat' dir='ltr'><strong>aeternus</strong></span> <span class='ocrx_word' id='word_1_245' title='bbox 2983 1824 3087 1878; x_wconf 91' lang='lat' dir='ltr'><strong>erit</strong></span> <span class='ocrx_word' id='word_1_246' title='bbox 3114 1823 3274 1879; x_wconf 90' lang='lat' dir='ltr'><strong>malis</strong></span> <span class='ocrx_word' id='word_1_247' title='bbox 3305 1837 3444 1893; x_wconf 90' lang='lat' dir='ltr'><strong>quos</strong></span> 
     </span>
    </p>
   </div>
   <div class='ocr_carea' id='block_1_34' title="bbox 189 1908 1730 1980">
    <p class='ocr_par' dir='ltr' id='par_1_34' title="bbox 189 1908 1730 1980">
     <span class='ocr_line' id='line_1_34' title="bbox 189 1908 1730 1980; baseline -0.001 -15"><span class='ocrx_word' id='word_1_248' title='bbox 189 1908 493 1966; x_wconf 86' lang='lat' dir='ltr'><strong>Ecclesiam</strong></span> <span class='ocrx_word' id='word_1_249' title='bbox 514 1924 676 1966; x_wconf 89' lang='lat' dir='ltr'><strong>unam</strong></span> <span class='ocrx_word' id='word_1_250' title='bbox 697 1924 818 1980; x_wconf 72' lang='lat' dir='ltr'><strong>quae</strong></span> <span class='ocrx_word' id='word_1_251' title='bbox 844 1909 1141 1965; x_wconf 73' lang='lat' dir='ltr'><strong>aediﬁcatur</strong></span> <span class='ocrx_word' id='word_1_252' title='bbox 1160 1909 1228 1964; x_wconf 91' lang='lat' dir='ltr'><strong>de</strong></span> <span class='ocrx_word' id='word_1_253' title='bbox 1252 1909 1390 1964; x_wconf 84' lang='lat' dir='ltr'><strong>vivis</strong></span> <span class='ocrx_word' id='word_1_254' title='bbox 1425 1909 1694 1980; x_wconf 87' lang='lat' dir='ltr'><strong>lapidibus</strong></span> <span class='ocrx_word' id='word_1_255' title='bbox 1717 1927 1730 1963; x_wconf 90' lang='lat'><strong>:</strong></span> 
     </span>
    </p>
   </div>
   <div class='ocr_carea' id='block_1_35' title="bbox 261 1999 1762 2072">
    <p class='ocr_par' dir='ltr' id='par_1_35' title="bbox 261 1999 1762 2072">
     <span class='ocr_line' id='line_1_35' title="bbox 261 1999 1762 2072; baseline 0.001 -18"><span class='ocrx_word' id='word_1_256' title='bbox 261 1999 431 2056; x_wconf 88' lang='lat' dir='ltr'><strong>Vens.</strong></span> <span class='ocrx_word' id='word_1_257' title='bbox 469 2000 558 2056; x_wconf 87' lang='grc'><strong>10.</strong></span> <span class='ocrx_word' id='word_1_258' title='bbox 585 2031 658 2042; x_wconf 91' lang='grc'><strong><em>-</em></strong></span> <span class='ocrx_word' id='word_1_259' title='bbox 681 1999 978 2066; x_wconf 73' lang='grc' dir='ltr'><strong>ιωιαηιὶηἰ,</strong></span> <span class='ocrx_word' id='word_1_260' title='bbox 1004 2008 1111 2056; x_wconf 89' lang='lat' dir='ltr'><strong>etc.</strong></span> <span class='ocrx_word' id='word_1_261' title='bbox 1164 1999 1380 2072; x_wconf 64' lang='lat' dir='ltr'><strong>(litem)</strong></span> <span class='ocrx_word' id='word_1_262' title='bbox 1411 1999 1455 2054; x_wconf 93' lang='lat'>0</span> <span class='ocrx_word' id='word_1_263' title='bbox 1499 1999 1696 2071; x_wconf 83' lang='lat' dir='ltr'><strong>angeli,</strong></span> <span class='ocrx_word' id='word_1_264' title='bbox 1727 2015 1762 2055; x_wconf 90' lang='grc' dir='ltr'>ο</span> 
     </span>
    </p>
   </div>
   <div class='ocr_carea' id='block_1_36' title="bbox 159 2087 1760 2161">
    <p class='ocr_par' dir='ltr' id='par_1_36' title="bbox 159 2087 1760 2161">
     <span class='ocr_line' id='line_1_36' title="bbox 159 2087 1760 2161; baseline -0.002 -15"><span class='ocrx_word' id='word_1_265' title='bbox 159 2128 162 2132; x_wconf 62' lang='grc' dir='ltr'><em>η</em></span> <span class='ocrx_word' id='word_1_266' title='bbox 187 2089 440 2160; x_wconf 86' lang='lat' dir='ltr'><strong>apostoli,</strong></span> <span class='ocrx_word' id='word_1_267' title='bbox 467 2091 650 2147; x_wconf 88' lang='lat' dir='ltr'><strong>tristes</strong></span> <span class='ocrx_word' id='word_1_268' title='bbox 679 2091 746 2146; x_wconf 91' lang='lat' dir='ltr'><strong>de</strong></span> <span class='ocrx_word' id='word_1_269' title='bbox 771 2091 1075 2161; x_wconf 90' lang='lat' dir='ltr'><strong>perditione</strong></span> <span class='ocrx_word' id='word_1_270' title='bbox 1098 2087 1408 2146; x_wconf 64' lang='lat' dir='ltr'><strong>indecorum</strong></span> <span class='ocrx_word' id='word_1_271' title='bbox 1438 2089 1760 2156; x_wconf 90' lang='lat' dir='ltr'><strong>inﬁdelium,</strong></span> 
     </span>
    </p>
   </div>
   <div class='ocr_carea' id='block_1_37' title="bbox 163 2178 1764 2251">
    <p class='ocr_par' dir='ltr' id='par_1_37' title="bbox 163 2178 1764 2251">
     <span class='ocr_line' id='line_1_37' title="bbox 163 2178 1764 2251; baseline -0.001 -15"><span class='ocrx_word' id='word_1_272' title='bbox 163 2181 450 2237; x_wconf 64' lang='lat' dir='ltr'><strong>laetamini</strong></span> <span class='ocrx_word' id='word_1_273' title='bbox 482 2181 744 2238; x_wconf 85' lang='lat' dir='ltr'><strong>consolati</strong></span> <span class='ocrx_word' id='word_1_274' title='bbox 767 2182 834 2238; x_wconf 92' lang='lat' dir='ltr'><strong>de</strong></span> <span class='ocrx_word' id='word_1_275' title='bbox 863 2182 968 2238; x_wconf 90' lang='lat' dir='ltr'><strong>ﬁde</strong></span> <span class='ocrx_word' id='word_1_276' title='bbox 993 2188 1048 2237; x_wconf 91' lang='lat' dir='ltr'><strong>et</strong></span> <span class='ocrx_word' id='word_1_277' title='bbox 1075 2181 1250 2238; x_wconf 89' lang='lat' dir='ltr'><strong>salute</strong></span> <span class='ocrx_word' id='word_1_278' title='bbox 1275 2180 1519 2251; x_wconf 85' lang='lat' dir='ltr'><strong>gentium</strong></span> <span class='ocrx_word' id='word_1_279' title='bbox 1546 2180 1613 2236; x_wconf 91' lang='lat' dir='ltr'><strong>de</strong></span> <span class='ocrx_word' id='word_1_280' title='bbox 1643 2178 1764 2251; x_wconf 92' lang='lat' dir='ltr'><strong>qui-</strong></span> 
     </span>
    </p>
   </div>
   <div class='ocr_carea' id='block_1_38' title="bbox 185 2271 900 2328">
    <p class='ocr_par' dir='ltr' id='par_1_38' title="bbox 185 2271 900 2328">
     <span class='ocr_line' id='line_1_38' title="bbox 185 2271 900 2328; baseline -0.001 -1"><span class='ocrx_word' id='word_1_281' title='bbox 185 2272 293 2328; x_wconf 89' lang='lat' dir='ltr'><strong>bus</strong></span> <span class='ocrx_word' id='word_1_282' title='bbox 321 2271 617 2328; x_wconf 65' lang='lat' dir='ltr'><strong>azdiﬁcatur</strong></span> <span class='ocrx_word' id='word_1_283' title='bbox 639 2271 900 2328; x_wconf 87' lang='lat' dir='ltr'><strong>Ecclesia.</strong></span> 
     </span>
    </p>
   </div>
   <div class='ocr_carea' id='block_1_39' title="bbox 265 2362 1764 2435">
    <p class='ocr_par' dir='ltr' id='par_1_39' title="bbox 265 2362 1764 2435">
     <span class='ocr_line' id='line_1_39' title="bbox 265 2362 1764 2435; baseline 0 -17"><span class='ocrx_word' id='word_1_284' title='bbox 265 2363 428 2419; x_wconf 88' lang='lat' dir='ltr'><strong>Vens.</strong></span> <span class='ocrx_word' id='word_1_285' title='bbox 470 2364 561 2418; x_wconf 91' lang='grc'><strong>11.</strong></span> <span class='ocrx_word' id='word_1_286' title='bbox 607 2394 679 2404; x_wconf 92' lang='grc'><strong>-</strong></span> <span class='ocrx_word' id='word_1_287' title='bbox 716 2362 786 2418; x_wconf 92' lang='lat' dir='ltr'><strong>Ut</strong></span> <span class='ocrx_word' id='word_1_288' title='bbox 818 2365 1040 2435; x_wconf 86' lang='lat' dir='ltr'><strong>sugatis.</strong></span> <span class='ocrx_word' id='word_1_289' title='bbox 1090 2363 1280 2420; x_wconf 89' lang='lat' dir='ltr'><strong>Fidem</strong></span> <span class='ocrx_word' id='word_1_290' title='bbox 1323 2363 1764 2435; x_wconf 90' lang='lat' dir='ltr'><strong>simplicium,et</strong></span> 
     </span>
    </p>
   </div>
   <div class='ocr_carea' id='block_1_40' title="bbox 185 2450 1768 2522">
    <p class='ocr_par' dir='ltr' id='par_1_40' title="bbox 185 2450 1768 2522">
     <span class='ocr_line' id='line_1_40' title="bbox 185 2450 1768 2522; baseline 0 -16"><span class='ocrx_word' id='word_1_291' title='bbox 185 2465 356 2522; x_wconf 87' lang='lat' dir='ltr'><strong>opera</strong></span> <span class='ocrx_word' id='word_1_292' title='bbox 389 2450 527 2507; x_wconf 90' lang='lat' dir='ltr'><strong>bona</strong></span> <span class='ocrx_word' id='word_1_293' title='bbox 549 2452 674 2508; x_wconf 89' lang='lat' dir='ltr'><strong>inde</strong></span> <span class='ocrx_word' id='word_1_294' title='bbox 695 2451 965 2508; x_wconf 87' lang='lat' dir='ltr'><strong>delectati.</strong></span> <span class='ocrx_word' id='word_1_295' title='bbox 1012 2452 1172 2509; x_wconf 88' lang='lat' dir='ltr'><strong>Fides</strong></span> <span class='ocrx_word' id='word_1_296' title='bbox 1210 2453 1552 2510; x_wconf 89' lang='lat' dir='ltr'><strong>credentium</strong></span> <span class='ocrx_word' id='word_1_297' title='bbox 1598 2452 1682 2508; x_wconf 92' lang='lat' dir='ltr'><strong>lac</strong></span> <span class='ocrx_word' id='word_1_298' title='bbox 1710 2459 1768 2506; x_wconf 91' lang='lat' dir='ltr'><strong>et</strong></span> 
     </span>
    </p>
   </div>
   <div class='ocr_carea' id='block_1_41' title="bbox 186 2541 1770 2615">
    <p class='ocr_par' dir='ltr' id='par_1_41' title="bbox 186 2541 1770 2615">
     <span class='ocr_line' id='line_1_41' title="bbox 186 2541 1770 2615; baseline -0.001 -18"><span class='ocrx_word' id='word_1_299' title='bbox 186 2541 347 2598; x_wconf 89' lang='lat' dir='ltr'><strong>cibus</strong></span> <span class='ocrx_word' id='word_1_300' title='bbox 372 2549 456 2614; x_wconf 80' lang='lat' dir='ltr'><strong>est</strong></span> <span class='ocrx_word' id='word_1_301' title='bbox 479 2542 911 2612; x_wconf 72' lang='lat' dir='ltr'><strong>praedicatorum.</strong></span> <span class='ocrx_word' id='word_1_302' title='bbox 949 2543 1106 2601; x_wconf 88' lang='lat' dir='ltr'><strong>Unde</strong></span> <span class='ocrx_word' id='word_1_303' title='bbox 1133 2551 1190 2600; x_wconf 91' lang='lat' dir='ltr'><strong>et</strong></span> <span class='ocrx_word' id='word_1_304' title='bbox 1226 2543 1478 2601; x_wconf 87' lang='lat' dir='ltr'><strong>Christus</strong></span> <span class='ocrx_word' id='word_1_305' title='bbox 1507 2562 1521 2598; x_wconf 89' lang='lat'><strong>:</strong></span> <span class='ocrx_word' id='word_1_306' title='bbox 1555 2543 1670 2615; x_wconf 89' lang='lat' dir='ltr'><strong>Ego</strong></span> <span class='ocrx_word' id='word_1_307' title='bbox 1694 2543 1770 2596; x_wconf 86' lang='lat' dir='ltr'><strong>ci-</strong></span> 
     </span>
    </p>
   </div>
   <div class='ocr_carea' id='block_1_42' title="bbox 189 2635 1762 2710">
    <p class='ocr_par' dir='ltr' id='par_1_42' title="bbox 189 2635 1762 2710">
     <span class='ocr_line' id='line_1_42' title="bbox 189 2635 1762 2710; baseline 0.001 -22"><span class='ocrx_word' id='word_1_308' title='bbox 189 2635 316 2689; x_wconf 83' lang='lat' dir='ltr'><strong>bum</strong></span> <span class='ocrx_word' id='word_1_309' title='bbox 363 2635 526 2690; x_wconf 82' lang='lat' dir='ltr'><strong>habeo</strong></span> <span class='ocrx_word' id='word_1_310' title='bbox 549 2635 893 2702; x_wconf 83' lang='lat' dir='ltr'><strong>manducare,</strong></span> <span class='ocrx_word' id='word_1_311' title='bbox 919 2647 1070 2708; x_wconf 84' lang='lat' dir='ltr'><strong>quem</strong></span> <span class='ocrx_word' id='word_1_312' title='bbox 1097 2654 1186 2692; x_wconf 81' lang='lat' dir='ltr'><strong>vos</strong></span> <span class='ocrx_word' id='word_1_313' title='bbox 1211 2638 1422 2693; x_wconf 79' lang='lat' dir='ltr'><strong>nescitis</strong></span> <span class='ocrx_word' id='word_1_314' title='bbox 1453 2637 1636 2710; x_wconf 85' lang='lat' dir='ltr'><strong>(Joan.</strong></span> <span class='ocrx_word' id='word_1_315' title='bbox 1666 2635 1762 2708; x_wconf 84' lang='lat' dir='ltr'><strong>iv).</strong></span> 
     </span>
    </p>
   </div>
   <div class='ocr_carea' id='block_1_43' title="bbox 185 2725 1767 2801">
    <p class='ocr_par' dir='ltr' id='par_1_43' title="bbox 185 2725 1767 2801">
     <span class='ocr_line' id='line_1_43' title="bbox 185 2725 1767 2801; baseline 0.003 -21"><span class='ocrx_word' id='word_1_316' title='bbox 185 2725 260 2780; x_wconf 85' lang='lat' dir='ltr'><strong>Et</strong></span> <span class='ocrx_word' id='word_1_317' title='bbox 293 2725 614 2798; x_wconf 85' lang='lat' dir='ltr'><strong>repleamini.</strong></span> <span class='ocrx_word' id='word_1_318' title='bbox 654 2728 926 2800; x_wconf 89' lang='lat' dir='ltr'><strong>Puerpera</strong></span> <span class='ocrx_word' id='word_1_319' title='bbox 955 2743 1076 2801; x_wconf 66' lang='lat' dir='ltr'><strong>quae</strong></span> <span class='ocrx_word' id='word_1_320' title='bbox 1098 2730 1282 2801; x_wconf 81' lang='lat' dir='ltr'><strong>genuit</strong></span> <span class='ocrx_word' id='word_1_321' title='bbox 1311 2730 1611 2786; x_wconf 89' lang='lat' dir='ltr'><strong>masculum</strong></span> <span class='ocrx_word' id='word_1_322' title='bbox 1657 2745 1767 2784; x_wconf 89' lang='lat' dir='ltr'><strong>non</strong></span> 
     </span>
    </p>
   </div>
   <div class='ocr_carea' id='block_1_44' title="bbox 184 2816 1771 2889">
    <p class='ocr_par' dir='ltr' id='par_1_44' title="bbox 184 2816 1771 2889">
     <span class='ocr_line' id='line_1_44' title="bbox 184 2816 1771 2889; baseline -0.001 -17"><span class='ocrx_word' id='word_1_323' title='bbox 184 2823 344 2872; x_wconf 86' lang='lat' dir='ltr'><strong>caret</strong></span> <span class='ocrx_word' id='word_1_324' title='bbox 373 2816 701 2872; x_wconf 89' lang='lat' dir='ltr'><strong>abundantia</strong></span> <span class='ocrx_word' id='word_1_325' title='bbox 719 2817 875 2873; x_wconf 87' lang='lat' dir='ltr'><strong>lactis</strong></span> <span class='ocrx_word' id='word_1_326' title='bbox 905 2817 963 2873; x_wconf 92' lang='lat' dir='ltr'><strong>in</strong></span> <span class='ocrx_word' id='word_1_327' title='bbox 983 2817 1300 2874; x_wconf 88' lang='lat' dir='ltr'><strong>educatione</strong></span> <span class='ocrx_word' id='word_1_328' title='bbox 1327 2818 1539 2886; x_wconf 86' lang='lat' dir='ltr'><strong>Gentis,</strong></span> <span class='ocrx_word' id='word_1_329' title='bbox 1569 2825 1624 2874; x_wconf 92' lang='lat' dir='ltr'><strong>et</strong></span> <span class='ocrx_word' id='word_1_330' title='bbox 1643 2832 1771 2889; x_wconf 90' lang='lat' dir='ltr'><strong>par-</strong></span> 
     </span>
    </p>
   </div>
   <div class='ocr_carea' id='block_1_45' title="bbox 182 2905 1768 2975">
    <p class='ocr_par' dir='ltr' id='par_1_45' title="bbox 182 2905 1768 2975">
     <span class='ocr_line' id='line_1_45' title="bbox 182 2905 1768 2975; baseline -0.001 -15"><span class='ocrx_word' id='word_1_331' title='bbox 182 2905 441 2960; x_wconf 86' lang='lat' dir='ltr'><strong>vulorum</strong></span> <span class='ocrx_word' id='word_1_332' title='bbox 469 2905 563 2975; x_wconf 87' lang='lat' dir='ltr'><strong>qui</strong></span> <span class='ocrx_word' id='word_1_333' title='bbox 603 2905 765 2960; x_wconf 88' lang='lat' dir='ltr'><strong>simul</strong></span> <span class='ocrx_word' id='word_1_334' title='bbox 822 2906 935 2960; x_wconf 91' lang='lat' dir='ltr'><strong>nati</strong></span> <span class='ocrx_word' id='word_1_335' title='bbox 963 2913 1090 2961; x_wconf 93' lang='lat' dir='ltr'><strong>sunt</strong></span> <span class='ocrx_word' id='word_1_336' title='bbox 1125 2914 1186 2960; x_wconf 90' lang='lat' dir='ltr'><strong>ut</strong></span> <span class='ocrx_word' id='word_1_337' title='bbox 1229 2907 1497 2975; x_wconf 70' lang='lat' dir='ltr'><strong>praeberet</strong></span> <span class='ocrx_word' id='word_1_338' title='bbox 1535 2907 1619 2961; x_wconf 90' lang='lat' dir='ltr'><strong>eis</strong></span> <span class='ocrx_word' id='word_1_339' title='bbox 1661 2907 1768 2960; x_wconf 92' lang='lat' dir='ltr'><strong>duo</strong></span> 
     </span>
    </p>
   </div>
   <div class='ocr_carea' id='block_1_46' title="bbox 187 2993 1770 3065">
    <p class='ocr_par' dir='ltr' id='par_1_46' title="bbox 187 2993 1770 3065">
     <span class='ocr_line' id='line_1_46' title="bbox 187 2993 1770 3065; baseline -0.001 -15"><span class='ocrx_word' id='word_1_340' title='bbox 187 2995 364 3065; x_wconf 82' lang='lat' dir='ltr'><strong>ubera</strong></span> <span class='ocrx_word' id='word_1_341' title='bbox 412 2993 626 3050; x_wconf 86' lang='lat' dir='ltr'><strong>Veteris</strong></span> <span class='ocrx_word' id='word_1_342' title='bbox 666 3002 722 3050; x_wconf 91' lang='lat' dir='ltr'><strong>et</strong></span> <span class='ocrx_word' id='word_1_343' title='bbox 763 2994 899 3051; x_wconf 80' lang='lat' dir='ltr'><strong>Novi</strong></span> <span class='ocrx_word' id='word_1_344' title='bbox 955 2995 1304 3050; x_wconf 83' lang='lat' dir='ltr'><strong>Testamenti.</strong></span> <span class='ocrx_word' id='word_1_345' title='bbox 1357 2995 1425 3050; x_wconf 88' lang='lat' dir='ltr'><strong>Et</strong></span> <span class='ocrx_word' id='word_1_346' title='bbox 1473 2995 1770 3049; x_wconf 90' lang='lat' dir='ltr'><strong>notandum</strong></span> 
     </span>
    </p>
   </div>
   <div class='ocr_carea' id='block_1_47' title="bbox 185 3084 1771 3157">
    <p class='ocr_par' dir='ltr' id='par_1_47' title="bbox 185 3084 1771 3157">
     <span class='ocr_line' id='line_1_47' title="bbox 185 3084 1771 3157; baseline 0.001 -19"><span class='ocrx_word' id='word_1_347' title='bbox 185 3085 339 3155; x_wconf 91' lang='lat' dir='ltr'><strong>quod</strong></span> <span class='ocrx_word' id='word_1_348' title='bbox 365 3084 574 3155; x_wconf 86' lang='lat' dir='ltr'><strong>parvuli</strong></span> <span class='ocrx_word' id='word_1_349' title='bbox 593 3085 736 3142; x_wconf 88' lang='lat' dir='ltr'><strong>lacte</strong></span> <span class='ocrx_word' id='word_1_350' title='bbox 759 3085 1142 3143; x_wconf 89' lang='lat' dir='ltr'><strong>consolationis</strong></span> <span class='ocrx_word' id='word_1_351' title='bbox 1162 3086 1400 3157; x_wconf 75' lang='lat' dir='ltr'><strong>indigent</strong></span> <span class='ocrx_word' id='word_1_352' title='bbox 1425 3086 1578 3156; x_wconf 85' lang='lat' dir='ltr'><strong>quasi</strong></span> <span class='ocrx_word' id='word_1_353' title='bbox 1593 3086 1771 3140; x_wconf 89' lang='lat' dir='ltr'><strong>adhuc</strong></span> 
     </span>
    </p>
   </div>
   <div class='ocr_carea' id='block_1_48' title="bbox 1865 1911 3443 1984">
    <p class='ocr_par' dir='ltr' id='par_1_48' title="bbox 1865 1911 3443 1984">
     <span class='ocr_line' id='line_1_48' title="bbox 1865 1911 3443 1984; baseline -0.001 -16"><span class='ocrx_word' id='word_1_354' title='bbox 1865 1911 2120 1978; x_wconf 90' lang='lat' dir='ltr'><strong>involvet,</strong></span> <span class='ocrx_word' id='word_1_355' title='bbox 2133 1919 2189 1967; x_wconf 89' lang='lat' dir='ltr'><strong>et</strong></span> <span class='ocrx_word' id='word_1_356' title='bbox 2209 1913 2438 1968; x_wconf 88' lang='lat' dir='ltr'><strong>adducet</strong></span> <span class='ocrx_word' id='word_1_357' title='bbox 2459 1913 2528 1968; x_wconf 91' lang='lat' dir='ltr'><strong>ad</strong></span> <span class='ocrx_word' id='word_1_358' title='bbox 2553 1913 2873 1984; x_wconf 90' lang='lat' dir='ltr'><strong>supplicium</strong></span> <span class='ocrx_word' id='word_1_359' title='bbox 2894 1922 3154 1966; x_wconf 67' lang='lat' dir='ltr'><strong>aeternum</strong></span> <span class='ocrx_word' id='word_1_360' title='bbox 3188 1927 3295 1980; x_wconf 95' lang='lat' dir='ltr'><strong>quo</strong></span> <span class='ocrx_word' id='word_1_361' title='bbox 3318 1926 3443 1981; x_wconf 88' lang='lat' dir='ltr'><strong>pur-</strong></span> 
     </span>
    </p>
   </div>
   <div class='ocr_carea' id='block_1_49' title="bbox 1867 2001 3437 2074">
    <p class='ocr_par' dir='ltr' id='par_1_49' title="bbox 1867 2001 3437 2074">
     <span class='ocr_line' id='line_1_49' title="bbox 1867 2001 3437 2074; baseline -0.003 -16"><span class='ocrx_word' id='word_1_362' title='bbox 1867 2005 2081 2073; x_wconf 90' lang='lat' dir='ltr'><strong>gabitur</strong></span> <span class='ocrx_word' id='word_1_363' title='bbox 2126 2004 2254 2074; x_wconf 86' lang='lat' dir='ltr'><strong>quid</strong></span> <span class='ocrx_word' id='word_1_364' title='bbox 2297 2003 2350 2058; x_wconf 91' lang='lat' dir='ltr'><strong>in</strong></span> <span class='ocrx_word' id='word_1_365' title='bbox 2397 2003 2556 2058; x_wconf 91' lang='lat' dir='ltr'><strong>bonis</strong></span> <span class='ocrx_word' id='word_1_366' title='bbox 2594 2003 2700 2057; x_wconf 89' lang='lat' dir='ltr'><strong>erit</strong></span> <span class='ocrx_word' id='word_1_367' title='bbox 2738 2002 3093 2073; x_wconf 86' lang='lat' dir='ltr'><strong>purgandum.</strong></span> <span class='ocrx_word' id='word_1_368' title='bbox 3144 2001 3437 2072; x_wconf 71' lang='lat' dir='ltr'><strong>Quadrigas</strong></span> 
     </span>
    </p>
   </div>
   <div class='ocr_carea' id='block_1_50' title="bbox 1866 2087 3437 2164">
    <p class='ocr_par' dir='ltr' id='par_1_50' title="bbox 1866 2087 3437 2164">
     <span class='ocr_line' id='line_1_50' title="bbox 1866 2087 3437 2164; baseline -0.004 -15"><span class='ocrx_word' id='word_1_369' title='bbox 1866 2094 2001 2164; x_wconf 89' lang='lat' dir='ltr'><strong>ejus.</strong></span> <span class='ocrx_word' id='word_1_370' title='bbox 2029 2094 2250 2157; x_wconf 91' lang='lat' dir='ltr'><strong>Currus,</strong></span> <span class='ocrx_word' id='word_1_371' title='bbox 2272 2093 2398 2163; x_wconf 90' lang='lat' dir='ltr'><strong>quia</strong></span> <span class='ocrx_word' id='word_1_372' title='bbox 2427 2104 2554 2148; x_wconf 89' lang='lat' dir='ltr'><strong>tunc</strong></span> <span class='ocrx_word' id='word_1_373' title='bbox 2575 2087 3111 2162; x_wconf 62' lang='lat' dir='ltr'><strong>triumphaturus,&#39;ct&#39;</strong></span> <span class='ocrx_word' id='word_1_374' title='bbox 3129 2107 3320 2146; x_wconf 88' lang='lat' dir='ltr'><strong>omnes</strong></span> <span class='ocrx_word' id='word_1_375' title='bbox 3343 2091 3437 2144; x_wconf 90' lang='lat' dir='ltr'><strong>ad-</strong></span> 
     </span>
    </p>
   </div>
   <div class='ocr_carea' id='block_1_51' title="bbox 1865 2175 3445 2253">
    <p class='ocr_par' dir='ltr' id='par_1_51' title="bbox 1865 2175 3445 2253">
     <span class='ocr_line' id='line_1_51' title="bbox 1865 2175 3445 2253; baseline -0.003 -14"><span class='ocrx_word' id='word_1_376' title='bbox 1865 2183 2136 2240; x_wconf 85' lang='lat' dir='ltr'><strong>versarios</strong></span> <span class='ocrx_word' id='word_1_377' title='bbox 2181 2183 2588 2240; x_wconf 87' lang='lat' dir='ltr'><strong>debellaturus:</strong></span> <span class='ocrx_word' id='word_1_378' title='bbox 2621 2198 2730 2239; x_wconf 93' lang='lat' dir='ltr'><strong>non</strong></span> <span class='ocrx_word' id='word_1_379' title='bbox 2749 2181 2896 2253; x_wconf 90' lang='lat' dir='ltr'><strong>quod</strong></span> <span class='ocrx_word' id='word_1_380' title='bbox 2939 2190 3097 2252; x_wconf 83' lang='lat' dir='ltr'><strong>egeat</strong></span> <span class='ocrx_word' id='word_1_381' title='bbox 3138 2175 3445 2235; x_wconf 91' lang='lat' dir='ltr'><strong>ministerio</strong></span> 
     </span>
    </p>
   </div>
   <div class='ocr_carea' id='block_1_52' title="bbox 1867 2274 2203 2346">
    <p class='ocr_par' dir='ltr' id='par_1_52' title="bbox 1867 2274 2203 2346">
     <span class='ocr_line' id='line_1_52' title="bbox 1867 2274 2203 2346; baseline -0.003 -17"><span class='ocrx_word' id='word_1_382' title='bbox 1867 2274 2203 2346; x_wconf 81' lang='lat' dir='ltr'><strong>angelorum.</strong></span> 
     </span>
    </p>
   </div>
   <div class='ocr_carea' id='block_1_53' title="bbox 1937 2359 3446 2434">
    <p class='ocr_par' dir='ltr' id='par_1_53' title="bbox 1937 2359 3446 2434">
     <span class='ocr_line' id='line_1_53' title="bbox 1937 2359 3446 2434; baseline -0.003 -16"><span class='ocrx_word' id='word_1_383' title='bbox 1937 2362 2008 2418; x_wconf 83' lang='lat' dir='ltr'><strong>In</strong></span> <span class='ocrx_word' id='word_1_384' title='bbox 2046 2365 2163 2434; x_wconf 88' lang='lat' dir='ltr'><strong>igne</strong></span> <span class='ocrx_word' id='word_1_385' title='bbox 2206 2363 2480 2418; x_wconf 88' lang='lat' dir='ltr'><strong>Dominus.</strong></span> <span class='ocrx_word' id='word_1_386' title='bbox 2523 2361 2581 2418; x_wconf 85' lang='lat' dir='ltr'><strong>In</strong></span> <span class='ocrx_word' id='word_1_387' title='bbox 2605 2361 2834 2432; x_wconf 89' lang='lat' dir='ltr'><strong>judicio.</strong></span> <span class='ocrx_word' id='word_1_388' title='bbox 2885 2361 3004 2429; x_wconf 87' lang='lat' dir='ltr'><strong>Vel,</strong></span> <span class='ocrx_word' id='word_1_389' title='bbox 3031 2361 3282 2418; x_wconf 87' lang='lat' dir='ltr'><strong>discretio</strong></span> <span class='ocrx_word' id='word_1_390' title='bbox 3329 2359 3446 2432; x_wconf 86' lang='lat' dir='ltr'><strong>ejus</strong></span> 
     </span>
    </p>
   </div>
   <div class='ocr_carea' id='block_1_54' title="bbox 1867 2454 3449 2526">
    <p class='ocr_par' dir='ltr' id='par_1_54' title="bbox 1867 2454 3449 2526">
     <span class='ocr_line' id='line_1_54' title="bbox 1867 2454 3449 2526; baseline -0.003 -14"><span class='ocrx_word' id='word_1_391' title='bbox 1867 2464 1923 2512; x_wconf 90' lang='lat' dir='ltr'><strong>et</strong></span> <span class='ocrx_word' id='word_1_392' title='bbox 1959 2456 2168 2526; x_wconf 90' lang='lat' dir='ltr'><strong>justitia</strong></span> <span class='ocrx_word' id='word_1_393' title='bbox 2211 2465 2563 2524; x_wconf 89' lang='lat' dir='ltr'><strong>monstratur,</strong></span> <span class='ocrx_word' id='word_1_394' title='bbox 2593 2458 2720 2512; x_wconf 92' lang='lat' dir='ltr'><strong>dum</strong></span> <span class='ocrx_word' id='word_1_395' title='bbox 2757 2457 2927 2512; x_wconf 91' lang='lat' dir='ltr'><strong>bonos</strong></span> <span class='ocrx_word' id='word_1_396' title='bbox 2966 2471 3000 2510; x_wconf 91' lang='lat' dir='ltr'><strong>a</strong></span> <span class='ocrx_word' id='word_1_397' title='bbox 3053 2454 3209 2510; x_wconf 90' lang='lat' dir='ltr'><strong>malis</strong></span> <span class='ocrx_word' id='word_1_398' title='bbox 3260 2454 3449 2509; x_wconf 88' lang='lat' dir='ltr'><strong>dividit</strong></span> 
     </span>
    </p>
   </div>
   <div class='ocr_carea' id='block_1_55' title="bbox 1862 2543 3447 2622">
    <p class='ocr_par' dir='ltr' id='par_1_55' title="bbox 1862 2543 3447 2622">
     <span class='ocr_line' id='line_1_55' title="bbox 1862 2543 3447 2622; baseline -0.003 -18"><span class='ocrx_word' id='word_1_399' title='bbox 1862 2548 2009 2621; x_wconf 84' lang='lat' dir='ltr'><strong>justo</strong></span> <span class='ocrx_word' id='word_1_400' title='bbox 2047 2547 2274 2617; x_wconf 87' lang='lat' dir='ltr'><strong>judicio,</strong></span> <span class='ocrx_word' id='word_1_401' title='bbox 2327 2564 2435 2604; x_wconf 90' lang='lat' dir='ltr'><strong>non</strong></span> <span class='ocrx_word' id='word_1_402' title='bbox 2479 2548 2739 2620; x_wconf 88' lang='lat' dir='ltr'><strong>potentia.</strong></span> <span class='ocrx_word' id='word_1_403' title='bbox 2787 2545 2998 2601; x_wconf 79' lang='lat' dir='ltr'><strong>Gladio.</strong></span> <span class='ocrx_word' id='word_1_404' title='bbox 3043 2544 3248 2617; x_wconf 66' lang='lat' dir='ltr'><strong>(litem)</strong></span> <span class='ocrx_word' id='word_1_405' title='bbox 3313 2543 3447 2622; x_wconf 84' lang='lat' dir='ltr'><strong>Sen-</strong></span> 
     </span>
    </p>
   </div>
   <div class='ocr_carea' id='block_1_56' title="bbox 1869 2621 3447 2705">
    <p class='ocr_par' dir='ltr' id='par_1_56' title="bbox 1869 2621 3447 2705">
     <span class='ocr_line' id='line_1_56' title="bbox 1869 2621 3447 2705; baseline -0.003 -13"><span class='ocrx_word' id='word_1_406' title='bbox 1869 2637 2037 2692; x_wconf 84' lang='lat' dir='ltr'><strong>tentia</strong></span> <span class='ocrx_word' id='word_1_407' title='bbox 2080 2655 2095 2692; x_wconf 90' lang='lat'><strong>:</strong></span> <span class='ocrx_word' id='word_1_408' title='bbox 2139 2637 2285 2691; x_wconf 91' lang='lat' dir='ltr'><strong>unde</strong></span> <span class='ocrx_word' id='word_1_409' title='bbox 2341 2636 2528 2702; x_wconf 86' lang='lat' dir='ltr'><strong>Amos,</strong></span> <span class='ocrx_word' id='word_1_410' title='bbox 2581 2635 2772 2691; x_wconf 86' lang='lat' dir='ltr'><strong>Gladio</strong></span> <span class='ocrx_word' id='word_1_411' title='bbox 2830 2634 2931 2689; x_wconf 85' lang='lat' dir='ltr'><strong>Dei</strong></span> <span class='ocrx_word' id='word_1_412' title='bbox 2973 2621 3215 2705; x_wconf 80' lang='lat' dir='ltr'><strong>peribunt</strong></span> <span class='ocrx_word' id='word_1_413' title='bbox 3271 2621 3447 2688; x_wconf 86' lang='lat' dir='ltr'><strong>omnes</strong></span> 
     </span>
    </p>
   </div>
   <div class='ocr_carea' id='block_1_57' title="bbox 1867 2721 3444 2798">
    <p class='ocr_par' dir='ltr' id='par_1_57' title="bbox 1867 2721 3444 2798">
     <span class='ocr_line' id='line_1_57' title="bbox 1867 2721 3444 2798; baseline -0.004 -16"><span class='ocrx_word' id='word_1_414' title='bbox 1867 2737 2186 2798; x_wconf 86' lang='lat' dir='ltr'><strong>peccatores,</strong></span> <span class='ocrx_word' id='word_1_415' title='bbox 2214 2734 2316 2782; x_wconf 92' lang='lat' dir='ltr'><strong>etc.</strong></span> <span class='ocrx_word' id='word_1_416' title='bbox 2344 2725 2544 2797; x_wconf 80' lang='lat' dir='ltr'><strong>(Amos.</strong></span> <span class='ocrx_word' id='word_1_417' title='bbox 2563 2725 2639 2798; x_wconf 79' lang='lat' dir='ltr'><strong>ix)</strong></span> <span class='ocrx_word' id='word_1_418' title='bbox 2670 2727 2804 2780; x_wconf 92' lang='lat' dir='ltr'><strong>Dum</strong></span> <span class='ocrx_word' id='word_1_419' title='bbox 2833 2725 2977 2780; x_wconf 89' lang='lat' dir='ltr'><strong>enim</strong></span> <span class='ocrx_word' id='word_1_420' title='bbox 3007 2722 3197 2778; x_wconf 89' lang='lat' dir='ltr'><strong>reddet</strong></span> <span class='ocrx_word' id='word_1_421' title='bbox 3229 2721 3444 2776; x_wconf 69' lang='lat' dir='ltr'><strong>unicui~</strong></span> 
     </span>
    </p>
   </div>
   <div class='ocr_carea' id='block_1_58' title="bbox 1869 2808 3444 2884">
    <p class='ocr_par' dir='ltr' id='par_1_58' title="bbox 1869 2808 3444 2884">
     <span class='ocr_line' id='line_1_58' title="bbox 1869 2808 3444 2884; baseline -0.003 -16"><span class='ocrx_word' id='word_1_422' title='bbox 1869 2829 1976 2884; x_wconf 90' lang='lat' dir='ltr'><strong>que</strong></span> <span class='ocrx_word' id='word_1_423' title='bbox 2010 2812 2152 2883; x_wconf 90' lang='lat' dir='ltr'><strong>quod</strong></span> <span class='ocrx_word' id='word_1_424' title='bbox 2194 2822 2452 2880; x_wconf 86' lang='lat' dir='ltr'><strong>meretur,</strong></span> <span class='ocrx_word' id='word_1_425' title='bbox 2479 2829 2668 2869; x_wconf 92' lang='lat' dir='ltr'><strong>omnes</strong></span> <span class='ocrx_word' id='word_1_426' title='bbox 2697 2818 3024 2882; x_wconf 82' lang='lat' dir='ltr'><strong>cognoscent</strong></span> <span class='ocrx_word' id='word_1_427' title='bbox 3054 2810 3202 2866; x_wconf 92' lang='lat' dir='ltr'><strong>illum</strong></span> <span class='ocrx_word' id='word_1_428' title='bbox 3235 2808 3444 2880; x_wconf 82' lang='lat' dir='ltr'><strong>justum</strong></span> 
     </span>
    </p>
   </div>
   <div class='ocr_carea' id='block_1_59' title="bbox 1863 2901 2981 2972">
    <p class='ocr_par' dir='ltr' id='par_1_59' title="bbox 1863 2901 2981 2972">
     <span class='ocr_line' id='line_1_59' title="bbox 1863 2901 2981 2972; baseline 0.001 -19"><span class='ocrx_word' id='word_1_429' title='bbox 1863 2901 2121 2970; x_wconf 75' lang='lat' dir='ltr'><strong>iudicem,</strong></span> <span class='ocrx_word' id='word_1_430' title='bbox 2156 2910 2212 2956; x_wconf 89' lang='lat' dir='ltr'><strong>et</strong></span> <span class='ocrx_word' id='word_1_431' title='bbox 2239 2901 2536 2957; x_wconf 91' lang='lat' dir='ltr'><strong>laudabunt</strong></span> <span class='ocrx_word' id='word_1_432' title='bbox 2561 2901 2981 2972; x_wconf 86' lang='lat' dir='ltr'><strong>ejusjudicium.</strong></span> 
     </span>
    </p>
   </div>
   <div class='ocr_carea' id='block_1_60' title="bbox 1945 2987 3449 3063">
    <p class='ocr_par' dir='ltr' id='par_1_60' title="bbox 1945 2987 3449 3063">
     <span class='ocr_line' id='line_1_60' title="bbox 1945 2987 3449 3063; baseline 0.002 -20"><span class='ocrx_word' id='word_1_433' title='bbox 1945 2988 2104 3044; x_wconf 82' lang='lat' dir='ltr'><strong>Vens.</strong></span> <span class='ocrx_word' id='word_1_434' title='bbox 2129 2991 2216 3044; x_wconf 86' lang='grc'><strong>17.</strong></span> <span class='ocrx_word' id='word_1_435' title='bbox 2240 3019 2314 3031; x_wconf 92' lang='lat'><strong>—-</strong></span> <span class='ocrx_word' id='word_1_436' title='bbox 2350 2990 2454 3056; x_wconf 86' lang='lat' dir='ltr'><strong>Qui</strong></span> <span class='ocrx_word' id='word_1_437' title='bbox 2502 2991 2964 3059; x_wconf 79' lang='lat' dir='ltr'><strong>sanctiﬁcabantur</strong></span> <span class='ocrx_word' id='word_1_438' title='bbox 3009 2988 3132 3063; x_wconf 76' lang='grc' dir='ltr'><strong>(Ῑυ.)</strong></span> <span class='ocrx_word' id='word_1_439' title='bbox 3185 2987 3449 3061; x_wconf 83' lang='lat' dir='ltr'><strong>Opinione</strong></span> 
     </span>
    </p>
   </div>
   <div class='ocr_carea' id='block_1_61' title="bbox 1871 3080 3442 3152">
    <p class='ocr_par' dir='ltr' id='par_1_61' title="bbox 1871 3080 3442 3152">
     <span class='ocr_line' id='line_1_61' title="bbox 1871 3080 3442 3152; baseline 0.001 -15"><span class='ocrx_word' id='word_1_440' title='bbox 1871 3096 1969 3137; x_wconf 90' lang='lat' dir='ltr'><strong>sua</strong></span> <span class='ocrx_word' id='word_1_441' title='bbox 1995 3082 2051 3136; x_wconf 91' lang='lat' dir='ltr'><strong>in</strong></span> <span class='ocrx_word' id='word_1_442' title='bbox 2077 3080 2316 3137; x_wconf 80' lang='lat' dir='ltr'><strong>fontibus</strong></span> <span class='ocrx_word' id='word_1_443' title='bbox 2343 3089 2400 3136; x_wconf 92' lang='lat' dir='ltr'><strong>et</strong></span> <span class='ocrx_word' id='word_1_444' title='bbox 2417 3081 2853 3152; x_wconf 88' lang='lat' dir='ltr'><strong>baptismatibus,</strong></span> <span class='ocrx_word' id='word_1_445' title='bbox 2893 3090 3025 3147; x_wconf 88' lang='lat' dir='ltr'><strong>etc.,</strong></span> <span class='ocrx_word' id='word_1_446' title='bbox 3053 3098 3216 3152; x_wconf 88' lang='lat' dir='ltr'><strong>usque</strong></span> <span class='ocrx_word' id='word_1_447' title='bbox 3245 3082 3316 3136; x_wconf 90' lang='lat' dir='ltr'><strong>ad</strong></span> <span class='ocrx_word' id='word_1_448' title='bbox 3345 3082 3442 3138; x_wconf 85' lang='lat' dir='ltr'><strong>sed</strong></span> 
     </span>
    </p>
   </div>
   <div class='ocr_carea' id='block_1_62' title="bbox 170 3171 3446 3258">
    <p class='ocr_par' dir='ltr' id='par_1_62' title="bbox 170 3171 3446 3258">
     <span class='ocr_line' id='line_1_62' title="bbox 170 3171 3446 3258; baseline 0 -27"><span class='ocrx_word' id='word_1_449' title='bbox 170 3175 241 3231; x_wconf 82' lang='lat' dir='ltr'><strong>in</strong></span> <span class='ocrx_word' id='word_1_450' title='bbox 271 3189 436 3231; x_wconf 87' lang='lat' dir='ltr'><strong>carne</strong></span> <span class='ocrx_word' id='word_1_451' title='bbox 467 3185 749 3233; x_wconf 85' lang='lat' dir='ltr'><strong>versantes</strong></span> <span class='ocrx_word' id='word_1_452' title='bbox 779 3195 794 3232; x_wconf 91' lang='lat'><strong>:</strong></span> <span class='ocrx_word' id='word_1_453' title='bbox 824 3178 916 3248; x_wconf 91' lang='lat' dir='ltr'><strong>qui</strong></span> <span class='ocrx_word' id='word_1_454' title='bbox 939 3192 1068 3232; x_wconf 91' lang='lat' dir='ltr'><strong>vero</strong></span> <span class='ocrx_word' id='word_1_455' title='bbox 1101 3185 1224 3248; x_wconf 90' lang='lat' dir='ltr'><strong>post</strong></span> <span class='ocrx_word' id='word_1_456' title='bbox 1253 3177 1337 3232; x_wconf 92' lang='lat' dir='ltr'><strong>lac</strong></span> <span class='ocrx_word' id='word_1_457' title='bbox 1368 3175 1764 3233; x_wconf 88' lang='lat' dir='ltr'><strong>consolationis</strong></span> <span class='ocrx_word' id='word_1_458' title='bbox 1791 3194 1836 3258; x_wconf 74' lang='grc' dir='ltr'><strong>ρ</strong></span> <span class='ocrx_word' id='word_1_459' title='bbox 1873 3183 2051 3230; x_wconf 89' lang='lat' dir='ltr'><strong>tamen</strong></span> <span class='ocrx_word' id='word_1_460' title='bbox 2085 3172 2285 3228; x_wconf 90' lang='lat' dir='ltr'><strong>dicitur</strong></span> <span class='ocrx_word' id='word_1_461' title='bbox 2308 3171 2376 3226; x_wconf 95' lang='lat' dir='ltr'><strong>ad</strong></span> <span class='ocrx_word' id='word_1_462' title='bbox 2403 3171 2774 3228; x_wconf 80' lang='lat' dir='ltr'><strong>confusionem</strong></span> <span class='ocrx_word' id='word_1_463' title='bbox 2801 3186 2988 3227; x_wconf 89' lang='lat' dir='ltr'><strong>eorum</strong></span> <span class='ocrx_word' id='word_1_464' title='bbox 3015 3172 3109 3242; x_wconf 89' lang='lat' dir='ltr'><strong>qui</strong></span> <span class='ocrx_word' id='word_1_465' title='bbox 3132 3187 3230 3227; x_wconf 92' lang='lat' dir='ltr'><strong>nec</strong></span> <span class='ocrx_word' id='word_1_466' title='bbox 3256 3172 3446 3231; x_wconf 82' lang='lat' dir='ltr'><strong>erube-</strong></span> 
     </span>
    </p>
   </div>
   <div class='ocr_carea' id='block_1_63' title="bbox 184 3258 1766 3335">
    <p class='ocr_par' dir='ltr' id='par_1_63' title="bbox 184 3258 1766 3335">
     <span class='ocr_line' id='line_1_63' title="bbox 184 3258 1766 3335; baseline 0 -15"><span class='ocrx_word' id='word_1_467' title='bbox 184 3264 259 3320; x_wconf 87' lang='lat' dir='ltr'><strong>ad</strong></span> <span class='ocrx_word' id='word_1_468' title='bbox 285 3263 516 3320; x_wconf 90' lang='lat' dir='ltr'><strong>solidum</strong></span> <span class='ocrx_word' id='word_1_469' title='bbox 537 3265 720 3322; x_wconf 88' lang='lat' dir='ltr'><strong>cibum</strong></span> <span class='ocrx_word' id='word_1_470' title='bbox 745 3265 1109 3335; x_wconf 84' lang='lat' dir='ltr'><strong>profecerunt,</strong></span> <span class='ocrx_word' id='word_1_471' title='bbox 1137 3264 1356 3322; x_wconf 86' lang='lat' dir='ltr'><strong>aﬁluent</strong></span> <span class='ocrx_word' id='word_1_472' title='bbox 1383 3264 1592 3322; x_wconf 91' lang='lat' dir='ltr'><strong>deliciis</strong></span> <span class='ocrx_word' id='word_1_473' title='bbox 1620 3258 1766 3321; x_wconf 86' lang='lat' dir='ltr'><strong>veri-</strong></span> 
     </span>
    </p>
   </div>
   <div class='ocr_carea' id='block_1_64' title="bbox 183 3352 1760 3426">
    <p class='ocr_par' dir='ltr' id='par_1_64' title="bbox 183 3352 1760 3426">
     <span class='ocr_line' id='line_1_64' title="bbox 183 3352 1760 3426; baseline -0.001 -17"><span class='ocrx_word' id='word_1_474' title='bbox 183 3355 320 3410; x_wconf 89' lang='lat' dir='ltr'><strong>tatis</strong></span> <span class='ocrx_word' id='word_1_475' title='bbox 357 3363 412 3410; x_wconf 90' lang='lat' dir='ltr'><strong>et</strong></span> <span class='ocrx_word' id='word_1_476' title='bbox 453 3354 692 3412; x_wconf 71' lang='lat' dir='ltr'><strong>scientia:</strong></span> <span class='ocrx_word' id='word_1_477' title='bbox 731 3355 1057 3410; x_wconf 65' lang='lat' dir='ltr'><strong>omnimodae</strong></span> <span class='ocrx_word' id='word_1_478' title='bbox 1085 3354 1288 3426; x_wconf 84' lang='lat' dir='ltr'><strong>gloriae.</strong></span> <span class='ocrx_word' id='word_1_479' title='bbox 1342 3352 1416 3408; x_wconf 87' lang='lat' dir='ltr'><strong>Ut</strong></span> <span class='ocrx_word' id='word_1_480' title='bbox 1463 3353 1760 3425; x_wconf 83' lang='lat' dir='ltr'><strong>mulgeatis.</strong></span> 
     </span>
    </p>
   </div>
   <div class='ocr_carea' id='block_1_65' title="bbox 184 3445 1761 3512">
    <p class='ocr_par' dir='ltr' id='par_1_65' title="bbox 184 3445 1761 3512">
     <span class='ocr_line' id='line_1_65' title="bbox 184 3445 1761 3512; baseline -0.002 -8"><span class='ocrx_word' id='word_1_481' title='bbox 184 3447 393 3504; x_wconf 90' lang='lat' dir='ltr'><strong>Sancta</strong></span> <span class='ocrx_word' id='word_1_482' title='bbox 425 3447 665 3502; x_wconf 88' lang='lat' dir='ltr'><strong>Ecclesia</strong></span> <span class='ocrx_word' id='word_1_483' title='bbox 706 3447 762 3502; x_wconf 93' lang='lat' dir='ltr'><strong>in</strong></span> <span class='ocrx_word' id='word_1_484' title='bbox 789 3446 1041 3502; x_wconf 90' lang='lat' dir='ltr'><strong>omnibus</strong></span> <span class='ocrx_word' id='word_1_485' title='bbox 1061 3461 1190 3512; x_wconf 91' lang='lat' dir='ltr'><strong>una,</strong></span> <span class='ocrx_word' id='word_1_486' title='bbox 1221 3445 1277 3502; x_wconf 93' lang='lat' dir='ltr'><strong>in</strong></span> <span class='ocrx_word' id='word_1_487' title='bbox 1325 3446 1446 3502; x_wconf 90' lang='lat' dir='ltr'><strong>aliis</strong></span> <span class='ocrx_word' id='word_1_488' title='bbox 1473 3446 1634 3502; x_wconf 86' lang='lat' dir='ltr'><strong>habet</strong></span> <span class='ocrx_word' id='word_1_489' title='bbox 1657 3445 1761 3511; x_wconf 89' lang='lat' dir='ltr'><strong>lac,</strong></span> 
     </span>
    </p>
   </div>
   <div class='ocr_carea' id='block_1_66' title="bbox 183 3534 1762 3608">
    <p class='ocr_par' dir='ltr' id='par_1_66' title="bbox 183 3534 1762 3608">
     <span class='ocr_line' id='line_1_66' title="bbox 183 3534 1762 3608; baseline -0.003 -14"><span class='ocrx_word' id='word_1_490' title='bbox 183 3536 511 3608; x_wconf 88' lang='lat' dir='ltr'><strong>simplicem,</strong></span> <span class='ocrx_word' id='word_1_491' title='bbox 533 3537 743 3593; x_wconf 89' lang='lat' dir='ltr'><strong>scilicet</strong></span> <span class='ocrx_word' id='word_1_492' title='bbox 783 3537 964 3602; x_wconf 88' lang='lat' dir='ltr'><strong>ﬁdem,</strong></span> <span class='ocrx_word' id='word_1_493' title='bbox 997 3537 1385 3607; x_wconf 89' lang='lat' dir='ltr'><strong>operationem.</strong></span> <span class='ocrx_word' id='word_1_494' title='bbox 1418 3536 1476 3592; x_wconf 84' lang='lat' dir='ltr'><strong>In</strong></span> <span class='ocrx_word' id='word_1_495' title='bbox 1519 3535 1642 3592; x_wconf 89' lang='lat' dir='ltr'><strong>aliis</strong></span> <span class='ocrx_word' id='word_1_496' title='bbox 1682 3534 1762 3590; x_wconf 80' lang='lat' dir='ltr'><strong>af-</strong></span> 
     </span>
    </p>
   </div>
   <div class='ocr_carea' id='block_1_67' title="bbox 180 3624 1766 3697">
    <p class='ocr_par' dir='ltr' id='par_1_67' title="bbox 180 3624 1766 3697">
     <span class='ocr_line' id='line_1_67' title="bbox 180 3624 1766 3697; baseline -0.003 -12"><span class='ocrx_word' id='word_1_497' title='bbox 180 3628 308 3685; x_wconf 82' lang='lat' dir='ltr'><strong>ﬂuit</strong></span> <span class='ocrx_word' id='word_1_498' title='bbox 349 3626 657 3682; x_wconf 91' lang='lat' dir='ltr'><strong>omnimoda</strong></span> <span class='ocrx_word' id='word_1_499' title='bbox 701 3625 892 3697; x_wconf 80' lang='lat' dir='ltr'><strong>gloria,</strong></span> <span class='ocrx_word' id='word_1_500' title='bbox 921 3626 1308 3682; x_wconf 88' lang='lat' dir='ltr'><strong>charismatum</strong></span> <span class='ocrx_word' id='word_1_501' title='bbox 1343 3624 1550 3682; x_wconf 89' lang='lat' dir='ltr'><strong>scilicet</strong></span> <span class='ocrx_word' id='word_1_502' title='bbox 1594 3626 1766 3682; x_wconf 88' lang='lat' dir='ltr'><strong>abun-</strong></span> 
     </span>
    </p>
   </div>
   <div class='ocr_carea' id='block_1_68' title="bbox 180 3717 1759 3785">
    <p class='ocr_par' dir='ltr' id='par_1_68' title="bbox 180 3717 1759 3785">
     <span class='ocr_line' id='line_1_68' title="bbox 180 3717 1759 3785; baseline -0.003 -9"><span class='ocrx_word' id='word_1_503' title='bbox 180 3720 396 3785; x_wconf 89' lang='lat' dir='ltr'><strong>dantia,</strong></span> <span class='ocrx_word' id='word_1_504' title='bbox 421 3728 478 3774; x_wconf 90' lang='lat' dir='ltr'><strong>et</strong></span> <span class='ocrx_word' id='word_1_505' title='bbox 497 3718 792 3774; x_wconf 85' lang='lat' dir='ltr'><strong>divinitatis</strong></span> <span class='ocrx_word' id='word_1_506' title='bbox 821 3718 1046 3775; x_wconf 87' lang='lat' dir='ltr'><strong>scientia</strong></span> <span class='ocrx_word' id='word_1_507' title='bbox 1067 3726 1124 3775; x_wconf 92' lang='lat' dir='ltr'><strong>et</strong></span> <span class='ocrx_word' id='word_1_508' title='bbox 1147 3719 1504 3776; x_wconf 88' lang='lat' dir='ltr'><strong>humanitatis</strong></span> <span class='ocrx_word' id='word_1_509' title='bbox 1533 3717 1759 3775; x_wconf 89' lang='lat' dir='ltr'><strong>Christi.</strong></span> 
     </span>
    </p>
   </div>
   <div class='ocr_carea' id='block_1_69' title="bbox 183 3808 1766 3881">
    <p class='ocr_par' dir='ltr' id='par_1_69' title="bbox 183 3808 1766 3881">
     <span class='ocr_line' id='line_1_69' title="bbox 183 3808 1766 3881; baseline -0.002 -14"><span class='ocrx_word' id='word_1_510' title='bbox 183 3811 379 3867; x_wconf 89' lang='lat' dir='ltr'><strong>Sancti</strong></span> <span class='ocrx_word' id='word_1_511' title='bbox 424 3825 553 3881; x_wconf 90' lang='lat' dir='ltr'><strong>ergo</strong></span> <span class='ocrx_word' id='word_1_512' title='bbox 602 3810 981 3880; x_wconf 79' lang='lat' dir='ltr'><strong>przedicatores</strong></span> <span class='ocrx_word' id='word_1_513' title='bbox 1029 3809 1087 3865; x_wconf 90' lang='lat' dir='ltr'><strong>in</strong></span> <span class='ocrx_word' id='word_1_514' title='bbox 1127 3810 1378 3865; x_wconf 89' lang='lat' dir='ltr'><strong>omnibus</strong></span> <span class='ocrx_word' id='word_1_515' title='bbox 1424 3808 1766 3865; x_wconf 90' lang='lat' dir='ltr'><strong>delectantur</strong></span> 
     </span>
    </p>
   </div>
   <div class='ocr_carea' id='block_1_70' title="bbox 181 3898 1780 3969">
    <p class='ocr_par' dir='ltr' id='par_1_70' title="bbox 181 3898 1780 3969">
     <span class='ocr_line' id='line_1_70' title="bbox 181 3898 1780 3969; baseline -0.001 -13"><span class='ocrx_word' id='word_1_516' title='bbox 181 3909 448 3968; x_wconf 90' lang='lat' dir='ltr'><strong>tanquam</strong></span> <span class='ocrx_word' id='word_1_517' title='bbox 479 3906 764 3969; x_wconf 90' lang='lat' dir='ltr'><strong>carpentes</strong></span> <span class='ocrx_word' id='word_1_518' title='bbox 791 3900 859 3954; x_wconf 89' lang='lat' dir='ltr'><strong>ab</strong></span> <span class='ocrx_word' id='word_1_519' title='bbox 897 3899 1021 3954; x_wconf 90' lang='lat' dir='ltr'><strong>aliis</strong></span> <span class='ocrx_word' id='word_1_520' title='bbox 1048 3899 1171 3960; x_wconf 90' lang='lat' dir='ltr'><strong>hoc,</strong></span> <span class='ocrx_word' id='word_1_521' title='bbox 1205 3899 1274 3955; x_wconf 91' lang='lat' dir='ltr'><strong>ab</strong></span> <span class='ocrx_word' id='word_1_522' title='bbox 1318 3899 1441 3955; x_wconf 90' lang='lat' dir='ltr'><strong>aliis</strong></span> <span class='ocrx_word' id='word_1_523' title='bbox 1477 3899 1629 3954; x_wconf 88' lang='lat' dir='ltr'><strong>illud.</strong></span> <span class='ocrx_word' id='word_1_524' title='bbox 1683 3898 1780 3968; x_wconf 21' lang='lat' dir='ltr'><strong>Ab,</strong></span> 
     </span>
    </p>
   </div>
   <div class='ocr_carea' id='block_1_71' title="bbox 179 3988 1754 4060">
    <p class='ocr_par' dir='ltr' id='par_1_71' title="bbox 179 3988 1754 4060">
     <span class='ocr_line' id='line_1_71' title="bbox 179 3988 1754 4060; baseline 0.001 -17"><span class='ocrx_word' id='word_1_525' title='bbox 179 3989 367 4044; x_wconf 87' lang='lat' dir='ltr'><strong>ubere.</strong></span> <span class='ocrx_word' id='word_1_526' title='bbox 402 3988 486 4044; x_wconf 89' lang='lat' dir='ltr'><strong>Ab</strong></span> <span class='ocrx_word' id='word_1_527' title='bbox 506 3989 760 4058; x_wconf 89' lang='lat' dir='ltr'><strong>apostolis</strong></span> <span class='ocrx_word' id='word_1_528' title='bbox 771 3997 825 4044; x_wconf 90' lang='lat' dir='ltr'><strong>et</strong></span> <span class='ocrx_word' id='word_1_529' title='bbox 847 3989 1292 4060; x_wconf 69' lang='lat' dir='ltr'><strong>prmdicatoribus</strong></span> <span class='ocrx_word' id='word_1_530' title='bbox 1315 3990 1385 4046; x_wconf 91' lang='lat' dir='ltr'><strong>ad</strong></span> <span class='ocrx_word' id='word_1_531' title='bbox 1411 3991 1550 4046; x_wconf 89' lang='lat' dir='ltr'><strong>dona</strong></span> <span class='ocrx_word' id='word_1_532' title='bbox 1578 3989 1754 4059; x_wconf 89' lang='lat' dir='ltr'><strong>Spiri-</strong></span> 
     </span>
    </p>
   </div>
   <div class='ocr_carea' id='block_1_72' title="bbox 179 4079 1766 4158">
    <p class='ocr_par' dir='ltr' id='par_1_72' title="bbox 179 4079 1766 4158">
     <span class='ocr_line' id='line_1_72' title="bbox 179 4079 1766 4158; baseline 0 -22"><span class='ocrx_word' id='word_1_533' title='bbox 179 4090 278 4136; x_wconf 88' lang='lat' dir='ltr'><strong>tus</strong></span> <span class='ocrx_word' id='word_1_534' title='bbox 309 4081 503 4158; x_wconf 86' lang='lat' dir='ltr'><strong>sancti,</strong></span> <span class='ocrx_word' id='word_1_535' title='bbox 524 4080 609 4134; x_wconf 93' lang='lat' dir='ltr'><strong>vel</strong></span> <span class='ocrx_word' id='word_1_536' title='bbox 632 4079 702 4136; x_wconf 92' lang='lat' dir='ltr'><strong>ad</strong></span> <span class='ocrx_word' id='word_1_537' title='bbox 729 4081 1031 4138; x_wconf 87' lang='lat' dir='ltr'><strong>doctrinam</strong></span> <span class='ocrx_word' id='word_1_538' title='bbox 1071 4081 1285 4138; x_wconf 89' lang='lat' dir='ltr'><strong>Veteris</strong></span> <span class='ocrx_word' id='word_1_539' title='bbox 1308 4089 1364 4138; x_wconf 91' lang='lat' dir='ltr'><strong>et</strong></span> <span class='ocrx_word' id='word_1_540' title='bbox 1393 4079 1529 4138; x_wconf 87' lang='lat' dir='ltr'><strong>Novi</strong></span> <span class='ocrx_word' id='word_1_541' title='bbox 1578 4081 1766 4137; x_wconf 89' lang='lat' dir='ltr'><strong>Testa-</strong></span> 
     </span>
    </p>
   </div>
   <div class='ocr_carea' id='block_1_73' title="bbox 179 4168 1762 4242">
    <p class='ocr_par' dir='ltr' id='par_1_73' title="bbox 179 4168 1762 4242">
     <span class='ocr_line' id='line_1_73' title="bbox 179 4168 1762 4242; baseline 0 -16"><span class='ocrx_word' id='word_1_542' title='bbox 179 4169 381 4226; x_wconf 88' lang='lat' dir='ltr'><strong>menti.</strong></span> <span class='ocrx_word' id='word_1_543' title='bbox 435 4168 588 4236; x_wconf 85' lang='lat' dir='ltr'><strong>Quod</strong></span> <span class='ocrx_word' id='word_1_544' title='bbox 613 4170 758 4226; x_wconf 89' lang='lat' dir='ltr'><strong>enim</strong></span> <span class='ocrx_word' id='word_1_545' title='bbox 798 4171 1114 4240; x_wconf 78' lang='lat' dir='ltr'><strong>pra-dicant,</strong></span> <span class='ocrx_word' id='word_1_546' title='bbox 1142 4171 1392 4242; x_wconf 87' lang='lat' dir='ltr'><strong>operibus</strong></span> <span class='ocrx_word' id='word_1_547' title='bbox 1434 4179 1762 4239; x_wconf 86' lang='lat' dir='ltr'><strong>monstrant,</strong></span> 
     </span>
    </p>
   </div>
   <div class='ocr_carea' id='block_1_74' title="bbox 179 4257 1642 4332">
    <p class='ocr_par' dir='ltr' id='par_1_74' title="bbox 179 4257 1642 4332">
     <span class='ocr_line' id='line_1_74' title="bbox 179 4257 1642 4332; baseline -0.001 -18"><span class='ocrx_word' id='word_1_548' title='bbox 179 4267 248 4314; x_wconf 90' lang='lat' dir='ltr'><strong>ut</strong></span> <span class='ocrx_word' id='word_1_549' title='bbox 272 4257 355 4314; x_wconf 89' lang='lat' dir='ltr'><strong>sic</strong></span> <span class='ocrx_word' id='word_1_550' title='bbox 385 4257 724 4316; x_wconf 85' lang='lat' dir='ltr'><strong>auditoribus</strong></span> <span class='ocrx_word' id='word_1_551' title='bbox 755 4260 1008 4316; x_wconf 88' lang='lat' dir='ltr'><strong>ducatum</strong></span> <span class='ocrx_word' id='word_1_552' title='bbox 1028 4262 1324 4332; x_wconf 69' lang='lat' dir='ltr'><strong>praebeant.</strong></span> <span class='ocrx_word' id='word_1_553' title='bbox 1637 4307 1642 4313; x_wconf 84' lang='lat'><strong>.</strong></span> 
     </span>
    </p>
   </div>
   <div class='ocr_carea' id='block_1_75' title="bbox 264 4347 1760 4426">
    <p class='ocr_par' dir='ltr' id='par_1_75' title="bbox 264 4347 1760 4426">
     <span class='ocr_line' id='line_1_75' title="bbox 264 4347 1760 4426; baseline 0.005 -22"><span class='ocrx_word' id='word_1_554' title='bbox 264 4348 430 4404; x_wconf 84' lang='lat' dir='ltr'><strong>Vens.</strong></span> <span class='ocrx_word' id='word_1_555' title='bbox 467 4349 554 4404; x_wconf 76' lang='lat' dir='ltr'><strong>l2.</strong></span> <span class='ocrx_word' id='word_1_556' title='bbox 598 4381 670 4392; x_wconf 86' lang='lat'><strong>-—</strong></span> <span class='ocrx_word' id='word_1_557' title='bbox 693 4347 1045 4407; x_wconf 88' lang='lat' dir='ltr'><strong>Blandientur</strong></span> <span class='ocrx_word' id='word_1_558' title='bbox 1081 4353 1245 4408; x_wconf 77' lang='lat' dir='ltr'><strong>vobis.</strong></span> <span class='ocrx_word' id='word_1_559' title='bbox 1279 4351 1488 4426; x_wconf 68' lang='lat' dir='ltr'><strong>alien.)</strong></span> <span class='ocrx_word' id='word_1_560' title='bbox 1533 4354 1760 4411; x_wconf 85' lang='lat' dir='ltr'><strong>Susten-</strong></span> 
     </span>
    </p>
   </div>
   <div class='ocr_carea' id='block_1_76' title="bbox 181 4438 1759 4514">
    <p class='ocr_par' dir='ltr' id='par_1_76' title="bbox 181 4438 1759 4514">
     <span class='ocr_line' id='line_1_76' title="bbox 181 4438 1759 4514; baseline 0.003 -18"><span class='ocrx_word' id='word_1_561' title='bbox 181 4447 390 4506; x_wconf 87' lang='lat' dir='ltr'><strong>tantes,</strong></span> <span class='ocrx_word' id='word_1_562' title='bbox 416 4438 500 4496; x_wconf 89' lang='lat' dir='ltr'><strong>lac</strong></span> <span class='ocrx_word' id='word_1_563' title='bbox 534 4441 745 4509; x_wconf 88' lang='lat' dir='ltr'><strong>dantes,</strong></span> <span class='ocrx_word' id='word_1_564' title='bbox 769 4443 910 4499; x_wconf 87' lang='lat' dir='ltr'><strong>sicut</strong></span> <span class='ocrx_word' id='word_1_565' title='bbox 940 4442 1030 4499; x_wconf 93' lang='lat' dir='ltr'><strong>ille</strong></span> <span class='ocrx_word' id='word_1_566' title='bbox 1067 4443 1159 4514; x_wconf 89' lang='lat' dir='ltr'><strong>qui</strong></span> <span class='ocrx_word' id='word_1_567' title='bbox 1185 4443 1334 4510; x_wconf 90' lang='lat' dir='ltr'><strong>dicit,</strong></span> <span class='ocrx_word' id='word_1_568' title='bbox 1375 4443 1601 4500; x_wconf 81' lang='lat' dir='ltr'><strong>Obsecro</strong></span> <span class='ocrx_word' id='word_1_569' title='bbox 1646 4463 1759 4512; x_wconf 84' lang='lat' dir='ltr'><strong>vos,</strong></span> 
     </span>
    </p>
   </div>
   <div class='ocr_carea' id='block_1_77' title="bbox 1867 3259 3446 3330">
    <p class='ocr_par' dir='ltr' id='par_1_77' title="bbox 1867 3259 3446 3330">
     <span class='ocr_line' id='line_1_77' title="bbox 1867 3259 3446 3330; baseline -0.004 -10"><span class='ocrx_word' id='word_1_570' title='bbox 1867 3271 2032 3320; x_wconf 89' lang='lat' dir='ltr'><strong>scunt</strong></span> <span class='ocrx_word' id='word_1_571' title='bbox 2058 3262 2256 3318; x_wconf 81' lang='lat' dir='ltr'><strong>facere.</strong></span> <span class='ocrx_word' id='word_1_572' title='bbox 2289 3261 2395 3328; x_wconf 87' lang='lat' dir='ltr'><strong>Qui</strong></span> <span class='ocrx_word' id='word_1_573' title='bbox 2417 3260 2904 3330; x_wconf 82' lang='lat' dir='ltr'><strong>sancti/icabantur.</strong></span> <span class='ocrx_word' id='word_1_574' title='bbox 2933 3259 3225 3316; x_wconf 91' lang='lat' dir='ltr'><strong>Possumus</strong></span> <span class='ocrx_word' id='word_1_575' title='bbox 3251 3274 3446 3315; x_wconf 90' lang='lat' dir='ltr'><strong>secun-</strong></span> 
     </span>
    </p>
   </div>
   <div class='ocr_carea' id='block_1_78' title="bbox 1865 3350 3446 3426">
    <p class='ocr_par' dir='ltr' id='par_1_78' title="bbox 1865 3350 3446 3426">
     <span class='ocr_line' id='line_1_78' title="bbox 1865 3350 3446 3426; baseline -0.003 -15"><span class='ocrx_word' id='word_1_576' title='bbox 1865 3355 1996 3412; x_wconf 93' lang='lat' dir='ltr'><strong>dum</strong></span> <span class='ocrx_word' id='word_1_577' title='bbox 2035 3353 2389 3426; x_wconf 89' lang='lat' dir='ltr'><strong>tropologiam</strong></span> <span class='ocrx_word' id='word_1_578' title='bbox 2439 3352 2652 3419; x_wconf 90' lang='lat' dir='ltr'><strong>dicere,</strong></span> <span class='ocrx_word' id='word_1_579' title='bbox 2699 3367 2887 3408; x_wconf 92' lang='lat' dir='ltr'><strong>omnes</strong></span> <span class='ocrx_word' id='word_1_580' title='bbox 2933 3350 3225 3423; x_wconf 90' lang='lat' dir='ltr'><strong>voluptatis</strong></span> <span class='ocrx_word' id='word_1_581' title='bbox 3270 3351 3446 3422; x_wconf 89' lang='lat' dir='ltr'><strong>magis</strong></span> 
     </span>
    </p>
   </div>
   <div class='ocr_carea' id='block_1_79' title="bbox 1865 3439 3449 3514">
    <p class='ocr_par' dir='ltr' id='par_1_79' title="bbox 1865 3439 3449 3514">
     <span class='ocr_line' id='line_1_79' title="bbox 1865 3439 3449 3514; baseline -0.001 -16"><span class='ocrx_word' id='word_1_582' title='bbox 1865 3443 2157 3514; x_wconf 89' lang='lat' dir='ltr'><strong>quam.Dci</strong></span> <span class='ocrx_word' id='word_1_583' title='bbox 2178 3450 2469 3508; x_wconf 89' lang='lat' dir='ltr'><strong>amatores,</strong></span> <span class='ocrx_word' id='word_1_584' title='bbox 2499 3441 2680 3497; x_wconf 90' lang='lat' dir='ltr'><strong>dicere</strong></span> <span class='ocrx_word' id='word_1_585' title='bbox 2712 3439 3042 3496; x_wconf 89' lang='lat' dir='ltr'><strong>sanctiﬁcari</strong></span> <span class='ocrx_word' id='word_1_586' title='bbox 3067 3440 3123 3495; x_wconf 91' lang='lat' dir='ltr'><strong>in</strong></span> <span class='ocrx_word' id='word_1_587' title='bbox 3169 3439 3346 3496; x_wconf 90' lang='lat' dir='ltr'><strong>hortis</strong></span> <span class='ocrx_word' id='word_1_588' title='bbox 3391 3449 3449 3496; x_wconf 92' lang='lat' dir='ltr'><strong>et</strong></span> 
     </span>
    </p>
   </div>
   <div class='ocr_carea' id='block_1_80' title="bbox 1864 3528 3442 3602">
    <p class='ocr_par' dir='ltr' id='par_1_80' title="bbox 1864 3528 3442 3602">
     <span class='ocr_line' id='line_1_80' title="bbox 1864 3528 3442 3602; baseline -0.004 -14"><span class='ocrx_word' id='word_1_589' title='bbox 1864 3533 1921 3588; x_wconf 93' lang='lat' dir='ltr'><strong>in</strong></span> <span class='ocrx_word' id='word_1_590' title='bbox 1949 3532 2246 3598; x_wconf 90' lang='lat' dir='ltr'><strong>liminibus,</strong></span> <span class='ocrx_word' id='word_1_591' title='bbox 2283 3531 2580 3589; x_wconf 90' lang='lat' dir='ltr'><strong>secundum</strong></span> <span class='ocrx_word' id='word_1_592' title='bbox 2629 3530 3002 3602; x_wconf 77' lang='lat' dir='ltr'><strong>Septuaginta,</strong></span> <span class='ocrx_word' id='word_1_593' title='bbox 3053 3529 3179 3598; x_wconf 92' lang='lat' dir='ltr'><strong>quia</strong></span> <span class='ocrx_word' id='word_1_594' title='bbox 3211 3528 3264 3584; x_wconf 93' lang='lat' dir='ltr'><strong>in</strong></span> <span class='ocrx_word' id='word_1_595' title='bbox 3317 3542 3442 3600; x_wconf 81' lang='lat' dir='ltr'><strong>my-</strong></span> 
     </span>
    </p>
   </div>
   <div class='ocr_carea' id='block_1_81' title="bbox 1864 3618 3442 3688">
    <p class='ocr_par' dir='ltr' id='par_1_81' title="bbox 1864 3618 3442 3688">
     <span class='ocr_line' id='line_1_81' title="bbox 1864 3618 3442 3688; baseline -0.004 -7"><span class='ocrx_word' id='word_1_596' title='bbox 1864 3624 2032 3681; x_wconf 87' lang='lat' dir='ltr'><strong>steria</strong></span> <span class='ocrx_word' id='word_1_597' title='bbox 2055 3624 2300 3681; x_wconf 82' lang='lat' dir='ltr'><strong>veritatis</strong></span> <span class='ocrx_word' id='word_1_598' title='bbox 2329 3639 2438 3680; x_wconf 90' lang='lat' dir='ltr'><strong>non</strong></span> <span class='ocrx_word' id='word_1_599' title='bbox 2462 3622 2648 3678; x_wconf 89' lang='lat' dir='ltr'><strong>valent</strong></span> <span class='ocrx_word' id='word_1_600' title='bbox 2679 3622 2928 3688; x_wconf 88' lang='lat' dir='ltr'><strong>introire,</strong></span> <span class='ocrx_word' id='word_1_601' title='bbox 2956 3627 3011 3676; x_wconf 90' lang='lat' dir='ltr'><strong>et</strong></span> <span class='ocrx_word' id='word_1_602' title='bbox 3043 3619 3330 3676; x_wconf 87' lang='lat' dir='ltr'><strong>comedere</strong></span> <span class='ocrx_word' id='word_1_603' title='bbox 3361 3618 3442 3674; x_wconf 87' lang='lat' dir='ltr'><strong>ci-</strong></span> 
     </span>
    </p>
   </div>
   <div class='ocr_carea' id='block_1_82' title="bbox 1862 3709 3446 3786">
    <p class='ocr_par' dir='ltr' id='par_1_82' title="bbox 1862 3709 3446 3786">
     <span class='ocr_line' id='line_1_82' title="bbox 1862 3709 3446 3786; baseline -0.004 -14"><span class='ocrx_word' id='word_1_604' title='bbox 1862 3717 1962 3772; x_wconf 92' lang='lat' dir='ltr'><strong>bos</strong></span> <span class='ocrx_word' id='word_1_605' title='bbox 1985 3715 2202 3785; x_wconf 86' lang='lat' dir='ltr'><strong>pietatis</strong></span> <span class='ocrx_word' id='word_1_606' title='bbox 2235 3733 2249 3770; x_wconf 89' lang='lat'>:</span> <span class='ocrx_word' id='word_1_607' title='bbox 2275 3715 2402 3786; x_wconf 89' lang='lat' dir='ltr'><strong>quia</strong></span> <span class='ocrx_word' id='word_1_608' title='bbox 2430 3729 2538 3769; x_wconf 89' lang='lat' dir='ltr'><strong>non</strong></span> <span class='ocrx_word' id='word_1_609' title='bbox 2566 3721 2692 3770; x_wconf 90' lang='lat' dir='ltr'><strong>sunt</strong></span> <span class='ocrx_word' id='word_1_610' title='bbox 2721 3712 2894 3768; x_wconf 89' lang='lat' dir='ltr'><strong>sancti</strong></span> <span class='ocrx_word' id='word_1_611' title='bbox 2926 3725 3152 3782; x_wconf 90' lang='lat' dir='ltr'><strong>corpore</strong></span> <span class='ocrx_word' id='word_1_612' title='bbox 3172 3721 3227 3767; x_wconf 90' lang='lat' dir='ltr'><strong>et</strong></span> <span class='ocrx_word' id='word_1_613' title='bbox 3251 3709 3446 3782; x_wconf 89' lang='lat' dir='ltr'><strong>spiritu</strong></span> 
     </span>
    </p>
   </div>
   <div class='ocr_carea' id='block_1_83' title="bbox 1863 3802 3444 3870">
    <p class='ocr_par' dir='ltr' id='par_1_83' title="bbox 1863 3802 3444 3870">
     <span class='ocr_line' id='line_1_83' title="bbox 1863 3802 3444 3870; baseline -0.003 -8"><span class='ocrx_word' id='word_1_614' title='bbox 1863 3821 1966 3863; x_wconf 90' lang='lat' dir='ltr'><strong>nec</strong></span> <span class='ocrx_word' id='word_1_615' title='bbox 2001 3807 2306 3862; x_wconf 75' lang='lat' dir='ltr'><strong>‘comcdunt</strong></span> <span class='ocrx_word' id='word_1_616' title='bbox 2354 3819 2574 3862; x_wconf 89' lang='lat' dir='ltr'><strong>carnem</strong></span> <span class='ocrx_word' id='word_1_617' title='bbox 2629 3803 2852 3870; x_wconf 90' lang='lat' dir='ltr'><strong>Christi,</strong></span> <span class='ocrx_word' id='word_1_618' title='bbox 2887 3813 2950 3859; x_wconf 88' lang='lat' dir='ltr'><strong>ut</strong></span> <span class='ocrx_word' id='word_1_619' title='bbox 2991 3803 3225 3859; x_wconf 88' lang='lat' dir='ltr'><strong>habeant</strong></span> <span class='ocrx_word' id='word_1_620' title='bbox 3275 3802 3444 3858; x_wconf 81' lang='lat' dir='ltr'><strong>vitam</strong></span> 
     </span>
    </p>
   </div>
   <div class='ocr_carea' id='block_1_84' title="bbox 1821 3897 3444 3972">
    <p class='ocr_par' dir='ltr' id='par_1_84' title="bbox 1821 3897 3444 3972">
     <span class='ocr_line' id='line_1_84' title="bbox 1821 3897 3444 3972; baseline -0.005 -14"><span class='ocrx_word' id='word_1_621' title='bbox 1821 3909 1832 3916; x_wconf 83' lang='lat'><em>&quot;</em></span> <span class='ocrx_word' id='word_1_622' title='bbox 1862 3904 2158 3959; x_wconf 63' lang='lat' dir='ltr'><strong>teternam.‘</strong></span> <span class='ocrx_word' id='word_1_623' title='bbox 2195 3901 2408 3957; x_wconf 86' lang='lat' dir='ltr'><strong>Etenim</strong></span> <span class='ocrx_word' id='word_1_624' title='bbox 2461 3901 2658 3972; x_wconf 82' lang='lat' dir='ltr'><strong>pascha</strong></span> <span class='ocrx_word' id='word_1_625' title='bbox 2708 3907 2944 3954; x_wconf 87' lang='lat' dir='ltr'><strong>nostrum</strong></span> <span class='ocrx_word' id='word_1_626' title='bbox 3009 3897 3312 3953; x_wconf 82' lang='lat' dir='ltr'><strong>immolatus</strong></span> <span class='ocrx_word' id='word_1_627' title='bbox 3364 3905 3444 3951; x_wconf 86' lang='lat' dir='ltr'><strong>est</strong></span> 
     </span>
    </p>
   </div>
   <div class='ocr_carea' id='block_1_85' title="bbox 1863 3987 3442 4063">
    <p class='ocr_par' dir='ltr' id='par_1_85' title="bbox 1863 3987 3442 4063">
     <span class='ocr_line' id='line_1_85' title="bbox 1863 3987 3442 4063; baseline -0.003 -16"><span class='ocrx_word' id='word_1_628' title='bbox 1863 3991 2099 4047; x_wconf 86' lang='lat' dir='ltr'><strong>Christus</strong></span> <span class='ocrx_word' id='word_1_629' title='bbox 2125 3990 2177 4063; x_wconf 94' lang='grc'><strong>(1</strong></span> <span class='ocrx_word' id='word_1_630' title='bbox 2207 3989 2330 4046; x_wconf 87' lang='lat' dir='ltr'><strong>Cor.</strong></span> <span class='ocrx_word' id='word_1_631' title='bbox 2360 3991 2434 4063; x_wconf 91' lang='lat' dir='ltr'><strong>v),</strong></span> <span class='ocrx_word' id='word_1_632' title='bbox 2475 3991 2568 4062; x_wconf 92' lang='lat' dir='ltr'><strong>qui</strong></span> <span class='ocrx_word' id='word_1_633' title='bbox 2597 4005 2703 4046; x_wconf 90' lang='lat' dir='ltr'><strong>non</strong></span> <span class='ocrx_word' id='word_1_634' title='bbox 2730 3987 2884 4056; x_wconf 83' lang='lat' dir='ltr'><strong>foris,</strong></span> <span class='ocrx_word' id='word_1_635' title='bbox 2907 3988 3004 4046; x_wconf 91' lang='lat' dir='ltr'><strong>sed</strong></span> <span class='ocrx_word' id='word_1_636' title='bbox 3037 3989 3092 4044; x_wconf 89' lang='lat' dir='ltr'><strong>in</strong></span> <span class='ocrx_word' id='word_1_637' title='bbox 3137 4003 3245 4044; x_wconf 91' lang='lat' dir='ltr'><strong>una</strong></span> <span class='ocrx_word' id='word_1_638' title='bbox 3283 3987 3442 4044; x_wconf 92' lang='lat' dir='ltr'><strong>domo</strong></span> 
     </span>
    </p>
   </div>
   <div class='ocr_carea' id='block_1_86' title="bbox 1862 4077 3444 4139">
    <p class='ocr_par' dir='ltr' id='par_1_86' title="bbox 1862 4077 3444 4139">
     <span class='ocr_line' id='line_1_86' title="bbox 1862 4077 3444 4139; baseline -0.004 0"><span class='ocrx_word' id='word_1_639' title='bbox 1862 4091 1918 4139; x_wconf 94' lang='lat' dir='ltr'><strong>et</strong></span> <span class='ocrx_word' id='word_1_640' title='bbox 1941 4082 2084 4138; x_wconf 90' lang='lat' dir='ltr'><strong>intus</strong></span> <span class='ocrx_word' id='word_1_641' title='bbox 2106 4081 2426 4138; x_wconf 90' lang='lat' dir='ltr'><strong>comeditur.</strong></span> <span class='ocrx_word' id='word_1_642' title='bbox 2454 4081 2523 4136; x_wconf 84' lang='lat' dir='ltr'><strong>In</strong></span> <span class='ocrx_word' id='word_1_643' title='bbox 2551 4079 2739 4136; x_wconf 83' lang='lat' dir='ltr'><strong>hortis.</strong></span> <span class='ocrx_word' id='word_1_644' title='bbox 2767 4079 2885 4136; x_wconf 84' lang='lat' dir='ltr'><strong>Non</strong></span> <span class='ocrx_word' id='word_1_645' title='bbox 2913 4080 2969 4136; x_wconf 93' lang='lat' dir='ltr'><strong>in</strong></span> <span class='ocrx_word' id='word_1_646' title='bbox 2993 4078 3264 4136; x_wconf 87' lang='lat' dir='ltr'><strong>sacriﬁcio</strong></span> <span class='ocrx_word' id='word_1_647' title='bbox 3298 4077 3444 4133; x_wconf 84' lang='lat' dir='ltr'><strong>vitu-</strong></span> 
     </span>
    </p>
   </div>
   <div class='ocr_carea' id='block_1_87' title="bbox 1861 4170 3296 4244">
    <p class='ocr_par' dir='ltr' id='par_1_87' title="bbox 1861 4170 3296 4244">
     <span class='ocr_line' id='line_1_87' title="bbox 1861 4170 3296 4244; baseline -0.003 -16"><span class='ocrx_word' id='word_1_648' title='bbox 1861 4173 1929 4230; x_wconf 75' lang='lat' dir='ltr'><strong>lze</strong></span> <span class='ocrx_word' id='word_1_649' title='bbox 1953 4173 2106 4239; x_wconf 57' lang='lat' dir='ltr'><strong>rufa,</strong></span> <span class='ocrx_word' id='word_1_650' title='bbox 2145 4173 2287 4244; x_wconf 90' lang='lat' dir='ltr'><strong>quod</strong></span> <span class='ocrx_word' id='word_1_651' title='bbox 2310 4172 2722 4244; x_wconf 86' lang='lat' dir='ltr'><strong>praecipiebatur</strong></span> <span class='ocrx_word' id='word_1_652' title='bbox 2746 4171 2803 4226; x_wconf 90' lang='lat' dir='ltr'><strong>in</strong></span> <span class='ocrx_word' id='word_1_653' title='bbox 2830 4170 2970 4242; x_wconf 84' lang='lat' dir='ltr'><strong>lege.</strong></span> <span class='ocrx_word' id='word_1_654' title='bbox 3167 4217 3170 4222; x_wconf 97' lang='lat'><strong>.</strong></span> <span class='ocrx_word' id='word_1_655' title='bbox 3293 4227 3296 4230; x_wconf 60' lang='grc'>,</span> 
     </span>
    </p>
   </div>
   <div class='ocr_carea' id='block_1_88' title="bbox 1932 4256 3441 4333">
    <p class='ocr_par' dir='ltr' id='par_1_88' title="bbox 1932 4256 3441 4333">
     <span class='ocr_line' id='line_1_88' title="bbox 1932 4256 3441 4333; baseline -0.003 -14"><span class='ocrx_word' id='word_1_656' title='bbox 1932 4265 2098 4320; x_wconf 88' lang='lat' dir='ltr'><strong>Vens.</strong></span> <span class='ocrx_word' id='word_1_657' title='bbox 2129 4264 2218 4319; x_wconf 92' lang='grc'><strong>18.</strong></span> <span class='ocrx_word' id='word_1_658' title='bbox 2248 4293 2321 4303; x_wconf 90' lang='lat'><strong>——</strong></span> <span class='ocrx_word' id='word_1_659' title='bbox 2348 4262 2462 4333; x_wconf 87' lang='lat' dir='ltr'><strong>Ego</strong></span> <span class='ocrx_word' id='word_1_660' title='bbox 2493 4272 2688 4316; x_wconf 87' lang='lat' dir='ltr'><strong>autem.</strong></span> <span class='ocrx_word' id='word_1_661' title='bbox 2727 4259 2891 4328; x_wconf 86' lang='lat' dir='ltr'><strong>Quasi</strong></span> <span class='ocrx_word' id='word_1_662' title='bbox 2917 4259 3062 4314; x_wconf 90' lang='lat' dir='ltr'><strong>dicat</strong></span> <span class='ocrx_word' id='word_1_663' title='bbox 3092 4276 3107 4312; x_wconf 91' lang='lat'><strong>:</strong></span> <span class='ocrx_word' id='word_1_664' title='bbox 3131 4257 3256 4314; x_wconf 86' lang='lat' dir='ltr'><strong>Ideo</strong></span> <span class='ocrx_word' id='word_1_665' title='bbox 3281 4256 3441 4314; x_wconf 89' lang='lat' dir='ltr'><strong>venio</strong></span> 
     </span>
    </p>
   </div>
   <div class='ocr_carea' id='block_1_89' title="bbox 1861 4346 3441 4422">
    <p class='ocr_par' dir='ltr' id='par_1_89' title="bbox 1861 4346 3441 4422">
     <span class='ocr_line' id='line_1_89' title="bbox 1861 4346 3441 4422; baseline -0.005 -12"><span class='ocrx_word' id='word_1_666' title='bbox 1861 4353 1931 4410; x_wconf 92' lang='lat' dir='ltr'><strong>ad</strong></span> <span class='ocrx_word' id='word_1_667' title='bbox 1950 4352 2211 4422; x_wconf 85' lang='lat' dir='ltr'><strong>judicium</strong></span> <span class='ocrx_word' id='word_1_668' title='bbox 2241 4366 2364 4406; x_wconf 91' lang='lat' dir='ltr'><strong>cum</strong></span> <span class='ocrx_word' id='word_1_669' title='bbox 2387 4350 2636 4406; x_wconf 91' lang='lat' dir='ltr'><strong>omnibus</strong></span> <span class='ocrx_word' id='word_1_670' title='bbox 2656 4349 2908 4422; x_wconf 90' lang='lat' dir='ltr'><strong>gentibus</strong></span> <span class='ocrx_word' id='word_1_671' title='bbox 2933 4357 2990 4404; x_wconf 93' lang='lat' dir='ltr'><strong>et</strong></span> <span class='ocrx_word' id='word_1_672' title='bbox 3033 4347 3250 4420; x_wconf 84' lang='lat' dir='ltr'><strong>linguis,</strong></span> <span class='ocrx_word' id='word_1_673' title='bbox 3278 4356 3336 4403; x_wconf 90' lang='lat' dir='ltr'><strong>ut</strong></span> <span class='ocrx_word' id='word_1_674' title='bbox 3352 4346 3441 4418; x_wconf 85' lang='lat' dir='ltr'><strong>ju-</strong></span> 
     </span>
    </p>
   </div>
   <div class='ocr_carea' id='block_1_90' title="bbox 1861 4429 3442 4510">
    <p class='ocr_par' dir='ltr' id='par_1_90' title="bbox 1861 4429 3442 4510">
     <span class='ocr_line' id='line_1_90' title="bbox 1861 4429 3442 4510; baseline -0.001 -13"><span class='ocrx_word' id='word_1_675' title='bbox 1861 4442 2035 4498; x_wconf 89' lang='lat' dir='ltr'><strong>dicem</strong></span> <span class='ocrx_word' id='word_1_676' title='bbox 2060 4440 2221 4496; x_wconf 91' lang='lat' dir='ltr'><strong>simul</strong></span> <span class='ocrx_word' id='word_1_677' title='bbox 2240 4439 2422 4497; x_wconf 89' lang='lat' dir='ltr'><strong>omnia</strong></span> <span class='ocrx_word' id='word_1_678' title='bbox 2451 4454 2615 4510; x_wconf 90' lang='lat' dir='ltr'><strong>opera</strong></span> <span class='ocrx_word' id='word_1_679' title='bbox 2645 4455 2836 4496; x_wconf 91' lang='lat' dir='ltr'><strong>eorum</strong></span> <span class='ocrx_word' id='word_1_680' title='bbox 2867 4447 2924 4496; x_wconf 88' lang='lat' dir='ltr'><strong>et</strong></span> <span class='ocrx_word' id='word_1_681' title='bbox 2970 4429 3352 4510; x_wconf 81' lang='lat' dir='ltr'><strong>cogitationes,</strong></span> <span class='ocrx_word' id='word_1_682' title='bbox 3383 4446 3442 4495; x_wconf 92' lang='lat' dir='ltr'><strong>ct</strong></span> 
     </span>
    </p>
   </div>
   <div class='ocr_carea' id='block_1_91' title="bbox 184 4527 3436 4604">
    <p class='ocr_par' dir='ltr' id='par_1_91' title="bbox 184 4527 3436 4604">
     <span class='ocr_line' id='line_1_91' title="bbox 184 4527 3436 4604; baseline 0 -20"><span class='ocrx_word' id='word_1_683' title='bbox 184 4530 392 4602; x_wconf 81' lang='lat' dir='ltr'><strong>fatres,</strong></span> <span class='ocrx_word' id='word_1_684' title='bbox 437 4547 531 4600; x_wconf 83' lang='lat' dir='ltr'><strong>per</strong></span> <span class='ocrx_word' id='word_1_685' title='bbox 570 4533 983 4588; x_wconf 88' lang='lat' dir='ltr'><strong>misericordiam</strong></span> <span class='ocrx_word' id='word_1_686' title='bbox 1029 4534 1124 4589; x_wconf 89' lang='lat' dir='ltr'><strong>Dei</strong></span> <span class='ocrx_word' id='word_1_687' title='bbox 1172 4546 1230 4589; x_wconf 87' lang='lat' dir='ltr'><strong>ut</strong></span> <span class='ocrx_word' id='word_1_688' title='bbox 1273 4536 1553 4590; x_wconf 77' lang='lat' dir='ltr'><strong>exhibeatis</strong></span> <span class='ocrx_word' id='word_1_689' title='bbox 1596 4537 1757 4592; x_wconf 89' lang='lat' dir='ltr'><strong>corda</strong></span> <span class='ocrx_word' id='word_1_690' title='bbox 1784 4539 1836 4598; x_wconf 89' lang='lat' dir='ltr'><strong>D</strong></span> <span class='ocrx_word' id='word_1_691' title='bbox 1861 4531 2082 4588; x_wconf 87' lang='lat' dir='ltr'><strong>reddam</strong></span> <span class='ocrx_word' id='word_1_692' title='bbox 2107 4531 2188 4587; x_wconf 91' lang='lat' dir='ltr'><strong>eis</strong></span> <span class='ocrx_word' id='word_1_693' title='bbox 2216 4531 2398 4586; x_wconf 91' lang='lat' dir='ltr'><strong>omnia</strong></span> <span class='ocrx_word' id='word_1_694' title='bbox 2429 4545 2549 4604; x_wconf 69' lang='lat' dir='ltr'><strong>quas</strong></span> <span class='ocrx_word' id='word_1_695' title='bbox 2596 4538 2892 4586; x_wconf 91' lang='lat' dir='ltr'><strong>merentur.</strong></span> <span class='ocrx_word' id='word_1_696' title='bbox 2937 4527 3179 4600; x_wconf 86' lang='lat' dir='ltr'><strong>Linguis.</strong></span> <span class='ocrx_word' id='word_1_697' title='bbox 3223 4529 3436 4602; x_wconf 62' lang='lat' dir='ltr'><strong>(litem)</strong></span> 
     </span>
    </p>
   </div>
   <div class='ocr_carea' id='block_1_92' title="bbox 179 4614 1761 4693">
    <p class='ocr_par' dir='ltr' id='par_1_92' title="bbox 179 4614 1761 4693">
     <span class='ocr_line' id='line_1_92' title="bbox 179 4614 1761 4693; baseline 0.004 -21"><span class='ocrx_word' id='word_1_698' title='bbox 179 4625 361 4672; x_wconf 77' lang='lat' dir='ltr'><strong>uestra</strong></span> <span class='ocrx_word' id='word_1_699' title='bbox 379 4614 556 4687; x_wconf 86' lang='lat' dir='ltr'><strong>(Rom.</strong></span> <span class='ocrx_word' id='word_1_700' title='bbox 585 4619 705 4691; x_wconf 79' lang='lat' dir='ltr'><strong>xu),</strong></span> <span class='ocrx_word' id='word_1_701' title='bbox 731 4627 838 4676; x_wconf 90' lang='lat' dir='ltr'><strong>etc.</strong></span> <span class='ocrx_word' id='word_1_702' title='bbox 863 4620 970 4675; x_wconf 88' lang='lat' dir='ltr'><strong>Et:</strong></span> <span class='ocrx_word' id='word_1_703' title='bbox 1003 4619 1229 4675; x_wconf 83' lang='lat' dir='ltr'><strong>Obsecro</strong></span> <span class='ocrx_word' id='word_1_704' title='bbox 1257 4637 1344 4675; x_wconf 78' lang='lat' dir='ltr'><strong>nos</strong></span> <span class='ocrx_word' id='word_1_705' title='bbox 1379 4629 1630 4693; x_wconf 87' lang='lat' dir='ltr'><strong>tanquam</strong></span> <span class='ocrx_word' id='word_1_706' title='bbox 1664 4623 1761 4678; x_wconf 86' lang='lat' dir='ltr'><strong>ad-</strong></span> 
     </span>
    </p>
   </div>
   <div class='ocr_carea' id='block_1_93' title="bbox 181 4704 878 4780">
    <p class='ocr_par' dir='ltr' id='par_1_93' title="bbox 181 4704 878 4780">
     <span class='ocr_line' id='line_1_93' title="bbox 181 4704 878 4780; baseline 0.006 -19"><span class='ocrx_word' id='word_1_707' title='bbox 181 4721 372 4770; x_wconf 76' lang='lat' dir='ltr'><strong>venas,</strong></span> <span class='ocrx_word' id='word_1_708' title='bbox 394 4704 448 4777; x_wconf 92' lang='grc' dir='ltr'><strong>(Ι</strong></span> <span class='ocrx_word' id='word_1_709' title='bbox 481 4705 626 4762; x_wconf 88' lang='lat' dir='ltr'><strong>Petr.</strong></span> <span class='ocrx_word' id='word_1_710' title='bbox 657 4709 742 4780; x_wconf 88' lang='grc' dir='ltr'><strong>ιι).</strong></span> <span class='ocrx_word' id='word_1_711' title='bbox 769 4718 878 4765; x_wconf 92' lang='lat' dir='ltr'><strong>etc.</strong></span> 
     </span>
    </p>
   </div>
   <div class='ocr_carea' id='block_1_94' title="bbox 260 4792 1760 4871">
    <p class='ocr_par' dir='ltr' id='par_1_94' title="bbox 260 4792 1760 4871">
     <span class='ocr_line' id='line_1_94' title="bbox 260 4792 1760 4871; baseline 0.007 -23"><span class='ocrx_word' id='word_1_712' title='bbox 260 4792 428 4850; x_wconf 84' lang='lat' dir='ltr'><strong>Vens.</strong></span> <span class='ocrx_word' id='word_1_713' title='bbox 452 4796 538 4852; x_wconf 79' lang='grc'><strong>15.</strong></span> <span class='ocrx_word' id='word_1_714' title='bbox 566 4827 638 4836; x_wconf 91' lang='grc'><strong><em>-</em></strong></span> <span class='ocrx_word' id='word_1_715' title='bbox 658 4796 948 4864; x_wconf 86' lang='lat' dir='ltr'><strong>Quomodo.</strong></span> <span class='ocrx_word' id='word_1_716' title='bbox 972 4797 1321 4869; x_wconf 85' lang='lat' dir='ltr'><strong>Omnipotens</strong></span> <span class='ocrx_word' id='word_1_717' title='bbox 1341 4799 1484 4856; x_wconf 88' lang='lat' dir='ltr'><strong>Deus</strong></span> <span class='ocrx_word' id='word_1_718' title='bbox 1503 4807 1760 4871; x_wconf 90' lang='lat' dir='ltr'><strong>tanquam</strong></span> 
     </span>
    </p>
   </div>
   <div class='ocr_carea' id='block_1_95' title="bbox 179 4882 1757 4964">
    <p class='ocr_par' dir='ltr' id='par_1_95' title="bbox 179 4882 1757 4964">
     <span class='ocr_line' id='line_1_95' title="bbox 179 4882 1757 4964; baseline 0.004 -22"><span class='ocrx_word' id='word_1_719' title='bbox 179 4882 500 4942; x_wconf 87' lang='lat' dir='ltr'><strong>misericors</strong></span> <span class='ocrx_word' id='word_1_720' title='bbox 527 4893 583 4941; x_wconf 91' lang='lat' dir='ltr'><strong>et</strong></span> <span class='ocrx_word' id='word_1_721' title='bbox 606 4887 914 4954; x_wconf 89' lang='lat' dir='ltr'><strong>miserator,</strong></span> <span class='ocrx_word' id='word_1_722' title='bbox 940 4889 1100 4944; x_wconf 90' lang='lat' dir='ltr'><strong>modo</strong></span> <span class='ocrx_word' id='word_1_723' title='bbox 1124 4887 1316 4959; x_wconf 59' lang='lat' dir='ltr'><strong>aquilae</strong></span> <span class='ocrx_word' id='word_1_724' title='bbox 1351 4889 1510 4948; x_wconf 93' lang='lat' dir='ltr'><strong>modo</strong></span> <span class='ocrx_word' id='word_1_725' title='bbox 1528 4891 1757 4964; x_wconf 63' lang='lat' dir='ltr'><strong>gallinae,</strong></span> 
     </span>
    </p>
   </div>
   <div class='ocr_carea' id='block_1_96' title="bbox 181 4974 1760 5050">
    <p class='ocr_par' dir='ltr' id='par_1_96' title="bbox 181 4974 1760 5050">
     <span class='ocr_line' id='line_1_96' title="bbox 181 4974 1760 5050; baseline 0.006 -19"><span class='ocrx_word' id='word_1_726' title='bbox 181 4974 355 5031; x_wconf 87' lang='lat' dir='ltr'><strong>modo</strong></span> <span class='ocrx_word' id='word_1_727' title='bbox 401 4975 538 5030; x_wconf 92' lang='lat' dir='ltr'><strong>mari</strong></span> <span class='ocrx_word' id='word_1_728' title='bbox 582 4975 876 5034; x_wconf 90' lang='lat' dir='ltr'><strong>blandienti</strong></span> <span class='ocrx_word' id='word_1_729' title='bbox 917 4993 979 5036; x_wconf 88' lang='lat' dir='ltr'><strong>se</strong></span> <span class='ocrx_word' id='word_1_730' title='bbox 1020 4988 1320 5050; x_wconf 89' lang='lat' dir='ltr'><strong>comparat,</strong></span> <span class='ocrx_word' id='word_1_731' title='bbox 1347 4988 1410 5036; x_wconf 94' lang='lat' dir='ltr'><strong>ut</strong></span> <span class='ocrx_word' id='word_1_732' title='bbox 1444 4997 1540 5040; x_wconf 92' lang='lat' dir='ltr'><strong>vos</strong></span> <span class='ocrx_word' id='word_1_733' title='bbox 1570 4983 1760 5040; x_wconf 88' lang='lat' dir='ltr'><strong>saltem</strong></span> 
     </span>
    </p>
   </div>
   <div class='ocr_carea' id='block_1_97' title="bbox 179 5057 1758 5143">
    <p class='ocr_par' dir='ltr' id='par_1_97' title="bbox 179 5057 1758 5143">
     <span class='ocr_line' id='line_1_97' title="bbox 179 5057 1758 5143; baseline 0.005 -21"><span class='ocrx_word' id='word_1_734' title='bbox 179 5064 471 5122; x_wconf 82' lang='lat' dir='ltr'><strong>blanditiis</strong></span> <span class='ocrx_word' id='word_1_735' title='bbox 509 5065 730 5122; x_wconf 91' lang='lat' dir='ltr'><strong>alliciat.</strong></span> <span class='ocrx_word' id='word_1_736' title='bbox 794 5067 949 5124; x_wconf 88' lang='lat' dir='ltr'><strong>Sicut</strong></span> <span class='ocrx_word' id='word_1_737' title='bbox 991 5070 1158 5125; x_wconf 90' lang='lat' dir='ltr'><strong>etiam</strong></span> <span class='ocrx_word' id='word_1_738' title='bbox 1208 5069 1388 5140; x_wconf 89' lang='lat' dir='ltr'><strong>aquila</strong></span> <span class='ocrx_word' id='word_1_739' title='bbox 1430 5070 1486 5126; x_wconf 92' lang='lat' dir='ltr'><strong>in</strong></span> <span class='ocrx_word' id='word_1_740' title='bbox 1533 5057 1758 5143; x_wconf 87' lang='lat' dir='ltr'><strong>rupibus</strong></span> 
     </span>
    </p>
   </div>
   <div class='ocr_carea' id='block_1_98' title="bbox 182 5154 1758 5234">
    <p class='ocr_par' dir='ltr' id='par_1_98' title="bbox 182 5154 1758 5234">
     <span class='ocr_line' id='line_1_98' title="bbox 182 5154 1758 5234; baseline 0.005 -24"><span class='ocrx_word' id='word_1_741' title='bbox 182 5154 490 5210; x_wconf 89' lang='lat' dir='ltr'><strong>inaccessis</strong></span> <span class='ocrx_word' id='word_1_742' title='bbox 521 5155 706 5210; x_wconf 89' lang='lat' dir='ltr'><strong>nidum</strong></span> <span class='ocrx_word' id='word_1_743' title='bbox 754 5166 926 5227; x_wconf 90' lang='lat' dir='ltr'><strong>parat,</strong></span> <span class='ocrx_word' id='word_1_744' title='bbox 953 5174 1024 5215; x_wconf 90' lang='lat' dir='ltr'><strong>ne</strong></span> <span class='ocrx_word' id='word_1_745' title='bbox 1069 5175 1319 5216; x_wconf 88' lang='lat' dir='ltr'><strong>accessus</strong></span> <span class='ocrx_word' id='word_1_746' title='bbox 1363 5160 1528 5216; x_wconf 91' lang='lat' dir='ltr'><strong>alicui</strong></span> <span class='ocrx_word' id='word_1_747' title='bbox 1557 5171 1758 5234; x_wconf 90' lang='lat' dir='ltr'><strong>pateat,</strong></span> 
     </span>
    </p>
   </div>
   <div class='ocr_carea' id='block_1_99' title="bbox 182 5245 1759 5322">
    <p class='ocr_par' dir='ltr' id='par_1_99' title="bbox 182 5245 1759 5322">
     <span class='ocr_line' id='line_1_99' title="bbox 182 5245 1759 5322; baseline 0.005 -21"><span class='ocrx_word' id='word_1_748' title='bbox 182 5255 246 5301; x_wconf 90' lang='lat' dir='ltr'><strong>et</strong></span> <span class='ocrx_word' id='word_1_749' title='bbox 294 5245 349 5299; x_wconf 92' lang='lat' dir='ltr'><strong>in</strong></span> <span class='ocrx_word' id='word_1_750' title='bbox 373 5245 552 5302; x_wconf 88' lang='lat' dir='ltr'><strong>medio</strong></span> <span class='ocrx_word' id='word_1_751' title='bbox 580 5246 927 5303; x_wconf 91' lang='lat' dir='ltr'><strong>amethistum</strong></span> <span class='ocrx_word' id='word_1_752' title='bbox 951 5248 1183 5319; x_wconf 90' lang='lat' dir='ltr'><strong>lapidem</strong></span> <span class='ocrx_word' id='word_1_753' title='bbox 1213 5250 1306 5322; x_wconf 93' lang='lat' dir='ltr'><strong>qui</strong></span> <span class='ocrx_word' id='word_1_754' title='bbox 1333 5252 1515 5307; x_wconf 90' lang='lat' dir='ltr'><strong>omnia</strong></span> <span class='ocrx_word' id='word_1_755' title='bbox 1551 5268 1759 5310; x_wconf 91' lang='lat' dir='ltr'><strong>venena</strong></span> 
     </span>
    </p>
   </div>
   <div class='ocr_carea' id='block_1_100' title="bbox 181 5335 1761 5410">
    <p class='ocr_par' dir='ltr' id='par_1_100' title="bbox 181 5335 1761 5410">
     <span class='ocr_line' id='line_1_100' title="bbox 181 5335 1761 5410; baseline 0.004 -20"><span class='ocrx_word' id='word_1_756' title='bbox 181 5335 361 5406; x_wconf 82' lang='lat' dir='ltr'><strong>fugat,</strong></span> <span class='ocrx_word' id='word_1_757' title='bbox 392 5335 685 5390; x_wconf 90' lang='lat' dir='ltr'><strong>secundum</strong></span> <span class='ocrx_word' id='word_1_758' title='bbox 725 5335 978 5406; x_wconf 88' lang='lat' dir='ltr'><strong>physicos</strong></span> <span class='ocrx_word' id='word_1_759' title='bbox 1023 5346 1244 5408; x_wconf 90' lang='lat' dir='ltr'><strong>propter</strong></span> <span class='ocrx_word' id='word_1_760' title='bbox 1269 5348 1547 5410; x_wconf 89' lang='lat' dir='ltr'><strong>serpentes</strong></span> <span class='ocrx_word' id='word_1_761' title='bbox 1571 5355 1761 5397; x_wconf 90' lang='lat' dir='ltr'><strong>arcen-</strong></span> 
     </span>
    </p>
   </div>
   <div class='ocr_carea' id='block_1_101' title="bbox 184 5423 1761 5503">
    <p class='ocr_par' dir='ltr' id='par_1_101' title="bbox 184 5423 1761 5503">
     <span class='ocr_line' id='line_1_101' title="bbox 184 5423 1761 5503; baseline 0.005 -24"><span class='ocrx_word' id='word_1_762' title='bbox 184 5425 312 5488; x_wconf 89' lang='lat' dir='ltr'><strong>dos,</strong></span> <span class='ocrx_word' id='word_1_763' title='bbox 338 5423 582 5493; x_wconf 56' lang='lat' dir='ltr'><strong>quasdam</strong></span> <span class='ocrx_word' id='word_1_764' title='bbox 608 5423 712 5479; x_wconf 90' lang='lat' dir='ltr'><strong>alia</strong></span> <span class='ocrx_word' id='word_1_765' title='bbox 739 5434 950 5480; x_wconf 88' lang='lat' dir='ltr'><strong>secreta</strong></span> <span class='ocrx_word' id='word_1_766' title='bbox 993 5433 1200 5482; x_wconf 73' lang='lat' dir='ltr'><strong>naturae</strong></span> <span class='ocrx_word' id='word_1_767' title='bbox 1229 5427 1461 5484; x_wconf 89' lang='lat' dir='ltr'><strong>collocat</strong></span> <span class='ocrx_word' id='word_1_768' title='bbox 1491 5447 1505 5484; x_wconf 88' lang='lat'><strong>:</strong></span> <span class='ocrx_word' id='word_1_769' title='bbox 1539 5430 1621 5486; x_wconf 91' lang='lat' dir='ltr'><strong>sic</strong></span> <span class='ocrx_word' id='word_1_770' title='bbox 1646 5430 1761 5503; x_wconf 90' lang='lat' dir='ltr'><strong>ipse</strong></span> 
     </span>
    </p>
   </div>
   <div class='ocr_carea' id='block_1_102' title="bbox 184 5510 1757 5592">
    <p class='ocr_par' dir='ltr' id='par_1_102' title="bbox 184 5510 1757 5592">
     <span class='ocr_line' id='line_1_102' title="bbox 184 5510 1757 5592; baseline 0.006 -24"><span class='ocrx_word' id='word_1_771' title='bbox 184 5512 244 5568; x_wconf 92' lang='lat' dir='ltr'><strong>in</strong></span> <span class='ocrx_word' id='word_1_772' title='bbox 268 5510 522 5567; x_wconf 89' lang='lat' dir='ltr'><strong>cordibus</strong></span> <span class='ocrx_word' id='word_1_773' title='bbox 546 5511 743 5569; x_wconf 89' lang='lat' dir='ltr'><strong>nostris</strong></span> <span class='ocrx_word' id='word_1_774' title='bbox 765 5512 1016 5585; x_wconf 89' lang='lat' dir='ltr'><strong>lapidem,</strong></span> <span class='ocrx_word' id='word_1_775' title='bbox 1042 5515 1094 5571; x_wconf 93' lang='lat' dir='ltr'><strong>id</strong></span> <span class='ocrx_word' id='word_1_776' title='bbox 1113 5524 1199 5572; x_wconf 91' lang='lat' dir='ltr'><strong>est</strong></span> <span class='ocrx_word' id='word_1_777' title='bbox 1223 5515 1382 5572; x_wconf 89' lang='lat' dir='ltr'><strong>ﬁdem</strong></span> <span class='ocrx_word' id='word_1_778' title='bbox 1407 5534 1561 5575; x_wconf 89' lang='lat' dir='ltr'><strong>suam</strong></span> <span class='ocrx_word' id='word_1_779' title='bbox 1585 5522 1757 5592; x_wconf 92' lang='lat' dir='ltr'><strong>ponit,</strong></span> 
     </span>
    </p>
   </div>
   <div class='ocr_carea' id='block_1_103' title="bbox 185 5600 1759 5676">
    <p class='ocr_par' dir='ltr' id='par_1_103' title="bbox 185 5600 1759 5676">
     <span class='ocr_line' id='line_1_103' title="bbox 185 5600 1759 5676; baseline 0.007 -20"><span class='ocrx_word' id='word_1_780' title='bbox 185 5600 421 5667; x_wconf 88' lang='lat' dir='ltr'><strong>scilicet,</strong></span> <span class='ocrx_word' id='word_1_781' title='bbox 454 5601 714 5673; x_wconf 90' lang='lat' dir='ltr'><strong>seipsum,</strong></span> <span class='ocrx_word' id='word_1_782' title='bbox 741 5603 834 5673; x_wconf 88' lang='lat' dir='ltr'><strong>qui</strong></span> <span class='ocrx_word' id='word_1_783' title='bbox 879 5612 963 5659; x_wconf 88' lang='lat' dir='ltr'><strong>est</strong></span> <span class='ocrx_word' id='word_1_784' title='bbox 992 5604 1129 5676; x_wconf 90' lang='lat' dir='ltr'><strong>lapis</strong></span> <span class='ocrx_word' id='word_1_785' title='bbox 1155 5606 1400 5664; x_wconf 90' lang='lat' dir='ltr'><strong>abscisus</strong></span> <span class='ocrx_word' id='word_1_786' title='bbox 1433 5608 1550 5666; x_wconf 89' lang='lat' dir='ltr'><strong>sine</strong></span> <span class='ocrx_word' id='word_1_787' title='bbox 1585 5611 1759 5667; x_wconf 86' lang='lat' dir='ltr'><strong>mani-</strong></span> 
     </span>
    </p>
   </div>
   <div class='ocr_carea' id='block_1_104' title="bbox 187 5690 1755 5772">
    <p class='ocr_par' dir='ltr' id='par_1_104' title="bbox 187 5690 1755 5772">
     <span class='ocr_line' id='line_1_104' title="bbox 187 5690 1755 5772; baseline 0.004 -24"><span class='ocrx_word' id='word_1_788' title='bbox 187 5693 300 5748; x_wconf 87' lang='lat' dir='ltr'><strong>bus</strong></span> <span class='ocrx_word' id='word_1_789' title='bbox 335 5690 401 5749; x_wconf 85' lang='lat' dir='ltr'><strong>de</strong></span> <span class='ocrx_word' id='word_1_790' title='bbox 431 5699 634 5762; x_wconf 87' lang='lat' dir='ltr'><strong>monte,</strong></span> <span class='ocrx_word' id='word_1_791' title='bbox 665 5708 771 5764; x_wconf 90' lang='lat' dir='ltr'><strong>quo</strong></span> <span class='ocrx_word' id='word_1_792' title='bbox 795 5694 977 5754; x_wconf 87' lang='lat' dir='ltr'><strong>omnia</strong></span> <span class='ocrx_word' id='word_1_793' title='bbox 1003 5709 1209 5756; x_wconf 86' lang='lat' dir='ltr'><strong>venena</strong></span> <span class='ocrx_word' id='word_1_794' title='bbox 1243 5697 1444 5758; x_wconf 85' lang='lat' dir='ltr'><strong>diaboli</strong></span> <span class='ocrx_word' id='word_1_795' title='bbox 1480 5697 1755 5772; x_wconf 77' lang='lat' dir='ltr'><strong>fugantur.</strong></span> 
     </span>
    </p>
   </div>
   <div class='ocr_carea' id='block_1_105' title="bbox 1863 4619 3438 4691">
    <p class='ocr_par' dir='ltr' id='par_1_105' title="bbox 1863 4619 3438 4691">
     <span class='ocr_line' id='line_1_105' title="bbox 1863 4619 3438 4691; baseline 0 -15"><span class='ocrx_word' id='word_1_796' title='bbox 1863 4621 1993 4690; x_wconf 70' lang='lat' dir='ltr'><strong>Qua:</strong></span> <span class='ocrx_word' id='word_1_797' title='bbox 2020 4621 2315 4678; x_wconf 89' lang='lat' dir='ltr'><strong>secundum</strong></span> <span class='ocrx_word' id='word_1_798' title='bbox 2360 4620 2722 4691; x_wconf 87' lang='lat' dir='ltr'><strong>apostolorum</strong></span> <span class='ocrx_word' id='word_1_799' title='bbox 2766 4635 2875 4676; x_wconf 91' lang='lat' dir='ltr'><strong>non</strong></span> <span class='ocrx_word' id='word_1_800' title='bbox 2913 4619 3088 4676; x_wconf 90' lang='lat' dir='ltr'><strong>solum</strong></span> <span class='ocrx_word' id='word_1_801' title='bbox 3122 4620 3438 4688; x_wconf 91' lang='lat' dir='ltr'><strong>hominum,</strong></span> 
     </span>
    </p>
   </div>
   <div class='ocr_carea' id='block_1_106' title="bbox 1861 4708 3440 4782">
    <p class='ocr_par' dir='ltr' id='par_1_106' title="bbox 1861 4708 3440 4782">
     <span class='ocr_line' id='line_1_106' title="bbox 1861 4708 3440 4782; baseline -0.002 -14"><span class='ocrx_word' id='word_1_802' title='bbox 1861 4719 1993 4777; x_wconf 87' lang='lat' dir='ltr'><strong>etc.,</strong></span> <span class='ocrx_word' id='word_1_803' title='bbox 2031 4725 2194 4782; x_wconf 82' lang='lat' dir='ltr'><strong>usque</strong></span> <span class='ocrx_word' id='word_1_804' title='bbox 2227 4710 2296 4764; x_wconf 90' lang='lat' dir='ltr'><strong>ad</strong></span> <span class='ocrx_word' id='word_1_805' title='bbox 2316 4709 2478 4764; x_wconf 79' lang='lat' dir='ltr'><strong>Juxta</strong></span> <span class='ocrx_word' id='word_1_806' title='bbox 2527 4709 2658 4765; x_wconf 91' lang='lat' dir='ltr'><strong>illud</strong></span> <span class='ocrx_word' id='word_1_807' title='bbox 2694 4727 2710 4764; x_wconf 89' lang='lat'><strong>:</strong></span> <span class='ocrx_word' id='word_1_808' title='bbox 2761 4708 3059 4764; x_wconf 83' lang='lat' dir='ltr'><strong>Inebriatus</strong></span> <span class='ocrx_word' id='word_1_809' title='bbox 3112 4717 3188 4764; x_wconf 90' lang='lat' dir='ltr'><strong>est</strong></span> <span class='ocrx_word' id='word_1_810' title='bbox 3231 4710 3288 4765; x_wconf 87' lang='lat' dir='ltr'><strong>in</strong></span> <span class='ocrx_word' id='word_1_811' title='bbox 3313 4710 3440 4765; x_wconf 68' lang='lat' dir='ltr'><strong>caelo</strong></span> 
     </span>
    </p>
   </div>
   <div class='ocr_carea' id='block_1_107' title="bbox 1860 4787 3437 4870">
    <p class='ocr_par' dir='ltr' id='par_1_107' title="bbox 1860 4787 3437 4870">
     <span class='ocr_line' id='line_1_107' title="bbox 1860 4787 3437 4870; baseline 0.001 -19"><span class='ocrx_word' id='word_1_812' title='bbox 1860 4797 2070 4870; x_wconf 84' lang='lat' dir='ltr'><strong>gladius</strong></span> <span class='ocrx_word' id='word_1_813' title='bbox 2111 4813 2258 4853; x_wconf 88' lang='lat' dir='ltr'><strong>meus</strong></span> <span class='ocrx_word' id='word_1_814' title='bbox 2289 4837 2308 4866; x_wconf 90' lang='lat'><strong>,</strong></span> <span class='ocrx_word' id='word_1_815' title='bbox 2359 4806 2410 4854; x_wconf 90' lang='lat' dir='ltr'><strong>et</strong></span> <span class='ocrx_word' id='word_1_816' title='bbox 2438 4813 2599 4870; x_wconf 77' lang='lat' dir='ltr'><strong>usque</strong></span> <span class='ocrx_word' id='word_1_817' title='bbox 2647 4797 2716 4852; x_wconf 89' lang='lat' dir='ltr'><strong>ad</strong></span> <span class='ocrx_word' id='word_1_818' title='bbox 2757 4805 2948 4852; x_wconf 89' lang='lat' dir='ltr'><strong>terram</strong></span> <span class='ocrx_word' id='word_1_819' title='bbox 2997 4796 3262 4853; x_wconf 88' lang='lat' dir='ltr'><strong>descendit</strong></span> <span class='ocrx_word' id='word_1_820' title='bbox 3301 4787 3437 4870; x_wconf 85' lang='lat' dir='ltr'><strong>(Isa.</strong></span> 
     </span>
    </p>
   </div>
   <div class='ocr_carea' id='block_1_108' title="bbox 1861 4891 2070 4961">
    <p class='ocr_par' dir='ltr' id='par_1_108' title="bbox 1861 4891 2070 4961">
     <span class='ocr_line' id='line_1_108' title="bbox 1861 4891 2070 4961; baseline 0.01 -15"><span class='ocrx_word' id='word_1_821' title='bbox 1861 4891 2070 4961; x_wconf 72' lang='lat' dir='ltr'><strong>xxxxv).</strong></span> 
     </span>
    </p>
   </div>
   <div class='ocr_carea' id='block_1_109' title="bbox 1930 4979 3439 5052">
    <p class='ocr_par' dir='ltr' id='par_1_109' title="bbox 1930 4979 3439 5052">
     <span class='ocr_line' id='line_1_109' title="bbox 1930 4979 3439 5052; baseline -0.002 -15"><span class='ocrx_word' id='word_1_822' title='bbox 1930 4980 2093 5037; x_wconf 87' lang='lat' dir='ltr'><strong>Vens.</strong></span> <span class='ocrx_word' id='word_1_823' title='bbox 2122 4979 2284 5037; x_wconf 88' lang='grc'><strong>19.-</strong></span> <span class='ocrx_word' id='word_1_824' title='bbox 2303 4979 2373 5036; x_wconf 88' lang='lat' dir='ltr'><strong>Et</strong></span> <span class='ocrx_word' id='word_1_825' title='bbox 2391 4996 2581 5052; x_wconf 89' lang='lat' dir='ltr'><strong>ponam</strong></span> <span class='ocrx_word' id='word_1_826' title='bbox 2600 4982 2658 5036; x_wconf 89' lang='lat' dir='ltr'><strong>in</strong></span> <span class='ocrx_word' id='word_1_827' title='bbox 2678 4981 2753 5036; x_wconf 89' lang='lat' dir='ltr'><strong>eis</strong></span> <span class='ocrx_word' id='word_1_828' title='bbox 2779 4982 3016 5052; x_wconf 78' lang='lat' dir='ltr'><strong>signum.</strong></span> <span class='ocrx_word' id='word_1_829' title='bbox 3048 4979 3257 5046; x_wconf 90' lang='lat' dir='ltr'><strong>Crucis,</strong></span> <span class='ocrx_word' id='word_1_830' title='bbox 3280 4979 3439 5036; x_wconf 81' lang='lat' dir='ltr'><strong>Chri-</strong></span> 
     </span>
    </p>
   </div>
   <div class='ocr_carea' id='block_1_110' title="bbox 1861 5068 3443 5152">
    <p class='ocr_par' dir='ltr' id='par_1_110' title="bbox 1861 5068 3443 5152">
     <span class='ocr_line' id='line_1_110' title="bbox 1861 5068 3443 5152; baseline -0.002 -26"><span class='ocrx_word' id='word_1_831' title='bbox 1861 5070 2170 5136; x_wconf 89' lang='lat' dir='ltr'><strong>stianitatis,</strong></span> <span class='ocrx_word' id='word_1_832' title='bbox 2205 5070 2419 5139; x_wconf 89' lang='lat' dir='ltr'><strong>salutis,</strong></span> <span class='ocrx_word' id='word_1_833' title='bbox 2439 5085 2548 5142; x_wconf 91' lang='lat' dir='ltr'><strong>quo</strong></span> <span class='ocrx_word' id='word_1_834' title='bbox 2572 5070 2770 5142; x_wconf 90' lang='lat' dir='ltr'><strong>signati</strong></span> <span class='ocrx_word' id='word_1_835' title='bbox 2795 5071 2852 5126; x_wconf 93' lang='lat' dir='ltr'><strong>in</strong></span> <span class='ocrx_word' id='word_1_836' title='bbox 2883 5068 3166 5126; x_wconf 85' lang='lat' dir='ltr'><strong>Ezechiele</strong></span> <span class='ocrx_word' id='word_1_837' title='bbox 3200 5083 3308 5152; x_wconf 83' lang='lat' dir='ltr'><strong>non</strong></span> <span class='ocrx_word' id='word_1_838' title='bbox 3360 5068 3443 5123; x_wconf 92' lang='lat' dir='ltr'><strong>in-</strong></span> 
     </span>
    </p>
   </div>
   <div class='ocr_carea' id='block_1_111' title="bbox 1862 5149 3442 5234">
    <p class='ocr_par' dir='ltr' id='par_1_111' title="bbox 1862 5149 3442 5234">
     <span class='ocr_line' id='line_1_111' title="bbox 1862 5149 3442 5234; baseline 0 -18"><span class='ocrx_word' id='word_1_839' title='bbox 1862 5161 2236 5228; x_wconf 88' lang='lat' dir='ltr'><strong>terﬁciuntur;</strong></span> <span class='ocrx_word' id='word_1_840' title='bbox 2278 5175 2386 5231; x_wconf 93' lang='lat' dir='ltr'><strong>quo</strong></span> <span class='ocrx_word' id='word_1_841' title='bbox 2410 5161 2465 5217; x_wconf 91' lang='lat' dir='ltr'><strong>in</strong></span> <span class='ocrx_word' id='word_1_842' title='bbox 2490 5159 2727 5234; x_wconf 68' lang='lat' dir='ltr'><strong>Egypto</strong></span> <span class='ocrx_word' id='word_1_843' title='bbox 2745 5168 2930 5233; x_wconf 88' lang='lat' dir='ltr'><strong>postes</strong></span> <span class='ocrx_word' id='word_1_844' title='bbox 2955 5149 3240 5232; x_wconf 47' lang='lat' dir='ltr'><strong>signantur;</strong></span> <span class='ocrx_word' id='word_1_845' title='bbox 3263 5149 3320 5215; x_wconf 88' lang='lat' dir='ltr'><strong>et</strong></span> <span class='ocrx_word' id='word_1_846' title='bbox 3363 5157 3442 5216; x_wconf 85' lang='lat' dir='ltr'><strong>ls-</strong></span> 
     </span>
    </p>
   </div>
   <div class='ocr_carea' id='block_1_112' title="bbox 1861 5239 3437 5326">
    <p class='ocr_par' dir='ltr' id='par_1_112' title="bbox 1861 5239 3437 5326">
     <span class='ocr_line' id='line_1_112' title="bbox 1861 5239 3437 5326; baseline 0.002 -22"><span class='ocrx_word' id='word_1_847' title='bbox 1861 5250 2063 5306; x_wconf 76' lang='lat' dir='ltr'><strong>raelitie</strong></span> <span class='ocrx_word' id='word_1_848' title='bbox 2087 5251 2382 5308; x_wconf 87' lang='lat' dir='ltr'><strong>salvantur.</strong></span> <span class='ocrx_word' id='word_1_849' title='bbox 2411 5251 2524 5308; x_wconf 85' lang='lat' dir='ltr'><strong>Hoc</strong></span> <span class='ocrx_word' id='word_1_850' title='bbox 2543 5253 2756 5326; x_wconf 90' lang='lat' dir='ltr'><strong>signum</strong></span> <span class='ocrx_word' id='word_1_851' title='bbox 2803 5253 2982 5308; x_wconf 82' lang='lat' dir='ltr'><strong>Achaz</strong></span> <span class='ocrx_word' id='word_1_852' title='bbox 3035 5251 3207 5308; x_wconf 90' lang='lat' dir='ltr'><strong>noluit</strong></span> <span class='ocrx_word' id='word_1_853' title='bbox 3231 5239 3437 5323; x_wconf 82' lang='lat' dir='ltr'><strong>petere,</strong></span> 
     </span>
    </p>
   </div>
   <div class='ocr_carea' id='block_1_113' title="bbox 1860 5339 3440 5416">
    <p class='ocr_par' dir='ltr' id='par_1_113' title="bbox 1860 5339 3440 5416">
     <span class='ocr_line' id='line_1_113' title="bbox 1860 5339 3440 5416; baseline -0.001 -18"><span class='ocrx_word' id='word_1_854' title='bbox 1860 5343 2004 5412; x_wconf 87' lang='lat' dir='ltr'><strong>quod</strong></span> <span class='ocrx_word' id='word_1_855' title='bbox 2033 5343 2282 5415; x_wconf 90' lang='lat' dir='ltr'><strong>supponit</strong></span> <span class='ocrx_word' id='word_1_856' title='bbox 2306 5343 2511 5400; x_wconf 89' lang='lat' dir='ltr'><strong>lsaias:</strong></span> <span class='ocrx_word' id='word_1_857' title='bbox 2541 5344 2678 5399; x_wconf 87' lang='lat' dir='ltr'><strong>Ecce</strong></span> <span class='ocrx_word' id='word_1_858' title='bbox 2705 5345 2848 5416; x_wconf 82' lang='lat' dir='ltr'><strong>uirgo</strong></span> <span class='ocrx_word' id='word_1_859' title='bbox 2889 5339 3170 5416; x_wconf 86' lang='lat' dir='ltr'><strong>concipiet,</strong></span> <span class='ocrx_word' id='word_1_860' title='bbox 3216 5352 3323 5400; x_wconf 90' lang='lat' dir='ltr'><strong>etc.</strong></span> <span class='ocrx_word' id='word_1_861' title='bbox 3367 5341 3440 5397; x_wconf 86' lang='lat' dir='ltr'><strong>Et</strong></span> 
     </span>
    </p>
   </div>
   <div class='ocr_carea' id='block_1_114' title="bbox 1866 5433 3438 5505">
    <p class='ocr_par' dir='ltr' id='par_1_114' title="bbox 1866 5433 3438 5505">
     <span class='ocr_line' id='line_1_114' title="bbox 1866 5433 3438 5505; baseline 0.001 -17"><span class='ocrx_word' id='word_1_862' title='bbox 1866 5437 2070 5490; x_wconf 84' lang='lat' dir='ltr'><strong>mittam</strong></span> <span class='ocrx_word' id='word_1_863' title='bbox 2115 5451 2182 5490; x_wconf 74' lang='lat' dir='ltr'><strong>ea:</strong></span> <span class='ocrx_word' id='word_1_864' title='bbox 2199 5437 2294 5490; x_wconf 90' lang='lat' dir='ltr'><strong>eis.</strong></span> <span class='ocrx_word' id='word_1_865' title='bbox 2326 5435 2552 5492; x_wconf 90' lang='lat' dir='ltr'><strong>Videtur</strong></span> <span class='ocrx_word' id='word_1_866' title='bbox 2570 5450 2690 5492; x_wconf 90' lang='lat' dir='ltr'><strong>esse</strong></span> <span class='ocrx_word' id='word_1_867' title='bbox 2730 5434 3082 5502; x_wconf 90' lang='lat' dir='ltr'><strong>contrarium,</strong></span> <span class='ocrx_word' id='word_1_868' title='bbox 3114 5450 3238 5492; x_wconf 91' lang='lat' dir='ltr'><strong>cum</strong></span> <span class='ocrx_word' id='word_1_869' title='bbox 3264 5436 3332 5492; x_wconf 88' lang='lat' dir='ltr'><strong>de</strong></span> <span class='ocrx_word' id='word_1_870' title='bbox 3349 5433 3438 5505; x_wconf 79' lang='lat' dir='ltr'><strong>ju-</strong></span> 
     </span>
    </p>
   </div>
   <div class='ocr_carea' id='block_1_115' title="bbox 1867 5522 3437 5595">
    <p class='ocr_par' dir='ltr' id='par_1_115' title="bbox 1867 5522 3437 5595">
     <span class='ocr_line' id='line_1_115' title="bbox 1867 5522 3437 5595; baseline 0.003 -17"><span class='ocrx_word' id='word_1_871' title='bbox 1867 5522 2010 5579; x_wconf 91' lang='lat' dir='ltr'><strong>dicio</strong></span> <span class='ocrx_word' id='word_1_872' title='bbox 2033 5524 2183 5595; x_wconf 90' lang='lat' dir='ltr'><strong>prius</strong></span> <span class='ocrx_word' id='word_1_873' title='bbox 2203 5525 2405 5581; x_wconf 89' lang='lat' dir='ltr'><strong>dictum</strong></span> <span class='ocrx_word' id='word_1_874' title='bbox 2427 5527 2518 5593; x_wconf 90' lang='lat' dir='ltr'><strong>sit,</strong></span> <span class='ocrx_word' id='word_1_875' title='bbox 2548 5525 2749 5580; x_wconf 87' lang='lat' dir='ltr'><strong>reverti</strong></span> <span class='ocrx_word' id='word_1_876' title='bbox 2773 5525 2842 5581; x_wconf 92' lang='lat' dir='ltr'><strong>ad</strong></span> <span class='ocrx_word' id='word_1_877' title='bbox 2867 5525 3100 5595; x_wconf 91' lang='lat' dir='ltr'><strong>primum</strong></span> <span class='ocrx_word' id='word_1_878' title='bbox 3123 5525 3437 5592; x_wconf 87' lang='lat' dir='ltr'><strong>adventum,</strong></span> 
     </span>
    </p>
   </div>
   <div class='ocr_carea' id='block_1_116' title="bbox 1867 5615 3438 5688">
    <p class='ocr_par' dir='ltr' id='par_1_116' title="bbox 1867 5615 3438 5688">
     <span class='ocr_line' id='line_1_116' title="bbox 1867 5615 3438 5688; baseline 0.001 -19"><span class='ocrx_word' id='word_1_879' title='bbox 1867 5629 1976 5684; x_wconf 93' lang='lat' dir='ltr'><strong>quo</strong></span> <span class='ocrx_word' id='word_1_880' title='bbox 2004 5615 2230 5686; x_wconf 90' lang='lat' dir='ltr'><strong>apostoli</strong></span> <span class='ocrx_word' id='word_1_881' title='bbox 2251 5617 2319 5673; x_wconf 88' lang='lat' dir='ltr'><strong>ad</strong></span> <span class='ocrx_word' id='word_1_882' title='bbox 2341 5626 2526 5688; x_wconf 90' lang='lat' dir='ltr'><strong>gentes</strong></span> <span class='ocrx_word' id='word_1_883' title='bbox 2547 5617 2851 5688; x_wconf 89' lang='lat' dir='ltr'><strong>diriguntur</strong></span> <span class='ocrx_word' id='word_1_884' title='bbox 2872 5624 2928 5672; x_wconf 91' lang='lat' dir='ltr'><strong>et</strong></span> <span class='ocrx_word' id='word_1_885' title='bbox 2943 5617 3166 5673; x_wconf 91' lang='lat' dir='ltr'><strong>audiunt</strong></span> <span class='ocrx_word' id='word_1_886' title='bbox 3188 5616 3322 5684; x_wconf 83' lang='lat' dir='ltr'><strong>:Ite,</strong></span> <span class='ocrx_word' id='word_1_887' title='bbox 3341 5617 3438 5671; x_wconf 86' lang='lat' dir='ltr'><strong>do-</strong></span> 
     </span>
    </p>
   </div>
   <div class='ocr_carea' id='block_1_117' title="bbox 1867 5704 3436 5778">
    <p class='ocr_par' dir='ltr' id='par_1_117' title="bbox 1867 5704 3436 5778">
     <span class='ocr_line' id='line_1_117' title="bbox 1867 5704 3436 5778; baseline 0.003 -22"><span class='ocrx_word' id='word_1_888' title='bbox 1867 5712 1976 5759; x_wconf 78' lang='lat' dir='ltr'><strong>cete</strong></span> <span class='ocrx_word' id='word_1_889' title='bbox 2005 5719 2179 5761; x_wconf 80' lang='lat' dir='ltr'><strong>omnes</strong></span> <span class='ocrx_word' id='word_1_890' title='bbox 2204 5714 2378 5777; x_wconf 84' lang='lat' dir='ltr'><strong>gentes</strong></span> <span class='ocrx_word' id='word_1_891' title='bbox 2406 5704 2616 5775; x_wconf 78' lang='lat' dir='ltr'><strong>(Matth.</strong></span> <span class='ocrx_word' id='word_1_892' title='bbox 2659 5704 2870 5778; x_wconf 80' lang='lat' dir='ltr'><strong>xxviii).</strong></span> <span class='ocrx_word' id='word_1_893' title='bbox 2923 5705 3028 5762; x_wconf 88' lang='lat' dir='ltr'><strong>Sed</strong></span> <span class='ocrx_word' id='word_1_894' title='bbox 3083 5705 3271 5778; x_wconf 84' lang='lat' dir='ltr'><strong>judicii</strong></span> <span class='ocrx_word' id='word_1_895' title='bbox 3319 5705 3436 5763; x_wconf 86' lang='lat' dir='ltr'><strong>dies</strong></span> 
     </span>
    </p>
   </div>
  </div>
