4028 6332
722 337 858 391 1515

1491 333 1675 390 ORDO
1713 333 1955 390 RERUM
1997 329 2163 400 QUIE
2202 329 2268 384 1N
2311 328 2446 385 HOC
2484 329 2671 386 ΤΟΜΟ
2709 327 3208 385 CONTINEN‘TUR.

3759 337 3874 394 l3l6

718 442 1045 515 prtedicitur,
1091 450 1152 496 ut
1183 451 1326 497 metu
1361 441 1554 496 futura:
1582 456 1756 512 ptente
1801 441 2100 512 perterriti,
2152 440 2291 495 acci-
2319 445 2365 504 Α
2465 441 2624 496 Vnus.
2650 442 2740 496 25.
2769 471 2836 480 —
2858 440 3050 494 Mensis
3079 456 3141 495 ea:
3159 456 3348 494 meme.
3397 441 3538 497 Mene
3575 441 3753 510 Graece,
3790 448 3878 502 La-

720 537 872 607 piant
896 533 1182 588 adventum
1204 533 1544 611 Salvatoris:
1583 543 1638 587 et
1685 533 2049 602 apostolorum
2094 531 2288 601 praedi-

721 625 990 679 cationem
1030 624 1122 693 qui
1147 631 1273 677 sunt
1297 623 1676 692 przemittendi.
1707 622 1782 676 In
1821 639 1986 676 mare.
2037 619 2290 676 Mundam

722 714 951 777 scilicet,
978 713 1134 783 cujus
1167 721 1348 782 partes
1391 712 1572 767 subdit
1599 711 1856 775 Africam,
1886 719 1995 766 etc.
2042 710 2266 765 meridia

723 819 848 858 nam
869 845 882 867 ,
910 803 1116 857 scilicet
1140 801 1349 872 plagam
1393 801 1446 854 in
1485 817 1590 870 qua
1624 800 1804 856 Africa
1835 809 1936 855 est.

791 872 955 946 Vitas.
984 891 1073 944 20.
1096 922 1166 930 —
1192 889 1259 944 In
1286 891 1446 958 equis.
1481 889 1685 962 (i'iIER.]
1726 889 1864 944 Sunt
1911 889 2145 952 adducti,
2201 889 2293 958 qui

722 981 978 1036 velociter
1001 982 1221 1035 credunt
1241 988 1296 1034 et
1323 981 1431 1034 cito
1453 980 1520 1033 ad
1571 981 1731 1034 tidem
1761 987 2008 1034 currunt.
2049 977 2115 1032 In
2161 995 2292 1048 qua-

723 1071 885 1139 drigis
915 1081 960 1123 et
989 1072 1042 1123 in
1071 1070 1282 1124 lecticis.
1311 1069 1695 1138 Philosophus,
1729 1069 1929 1123 scilicet
1964 1077 2018 1123 et
2054 1069 2295 1122 doctrina

723 1167 776 1212 et
803 1174 1009 1212 morum
1037 1159 1319 1212 honestate
1341 1157 1606 1228 fulgentes
1630 1175 1642 1209 :
1667 1159 1808 1212 rtnde
1830 1158 1987 1212 citius
2013 1157 2080 1210 ad
2100 1157 2298 1211 doctri-

724 1265 848 1302 nam
877 1258 1110 1319 quatuor
1152 1249 1614 1319 Evangelistarum
1657 1257 2120 1328 perveneruntnet
2167 1263 2297 1317 qua-

725 1346 848 1391 tuor
875 1337 1258 1408 principalibus
1280 1338 1570 1392 virtutibus
1598 1337 1861 1392 sublevati
1887 1337 2122 1391 czelestia
2150 1352 2300 1391 men-

725 1437 777 1482 te
801 1429 1111 1498 attigerunt.
1137 1427 1204 1481 In
1225 1428 1401 1483 mulis.
1426 1427 1598 1496 Super
1621 1444 1758 1498 quos
1783 1428 1952 1482 David
1976 1436 2030 1482 et
2046 1427 2298 1482 Salomon

723 1519 924 1574 sedisse
962 1507 1227 1588 leguntur.
1283 1520 1385 1587 Qui
1430 1521 1576 1575 enim
1619 1537 1651 1575 a
1695 1520 1881 1575 mundi
1927 1519 2040 1575 fetu
2088 1520 2300 1574 steriles

724 1617 867 1673 sunt,
893 1609 1119 1664 Domino
1147 1610 1236 1679 qui
1271 1625 1368 1680 per
1393 1611 1511 1666 illos
1547 1611 1829 1684 ﬁguratur,
1850 1613 2006 1682 quasi
2035 1610 2300 1665 mansueti

725 1697 1054 1752 deserviunt.
1080 1697 1160 1753 ’1η
1200 1702 1456 1754 carrucis.
1486 1700 1854 1771 Septuaginta,
1890 1701 2044 1755 tectis
2080 1701 2301 1754 vehicu-

2393 531 2505 586 tine
2534 531 2680 597 luna,
2715 531 2856 586 unde
2881 531 3180 596 neomenia,
3205 533 3360 601 quasi
3395 549 3521 588 nova
3546 535 3674 590 luna.
3705 538 3740 590 A
3760 553 3876 597 mene

2391 622 2594 677 mensis
2615 622 2756 691 apud
2780 621 2900 676 illos
2919 621 3010 690 qui
3024 621 3232 676 initium
3251 619 3600 689 kalendarum,
3621 640 3712 680 non
3731 642 3884 684 secun-

2393 711 2520 766 dum
2543 713 2673 767 solis
2693 727 2910 767 cursum
2938 720 2994 765 et
3012 712 3222 766 diversa
3249 712 3420 780 spatia
3452 715 3706 778 mensium,
3727 719 3804 772 sed
3816 735 3879 774 se-

2393 802 2626 856 cundum
2655 800 2801 855 lunae
2831 801 3167 856 circumitum
3197 811 3254 856 et
3287 801 3562 857 terminant
3585 813 3634 858 et
3653 806 3878 877 incipiunt,

2393 895 2536 963 quod
2565 893 2775 948 Hebraei
2813 891 3033 948 faciunt.
3061 893 3162 947 Per
3191 908 3430 948 mensem
3463 909 3582 962 ergo
3600 894 3758 950 lunam
3778 916 3790 950 :
3809 914 3886 967 per

2395 985 2575 1039 lunam
2605 985 2745 1056 (qua:
2771 985 2930 1039 modo
2958 983 3172 1048 crescit,
3211 991 3266 1038 et
3292 983 3428 1037 sicut
3480 984 3616 1040 aiunt
3637 986 3809 1056 physici
3843 999 3884 1042 et

2396 1077 2754 1146 philosophia
2791 1076 2926 1142 sole,
2963 1075 3104 1146 quod
3150 1090 3255 1128 non
3293 1074 3472 1138 habet,
3515 1074 3673 1130 lumen
3716 1078 3882 1148 recipit)

2397 1167 2634 1222 Ecclesia
2669 1166 3006 1236 intelligitur,
3037 1165 3102 1218 de
3128 1179 3256 1232 qua,
3283 1161 3593 1216 Permanebit
3619 1181 3718 1217 cum
3745 1166 3832 1218 sole
3849 1177 3886 1220 et

2399 1268 2518 1310 ante
2561 1256 2739 1310 lunam
2782 1253 2952 1326 (Psal.
2988 1256 3154 1323 ιλιι).
3185 1255 3251 1308 Ει
3288 1253 3442 1309 alibi:
3471 1251 3673 1307 Pulchra
3697 1267 3740 1307 ut
3771 1257 3881 1321 luna,

2399 1345 2559 1400 electa
2600 1355 2653 1398 ut
2685 1344 2762 1398 sol
2822 1342 2997 1412 (Cant.
3027 1344 3123 1414 vt),
3163 1353 3216 1398 et
3240 1343 3344 1397 hoc
3372 1351 3469 1406 est,
3513 1341 3606 1395 erit
3640 1344 3806 1397 mensis
3837 1359 3884 1399 ex

2402 1451 2609 1490 mense.

2474 1525 2638 1579 Vens.
2667 1524 2757 1578 24.
2789 1507 2858 1563 €—
2888 1523 2952 1576 Et
2981 1522 3350 1592 Egredientur.
3381 1520 3538 1587 Quasi
3564 1521 3623 1574 ad
3641 1521 3882 1586 videndum,

2402 1629 2510 1668 non
2539 1614 2676 1678 loco,
2706 1613 2799 1667 sed
2820 1612 3190 1682 intelligentia,
3221 1611 3312 1665 vel
3341 1611 3535 1664 visione
3559 1610 3809 1676 manifesta,
3839 1623 3878 1666 ut

2405 1703 2474 1757 ad
2502 1702 2713 1756 laudem
2767 1701 2860 1755 Dei
2915 1701 3085 1772 magis
3144 1700 3520 1754 accendantur.
3586 1697 3647 1752 Et
3690 1701 3875 1753 ridebunt.

723 1787 790 1842 lis
819 1806 832 1842 :
860 1789 947 1843 alii
977 1790 1306 1860 simpliciter.
1335 1791 1401 1846 Hi
1423 1800 1548 1846 sunt
1574 1793 1769 1862 quibus
1797 1793 1993 1847 dicitur
2019 1809 2032 1844 :
2065 1791 2296 1845 Invicem
2324 1791 2372 1851 B
2401 1791 2607 1864 (Ηιιιῑιι.)
2639 1791 2754 1846 Νοιι
2785 1791 2981 1844 mirum
3007 1790 3050 1844 si
3081 1791 3254 1844 sancti
3279 1787 3391 1856 jam
3436 1786 3730 1842 immortales
3751 1804 3881 1857 repro-

725 1893 883 1932 onera
911 1889 1077 1933 vestra
1101 1891 1301 1950 portate
1325 1879 1467 1952 (Gal.
1490 1883 1586 1954 vi).
1614 1882 1906 1948 Quomodo.
1940 1882 2102 1949 Quasi
2130 1900 2142 1935 :
2166 1882 2301 1936 Cum

728 1974 875 2021 tanta
907 1969 1090 2022 laetitia
1116 1969 1387 2024 adducunt
1419 1971 1648 2041 apostoli
1677 1971 1876 2026 fratres
1931 1979 2142 2026 vestros
2171 1985 2302 2039 quo-

725 2071 1104 2124 rummunera,
1133 2060 1446 2130 ﬁdes,spes,
1477 2063 1734 2128 Charitas,
1758 2063 1933 2118 oratio
1960 2062 2182 2126 munda,
2208 2062 2301 2116 bo-

729 2159 798 2200 na
825 2163 987 2216 opera
1014 2157 1143 2213 etc.,
1173 2164 1300 2203 vasa
1331 2166 1466 2220 pura
1493 2152 1656 2208 corda
1687 2161 1742 2206 et
1773 2167 2002 2221 corpora
2048 2152 2306 2206 immacu-

725 2235 855 2290 lata.
885 2236 916 2290 1
922 2237 1146 2306 aferant.
1180 2239 1333 2306 Quod
1360 2242 1652 2296 secundum
1677 2241 1847 2311 legem
1873 2249 1956 2294 ter
1977 2241 2030 2294 in
2058 2255 2198 2294 anno
2228 2241 2304 2294 l'a-

728 2327 965 2390 ciebant,
993 2328 1196 2384 scilicet
1225 2331 1278 2385 in
1301 2331 1528 2396 Pascha,
1564 2333 1618 2386 in
1651 2332 1987 2395 Pentecoste,
2023 2332 2078 2385 in
2100 2330 2304 2386 festivi-

727 2424 840 2470 tate
863 2416 1350 2474 Tabernaculorum
1401 2437 1414 2484 ;
1444 2421 1604 2486 unde,
1642 2419 1766 2474 Non
1794 2421 2062 2491 apparebis
2087 2422 2139 2474 in
2175 2437 2301 2475 con-

729 2517 903 2576 spectu
947 2525 1059 2562 meo
1107 2528 1299 2565 vacuus
1329 2511 1526 2581 (Exod.
1565 2513 1742 2584 χχιιι).
1806 2513 2026 2567 Domum
2067 2513 2299 2567 Domini.

731 2597 1000 2668 Templum
1028 2601 1124 2654 Dei
1142 2613 1379 2656 sanctum
1407 2613 1503 2669 est,
1531 2605 1669 2675 quod
1695 2605 1816 2658 estis
1839 2621 1927 2658 vos
1967 2602 2023 2673 (I
2049 2602 2173 2657 Cor.
2197 2604 2300 2674 ιιι).

727 2687 796 2741 Ει
824 2687 949 2743 alibi
979 2707 993 2743 :
1029 2689 1293 2760 Templum
1344 2693 1442 2746 Dei
1483 2695 1602 2748 estis
1642 2703 1689 2748 et
1721 2692 1950 2763 Spiritus
1971 2704 2181 2748 sanctus
2204 2695 2302 2747 Ita-

731 2777 860 2829 bitat
893 2779 945 2830 in
971 2779 1108 2832 vobis
1137 2779 1221 2850 (11
1261 2779 1382 2835 Cor.
1413 2782 1508 2852 vr).

801 2867 966 2920 Vens.
997 2868 1084 2920 2‘2.
1110 2899 1182 2908 —
1204 2869 1340 2934 Quia
1373 2873 1506 2924 sicut
1541 2871 1675 2924 cwli.
1710 2871 1873 2938 Quasi
1916 2889 1928 2924 :
1978 2871 2130 2925 Sicut
2190 2871 2304 2926 haec

729 2956 980 3012 innovata
1008 2957 1060 3010 in
1085 2966 1342 3013 :eternum
1367 2962 1658 3016 manebunt
1681 2962 1996 3025 immobilia,
2019 2963 2096 3016 sic
2118 2977 2302 3016 semen

730 3052 992 3110 vestrum,
1023 3062 1056 3102 ο
1097 3050 1344 3116 apostoli.
1399 3051 1732 3117 innovatum,
1782 3053 1850 3107 ab
1893 3053 2039 3108 omni
2083 3068 2302 3122 corrup-

2400 1881 2498 1936 bos
2532 1881 2778 1946 videant,
2806 1896 2928 1934 cum
2954 1879 3230 1950 propheta:
3253 1880 3431 1933 adhuc
3453 1875 3683 1930 mortales
3703 1876 3883 1930 hircum-

2401 1970 2492 2024 nia
2516 1970 2700 2024 videre
2721 1977 3057 2024 meruerunt.

2473 2058 2758 2123 Cadavera,
2788 2059 2914 2129 quia
2941 2059 2994 2112 in
3022 2066 3282 2113 aeternam
3327 2059 3691 2116 damnationem
3729 2060 3879 2116 cadent.

2404 2149 2697 2203 secundum
2731 2149 2872 2218 quod
2895 2157 2950 2203 et
2980 2148 3251 2203 daemones
3288 2150 3541 2204 cadavera
3570 2159 3762 2220 possunt
3795 2149 3877 2208 dici,

2404 2240 2696 2295 secundum
2720 2240 2860 2308 quod
2879 2240 3042 2293 etiam
3087 2239 3335 2294 homines
3379 2240 3703 2310 appellantur.
3743 2239 3877 2293 Unde:

2391 2328 2658 2384 .lnimicus
2678 2329 2830 2383 homo
2847 2330 2942 2382 hoc
2977 2328 3095 2398 fecit
3122 2327 3337 2400 (Matth.
3361 2329 3497 2398 ιιιι).
3545 2328 3714 2382 Vermis
3737 2343 3876 2381 eorum.

2406 2418 2717 2484 Materialis,
2744 2418 2827 2473 vel
2849 2419 3220 2483 conscientiae;
3253 2419 3394 2472 unde
3421 2437 3433 2472 :
3470 2418 3604 2474 Sicut
3624 2420 3742 2471 tinea
3765 2433 3878 2468 comt-

2404 2509 2478 2561 dit
2501 2509 2874 2571 vestimentum,
2899 2518 2945 2560 et
2976 2509 3160 2561 vermis
3179 2508 3409 2560 corrodit
3426 2507 3626 2576 lignum,
3645 2515 3685 2559 et
3703 2504 3808 2573 ignis
3823 2505 3876 2553 de-

2404 2615 2550 2660 vorat
2590 2602 2754 2674 ligna,
2801 2603 2878 2656 sic
2912 2618 3100 2656 mceror
3119 2610 3169 2655 et
3201 2602 3419 2655 tristitia
3449 2602 3686 2654 excruciat
3718 2616 3790 2652 cor
3818 2599 3877 2650 τίτί

2408 2693 2588 2763 (Prov.
2615 2691 2766 2763 xxv).
2801 2691 2882 2745 Ad
2915 2691 3229 2745 satietatem.
3262 2690 3395 2757 Quia
3429 2689 3615 2745 scilicet
3641 2688 3746 2742 boui
3783 2687 3876 2741 vide-

2405 2785 2540 2838 bunt
2563 2798 2657 2838 eos
2683 2799 2713 2837 a
2743 2799 2800 2838 se
2814 2783 2960 2853 justo
2986 2784 3078 2837 Dei
3095 2783 3305 2853 judicio
3331 2793 3609 2854 separatos,
3636 2782 3801 2836 amissa
3819 2794 3876 2848 ρο-

2405 2875 2573 2929 tentia
2595 2891 2702 2944 qua
2738 2876 3029 2930 szeviebant
3057 2885 3248 2931 contra
3279 2879 3464 2942 bonos,
3484 2885 3536 2932 et
3557 2875 3803 2930 vindictam
3819 2872 3876 2926 Dei

2405 2967 2463 3022 in
2489 2967 2610 3023 illos
2638 2976 2859 3033 tantam,
2889 2979 2949 3022 ut
2972 2969 3228 3037 majorem
3254 2987 3360 3026 non
3389 2978 3674 3041 exposcam.
3700 2967 3782 3034 Qui
3800 2979 3875 3019 mo-

2408 3058 2476 3112 do
2503 3059 2714 3124 dicunt,
2748 3057 3044 3130 Usquequo,
3071 3061 3316 3126 Domine,
3349 3079 3448 3115 non
3490 3060 3693 3115 vindicas
3725 3055 3878 3122 sangui-

735 3133 880 3189 tione
908 3136 1089 3191 carnis
1117 3138 1169 3192 in
1211 3148 1468 3195 aeternum
1501 3157 1712 3197 mecum
1750 3142 2013 3213 regnabit.
2059 3141 2196 3206 Quia
2234 3144 2306 3196 si-
2331 3129 2378 3192 Ο
2410 3162 2525 3200 nem
2550 3157 2780 3201 nostrum
2807 3129 2988 3218 (Apoc.
3015 3150 3089 3219 vr)
3113 3151 3134 3203 ἲ
3157 3149 3506 3206 Satiabuntur
3521 3163 3704 3219 quoque
3723 3147 3776 3200 de
3798 3145 3878 3198 bea-

735 3233 842 3287 cut,
871 3232 974 3279 etc.
1003 3225 1205 3304 (HIER.)
1232 3228 1354 3285 llaec
1382 3245 1551 3300 usque
1573 3231 1642 3286 ad
1666 3231 1828 3286 ﬁnem
1870 3231 1993 3286 libri
2035 3232 2305 3302 pertinent

735 3313 803 3366 ad
841 3313 981 3370 diem
1018 3315 1226 3384 judicii.

2415 3235 2640 3292 titudine
2668 3252 2784 3303 sua,
2815 3245 3032 3308 agentes
3052 3240 3252 3310 gratias
3280 3242 3392 3296 visa
3421 3241 3671 3312 impiorum
3692 3232 3877 3292 ineffabili

2413 3338 2592 3395 poena.

745 3495 3877 3542 Μ

1771 3655 2260 3772 οιωο
2333 3661 2996 3776 REBUM

1302 3901 1580 4008 QU/E
1636 3902 1757 4042 1N_
1809 3899 2058 3984 HOC
2104 3899 2450 3984 ΤοΜο
2520 3901 3409 3991 CONTINENTUR.

861 4230 1349 4288 WALAFRIDUS
1388 4231 1730 4298 STRABUS,
1775 4233 2194 4294 FULDENSIS

1312 4321 1738 4380 MONACHUS.

807 4427 1002 4490 Nor-rm
1041 4443 1301 4481 ιιιετοιιιιιλ.
2287 4441 2319 4490 9

807 4489 1038 4556 [detritum
1063 4493 1265 4556 editoris
1287 4492 1592 4556 Patrologire.
2251 4489 2302 4551 lt

743 4550 1158 4660 [ialgplogornena
1181 4555 1417 4604 editorum
1455 4550 1773 4606 D'uacensium
1800 4561 1850 4608 in
1875 4557 2090 4610 Glossam
2117 4561 2316 4671 ordinis;

743 4711 1216 4776 WALAFRIDI
1276 4717 1600 4780 OPERUM
1651 4723 1851 4782 PARS
1908 4723 2180 4785 PRIMA.
2239 4759 2314 4769 ——

1060 4811 1500 4877 COMMENTA
1510 4821 1588 4878 Ill
1597 4822 1646 4879 Α
1689 4821 2001 4882 BIBLICA

818 4916 1080 4974 GLOSSA
1119 4921 1488 4980 0RDINARIA
1500 4966 1514 4980 .
2243 4933 2310 4986 67

807 5005 955 5072 Liber
989 5010 1213 5072 genesis.
2252 5025 2312 5072 67

811 5068 957 5131 Liber
987 5070 1199 5124 Exodus.
2227 5068 2313 5131 193

809 5129 958 5193 Liber
992 5131 1249 5193 Levitieus.
2223 5129 2314 5193 iis

811 5190 958 5253 Liber
992 5192 1212 5246 Numeri.
2221 5190 2312 5253 576

811 5248 958 5314 leer
989 5254 1374 5310 Deuteronomil.
2221 5248 2313 5314 iis

803 5311 957 5376 μυεῖ
990 5315 1156 5376 Iosue.
2222 5311 2313 5376 sos

810 5371 959 5425 Liber
990 5375 1222 5430 Judicum.
2222 5371 2309 5436 5ξί

2477 4240 2625 4292 Liber
2657 4240 2917 4303 [,Begum.

2482 4303 2628 4362 Liber
2660 4301 2703 4362 ιι
2741 4294 2946 4362 uagum.
3313 4335 3318 4340 -
3805 4294 3868 4362 ﬂ

2483 4361 2628 4424 [.iber
2665 4361 2729 4424 lli
2765 4354 2972 4424 Regum.

2484 4411 2630 4472 Liber
2663 4411 2728 4472 IV
2761 4411 2968 4474 asina.
3800 4411 3864 4474 3!!

2484 4483 2633 4546 Liber
2667 4483 2708 4546 l7
2725 4472 3135 4546 Paralipomenon.
3803 4472 3868 4546 ξιξ

2484 4532 2632 4609 ωηεν
2667 4532 3157 4609 rapacitatem
3803 4532 3865 4609 gs;

2481 4591 2630 4656 ius;
2668 4591 3098 4657 FEEEEEWW"
3803 4591 3861 4657 Ψ]

2479 4652 2628 4730 sint;
2659 4652 2922 4730 nisini.
3802 4652 3862 4730 εξ

2479 4711 2628 4790 iiiis}
2657 4711 2922 4790 ‘foﬁiaéiw'
3799 4711 3863 4790 ΕΞ*

2480 4771 2628 4850 iiber
2657 4771 2840 4850 iridith
3798 4771 3858 4850 EE},

2480 4831 2626 4898 ῐίὖὲἱ·
2657 4831 2851 4899 ἱῐὲἴίιὲἶ.
3797 4831 3860 4906 Ζῗὲ

2480 4893 2626 4958 Eine}
2655 4893 2850 4959 Ῑὸὑζ””
3797 4893 3852 4959 ἶέῖ

2656 4950 2978 5019 Psalmorum.

2483 5011 2630 5106 ﬁt;
2663 5011 3056 5106 [τῦξίῖξὺἱοι-ίιιη.
3770 5011 3854 5106 κίῃς

2477 5071 2629 5140 ῖίὗὲὶ
2662 5071 3056 5141 ὲζγῖι’ρὶέῐέῐὲὲξ”’

2476 5128 2716 5202 (anticum
2728 5128 3055 5202 ἲέὖυῶὶῖἰω.

2479 5191 2947 5273 ἰῖιῖὲῗὲἐιὶίὲἱὶἱῖἔῖ
2960 5191 3055 5202 ”“’
3767 5191 3850 5294 00g;

2477 5252 2625 5323 EiBEI-
2663 5252 2999 5323 ἰὲἕέιὲἑίἕξῐίοί.
3767 5252 3822 5323 ἐἮ

2421 5374 2430 5380 .
2476 5309 2999 5396 subsistant“
3767 5309 3844 5362 “5‘

1671 5596 1848 5652 FINIS
1886 5594 2050 5652 TOMI
2089 5594 2454 5654 CENTESIMI
2496 5597 2726 5654 DECIMI
2767 5596 3019 5652 TERTII.
