4086 6190
390 295 440 345 ιι
1286 284 1758 342 WALAFRIDUS
1797 283 2108 342 srnasus
2140 252 2526 339 t‘ULDENSIS
2564 281 2958 338 MONACHUS.
3823 285 3883 334 i2

382 413 628 480 nealogia
660 414 872 466 Christi
899 428 910 464 :
943 411 1097 464 edita
1125 415 1209 462 est
1253 427 1283 463 a
1312 410 1477 465 Bern.
1501 411 1625 477 Pez,
1643 409 1834 462 Thess.
1861 407 2066 461 noviss.
2101 410 2148 462 Α
2185 405 2413 480 dicitur,
2470 405 2871 480 Homiliariurm,
2926 406 3204 480 Epistolm
3247 405 3322 480 ad
3349 405 3613 480 diversos,
3651 406 3890 461 Carmen

383 475 675 539 Anecdot..
710 490 847 536 tom.
885 482 948 543 II,
982 487 1126 550 part.
1165 498 1198 540 ι.
1233 497 1287 548 p.
1323 483 1416 534 39.
1611 475 1616 477 γ
2186 477 2459 550 heroicum
2485 475 2550 528 de
2578 478 2856 550 miraculis
2914 475 2984 528 Β.
3026 476 3323 550 _Virgtnis.
3355 483 3412 528 et
3462 476 3573 528 alia
3595 492 3889 550 quaen-ar-

460 559 541 608 17.
575 554 866 622 Expositio
893 546 1094 619 viginti
1145 546 1443 620 primorum
1493 550 1863 620 psalmorum:
1899 553 2080 602 exstat
2187 553 2274 600 rat
2304 546 2948 622 ΔΜθῃεθινιιεε,(ΙΙιιὊηίιτοη
3005 546 3070 599 de
3116 547 3432 622 abbatibus_
3454 549 3764 622 monasterii
3795 549 3890 600 sui

383 625 596 679 ibidem
631 617 788 677 tiimo
827 624 914 686 IV,
949 617 1094 690 part.
1129 617 1165 683 ι’,
1197 638 1250 690 p.
1280 622 1403 674 471.
1493 617 1521 690 ί
1597 688 1606 690 _
2185 625 2270 690 est
2301 618 2358 670 iu
2599 617 2866 690 _V_at_icana
2899 623 3068 684 prout
3114 621 3354 669 testatur
3403 618 3564 690 Bern.
3601 618 3670 670 de
3704 618 3883 670 Mento

465 697 542 748 l8.
609 695 864 763 Epitome
925 687 1438 750 Commentariorum
1494 688 1718 763 Barbanfi
1780 691 1964 763 Mauri
2018 691 2076 742 in
2183 688 2388 763 fauenti
2421 687 3118 763 ῐῂιιι..1)11ι1ιοῐ1ιθᾳειιίρῐιιε
3152 702 3308 763 mss.,
3336 704 3394 763 _p.
3427 687 3520 740 74.

384 757 709 820 Lcmticuni:
745 772 1104 819 exstattomo
1138 765 1183 816 ll
1213 763 1461 830 Operam
1492 761 1806 830 Rabani,p.
1840 762 1960 813 296.
2257 759 2390 812 Vide
2440 757 2853 830 Trithemium,
2879 758 2954 830 de
3001 758 3204 826 Script.
3237 760 3458 830 eccles,
3491 774 3543 810 c.
3585 757 3686 812 246
3721 775 3734 821 ;
3771 758 3874 812 Ba-

459 839 543 890 19.
580 836 810 889 Initium
846 835 1142 889 Annalium
1181 829 1527 886 Fuldensinm
1560 837 1754 883 nostro
1811 830 2074 883 tribuunt
2183 830 2373 891 laeum,
2407 834 2552 881 cent.
2587 844 2704 892 xm,
2741 832 2792 890 9,
2828 829 3103 889 Pitseum,
3137 844 3184 879 c.
3226 830 3322 880 ll2
3348 845 3361 891 ;
3385 829 3512 894 Joh,
3547 830 3878 892 Mezlerum,

383 915 641 960 auctores
702 909 897 960 Gallici
955 907 1092 958 Hist.
1159 904 1244 956 lit.
1279 902 1492 956 Galliae.
1574 904 1780 954 Confer
1817 904 1972 954 Mem.
2007 901 2073 952 de
2179 901 2248 952 de
2300 899 2441 952 Viris
2498 899 2700 952 illustr.
2753 899 2810 953 S.
2858 899 3021 962 Galli,
3069 915 3127 960 ιι,
3165 901 3267 962 69;
3299 900 3460 953 Joan.
3505 900 3774 967 Egonem,
3809 900 3884 952 de

390 978 656 1040 Trévoua',
696 980 850 1031 1742.
882 977 1030 1040 Jan.,
1067 989 1123 1042 p.
1157 976 1247 1027 97.

2181 970 2326 1042 Viris
2353 971 2523 1022 illust.
2558 969 2756 1036 Augiaz
2784 969 2994 1042 divitis,
3027 986 3062 1034 ι,
3102 971 3202 1042 l2;
3235 985 3293 1035 ιι,
3334 972 3433 1042 l3;
3465 969 3882 1042 Lyserikllisto-

456 1038 674 1102 Inedita
703 1050 986 1117 ejusisunt
1015 1038 1200 1117 :Liber
1257 1043 1321 1096 de
1381 1044 1529 1117 Vita;
1553 1042 1788 1117 S._G_c_i_lli'
1806 1057 2068 1094 sermone
2179 1041 2322 1094 riam
2356 1045 2655 1117 poetarum
2692 1039 2864 1093 medii
2895 1041 3024 1108 aevi,
3056 1057 3110 1111 p.
3144 1041 3285 1106 235;
3348 1041 3483 1093 Hist.
3543 1040 3625 1092 lit.
3661 1038 3879 1104 Galliae,

383 1118 592 1187 rigato,
626 1111 750 1188 qui'
777 1116 964 1170 adhuc
1009 1115 1069 1168 in
1122 1113 1464 1168 monasterio
1501 1113 1553 1167 S.
1599 1113 1741 1166 Galli
1771 1127 2066 1180 superesse
2177 1117 2316 1165 tom.
2356 1111 2415 1174 V,
2448 1125 2507 1179 p.
2532 1112 2599 1164 59
2623 1125 2711 1179 sq.

1154 1365 1690 1452 MONITUM
1750 1363 2276 1450 EDITORIS
2338 1361 3092 1450 PATROLOGI/E

871 1524 949 1587 IN
1001 1521 1488 1600 SEQUENTEM
1537 1519 1820 1584 NOVAM
1876 1519 2240 1584 GLOSS/E
2281 1519 2800 1586 ΟΒΒΙΝΑΗΙᾸ]
2839 1518 3370 1584 RECUSIONEM.

473 1743 837 1805 WALAFRIDI
874 1741 1103 1806 STRABI
1161 1741 1267 1804 vel
1320 1740 1676 1804 STRABONIS
1734 1738 1948 1820 Opera
2012 1738 2487 1817 eolligentibus
2533 1739 2749 1818 prima
2815 1741 3034 1802 fronte
3077 1742 3268 1804 nobis
3314 1741 3604 1803 occurrit
3640 1737 3879 1806 Glossa

383 1827 748 1907 ordinaria,
815 1833 1010 1910 cujus
1062 1830 1440 1911 praecipuus
1495 1833 1730 1890 auctor
1784 1827 2070 1890 habetur
2122 1825 2546 1890 Walafridus.
2602 1826 2823 1890 Multas
2854 1829 3130 1891 fuerunt
3160 1829 3368 1909 hujus
3411 1825 3656 1892 Glossae
3701 1835 3767 1892 et
3806 1831 3880 1894 in

381 1920 586 1982 variis
615 1920 1015 1998 regionibus
1056 1919 1414 1992 editiones,
1451 1919 1532 1980 ab
1563 1935 1742 1978 anno
1777 1921 1948 1978 1472
1991 1915 2072 1978 ad
2113 1933 2370 1976 annum
2420 1917 2588 1976 1634
2625 1937 2640 1988 ;
2686 1934 2974 1996 quarum
3039 1918 3630 1980 enumerationem
3689 1917 3874 1996 vide,

383 2010 437 2069 si
475 2009 660 2084 libet,
715 2008 783 2068 in
814 2007 1109 2069 Historia
1171 2006 1494 2068 Iitteraria
1559 2003 1807 2079 Gallias,
1867 2011 2030 2066 tom.
2069 2003 2146 2080 V,
2195 2021 2354 2083 pag.
2397 2007 2507 2065 62.
2547 2003 2670 2066 Per
2710 2023 2830 2066 sex
2858 2005 3104 2067 saecula
3130 2023 3385 2085 magna
3425 2007 3550 2068 fuit
3607 2002 3872 2071 Glossae

383 2091 738 2159 ordinariae
794 2096 1183 2157 auctoritas.
1247 2093 1571 2156 Paulatim
1622 2098 1876 2169 tamen,
1939 2093 2136 2154 annis
2167 2091 2706 2166 decurrentibus,
2764 2094 2977 2155 multa
3033 2099 3469 2156 accesserunt
3533 2094 3865 2172 addititia,

382 2187 629 2265 quibus
670 2185 838 2247 adeo
860 2202 1062 2264 supra
1095 2183 1367 2245 modum
1399 2188 1594 2243 aucta
1625 2188 1752 2258 est,
1790 2186 1862 2242 ut
1893 2199 2014 2244 sex
2051 2180 2472 2259 ingentibus,
2507 2186 2580 2241 ut
2610 2181 2842 2242 dicunt
2867 2177 2934 2242 in
2961 2177 3130 2266 folio
3188 2179 3510 2258 maximo,
3571 2183 3871 2245 volumi-

384 2273 585 2334 nibus
639 2277 962 2334 constans
1009 2271 1089 2333 ad
1140 2290 1266 2334 nos
1321 2271 1730 2350 pervenerit,
1783 2269 1851 2330 in
1895 2270 2142 2349 quibus
2173 2267 2511 2329 Walal‘ridi
2553 2287 2725 2348 opus
2759 2269 2870 2330 vix
2915 2288 3277 2348 agnoscas.
3314 2271 3631 2333 Alienum
3675 2289 3875 2350 porro

385 2365 487 2422 est
509 2379 547 2422 a
579 2360 925 2441 preposilo
954 2365 1185 2422 nostro
1209 2359 1661 2420 additamenta
1687 2358 2094 2438 scriptorum
2126 2356 2781 2429 duodecimi,decimi
2813 2358 2992 2419 tertii
3025 2357 3129 2420 vel
3151 2360 3355 2420 etiam
3388 2359 3604 2441 quinti
3631 2359 3875 2421 decimi

387 2449 609 2511 saeculi
649 2449 969 2511 recudere
1006 2470 1020 2519 ;
1056 2453 1117 2510 et
1145 2447 1294 2510 ideo
1335 2445 1673 2508 Walafridi
1723 2463 1895 2526 opus
1936 2444 2647 2525 tantummodo,quale
2689 2445 3073 2525 antiquiora
3103 2451 3169 2508 et
3208 2447 3590 2510 authentica
3631 2465 3869 2510 manu-

386 2539 633 2618 scripta
673 2537 992 2612 offerunt,
1031 2535 1442 2598 servandum
1468 2552 1622 2596 esse
1649 2535 2069 2596 censuimus.
2108 2533 2421 2595 Attamen
2456 2551 2538 2594 ue
2571 2532 2936 2595 lectoribus
2965 2535 3381 2598 abbreviatio
3415 2535 3641 2616 operis
3664 2541 3870 2598 tanta:

383 2643 506 2706 per
543 2631 641 2687 tot
681 2625 924 2686 saecula
948 2623 1366 2686 auctoritatis
1391 2622 1728 2684 desiderio
1748 2629 1955 2696 esset,
1978 2621 2186 2700 hujus
2213 2621 2762 2687 delineatiouem.
2797 2624 3014 2702 quoad
3051 2623 3130 2684 ad
3159 2641 3284 2684 nos
3311 2626 3576 2700 attinet,
3603 2624 3873 2686 effluxi-

377 2730 560 2787 mus,
596 2721 659 2776 et
690 2712 1183 2791 Prolegomena
1203 2710 1480 2772 editioni
1511 2708 2460 2787 Duacensiumtheologorum
2488 2710 2647 2770 anni
2685 2712 2850 2770 1617
2879 2712 3154 2790 ρι’ωῐίχει
3176 2711 3595 2782 recudimus.
3625 2713 3875 2794 quibus

379 2802 662 2864 discitur
684 2802 902 2882 qualis
935 2800 1130 2862 fuerit
1169 2795 1401 2863 Glossa
1432 2796 1774 2861 ordinaria
1796 2799 1874 2860 de
1908 2817 2041 2878 qua
2066 2797 2175 2859 hic
2205 2797 2456 2875 agitur.
2484 2797 2567 2859 At
2600 2798 2812 2858 multa
2835 2799 2901 2860 in
2927 2799 3032 2860 his
3061 2798 3572 2878 Prolegomenis
3600 2819 3638 2863 a
3681 2801 3878 2863 nobis

380 2889 562 2953 edita
592 2893 866 2953 fuerunt
896 2891 966 2951 in
1008 2889 1212 2950 variis
1242 2888 1530 2968 hujusce
1574 2886 1977 2963 Patrologia:
2001 2885 2230 2948 tomis.
2259 2885 2436 2948 Satis
2465 2902 2633 2964 ergo
2666 2886 2952 2948 eritloca
2979 2887 3302 2965 indicare,
3333 2905 3416 2950 ne
3459 2889 3561 2951 bis
3594 2889 3661 2950 in
3698 2890 3876 2951 idem

379 2978 784 3043 incidamus.
816 2977 1068 3040 Pariter
1095 2977 1460 3039 Bibliorum
1493 2974 2402 3054 sacrorumuniuscujusque
2426 2991 2668 3036 versus
2701 2975 2934 3055 prima:
2964 2993 3166 3038 voces
3199 2977 3878 3040 tantuminducendaa

379 3073 532 3128 sunt
567 3067 646 3128 ad
677 3061 1128 3143 intelligenda
1156 3064 1426 3126 Patrum
1459 3063 1946 3126 commentaria
1977 3062 2225 3143 quibus
2251 3062 2772 3142 praemittuntur.
2811 3061 2976 3125 Nam
3000 3065 3244 3127 merito
3272 3065 3561 3128 lectores
3593 3071 3873 3128 nostros

381 3154 670 3234 pigeret,
715 3153 797 3231 si,
841 3153 995 3216 data
1024 3151 1361 3214 Walat’ridi
1387 3153 1613 3233 operis
1645 3152 2029 3227 occasione,
2068 3149 2280 3212 Biblia
2329 3168 2518 3212 sacra
2558 3150 2825 3228 integra
2877 3152 3464 3216 exhibuissemus.

1227 3443 2024 3559 DUAGENSIUM
2102 3440 3019 3557 THEOLOGORUM

913 3624 1031 3710 IN
1093 3621 1618 3710 GLOSSAM
1678 3621 2413 3708 ORDINARIAM
2474 3621 3366 3739 PROLEGOMENA.

1637 3779 1725 3841 (Ex
1756 3778 1987 3828 editione
2011 3778 2269 3827 Duacensi
2299 3779 2423 3827 anni
2452 3780 2615 3841 1617.)

1970 3899 2230 3907 ————._—_.

1101 4000 1434 4066 LECTORI
1485 3999 1936 4065 CATIIOLICO
1988 4000 2368 4066 SALUTEM
2417 4000 2520 4065 ΕΤ
2572 4001 3138 4068 FELICITATEM.

444 4146 588 4200 Sunt
616 4145 878 4198 nonnulli
925 4141 1115 4195 studio
1165 4140 1506 4194 novellitatis
1562 4139 1806 4196 nimium
1846 4141 2066 4194 accensi
2099 4143 2138 4197 Β
2176 4141 2395 4211 grapho
2450 4147 2507 4195 et
2551 4143 2906 4213 polyhistore
2961 4148 3152 4198 tantus
3193 4151 3279 4199 est
3298 4153 3628 4214 proventus,
3665 4151 3727 4200 ut
3755 4145 3874 4200 sint

375 4234 473 4304 qui
533 4248 766 4288 omnem
813 4231 965 4286 hunc
1009 4230 1284 4294 laborem,
1335 4245 1508 4299 quem
1567 4228 1626 4282 in
1663 4227 2066 4283 conservandis

375 4321 613 4376 erudita
659 4317 1015 4389 antiquitatis
1063 4317 1452 4370 monumentis
1493 4321 1714 4385 ponunt
1757 4316 1863 4370 viri
1894 4317 2065 4384 docti,

376 4408 679 4480 repudiant
730 4422 984 4477 prorsus,
1031 4410 1089 4458 et
1126 4405 1552 4467 abominantur,
1598 4405 1754 4458 velut
1792 4403 2064 4474 supersti-

374 4498 607 4563 tiosum,
652 4495 867 4567 quique
933 4494 1206 4564 praeclara
1264 4491 1498 4562 ingenia
1550 4491 1620 4545 ab
1676 4490 2065 4560 excogitandis

373 4587 441 4640 de
473 4601 617 4640 novo
645 4581 1049 4639 excellentibus
1079 4580 1323 4634 inventis
1351 4585 1564 4647 avocet,
1615 4585 1672 4634 et
1715 4580 2062 4633 absterreat:

373 4676 514 4730 dum
542 4673 816 4728 nimirum
867 4671 946 4725 ita
992 4669 1119 4724 ﬁeri
1162 4669 1644 4734 animadvertunt,
1670 4673 1734 4722 ut
1762 4667 1902 4721 nihil
1934 4683 2061 4720 ma-

373 4779 626 4834 gnopere
669 4760 978 4830 suspiciant
1030 4757 1289 4812 homines
1349 4758 1530 4829 probi,
1576 4758 1634 4811 in
1693 4756 1892 4810 litteris
1924 4772 2063 4826 pras-

371 4851 566 4903 sertim
612 4854 667 4902 et
718 4848 882 4901 bonis
940 4846 1178 4911 artibus,
1240 4845 1351 4899 nisi
1403 4846 1554 4915 quod
1590 4849 1756 4898 astate
1800 4843 1924 4913 ipsa
1955 4841 2058 4895 sibi

370 4935 759 4990 conciliaverit
788 4935 1213 4988 auctoritatem.
1249 4935 1314 4988 Hi
1357 4935 1494 4987 tales
1534 4933 1732 5004 procul
1761 4932 1937 4986 dubio
1959 4947 2063 4985 nos

370 5023 708 5089 irridebunt,
762 5023 862 5094 qui
920 5025 1176 5077 Glossam
1242 5023 1388 5076 hanc
1445 5021 1813 5088 ordinariam,
1875 5025 1931 5073 et
1966 5021 2060 5074 Ni-

368 5111 513 5166 colai
569 5111 758 5164 Lirani
814 5112 1105 5165 Postillam
1166 5110 1426 5178 (nomina
1465 5111 1551 5164 vel
1614 5126 1756 5163 sono
1804 5108 1952 5180 ipso,
2007 5113 2062 5162 et

366 5202 515 5255 flexu
548 5201 718 5264 vocis,
747 5215 947 5253 eorum
983 5199 1234 5254 delicatis
1257 5199 1488 5253 auribus
1517 5198 1868 5252 horrendum
1898 5198 2057 5268 quid,

366 5296 420 5343 et
478 5291 787 5342 barbarum
856 5287 1214 5357 alfricantia),
1272 5286 1447 5340 tantis
1505 5286 1712 5357 vigiliis
1765 5287 2059 5348 recudere,

365 5378 873 5446 studiosorumque
921 5376 1184 5428 manibus
1230 5375 1534 5429 obtrudere
1578 5375 1908 5443 satagimus.
1948 5375 2058 5429 Ma-

361 5466 600 5520 luissent
631 5463 786 5517 enim
818 5479 1030 5517 novum
1051 5463 1283 5534 aliquod
1315 5479 1460 5532 opus
1482 5469 1540 5518 et
1564 5464 1803 5517 antehac
1832 5463 2053 5517 inaudi-

358 5559 505 5618 tum,
567 5558 665 5607 aut
711 5552 913 5606 saltem
963 5567 1240 5605 novorum
1279 5550 1578 5605 hominum
1609 5551 2050 5605 commentarios

358 5643 425 5696 ad
459 5643 604 5697 hanc
634 5657 753 5695 rem
788 5640 1071 5710 adaptnri:
1129 5656 1374 5710 quorum
1419 5639 1476 5695 in
1507 5640 1616 5695 hoc
1647 5641 1854 5695 sacculo
1885 5640 2044 5711 poly-

2175 4245 2321 4299 pene
2352 4229 2816 4285 innumerabiles.
2856 4232 3138 4286 Cmterum
3174 4249 3280 4286 nos
3331 4234 3663 4304 hujusmodi
3692 4234 3872 4288 lecto-

2175 4318 2333 4372 ribus
2362 4321 2585 4388 placere
2614 4335 2730 4390 non
2782 4319 3120 4382 studuimus,
3167 4320 3407 4374 minime
3453 4321 3672 4375 interea
3703 4320 3873 4375 dubi-

2173 4410 2378 4471 tantes,
2410 4406 2678 4460 modestis
2731 4411 2788 4461 et
2839 4407 3130 4461 catholicis
3190 4409 3493 4464 lectoribus
3558 4409 3868 4481 probatum

2173 4493 2243 4546 iri
2278 4494 2385 4547 hoc
2415 4495 2740 4550 institutum
2771 4501 3056 4563 nostrum,
3091 4497 3187 4566 qui
3236 4497 3420 4551 sciant
3453 4504 3511 4552 et
3536 4503 3869 4568 agnoscant,

2173 4580 2233 4634 in
2275 4583 2492 4637 caeteris
2540 4584 2776 4654 quidem
2845 4584 3062 4638 artibus
3105 4584 3338 4639 inventa
3383 4601 3630 4656 quaeque
3689 4587 3866 4640 etiam

2173 4670 2588 4740 recentissima,
2644 4689 2806 4726 suam
2872 4673 3115 4743 gratiam
3208 4673 3666 4745 dignitatemque
3745 4689 3866 4745 prae

2177 4759 2374 4812 multis
2422 4761 2706 4815 veteribus
2748 4761 3004 4815 invenire
3062 4777 3265 4832 posse:
3318 4762 3378 4816 in
3424 4763 3646 4817 arcanis
3672 4771 3866 4819 autem

2171 4846 2349 4902 divini
2397 4848 2551 4902 verbi
2593 4849 2852 4903 sensibus
2896 4843 3314 4918 adaperieudis,
3363 4855 3419 4904 et
3464 4867 3586 4905 esse
3618 4855 3859 4923 optima,

2173 4953 2302 5006 quae
2340 4937 2753 5003 vetustis~ima;
2787 4942 2843 4991 et.
2891 4953 2956 4990 ea
3003 4937 3240 5007 optimis
3283 4939 3570 5010 proxima,
3615 4957 3742 5011 quas
3773 4957 3864 4994 ve-

2172 5023 2498 5076 tustissimis
2551 5029 2684 5077 sunt
2739 5024 3174 5095 propinquiora.
3229 5034 3296 5081 ut
3357 5035 3489 5099 pote
3521 5029 3699 5100 magis
3729 5045 3865 5082 con-

2165 5111 2366 5182 juncta
2413 5110 2716 5181 purissimo
2767 5113 3024 5166 veritatis
3081 5114 3248 5183 fonti,
3297 5132 3358 5170 ac
3406 5117 3646 5188 proinde
3686 5133 3868 5172 remo-

2171 5200 2318 5254 tiora
2383 5215 2415 5253 a
2480 5199 2697 5253 lacunis
2753 5206 2808 5255 et
2867 5217 3031 5256 cceno
3104 5219 3504 5273 perversorum
3574 5205 3866 5276 spiritum,

2170 5288 2323 5341 unde
2349 5289 2621 5342 salutares
2648 5294 2704 5342 et
2753 5289 2966 5344 illimes
3003 5308 3168 5364 aqum
3198 5292 3622 5361 Scripturarum
3669 5295 3868 5349 crebro

2169 5376 2353 5429 solent
2403 5375 2557 5430 inﬁci
2604 5384 2662 5431 et
2701 5379 3046 5449 perturbari.
3080 5400 3108 5431 α
3145 5380 3206 5434 In
3252 5379 3503 5450 antiquis
3547 5381 3701 5435 enim
3743 5399 3868 5436 esse

2161 5463 2557 5534 sapientiam»
2637 5467 2978 5537 pronuntiat
3044 5468 3302 5537 Sapiens,
3365 5467 3525 5520 etin
3580 5469 3866 5523 veteribus

2161 5551 2416 5607 Ecclesia!
2463 5555 2864 5610 tractatoribus
2917 5571 3117 5610 secura
3167 5561 3463 5627 ponuntur
3537 5556 3859 5612 sedulitatis

2159 5645 2368 5696 nostra:
2418 5641 2674 5712 vestigia,
2736 5643 2950 5715 absque
2993 5643 3277 5711 falsitatis,
3317 5648 3516 5698 saltem
3561 5645 3856 5700 damnosae
