4086 6190
220 337 270 384 13
1693 330 1888 384 l’ltOLl

1998 331 2228 385 lMENA.
3038 379 3048 391 .
3636 332 3699 385 14

206 459 255 505 et
293 451 648 522 perniciosa,
679 451 943 521 periculo
978 465 989 504 :
1028 466 1155 503 cum
1187 450 1246 503 in
1290 447 1701 504 recentioribus
1740 449 1881 515 istis,
1916 461 1960 512 Α
1999 465 2173 520 quam
2211 449 2496 503 ofﬁcinam
2531 447 3039 502 ecclesiasticarum
3084 466 3358 504 sensuum
3388 453 3690 504 consulere

205 540 295 608 qui
333 539 600 607 antiquos
640 539 768 590 illos
809 554 1015 608 parum
1056 541 1423 602 venerantur,
1463 552 1575 590 non
1613 536 1722 589 nisi
1764 553 1891 590 cum

208 628 446 680 maximo
493 627 820 679 animarum
868 626 1140 695 pericula,
1189 631 1244 679 et
1293 624 1606 677 certissima
1656 623 1896 693 pretiosi

206 713 476 784 temporis
528 713 755 782 jactura
811 713 1065 766 studium
1115 717 1375 764 nostrum
1433 709 1613 779 possit
1661 709 1890 763 versari.

206 804 284 856 Illi
345 804 499 854 enim
557 801 786 871 pietatis
841 806 898 853 et
955 797 1245 852 modestia
1309 797 1570 850 laudibus
1619 795 1892 865 insignes,

204 892 337 944 nihil
388 890 498 942 sibi
546 893 646 940 aut
696 886 1060 940 scribendum
1102 885 1451 954 judicarunt,
1501 889 1598 937 aut
1642 884 1893 938 sentien-

205 980 354 1043 dum,
408 976 567 1048 quod
611 992 728 1028 non
775 975 1029 1028 Ecclesia
1072 973 1363 1027 catholica
1404 972 1708 1042 pontiﬁcis,
1752 972 1892 1025 alio-

202 1082 438 1136 rumque
497 1065 558 1116 in
612 1065 734 1133 ejus
781 1061 1184 1115 communione
1229 1060 1717 1130 perseverantium
1773 1074 1890 1112 ma-

203 1156 510 1225 gistrorum
582 1152 799 1206 calculo
864 1149 1206 1220 probaretur
1277 1165 1290 1202 :
1359 1151 1763 1217 agnoscentes,
1834 1152 1896 1200 ut

200 1243 545 1302 animorum,
591 1241 670 1293 ita
709 1238 1074 1308 ingeniorum
1116 1251 1238 1288 esse
1283 1234 1341 1288 in
1381 1235 1624 1288 Ecclesia
1661 1235 1894 1289 ordina-

201 1334 307 1382 tam
340 1328 753 1394 hierarchiam,
784 1330 840 1379 et
871 1345 898 1375 α
932 1324 1164 1394 spiritus
1191 1323 1607 1393 prophetarum
1642 1323 1894 1377 subditos

201 1435 310 1472 esse
353 1418 694 1488 prophetis;
728 1437 753 1466 ιι
783 1421 842 1469 et
888 1415 1027 1469 illud
1076 1412 1394 1468 Salomonis
1439 1414 1733 1467 oraculum
1787 1413 1894 1466 sibi

201 1507 264 1558 ob
309 1507 516 1558 oculos
565 1521 793 1574 semper
846 1507 1121 1574 ponentes
1173 1516 1186 1553 :
1236 1521 1263 1551 ιι
1310 1501 1489 1554 Verba
1548 1499 1892 1570 sapientium

201 1595 331 1647 sicut
357 1593 586 1647 stimuli
614 1613 641 1643 υ
676 1592 799 1662 (qui
826 1595 1089 1661 pungunt
1117 1588 1366 1642 veritatis
1399 1588 1536 1648 acie.
1577 1604 1693 1641 non
1725 1589 1894 1641 blan—

199 1682 432 1734 diuntur
487 1677 843 1733 adulationis
893 1675 1165 1742 flosculis)
1220 1695 1245 1724 α
1304 1679 1361 1728 et
1415 1675 1577 1743 quasi
1633 1673 1774 1727 clavi
1835 1674 1893 1727 in

2007 538 2284 602 solebant,
2345 536 2797 606 quotiescunque
2864 552 3009 605 opus
3065 542 3188 589 erat
3248 537 3318 590 ad
3387 538 3695 606 Scriptura

2006 624 2346 677 sententiam
2411 639 2734 688 recurrere;
2795 639 2898 677 nec
2962 628 3239 693 putarunt
3305 625 3413 678 sibi
3480 626 3694 697 aliquid

2006 713 2159 766 aliud
2212 713 2549 781 sapiendum
2583 728 2754 782 quam
2787 712 2938 782 quod
2986 713 3056 765 ab
3090 713 3186 766 illa
3233 733 3259 764 α
3294 714 3697 783 magistrorum

2003 801 2242 854 consilio
2294 823 2315 849 ι
2365 807 2697 870 repererant
2728 802 3017 861 traditum.
3054 809 3114 854 ut
3157 803 3233 855 ita
3275 803 3699 872 acquiescerent

2005 889 2276 958 sapientis
2318 889 2623 942 monitioni
2659 905 2830 959 quam
2872 896 3003 959 post
3041 891 3141 944 illa
3185 892 3352 944 verba
3399 892 3639 960 subjecit
3681 909 3693 944 ξ

2007 997 2034 1028 (ι
2066 977 2160 1031 His
2190 978 2457 1047 amplius,
2490 977 2571 1030 ﬁli
2599 978 2697 1037 mi.
2733 993 2803 1030 ne
2832 978 3113 1048 requiras,
3155 1001 3175 1026 ι
3212 979 3311 1032 ubi
3342 986 3396 1033 et
3427 980 3584 1033 addit
3613 996 3695 1034 ra-

2002 1066 2219 1120 tionem
2257 1066 2577 1119 evidentem
2612 1080 2624 1120 :
2661 1086 2687 1114 a
2737 1065 3000 1119 Faciendi
3044 1068 3240 1136 plures
3283 1068 3458 1121 libros
3502 1069 3696 1121 nullus

2004 1160 2088 1208 est
2144 1153 2294 1219 ﬁnis,
2352 1173 2378 1202 »
2432 1153 2618 1224 quasi,
2667 1154 2766 1224 qui
2821 1155 3168 1224 sapientium
3227 1172 3329 1226 per
3388 1156 3691 1210 consilium

2005 1242 2413 1311 magistrorum
2463 1241 2801 1294 examinatis
2852 1242 3057 1303 verbis,
3108 1251 3165 1296 et
3222 1245 3464 1312 pastoris
3526 1244 3698 1298 unius

2003 1330 2303 1382 sententia
2361 1345 2477 1382 non
2534 1330 2922 1400 acquiescunt,
2970 1346 3266 1400 nunquam
3331 1348 3434 1402 per
3501 1348 3698 1386 omnes

2006 1433 2269 1471 errorum
2303 1423 2358 1470 et
2386 1417 2813 1471 mendaciorum
2854 1419 3141 1472 anfractus
3186 1419 3489 1488 divagandi
3522 1421 3695 1473 ﬁnem

2004 1505 2234 1568 faciant,
2269 1507 2365 1559 sed
2398 1506 2781 1559 interminatis
2813 1512 3087 1560 vexentur
3105 1508 3536 1576 quastianibus.
3568 1511 3695 1561 Erat

2006 1597 2193 1644 autem
2240 1592 2347 1645 hoc
2397 1592 2599 1644 Glossa
2645 1608 2811 1661 opus,
2843 1592 2901 1645 in
2939 1591 3035 1644 illa
3080 1592 3356 1645 librorum
3414 1593 3694 1662 paucitate

2005 1684 2060 1732 et
2089 1679 2328 1747 penuria
2358 1695 2470 1749 qua
2501 1680 2771 1733 saculum
2813 1679 2953 1733 illud
2990 1680 3055 1748 (si
3096 1696 3226 1733 cum
3268 1685 3461 1732 nostra
3500 1681 3694 1733 confe-

195 1768 367 1820 altum
411 1765 595 1819 defixi
648 1786 670 1812 ι
733 1764 937 1834 (solido
985 1762 1353 1816 fundamento
1412 1761 1544 1814 fidei
1600 1762 1892 1814 catholica
1927 1752 1964 1804 Β
2009 1773 2165 1821 ratur
2193 1768 2297 1820 hac
2342 1767 2398 1820 in
2434 1783 2493 1820 re
2544 1768 2995 1837 pauperrimum)
3027 1767 3329 1832 laboravit;
3365 1785 3477 1822 non
3509 1769 3692 1823 solum

192 1856 504 1920 substrata,
548 1869 662 1907 non
707 1853 765 1906 in
807 1852 1108 1920 fluctivaga
1155 1851 1420 1904 humana
1467 1851 1761 1920 sapientia
1804 1868 1890 1904 sa-

192 1944 347 2013 bulo)
379 1967 407 1992 «
441 1960 580 2014 qua
622 1958 724 2012 per
764 1940 1168 2010 magistrorum
1206 1937 1505 1991 consilium
1537 1939 1666 1991 data
1697 1945 1831 1993 sunt
1860 1961 1886 1990 »

194 2034 339 2094 (dum
397 2049 520 2085 non
570 2029 884 2099 unicuique
941 2028 1069 2081 licet
1122 2028 1191 2080 de
1238 2026 1405 2079 rebus
1457 2027 1662 2080 divinis
1719 2035 1893 2097 prout

191 2118 325 2172 libet
343 2119 636 2183 lascivire,
660 2117 756 2170 sed
787 2117 854 2170 ad
879 2121 1089 2168 certam
1114 2115 1370 2184 regulam
1395 2114 1552 2183 loqui
1570 2121 1886 2183 coguntur:

191 2223 285 2260 nec
317 2222 496 2260 suum
539 2205 849 2276 quispiam,
883 2202 989 2255 etsi
1029 2217 1268 2271 magnus
1311 2203 1383 2255 sit
1429 2202 1543 2270 ille,
1575 2208 1673 2255 aut
1712 2201 1890 2255 maxi-

189 2313 333 2362 mus,
368 2296 624 2349 aliorum
675 2294 904 2363 piorum
952 2291 1252 2344 consensui
1296 2290 1567 2360 praferre
1616 2289 1787 2344 audet
1835 2295 1892 2343 et

185 2391 496 2456 propterea
543 2382 893 2435 submittunt
940 2395 998 2432 se
1043 2378 1251 2431 vicario
1305 2377 1531 2443 Christi,
1566 2393 1669 2446 per
1717 2393 1889 2447 quem

185 2472 423 2542 Spiritus
487 2475 718 2523 sanctus
777 2467 924 2537 regit
969 2465 1293 2519 docentium
1336 2465 1594 2534 linguam
1641 2469 1697 2518 et
1742 2466 1886 2519 cala-

189 2577 362 2626 mum,
399 2563 469 2612 ut
521 2560 852 2611 mereantur
901 2555 1154 2624 accipere
1203 2552 1466 2607 deiﬁcam
1517 2554 1768 2607 veritatis
1795 2555 1888 2607 lu-

186 2655 322 2719 cem)
355 2673 378 2698 ι
425 2667 462 2702 a
509 2650 737 2702 Pastore
777 2662 912 2711 uno,
958 2663 985 2695 η
1026 2644 1126 2714 qui
1176 2649 1260 2696 est
1299 2644 1646 2712 Redemptor
1677 2649 1884 2698 noster.

189 2739 276 2792 isti
318 2744 526 2790 autem
587 2734 858 2788 novitatis
905 2733 1298 2799 admiratores,
1351 2753 1379 2780 ‹‹
1427 2747 1624 2785 sanam
1674 2732 1884 2786 doctri-

190 2842 312 2879 nam
347 2845 374 2874 ι
421 2823 803 2892 antiquorum
844 2841 872 2868 «
913 2835 1027 2873 non
1067 2819 1429 2882 sustinentes,
1473 2838 1500 2868 η
1531 2818 1629 2870 sed
1673 2818 1741 2871 ad
1784 2834 1886 2870 sua

194 2915 471 2968 desideria
525 2910 848 2966 doctrinam
898 2909 1152 2962 veritatis
1211 2909 1600 2961 examinantes
1646 2912 1702 2960 et
1746 2923 1883 2959 exa—

191 3005 492 3065 nimantes,
527 3019 555 3052 ε
609 3003 942 3053 coacervant
971 2997 1077 3050 sibi
1121 2996 1443 3065 magistros,
1483 3017 1504 3044 ιι
1543 3011 1657 3048 non
1697 2998 1881 3048 atten—

194 3092 374 3146 dentes
416 3091 754 3144 animarum
785 3087 964 3152 lucro,
999 3086 1095 3139 sed
1134 3106 1158 3135 α
1205 3085 1528 3154 prurientes
1566 3083 1820 3149 auribus,
1856 3102 1884 3134 ι)

195 3188 246 3233 ut
273 3181 521 3251 proinde
555 3177 758 3231 mirari
802 3192 915 3229 non
958 3175 1030 3228 sit
1068 3189 1320 3244 aquam.
1367 3174 1412 3225 si
1454 3192 1480 3223 α
1523 3187 1556 3224 a
1585 3171 1819 3225 veritate
1854 3189 1882 3221 ››

198 3270 414 3338 quidem
467 3265 722 3336 simplici
774 3269 830 3318 et
870 3262 1050 3317 solida
1084 3283 1110 3310 ‹‹
1154 3261 1413 3314 auditum
1468 3265 1784 3314 avertentes
1816 3260 1883 3312 ad

194 3358 397 3412 fabulas
442 3377 472 3408 ι
509 3361 573 3411 et
613 3354 894 3424 picturata
923 3350 1259 3421 opinionum
1302 3349 1563 3403 feralium
1607 3347 1885 3404 lenocinia

193 3451 295 3500 toto
324 3446 542 3500 affectu
585 3467 606 3490 α
643 3446 1066 3496 convertantur.
1098 3461 1125 3487 »

245 3536 367 3589 Tibi
399 3551 565 3604 ergo,
612 3533 788 3594 lector
830 3530 1127 3596 catholice,
1162 3527 1296 3582 ﬁdei
1343 3526 1595 3598 antiqua
1627 3530 1684 3580 et
1723 3527 1884 3580 avita

191 3622 360 3676 cultor
401 3629 590 3693 atque
638 3619 970 3683 admirator,
1006 3617 1165 3671 labor
1193 3617 1285 3670 hic
1315 3621 1511 3670 noster
1541 3615 1836 3670 desudavit
1869 3631 1882 3668 :

189 3720 242 3765 ut
278 3713 413 3766 dum
448 3711 555 3764 alii
591 3708 928 3762 excellentes
974 3706 1232 3760 Ecclesia
1276 3721 1428 3759 nunc
1477 3704 1734 3758 florentis
1784 3704 1883 3758 do-

192 3807 357 3855 ctores
390 3814 645 3853 suorum
686 3797 1048 3868 ingeniorum
1098 3794 1323 3848 divitias
1363 3799 1532 3865 atque
1580 3809 1740 3846 arma
1783 3792 1882 3847 tibi

190 3891 556 3959 expromunt.
611 3886 765 3939 unde
815 3885 1069 3936 munitus
1117 3883 1328 3936 bellum
1388 3889 1592 3952 potens
1640 3887 1695 3936 et
1731 3880 1885 3935 inde-

190 3978 387 4031 fessum
453 3973 723 4030 hostibus
788 3972 924 4026 ﬁdei
980 3972 1268 4024 catholica
1325 3976 1494 4041 atque
1561 3971 1886 4024 animarum

188 4066 618 4134 praedatoribus
661 4061 878 4114 indicas
912 4077 923 4113 :
957 4060 1126 4113 etiam
1165 4058 1370 4113 media
1410 4059 1592 4112 atatis
1639 4059 1884 4129 optimas

187 4153 349 4208 duces
385 4153 496 4206 tibi
531 4150 794 4205 subsidio
826 4149 1104 4208 daremus,
1141 4147 1240 4218 qui
1279 4162 1382 4200 suo
1422 4153 1680 4216 tempore
1727 4147 1883 4200 fuere

187 4257 278 4310 pro
325 4258 502 4296 muro
560 4244 618 4292 et
664 4237 1005 4292 antemurali
1055 4236 1334 4301 Ecclesia,
1379 4235 1530 4288 inter
1578 4251 1719 4304 quos
1768 4251 1882 4288 non

189 4338 436 4382 extremo
490 4330 622 4383 loco
664 4326 915 4379 militant
953 4331 1211 4377 auctores
1252 4324 1488 4376 istorum
1531 4327 1888 4376 commenta—

190 4419 428 4482 riorum,
494 4431 645 4486 quos
711 4414 918 4467 iterum
977 4413 1200 4466 detersa
1251 4412 1527 4466 nonnulla
1591 4427 1884 4464 armorum

189 4507 472 4578 rubigine,
510 4519 689 4574 quam
735 4508 1150 4568 contraxerant,
1186 4501 1244 4554 in
1278 4500 1456 4554 aciem
1496 4500 1880 4571 producimus.

196 4595 325 4649 Hinc
383 4595 554 4649 enim
607 4594 856 4645 maxime
912 4591 1143 4662 pateﬁet
1207 4605 1319 4661 quo
1374 4589 1577 4658 spiritu
1644 4589 1887 4658 majores

193 4684 363 4737 nostri
394 4682 563 4739 ducti
584 4686 737 4747 sunt,
764 4697 892 4735 cum
924 4680 992 4734 ad
1025 4695 1312 4733 sacrarum
1340 4679 1658 4732 litterarum
1688 4682 1889 4732 tracta-

193 4772 403 4825 tionem
468 4771 810 4824 accederent
856 4785 870 4823 :
920 4768 1112 4823 divino
1164 4783 1371 4837 nempe
1417 4770 1560 4833 (non
1609 4765 1887 4835 humano)

195 4877 357 4928 quem
391 4876 461 4913 ex
498 4858 806 4912 Salomone
839 4857 1099 4927 superius
1129 4856 1450 4909 audivimus
1480 4853 1888 4924 magistrorum

198 4948 295 5000 sibi
355 4948 616 5001 invicem
656 4962 785 4999 cum
835 4945 1157 4999 humilitate
1200 4941 1579 4997 deferentium
1627 4942 1886 5008 consilio,

199 5035 293 5089 sub
336 5053 459 5090 uno
490 5040 554 5088 et
583 5033 651 5087 ab
684 5050 797 5087 uno
843 5041 1066 5104 pastore
1110 5031 1426 5103 gubernata
1473 5031 1693 5101 aperire
1735 5032 1890 5084 salu-

196 5132 331 5179 tares
369 5124 748 5178 oraculorum
788 5121 1097 5176 caelestium
1133 5136 1384 5174 recessus
1417 5136 1430 5172 :
1465 5135 1710 5190 quorum
1753 5120 1890 5172 har-

197 5214 443 5268 maniam
481 5219 543 5267 et
576 5210 1010 5266 consonantiam
1043 5210 1100 5264 in
1134 5209 1310 5263 divini
1346 5207 1501 5263 verbi
1542 5207 1890 5278 eXposilione

203 5306 479 5374 tanquam
526 5301 831 5355 concilium
881 5304 939 5352 et
979 5318 1006 5349 «
1049 5298 1349 5352 consilium
1400 5297 1826 5367 magistrorum,
1867 5318 1888 5345 ι

195 5390 408 5457 primus
444 5390 605 5444 velut
635 5390 692 5443 in
725 5389 901 5442 abaco
923 5393 1022 5441 aut
1049 5388 1459 5457 diagrammate
1488 5385 1891 5439 mathematica

201 5478 444 5548 aspectui
500 5484 694 5532 nostra
740 5476 1022 5546 subjicere
1072 5477 1311 5530 tentavit
1348 5479 1544 5529 auctor
1586 5473 1892 5528 ordinaria

202 5564 430 5632 Glossa,
465 5566 545 5618 sic
573 5565 882 5636 appellata
917 5562 1052 5634 quia
1081 5561 1236 5617 illam
1269 5559 1482 5632 posteri
1520 5576 1717 5616 omnes
1760 5566 1893 5615 tan-

2005 1871 2344 1925 magnarum
2388 1855 2737 1924 vigiliarum,
2773 1855 2871 1910 sed
2903 1855 3075 1909 etiam
3116 1871 3518 1925 expensarum,
3554 1873 3695 1926 quas

2002 1944 2301 2014 oportebat
2354 1945 2644 1999 effundere
2703 1945 2764 1998 in
2819 1945 2989 1998 sacris
3047 1944 3375 1998 doctoribus
3440 1943 3693 2013 undique

2002 2031 2408 2102 conquirendis
2439 2038 2494 2085 et
2536 2032 2945 2097 describendis,
2976 2048 3104 2086 cum
3147 2031 3398 2086 nondum
3427 2036 3575 2084 esset
3606 2032 3692 2085 in-

1999 2124 2169 2172 venta
2199 2119 2578 2189 typographia
2609 2120 2749 2185 hac,
2781 2119 3210 2189 thaumaturgia
3240 2118 3518 2172 librorum
3552 2119 3692 2171 mul-

1999 2206 2325 2275 tiplicatrix,
2357 2223 2485 2277 qua
2532 2207 2700 2274 (sicut
2751 2209 2844 2262 ille
2888 2208 3113 2261 dicebat
3164 2208 3232 2260 de
3282 2208 3408 2261 Nilo
3460 2206 3685 2277 Egypti

1999 2295 2267 2364 rigatore)
2327 2295 2570 2348 devolvit
2630 2312 2821 2350 secum
2888 2296 3110 2349 infinita
3176 2294 3333 2346 ἔσθλα
3392 2314 3477 2344 και
3536 2293 3686 2367 ὒργα,

1998 2383 2296 2436 commoda
2325 2389 2380 2436 et
2419 2383 2804 2447 incommoda,
2848 2384 3054 2453 probos
3098 2389 3155 2437 et
3200 2383 3400 2436 noxios
3448 2383 3690 2452 scripto-

1997 2488 2106 2525 res.
2134 2472 2308 2542 Cujus
2329 2473 2467 2526 artis
2495 2473 2771 2526 beneﬁcia
2796 2473 3219 2527 laudatissimus
3249 2473 3343 2526 ille
3371 2473 3688 2526 collectoris

1998 2560 2158 2614 labar
2186 2562 2369 2630 possit
2399 2561 2674 2614 illustrior
2712 2562 3124 2632 perfectiorque
3158 2561 3281 2614 ﬁeri
3312 2560 3688 2630 superadditis

1996 2652 2240 2718 apteque
2281 2649 2508 2702 attextis
2555 2649 2682 2702 aliis
2726 2653 3052 2702 sanctorum
3095 2649 3325 2702 Patrum
3374 2647 3686 2718 expositio-

1997 2733 2183 2799 nibus,
2236 2752 2363 2805 qua
2413 2736 2480 2790 ad
2535 2753 2822 2790 sacrarum
2871 2738 3207 2806 paginarum
3263 2738 3518 2790 fecerunt
3565 2736 3685 2788 elu-

1995 2822 2337 2876 cidationem
2389 2841 2400 2877 :
2452 2825 2602 2894 quod
2652 2825 2711 2877 in
2761 2823 3088 2894 evangelica
3139 2823 3375 2877 historia
3422 2821 3686 2892 prastitit

1995 2910 2247 2964 divinum
2297 2912 2528 2966 'l‘homa
2580 2912 2878 2982 Aquinatis
2932 2912 3250 2980 ingenium,
3283 2916 3339 2964 et
3382 2910 3441 2964 in
3492 2908 3686 2963 multis

1999 2996 2304 3066 Scriptura
2353 2998 2511 3053 libris
2556 3000 2894 3054 recentiores
2945 2999 3146 3067 Graci,
3197 3005 3252 3052 et
3295 2997 3682 3068 copiosissime

1996 3084 2052 3138 in
2085 3086 2287 3140 Genesi
2331 3092 2500 3157 atque
2544 3089 2734 3143 Exodo
2780 3087 3138 3142 doctissimus
3185 3090 3418 3141 Verona
3458 3085 3681 3156 episco-

1996 3189 2103 3242 pus
2155 3175 2586 3243 Lypomannus;
2636 3181 2691 3229 et
2740 3193 2843 3230 nos
2887 3177 3056 3229 etiam
3106 3176 3268 3239 forte,
3321 3176 3492 3228 modo
3541 3175 3684 3227 Deus

1995 3260 2169 3314 vitam
2211 3262 2473 3333 viresque
2520 3264 2757 3330 dederit,
2809 3264 3115 3334 aliquando
3169 3263 3532 3317 tentabimus.
3575 3262 3682 3315 Sed

1995 3349 2213 3403 interea
2246 3355 2460 3417 tamen,
2483 3368 2598 3405 non
2629 3353 2766 3423 quia
2789 3352 3002 3422 aliquid
3028 3351 3151 3404 ﬁeri
3167 3357 3355 3421 potest
3381 3351 3684 3420 perfectius

1997 3440 2079 3506 (ut
2137 3437 2473 3495 facillimum
2540 3447 2625 3494 est
2689 3441 2932 3494 inventis
2999 3440 3224 3501 addere,
3280 3439 3678 3493 difﬁcillimum

1994 3525 2180 3595 primo
2227 3526 2527 3596 invenire),
2581 3529 2707 3582 ideo
2764 3529 3175 3599 negligendum
3222 3528 3329 3582 fuit
3386 3532 3484 3581 aut
3535 3527 3679 3595 abji-

1993 3614 2260 3669 ciendum
2286 3616 2498 3670 Glossa
2531 3617 2700 3686 hujus
2733 3633 2898 3687 opus,
2930 3617 3085 3687 quod
3126 3616 3378 3687 primum
3416 3615 3678 3670 omnium

1995 3709 2216 3757 sanctos
2257 3705 2467 3769 Patres,
2499 3706 2662 3775 quasi
2707 3706 2764 3759 in
2817 3705 3056 3758 concilio
3103 3709 3494 3776 congregatos,
3528 3704 3680 3760 Scri—

1995 3795 2337 3862 pturamque
2376 3794 2593 3847 collatis
2625 3794 2898 3865 symbolis
2931 3801 3282 3864 exponentes
3312 3794 3631 3850 introduxit
3664 3809 3676 3847 :

1994 3880 2089 3933 sed
2133 3881 2365 3934 omnino
2414 3887 2538 3936 erat
2582 3899 2611 3935 a
2663 3882 2824 3936 nobis
2867 3898 2969 3935 suo
3014 3881 3186 3936 nitori
3236 3881 3678 3946 restituendum,

1995 3973 2056 4022 ut
2107 3969 2285 4038 possit
2337 3986 2466 4024 cum
2521 3977 2818 4024 auctorum
2871 3971 3042 4024 laude
3101 3975 3156 4023 et
3211 3970 3604 4023 benedictione
3652 3986 3680 4022 ιι

1995 4059 2234 4127 posteris
2283 4075 2508 4128 semper
2556 4059 2784 4122 revolvi,
2833 4058 2985 4127 quod
3036 4074 3070 4112 a
3117 4057 3430 4126 majoribus
3475 4057 3681 4110 nostris

1989 4147 2108 4216 jam
2141 4162 2243 4215 per
2287 4152 2412 4199 octo
2455 4148 2658 4199 sacula
2690 4146 2748 4198 in
2797 4161 3019 4198 summa
3049 4160 3276 4214 semper
3312 4145 3527 4198 honore
3572 4144 3681 4198 fuit

1995 4235 2274 4289 habitum.
2328 4235 2504 4289 Simul
2568 4234 2835 4304 expedire
2887 4233 3269 4304 judicavimus
3324 4239 3389 4287 ut
3437 4236 3684 4287 exstaret

1929 4328 1971 4380 D
1998 4329 2114 4377 tam
2168 4324 2518 4378 luculentum
2563 4323 2976 4390 testimonium,
3008 4338 3127 4377 non
3173 4323 3358 4377 solum
3389 4321 3681 4376 catholica

1996 4411 2274 4480 methodi,
2341 4429 2516 4482 quam
2582 4413 2642 4466 in
2709 4411 3058 4483 exponendis
3122 4411 3428 4482 Scripturis
3492 4416 3682 4480 patres

1996 4500 2170 4554 nostri
2217 4517 2443 4571 semper
2472 4506 2608 4555 sunt
2652 4501 2848 4564 secuti,
2883 4501 2979 4555 sed
3014 4500 3185 4554 etiam
3230 4499 3679 4570 diligentissima

1995 4591 2329 4644 earumdem
2361 4590 2421 4643 in
2450 4590 2621 4644 sacris
2665 4590 2868 4644 litteris
2897 4589 3226 4659 industria;
3259 4594 3315 4642 et
3356 4589 3679 4642 obstruere-

1995 4683 2089 4732 tur
2153 4695 2215 4731 os
2275 4679 2792 4748 impudentissimis
2855 4678 3136 4733 bareticis
3202 4677 3301 4746 qui
3365 4675 3488 4730 ausi
3549 4679 3682 4729 sunt

1989 4769 2204 4838 jactare
2253 4768 2402 4837 apud
2454 4775 2674 4822 nostros
2736 4767 3024 4837 sepultum
3092 4765 3533 4834 neglectumque
3592 4764 3682 4832 ja-

1996 4855 2176 4909 cuisse
2229 4857 2466 4910 verbum
2533 4856 2650 4922 Dei,
2708 4856 2888 4910 donec
2944 4854 3013 4908 ab
3070 4854 3182 4907 illis
3239 4852 3327 4905 fax
3390 4852 3682 4922 Evangelii

1997 4942 2207 5012 (quinti
2240 4944 2474 5015 scilicet)
2517 4960 2751 4998 accensa
2803 4943 3026 4997 fuisset.
3082 4940 3242 5004 Quod
3292 4956 3423 4994 cum
3475 4957 3683 4995 nume-

1999 5032 2305 5085 rosissima
2337 5039 2662 5086 nostrorum
2703 5031 3003 5085 hominum
3048 5029 3106 5083 in
3146 5045 3330 5083 sacras
3369 5029 3685 5102 Scripturas

2000 5120 2256 5188 theoria,
2313 5121 2735 5182 meditationes,
2795 5125 2851 5173 et
2912 5117 3121 5189 scripta
3191 5125 3321 5173 ante
3388 5118 3687 5174 haereticos

2000 5208 2137 5262 istos
2195 5216 2420 5263 exortos
2475 5209 2647 5274 edita,
2703 5205 3071 5260 falsissimum
3133 5223 3255 5261 esse
3321 5212 3600 5262 testentur
3671 5221 3683 5258 :

2001 5302 2124 5349 tum
2157 5299 2243 5351 vel
2291 5297 2534 5351 maxime
2583 5296 2684 5349 ista
2731 5295 2936 5348 Glossa
2985 5300 3041 5349 et
3092 5296 3282 5350 Lirani
3332 5299 3684 5350 commenta-

2001 5384 2106 5450 ria,
2141 5400 2206 5438 ex
2236 5385 2443 5454 quibus
2482 5382 2575 5435 isti
2607 5381 2946 5452 alienigena
2975 5383 3363 5455 compilarunt
3410 5379 3690 5453 quidquid

2004 5472 2075 5527 ab
2106 5471 2220 5525 illis
2249 5477 2400 5525 recte
2434 5471 2490 5522 in
2539 5470 2841 5541 Scripturis
2873 5471 3196 5540 disseritur,
3242 5486 3346 5525 nec
3374 5469 3693 5541 quidquam

2004 5560 2074 5614 de
2121 5576 2223 5614 suo
2271 5558 2635 5626 addiderunt,
2682 5565 2890 5629 prater
2947 5560 3291 5614 nonnullum
3331 5559 3689 5628 splendorem
