4086 6190
404 327 462 377 15
1296 321 1756 376 WALAFRIDUS
1793 321 2104 376 STRABUS
2143 320 2528 376 FULDENSIS
2569 319 2966 378 MONACHUS.
3833 327 3891 374 l6

396 445 701 512 orationis,
769 451 829 500 et
890 445 1207 499 maledictis
1269 443 1753 514 blasphemiisque
1817 451 2081 496 oneratas
2122 442 2450 499 Avirorum
2509 443 2672 512 (quos
2721 458 2894 512 supra
2947 443 3390 509 nominavimus,
3449 443 3679 514 quique
3731 443 3890 497 Pari-

399 535 776 600 excursiones,
824 534 882 588 in
941 533 1150 605 quibus
1201 537 1302 587 aut
1355 549 1457 586 sua
1508 531 1759 585 stabilire
1819 529 2085 582 nituntur

399 623 794 690 deliramenta,
859 628 959 678 aut
1013 627 1224 677 nostra:
1281 621 1415 677 fidei
1475 621 1821 690 impugnant
1874 619 2086 672 funda-

396 719 609 766 menta.

468 798 748 850 Caeterum
797 794 1151 848 occasionem
1191 793 1325 847 huic
1368 791 1606 846 editioni
1654 790 1914 863 praebuit,
1938 790 2087 844 inter

396 889 620 950 caetera,
669 883 822 954 quod
854 900 888 937 a
936 883 999 937 R.
1037 885 1097 936 P.
1133 881 1382 935 Antonio
1415 881 1718 934 Possevino
1765 881 1822 933 in
1877 879 2084 933 Biblio-

395 969 559 1025 theca
587 987 742 1024 sacra
773 972 882 1024 fuit
923 971 1280 1024 adnotatum.
1327 967 1698 1037 Cupientibus
1728 967 1882 1020 enim
1918 973 2084 1036 typo-

397 1059 631 1130 graphis
661 1060 731 1113 ad
763 1059 861 1112 Dei
891 1059 1132 1129 gloriam
1165 1063 1221 1111 et
1248 1071 1615 1110 communem
1662 1055 1919 1110 fidelium
1972 1054 2086 1108 uti-

396 1146 614 1202 litatem
682 1149 933 1201 Glossam
991 1162 1057 1200 ea
1113 1145 1295 1200 forma
1354 1145 1625 1198 recudere
1684 1159 1798 1214 qua
1847 1161 1880 1196 a
1930 1141 2084 1197 Pari-

395 1235 673 1310 siensibus
713 1250 776 1288 ex
822 1233 1154 1288 recensione
1201 1233 1373 1286 trium
1420 1231 1755 1298 doctorum,
1809 1230 2086 1285 Francisci

399 1321 780 1388 Feuardentii,
831 1321 1025 1376 Jacobi
1073 1322 1142 1375 de
1211 1320 1406 1389 Cuelly
1450 1325 1507 1373 et
1555 1319 1788 1374 Joannis
1842 1317 2081 1385 Dadrazi,

393 1410 578 1464 fuerat
623 1425 774 1464 anno
810 1411 944 1464 I588
999 1408 1293 1478 evulgata;
1344 1413 1632 1462 ostensum
1683 1406 1904 1460 esthoc
1948 1409 2085 1459 Pos-

393 1497 567 1551 sevini
611 1498 914 1568 judicium,
979 1496 1130 1566 quod
1193 1495 1667 1565 diligentissimus
1732 1494 1828 1546 ille
1879 1494 2084 1546 Biblio-

393 1585 571 1638 theca:
597 1583 987 1638 ecclesiastica!
1031 1585 1298 1636 lustrator
1340 1582 1426 1635 his
1475 1583 1662 1634 verbis
1707 1586 2079 1650 conceperat:

397 1694 420 1721 ι
458 1672 602 1727 Sane
651 1689 783 1726 vero
811 1692 837 1722 ιι
888 1671 1100 1742 (inquit
1149 1671 1209 1724 in
1257 1670 1430 1723 verbo
1503 1669 1690 1725 Glossa
1747 1667 2082 1735 ordinaria).

397 1781 425 1811 α
455 1767 777 1814 accuratam
819 1760 974 1813 illam
1023 1775 1276 1830 operam,
1328 1773 1500 1828 quam
1533 1757 1784 1828 insignes
1811 1757 1892 1810 illi
1923 1758 2085 1810 theo-

396 1848 513 1917 logi
559 1847 616 1901 in
664 1863 729 1901 ea
775 1852 1104 1916 posuerunt,
1156 1847 1437 1916 integram
1487 1851 1756 1915 praestare
1819 1861 1928 1898 non
1985 1861 2084 1915 po-

395 1940 650 2001 tuerunt,
703 1933 1044 2003 urgentibus
1089 1933 1462 2003 typographis
1503 1932 1838 1996 editionem,
1886 1937 1942 1983 et
1989 1938 2083 1986 tu-

397 2022 672 2076 multibus
715 2020 939 2077 Gallicis
969 2037 1088 2075 rem
1120 2020 1455 2074 litterariam
1489 2020 2018 2072 interturbantibus.
2056 2039 2083 2069 »

397 2112 535 2177 Quae
581 2126 711 2164 cum
754 2126 870 2164 non
901 2109 1023 2163 sine
1047 2109 1215 2179 justis
1244 2109 1558 2162 rationibus
1588 2108 1658 2161 ab
1712 2108 1810 2163 illo
1841 2111 1959 2160 viro
1987 2109 2087 2163 tali

399 2199 608 2270 scripta
637 2197 985 2262 viderentur,
1034 2196 1327 2266 petierunt
1367 2196 1708 2267 typographi
1753 2203 1815 2249 ut
1862 2196 2083 2249 confer-

399 2303 592 2340 remus
637 2285 912 2356 paulatim
946 2283 1330 2354 exemplaria;
1373 2284 1716 2354 inventaque
1765 2289 1920 2352 sunt,
1967 2283 2084 2336 col-

398 2374 609 2430 latione
640 2374 803 2440 facta,
835 2378 950 2426 tam
1005 2373 1183 2426 multa
1223 2372 1414 2426 hiulca
1442 2371 1500 2425 in
1532 2371 1735 2436 verbis,
1771 2372 1828 2424 in
1859 2376 2085 2424 senten-

399 2463 517 2532 tiis,
573 2463 634 2516 in
685 2460 1045 2524 testimoniis,
1098 2464 1214 2515 tam
1286 2461 1467 2514 multa
1520 2459 1581 2513 in
1635 2459 1848 2514 eisdem
1915 2459 2081 2512 etiam

393 2551 632 2622 pagellis
661 2550 750 2606 bis
790 2551 858 2604 ad
894 2550 1134 2620 longum
1192 2549 1400 2619 posita,
1435 2548 1698 2619 quaedam
1733 2548 1904 2601 etiam
1937 2547 2083 2602 dicta

397 2643 693 2693 auctorum
725 2637 860 2690 satis
887 2636 1234 2707 periculosa;
1261 2635 1688 2706 quamplurima
1714 2651 1849 2690 vero
1877 2651 2082 2706 parum

393 2725 464 2781 ad
513 2742 633 2781 rem
665 2725 952 2791 facientia,
994 2725 1297 2795 potiusque
1318 2723 1514 2795 spatiis
1552 2714 1891 2794 paginarum
1934 2724 2083 2796 (quae

393 2819 556 2871 erant
581 2815 714 2869 satis
736 2815 961 2884 amplae)
990 2813 1300 2882 replendis,
1327 2829 1499 2884 quam
1529 2812 1720 2866 sensui
1746 2813 2083 2868 illustrando

393 2904 851 2960 accommodata:
887 2908 948 2957 ut
979 2902 1386 2956 modestissime
1419 2903 1752 2957 Possevinns
1803 2902 2082 2956 indicasse

2195 531 2369 585 siensi
2430 529 2670 585 editioni
2727 529 2968 584 formam
3035 530 3538 601 praescripserunt)
3599 531 3889 585 existima-

2194 618 2338 672 tioni
2387 619 2556 672 debet
2602 635 2806 672 nocere
2851 619 2973 672 haec
3020 625 3210 673 nostra
3258 619 3725 674 animadversio:
3775 636 3892 675 non

2195 705 2381 759 solum
2411 707 2547 778 quia
2589 706 2776 760 bellici
2809 707 3114 778 civilesque
3159 708 3438 763 tumultus
3487 709 3752 762 omnibus
3782 709 3892 780 piis

2195 810 2262 848 eo
2309 802 2566 866 tempore
2615 796 2863 850 calamos
2912 803 2968 849 et
3007 797 3180 850 libros
3229 813 3260 850 e
3312 797 3578 850 manibus
3631 803 3890 852 excutere

2195 887 2534 952 potuerunt;
2568 900 2764 937 verum
2813 883 2985 938 etiam
3029 884 3164 955 quia
3211 901 3330 938 non
3381 902 3683 954 possumus
3728 885 3892 939 nobis

2195 971 2558 1040 persuadere,
2609 971 2871 1025 ordinem
2922 988 2954 1024 a
3002 973 3226 1040 magnis
3273 972 3384 1026 illis
3429 973 3565 1026 viris
3620 972 3885 1042 praescri-

2196 1063 2379 1129 ptum,
2416 1057 2589 1112 fuisse
2618 1061 2688 1112 ab
2731 1060 3009 1131 operariis
3037 1061 3417 1125 observatum,
3452 1061 3546 1114 sed
3580 1060 3888 1114 festinante

2194 1146 2266 1199 ob
2309 1163 2508 1201 causas
2537 1164 2570 1200 a
2609 1148 2914 1202 Possevino
2961 1148 3277 1202 insinuatas
3320 1149 3501 1218 prelo,
3537 1150 3789 1202 maxima
3819 1164 3887 1202 ex

2195 1241 2356 1306 parte
2405 1237 2747 1307 neglectum.
2785 1238 2922 1292 Nam
2970 1242 3186 1308 quanta
3215 1237 3467 1308 alioquin
3497 1236 3558 1290 in
3599 1237 3714 1290 illis
3751 1237 3889 1291 viris

2195 1325 2367 1378 fuerit
2410 1325 2694 1380 industria
2739 1342 2868 1380 cum
2918 1342 3145 1379 summa
3193 1325 3513 1380 eruditione
3557 1325 3885 1396 conjuncta,

2195 1419 2558 1484 quantusque
2586 1413 2772 1467 fervor
2823 1415 2878 1468 in
2910 1431 3079 1468 causa
3131 1414 3228 1468 Dei
3270 1420 3328 1468 et
3358 1414 3617 1468 Ecclesia
3666 1430 3887 1485 propu-

2196 1501 2442 1570 gnanda,
2475 1502 2572 1556 alii
2618 1503 2873 1572 ipsorum
2924 1503 3144 1556 labores
3195 1503 3252 1556 in
3307 1503 3488 1556 lucem
3539 1502 3674 1556 editi
3723 1508 3779 1555 et
3823 1501 3887 1557 in

2195 1589 2564 1643 concionibns
2633 1591 2974 1644 drctissimis
3031 1596 3226 1644 contra
3285 1591 3585 1644 haereticos
3652 1591 3886 1652 habitis,

2195 1678 2489 1743 exantlati,
2524 1679 2746 1732 abunde
2779 1695 3051 1747 magnum
3087 1684 3358 1749 prmstant
3382 1684 3809 1748 argumentum.

2267 1765 2374 1818 Sed
2400 1781 2584 1835 neque
2610 1765 2772 1818 nobis
2795 1763 2930 1834 ipsis
2953 1771 3174 1818 tantum
3197 1763 3559 1826 assumimus,
3579 1770 3637 1817 ut
3664 1765 3887 1818 nullum

2198 1869 2435 1923 prorsus
2485 1869 2596 1905 non
2648 1853 3002 1906 commisisse
3053 1853 3107 1906 in
3161 1854 3506 1906 recensendo
3555 1852 3661 1906 hoc
3712 1869 3888 1922 opere

2197 1947 2444 1996 erratum
2479 1947 2743 2011 putemus
2790 1956 2804 1993 :
2847 1957 2975 1994 cum
3009 1941 3180 1994 etiam
3213 1941 3271 1994 in
3318 1940 3679 1994 difficultates
3727 1958 3891 2002 aeque

2199 2031 2464 2082 molestas
2513 2027 2912 2097 inciderimus;
2943 2045 3071 2082 cum
3122 2045 3269 2082 unus
3318 2045 3349 2082 e
3401 2029 3609 2082 nostris
3656 2029 3890 2098 collegis

2196 2117 2413 2187 prolixo
2443 2121 2500 2170 et
2541 2116 2873 2186 gravissimo
2918 2117 3115 2170 morbo
3155 2133 3301 2186 pene
3331 2133 3548 2170 annum
3597 2115 3888 2185 integrum

2197 2202 2266 2256 ab
2299 2219 2470 2272 opere
2520 2203 2692 2256 fuerit
2737 2202 3064 2272 impeditus,
3097 2203 3192 2257 alii
3240 2204 3353 2258 dno
3385 2203 3746 2274 superiorum
3777 2219 3885 2257 an-

2195 2290 2457 2344 ctoritate
2487 2291 2555 2344 ad
2604 2290 2860 2360 regimen
2891 2291 3215 2346 animarum
3247 2290 3528 2360 assumpti
3560 2295 3616 2344 et
3643 2288 3714 2342 ab
3745 2293 3885 2342 Aca-

2197 2378 2431 2433 demicis
2481 2379 2828 2432 umbraculis
2874 2379 2942 2434 ad
2988 2388 3188 2434 aestum
3240 2379 3539 2451 pastoralis
3584 2393 3738 2432 curae
3791 2377 3886 2432 ab-

2195 2466 2406 2533 stracti,
2462 2467 2632 2519 etiam
2688 2466 2797 2538 ipsi
2869 2483 3088 2521 moram
3147 2484 3260 2522 non
3337 2483 3568 2538 parvam
3642 2464 3881 2520 editioni

2195 2554 2455 2620 fecerint,
2505 2559 2561 2608 et
2607 2555 2946 2610 triennalem
2993 2558 3080 2624 (ut
3123 2555 3193 2609 de
3243 2572 3344 2609 sua
3389 2555 3641 2609 editione
3690 2553 3885 2608 dixere

2199 2645 2552 2710 Parisienses)
2587 2643 2751 2697 nobis
2799 2645 3152 2715 parturiendi
3202 2646 3356 2699 hunc
3399 2644 3577 2698 fetum
3631 2643 3889 2697 fecerunt

2195 2747 2314 2784 esse
2391 2731 2887 2802 exspectationem.
2975 2732 3257 2786 Caeterum
3336 2732 3613 2784 audemus
3697 2731 3886 2784 dicere

2195 2821 2463 2873 let-torem
2509 2836 2619 2873 non
2669 2820 3036 2874 inventurum
3079 2825 3266 2874 errata
3321 2820 3516 2889 magni
3577 2818 3881 2877 momenti,

2192 2912 2292 2960 aut
2343 2907 2539 2960 crebra
2593 2907 2769 2961 etiam
2817 2907 3044 2962 levioris
3101 2913 3252 2962 notae
3308 2924 3322 2962 :
3375 2923 3621 2978 quorum
3651 2907 3710 2960 in
3758 2905 3888 2960 aliis

391 2993 654 3048 videatur
683 2991 820 3062 quid
853 2991 910 3044 in
942 3006 1009 3044 ea
1038 2991 1285 3046 editione
1316 2990 1739 3056 desideraverit,
1790 2993 1846 3044 et
1890 2996 2079 3046 tanto-
2114 3021 2153 3076 ε
2192 2994 2530 3048 editionihus
2559 2994 2849 3049 infinitum
2895 3011 3042 3066 pene
3087 3010 3396 3049 numerum
3428 2994 3600 3048 fuisse
3627 2994 3887 3048 animad-

389 3097 518 3136 rnm
550 3081 874 3135 defectuum
908 3095 1020 3132 non
1071 3079 1178 3133 nisi
1209 3079 1516 3134 maximam
1575 3095 1824 3146 causam,
1875 3094 2083 3149 nempe

389 3169 643 3223 civilium
709 3168 990 3222 bellorum
1057 3167 1319 3222 acerbam
1390 3167 1772 3222 calamitatem
1832 3167 2083 3238 assigna-

388 3255 554 3310 verit.

462 3344 607 3414 Ergo
633 3343 810 3398 coacti
843 3359 1060 3408 sumus,
1086 3343 1310 3413 partitis
1334 3342 1486 3396 inter
1511 3359 1612 3396 nos
1631 3342 1860 3412 vigiliis,
1892 3347 2076 3397 totum

388 3448 534 3504 opus
564 3432 633 3486 ad
681 3433 1029 3503 exemplaria
1078 3433 1464 3500 manuscripta
1501 3436 1554 3484 et
1583 3430 1923 3502 antiquioris
1969 3432 2077 3486 im-

389 3521 694 3592 pressionis
744 3520 1091 3585 examinare,
1165 3521 1392 3573 Patrum
1457 3520 1710 3590 ipsorum
1775 3519 2077 3591 originalia

388 3611 722 3664 consulere:
753 3615 809 3663 et
840 3625 942 3662 sua
968 3609 1228 3678 singulis,
1262 3625 1293 3662 a
1324 3607 1532 3678 quibus
1561 3608 1862 3678 desumpta
1891 3614 2073 3673 erant,

385 3703 556 3767 prout
583 3698 654 3752 ab
686 3697 797 3752 illis
835 3703 998 3751 erant
1046 3697 1274 3767 scripla,
1307 3696 1415 3750 hoc
1457 3701 1543 3750 est
1588 3697 1887 3750 emendata
1921 3697 2078 3750 resti-

385 3791 566 3850 tuere,
623 3786 884 3840 indicatis
963 3786 1030 3839 ad
1104 3786 1328 3854 singula
1395 3785 1725 3839 testimonia
1777 3791 2073 3839 auctorum

385 3873 509 3944 (qui
541 3877 780 3943 exstant)
828 3873 981 3927 libris
1030 3873 1303 3944 locisque,
1348 3873 1470 3926 loco
1504 3888 1702 3926 eorum
1734 3888 1863 3942 quae
1912 3877 2076 3925 erant

384 3962 454 4016 ad
488 3963 789 4033 replendas
815 3963 1157 4033 paginarum
1201 3962 1512 4016 vacuitates
1559 3961 1643 4014 vel
1690 3961 1952 4032 repetita,
1987 3961 2069 4015 vel

383 4053 671 4122 superflue
702 4051 908 4121 posita,
959 4051 1043 4104 vel
1081 4066 1195 4104 non
1230 4050 1366 4104 satis
1411 4066 1608 4104 securo
1637 4050 1828 4120 judice
1871 4051 2068 4116 electa,

383 4141 521 4193 alias
578 4140 939 4193 classicorum
1015 4141 1245 4193 Patrum
1301 4139 1615 4192 sententias
1679 4139 2067 4208 ascripsimus.

383 4228 665 4280 Przeterea
709 4226 1037 4280 testimonia
1083 4225 1477 4280 Rabbinorum
1530 4226 1784 4297 (excepto
1826 4243 1940 4279 uno
1971 4231 2070 4280 aut

2191 3083 2483 3136 vertimus.

2261 3173 2577 3240 Cognoscas
2606 3173 2818 3232 autem,
2854 3169 3031 3222 lector
3070 3165 3503 3232 humanissime,
3539 3166 3682 3221 nihil
3713 3182 3876 3237 pror-

2189 3277 2283 3314 sus
2311 3276 2346 3314 a
2376 3259 2542 3312 nobis
2586 3258 2760 3311 fuisse
2791 3257 2846 3311 in
2895 3257 3082 3327 glossa
3110 3258 3285 3310 veteri
3317 3257 3711 3319 immutatum,
3761 3271 3872 3310 non

2189 3347 2472 3413 ordinem,
2502 3360 2618 3399 non
2647 3344 2813 3398 verba
2846 3344 2968 3416 ipsa
3014 3343 3124 3398 nisi
3155 3360 3284 3397 cum
3318 3343 3456 3397 falsa
3487 3349 3586 3396 aut
3609 3347 3880 3412 corrupta

2188 3451 2330 3502 esse,
2365 3450 2427 3488 ex
2475 3433 2874 3502 manuscriptis
2915 3432 3280 3502 antiquisque
3329 3431 3766 3501 exemplaribus,
3818 3436 3879 3485 et

2187 3521 2572 3590 originalibus
2622 3521 2759 3591 ipsis
2813 3527 3164 3585 sanctorum,
3226 3520 3751 3589 deprehendimus;
3813 3525 3875 3574 ut

2187 3626 2372 3680 neque
2407 3609 2464 3663 in
2500 3610 2688 3664 Lirani
2721 3609 2949 3680 postilla
2979 3607 3209 3662 litterali
3241 3612 3297 3660 et
3326 3607 3529 3661 morali
3557 3607 3873 3678 quidquam

2187 3697 2562 3764 mutavimus;
2595 3697 2747 3750 unde
2790 3697 3010 3766 aliquas
3057 3694 3432 3765 etymologias
3478 3693 3762 3760 leviculas,
3808 3700 3874 3749 ut

2185 3786 2447 3855 quaedam
2479 3785 2794 3856 splialmata
2826 3785 3195 3852 grammatica
3228 3782 3381 3852 (quia
3414 3780 3493 3834 sic
3535 3783 3875 3836 videbantur

2182 3872 2255 3925 ab
2283 3873 2408 3942 ipso
2439 3877 2667 3925 auctore
2711 3871 3052 3939 conscripta,
3085 3868 3271 3922 solent
3301 3868 3457 3923 enim
3489 3869 3547 3921 in
3582 3868 3671 3921 his
3703 3869 3877 3938 origi-

2185 3959 2510 4014 nationibus
2531 3975 2644 4012 non
2675 3974 2803 4010 raro
2835 3957 3214 4027 postillutores
3246 3957 3503 4026 ineptire)
3530 3970 3762 4025 prorsus
3792 3957 3875 4008 in-

2182 4053 2328 4102 tacta
2359 4047 2717 4118 reliquimus.
2755 4047 2827 4101 Ea
2857 4052 3048 4100 autem
3080 4061 3209 4116 quae
3240 4050 3372 4098 sunt
3401 4061 3434 4098 a
3464 4043 3875 4098 Parisiensibns

2182 4137 2376 4192 addita
2425 4137 2630 4190 Glossm
2678 4135 2878 4203 veteri,
2923 4135 3190 4188 asterisco
3239 4151 3340 4187 seu
3367 4133 3588 4188 stellula
3627 4132 3874 4202 simplici

2180 4228 2315 4277 sunt
2338 4223 2640 4294 insignita;
2665 4238 2795 4294 quas
2827 4238 2932 4276 nos
2962 4220 3311 4284 addidimus,
3345 4221 3630 4290 duplicem
3660 4219 3872 4274 habent

371 4315 580 4385 'altero)
611 4330 740 4384 quae
789 4330 902 4368 non
947 4319 1112 4368 erant
1157 4331 1191 4367 a
1223 4314 1542 4385 glossatore
1588 4314 1825 4386 antiquo
1871 4314 2059 4372 citata.
2094 4332 2135 4386 ι)
2175 4311 2278 4365 sibi
2310 4311 2716 4382 praelucentem
2750 4311 3104 4374 asteriscnm,
3134 4313 3304 4378 atque
3335 4308 3450 4362 illis
3475 4308 3625 4360 notis
3653 4307 3724 4362 ab
3755 4324 3862 4360 au-

379 4404 630 4473 itemqne
679 4401 1049 4472 profanorum
1101 4401 1467 4471 scriptorum,
1514 4407 1576 4455 ut
1618 4402 1813 4467 Plinii,
1857 4402 2067 4456 Justini

378 4490 654 4556 historici,
686 4490 918 4560 Josephi
947 4489 1148 4556 Judazi,
1184 4490 1460 4556 Philonis,
1493 4506 1622 4560 quae
1671 4491 1728 4544 in
1762 4491 2065 4544 Parisiensi

377 4578 630 4634 editione
661 4577 886 4632 fuerant
927 4578 1032 4632 sub
1080 4579 1319 4632 stellnlis
1367 4579 1606 4648 adjecta,
1647 4581 2062 4648 expunximns;

377 4673 434 4722 et
480 4684 586 4738 pro
631 4666 734 4732 eis,
791 4667 1021 4720 Patrum
1064 4673 1388 4720 sanctorum
1433 4666 1584 4720 dicta
1627 4666 2062 4720 substituimus:

375 4755 463 4808 his
507 4755 658 4808 enim
686 4755 869 4809 solum
901 4754 959 4808 in
991 4761 1188 4807 catena
1219 4754 1318 4808 illa
1359 4769 1459 4808 seu
1490 4753 1790 4808 harmonia
1819 4753 2064 4808 auctori-

373 4847 555 4896 tatum
590 4845 776 4897 locum
811 4861 932 4897 esse
956 4843 1129 4897 voluit
1165 4844 1446 4912 glossator
1470 4843 1613 4913 ipse,
1647 4849 1702 4897 et
1730 4859 1845 4896 non
1878 4848 2066 4897 aucto-

375 4928 531 4982 ribus
577 4947 608 4982 a
658 4933 768 4984 fide
810 4936 866 4984 et
899 4931 1122 4985 Christo
1157 4931 1378 4994 alienis,
1409 4931 1547 4994 Quae
1587 4947 1696 4986 non
1730 4931 1938 4984 frustra
1969 4936 2067 4986 aut

364 5016 649 5086 jactentur
694 5035 727 5071 a
772 5021 932 5073 nobis
962 5037 1081 5073 esse
1128 5019 1234 5073 hoc
1281 5019 1404 5072 loco
1453 5020 1603 5074 dicta
1642 5019 1828 5090 quivis
1875 5036 1976 5090 per
2005 5037 2062 5073 se

373 5106 582 5175 poterit
623 5121 877 5168 cernere,
929 5108 1030 5178 qui
1074 5109 1243 5162 modo
1300 5108 1547 5162 voluerit
1604 5107 1749 5162 hanc
1803 5116 2060 5162 nostram

371 5193 680 5247 editionem
737 5209 866 5246 cum
942 5197 1120 5249 altera
1177 5195 1478 5249 Parisiensi
1537 5202 1637 5250 aut
1693 5196 1816 5249 aliis
1871 5211 1936 5250 ex
1995 5213 2061 5249 ea

367 5283 530 5335 factis
561 5297 909 5351 coniparare.
961 5284 1040 5337 Et.
1075 5284 1122 5337 si
1174 5284 1233 5337 in
1281 5285 1397 5338 fine
1433 5285 1712 5355 cujusque
1761 5285 1905 5337 tomi
1954 5300 2058 5355 po-

365 5370 675 5424 suissemus
725 5370 846 5424 loca
893 5371 1174 5436 restituta,
1219 5378 1491 5436 correcta,
1535 5372 1705 5442 justis
1760 5374 1828 5426 de
1875 5373 2058 5424 causis

366 5465 668 5527 eXpuncta,
714 5459 801 5512 vel
829 5460 1137 5528 suppleta:
1176 5475 1310 5512 sane
1353 5477 1468 5514 non
1513 5460 1679 5531 pauci
1727 5461 2054 5530 quaternio-

369 5563 470 5601 nes
515 5546 763 5602 addendi
791 5546 1048 5602 fuissent.
1093 5546 1288 5618 Neque
1329 5565 1459 5602 vero
1502 5547 2052 5620 sapientissimorum

2175 4399 2532 4454 ctoritatibus
2583 4399 2792 4454 Glossaa
2840 4397 3043 4452 veteris
3097 4397 3562 4466 distinguuntur;
3595 4395 3866 4466 idemque

2167 4487 2452 4560 judicium
2497 4492 2584 4541 est
2624 4487 2693 4540 de
2737 4486 3030 4540 nonnullis
3067 4485 3547 4544 adnotationibus.
3599 4501 3742 4554 quas
3775 4485 3863 4538 Li-

2176 4577 2298 4630 rani
2354 4575 2595 4646 postilla:
2653 4573 2862 4629 alicubi
2931 4573 3301 4639 inseruimus,
3358 4573 3603 4642 prmlixis
3652 4589 3865 4643 nempe

2175 4665 2429 4728 stellulis,
2463 4668 2527 4718 ut
2569 4665 2647 4718 sic
2679 4668 3062 4733 agnoscantur
3110 4677 3226 4714 non
3258 4677 3377 4714 esse
3426 4659 3618 4714 Lirani
3665 4662 3860 4727 verba,

2161 4746 2270 4807 sed
2303 4758 2514 4808 nostra.

2245 4843 2527 4896 Casterum
2582 4842 2642 4894 in
2687 4839 2913 4910 replicis
2961 4838 3182 4897 Mathite
3229 4837 3466 4906 Tornigi
3507 4838 3678 4908 paulo
3733 4838 3866 4908 plus

2176 4931 2341 4984 nobis
2398 4931 2811 4999 assumpsimus
2880 4927 3261 4995 auctoritatis;
3319 4943 3527 4998 nempe
3598 4927 3864 4997 quzedam

2173 5035 2284 5072 non
2319 5035 2446 5072 raro
2489 5019 2868 5088 expunximus
2914 5015 3191 5080 convicia,
3223 5032 3352 5086 quae.
3385 5017 3480 5070 ille
3528 5016 3583 5069 in
3634 5031 3867 5068 venera-

2172 5107 2344 5160 bilem
2398 5107 2741 5176 Burgensem
2791 5106 3136 5176 impotenter
3184 5105 3356 5158 nimis
3405 5110 3462 5159 et
3506 5103 3679 5158 nimis
3709 5119 3864 5173 saepe

2169 5195 2470 5264 congessit.
2518 5195 2710 5265 Neque
2750 5195 2903 5248 enim
2951 5195 3186 5249 decebat
3235 5194 3546 5249 editionem
3595 5198 3711 5246 tam
3761 5208 3864 5245 ne-

2168 5282 2397 5336 cessarii
2441 5283 2652 5354 operis,
2686 5285 2956 5354 quodque
2986 5283 3043 5338 in
3075 5283 3332 5343 omnium
3368 5281 3652 5345 manibus,
3686 5279 3863 5335 etiam

2168 5373 2420 5425 hostium
2475 5372 2750 5437 Ecclesiae,
2799 5380 2950 5426 esset
2995 5371 3276 5439 futurum,
3325 5371 3596 5424 indecora
3653 5369 3755 5423 illa
3810 5375 3867 5425 et

2167 5459 2334 5513 docto
2365 5459 2597 5514 homine
2645 5460 2884 5531 indigna
2915 5461 3247 5530 petulantia.
3282 5459 3371 5514 Sic
3414 5459 3568 5513 enim
3601 5457 3862 5512 defendit

2165 5553 2360 5601 auctor
2389 5549 2484 5603 ille
2534 5564 2702 5603 suum
2732 5548 3004 5603 Liranum
3053 5553 3118 5602 ut
3145 5535 3472 5618 praiseferat
3513 5550 3706 5618 aperte
3742 5563 3860 5599 non
