4050 6188
260 288 319 336 l7
1748 277 2284 336 PROLEGOMENA.
3700 276 3761 327 18

250 420 309 456 se
362 404 420 457 in
467 410 761 459 certamen
804 418 937 458 cum
981 404 1256 472 Burgensi
1302 402 1641 458 descendere
1701 401 1955 455 veritatis
1983 404 2031 459 Α
2065 404 2255 454 mento
2286 398 2685 463 Scholasticus,
2736 397 2966 450 natione
3005 396 3219 462 Gallus,
3260 396 3318 449 in
3368 393 3574 449 divinis
3604 393 3756 449 Scri-

256 492 623 547 inieniendas
666 510 854 558 causa,
877 493 974 547 sed
1016 497 1237 546 tantum
1289 508 1359 546 ne
1398 492 1659 547 videatur
1713 492 1948 546 Liranus

239 584 394 651 juste
426 583 812 651 reprehensus
837 600 851 647 ;
877 588 933 635 et
959 598 1086 635 cum
1116 582 1171 634 in
1205 581 1400 634 multis
1423 580 1736 651 justissime
1759 598 1789 633 a
1816 582 1947 639 Bur-

244 673 407 741 gensi
466 677 713 732 taxetur.
774 678 831 724 et
882 672 1001 742 ipse
1054 671 1288 724 Liranns
1356 676 1607 723 assumat
1658 668 1763 721 sibi
1815 670 1945 736 jure

242 762 500 814 doctoris
557 760 845 813 licentiam
896 759 1038 813 alios
1086 756 1501 827 impugnandi:
1545 756 1941 827 Tornigusta-

242 865 377 902 men
436 848 677 918 indigne
720 847 829 901 fert
866 848 1134 901 Liranum
1178 846 1293 898 illis
1342 846 1398 898 in
1451 843 1586 897 locis
1624 843 1810 913 argui,
1846 842 1945 896 ubi

241 938 573 1007 arguendus
611 938 813 989 merito
861 937 1029 1002 venit,
1084 940 1140 988 et
1184 934 1264 989 ibi
1320 934 1738 987 contentiosum
1772 933 1945 987 trahit

243 1027 489 1086 funem;
526 1041 771 1095 cumque
802 1040 1002 1095 parum
1053 1024 1260 1077 referat
1302 1024 1367 1075 ad
1426 1021 1801 1077 Postillatoris
1827 1022 1944 1091 glo-

240 1114 385 1167 riam
441 1119 673 1166 rectene
712 1130 782 1165 an
839 1127 999 1164 secus
1058 1111 1117 1164 in
1165 1111 1335 1165 rebus
1390 1109 1718 1179 adiaphoris
1741 1125 1843 1162 nec
1873 1108 1942 1161 ad

238 1205 412 1257 tidem
447 1218 559 1256 nec
586 1202 656 1254 ad
690 1218 877 1254 mores
927 1200 1311 1271 spectantibus
1350 1207 1621 1269 arguatur
1650 1216 1661 1263 ;
1696 1198 1775 1251 ibi
1805 1199 1944 1251 Tor-

240 1293 412 1359 [ligus
475 1289 863 1343 venerabilem
921 1288 1271 1358 episcopum,
1334 1287 1519 1339 virum
1572 1291 1829 1339 sanctum
1887 1290 1945 1339 et

239 1380 459 1449 optime
520 1378 592 1432 de
644 1378 887 1434 Ecclesia
939 1376 1242 1448 Rispanica
1318 1376 1609 1439 meritum,
1675 1374 1942 1427 conviciis

238 1472 468 1529 onerat,
545 1472 604 1521 et
657 1468 811 1521 ﬁdeli
867 1466 1177 1521 confessori
1232 1464 1606 1535 opprobrium
1662 1463 1941 1517 Judaismi

238 1558 430 1627 {quasi
474 1558 631 1609 salus
686 1576 715 1609 a
762 1556 970 1609 Judzeis
1015 1572 1133 1609 non
1177 1554 1514 1625 processerit
1562 1558 1617 1605 et
1663 1552 1821 1622 quasi
1860 1552 1940 1604 Li-

234 1662 412 1698 ranos
443 1661 587 1697 suus
612 1663 724 1699 non
766 1646 962 1699 fuisset
1003 1644 1175 1697 etiam
1222 1642 1531 1714 aliquando
1577 1642 1821 1708 Judazus)
1860 1640 1937 1692 le-

235 1734 473 1788 vissime
524 1734 740 1804 objicit.
790 1736 892 1788 llla
936 1750 1075 1803 ergo
1122 1732 1377 1788 convicia
1425 1732 1697 1801 pleraque
1745 1728 1939 1783 omnia

231 1823 586 1889 delevimus,
618 1823 755 1892 quia
784 1823 956 1876 nimis
990 1822 1186 1875 crebro
1226 1819 1634 1874 occurrebant:
1665 1824 1941 1887 praeterea

231 1926 365 1962 vero
387 1910 565 1973 nihil,
600 1925 704 1962 nec
730 1908 789 1962 in
822 1910 945 1977 ipso
968 1908 1138 1961 etiam
1160 1907 1465 1960 immutare
1490 1905 1797 1959 voluimus.

295 2000 499 2067 Atque
549 1997 671 2049 hzec
700 1995 934 2066 quidem
974 1994 1043 2049 de
1082 1994 1318 2048 consilio
1368 1998 1589 2056 nostro,
1630 1992 1816 2062 deque
1851 1991 1941 2046 his

229 2100 362 2154 quae
399 2085 460 2138 in
508 2085 614 2138 hac
653 2084 902 2137 editione
952 2084 1094 2150 (Deo
1137 2082 1302 2150 duce)
1348 2080 1717 2151 praestitimus
1776 2081 1941 2134 Forte

228 2178 439 2226 autem
471 2189 588 2226 non
619 2173 730 2225 erit
760 2172 1072 2241 ingratum,
1099 2170 1145 2223 si
1189 2170 1465 2223 nonnulla
1521 2170 1841 2222 attexamus
1871 2168 1941 2222 de

226 2261 374 2333 ipsis
408 2262 736 2315 Glossarum
770 2266 827 2313 et
871 2260 1232 2313 Postillarum
1284 2258 1629 2323 auctoribus,
1678 2274 1746 2311 ex
1786 2257 1940 2313 Sixto

224 2349 475 2405 Senensi
501 2348 823 2419 praesertim
855 2348 1094 2418 aliisque
1127 2348 1258 2400 viris
1297 2346 1477 2400 doctis
1506 2346 1759 2400 collecta.

297 2440 494 2509 Igitur
542 2439 754 2491 Glossa:
800 2437 1107 2509 ordinarias
1150 2438 1300 2507 (quae
1332 2436 1608 2509 nimirum
1642 2451 1800 2509 sacro
1832 2438 1943 2488 tex-

226 2507 816 2578 tui'circumjicitur)
862 2508 1186 2578 praecipuus
1234 2513 1434 2561 auctor
1473 2508 1543 2559 ab
1562 2507 1829 2559 omnibus
1863 2522 1943 2558 ce-

226 2598 498 2652 lebratur
586 2598 949 2649 Wsmrmors
1030 2594 1301 2659 Srnsaus,
1378 2594 1692 2647 monachus
1763 2593 1937 2646 Bene-

224 2688 485 2741 dictinus
535 2686 780 2740 coenobii
842 2683 1137 2739 Fuldensis
1195 2683 1254 2735 in
1311 2681 1615 2735 Germania
1684 2680 1852 2747 (alius
1908 2695 1941 2731 a

228 2777 523 2830 Strabone
562 2775 844 2827 monacho
891 2773 1088 2842 Anglo,
1138 2770 1484 2824 Venerabilis
1540 2769 1704 2823 Bedes
1748 2768 1937 2834 fratre)

230 2865 300 2917 ab
362 2864 675 2916 oculorum
728 2862 861 2914 vitio
906 2875 1225 2931 cognomen
1266 2859 1408 2912 illud
1458 2858 1644 2912 Strabi
1677 2858 1936 2926 adeptus,

232 2952 449 3007 Rabani
489 2951 671 3005 Mauri
705 2949 1057 3003 Bcnedictini
1103 2948 1357 3017 ejusdem
1407 2946 1648 3000 cosnobii
1699 2945 1935 3011 abbatis,
1970 2984 2008 3038 Ο

230 3048 283 3095 et
312 3039 745 3109 archiepiscopi
778 3038 987 3092 deinde
1022 3036 1341 3106 Moguntini
1381 3034 1612 3089 auditor
1661 3040 1716 3088 et
1755 3035 1939 3088 scriba

235 3125 643 3180 amanuensis:
698 3124 782 3177 vir
837 3124 1092 3178 saeculari
1142 3123 1462 3176 litteratura
1510 3122 1735 3176 abunde
1764 3139 1937 3191 expo-

234 3214 392 3279 litus,
454 3213 675 3267 divinaz
734 3212 1041 3282 Scripturm
1100 3211 1504 3282 peritissimus.
1558 3215 1614 3264 et
1680 3215 1937 3263 veterum

241 3306 548 3354 auctorum
598 3299 845 3353 lectione
877 3299 1032 3352 varia
1076 3305 1131 3352 et
1158 3298 1384 3352 assidua
1413 3299 1747 3363 delectatus,
1771 3304 1941 3369 poeta

236 3390 414 3442 etiam
476 3405 588 3459 pro
642 3390 739 3441 illo
791 3404 912 3440 aevo
967 3404 1081 3441 non
1126 3386 1345 3441 infelix.
1377 3389 1506 3457 Ejus
1534 3403 1671 3457 ergo
1704 3392 1789 3440 est
1818 3387 1940 3440 haec

231 3480 499 3533 collectio
540 3478 961 3548 expositionum
1003 3478 1062 3530 in
1121 3478 1497 3548 Scripturam,
1575 3494 1748 3548 quam
1798 3478 1941 3531 tanti

229 3568 497 3621 fecerunt
542 3566 782 3637 posteri.
836 3572 897 3619 ut
952 3566 1112 3636 quasi
1154 3565 1504 3619 ordinariam
1538 3566 1807 3637 glossam,
1841 3582 1940 3619 seu

232 3657 503 3725 linguam
537 3656 723 3725 ipsam
755 3654 1061 3724 Scriptura:
1101 3655 1476 3725 appellarent,
1527 3671 1639 3724 qua
1664 3654 1939 3707 nimirum

234 3744 421 3811 ipsam
458 3742 627 3795 nobis
674 3742 1005 3811 loquentem
1056 3740 1525 3811 intelligeremus,
1560 3756 1690 3793 cum
1723 3739 1843 3793 sine
1876 3757 1941 3793 ea

231 3831 495 3901 legentes
546 3846 707 3882 sacra
754 3829 945 3892 verba,
1005 3829 1286 3899 linguam.
1333 3846 1505 3901 quam
1552 3845 1668 3883 non
1710 3845 1943 3884 novera-

231 3944 385 3994 mus,
420 3926 628 3981 audire
667 3942 771 3979 nos
817 3934 1169 3996 putaremus.
1220 3927 1485 3997 Magister
1527 3927 1940 3981 sententiarum

234 4017 505 4070 Glossam
567 4016 715 4069 hanc
744 4020 851 4060 κατ’
883 4016 1057 4078 ἐξοχὴν
1094 4020 1253 4069 vocat.
1307 4019 1682 4070 auctoritatem
1740 4016 1838 4070 lib.
1886 4033 1939 4079 ν,

231 4106 286 4159 d.
322 4106 398 4164 ei:
437 4105 730 4157 adducens
757 4103 912 4156 enim
946 4104 1244 4174 Epistulam
1273 4104 1343 4157 ad
1385 4105 1671 4171 Hebraeos,
1709 4121 1830 4176 cap.
1867 4122 1940 4170 γι,

229 4195 307 4246 sic
337 4194 470 4247 ait:
499 4212 526 4242 α
566 4192 723 4247 Unde
766 4192 1071 4245 auctoritas
1109 4192 1264 4257 dicit,
1295 4192 1422 4247 ideo
1454 4195 1783 4261 Apostolum
1816 4195 1941 4264 plu-

228 4282 440 4335 raliter
469 4279 704 4345 dixisse,
748 4279 1185 4332 fundamentum
1235 4279 1666 4349 baptismatum,
1694 4281 1829 4352 quia
1858 4288 1943 4335 est

232 4370 571 4439 baptismus
594 4368 649 4421 in
675 4383 841 4437 aqua,
870 4368 926 4420 in
949 4367 1249 4436 sanguine,
1280 4366 1337 4419 in
1361 4369 1717 4437 paenitentia,
1747 4391 1767 4416 ι
1794 4376 1899 4423 etc.
1926 4386 1939 4433 ;

232 4474 363 4527 quae
394 4455 605 4509 omnia
634 4455 886 4525 reperies
916 4455 973 4509 in
1013 4455 1200 4525 glossa
1250 4454 1537 4508 ordinaria
1573 4457 1644 4509 ad
1672 4456 1810 4510 illud
1841 4475 1938 4512 ca-

237 4551 359 4615 put.
408 4545 703 4600 Cazterum
767 4560 893 4597 eam
958 4543 1056 4597 alii
1113 4549 1310 4614 postea
1365 4542 1667 4615 scriptores
1698 4545 1944 4616 locuple-

239 4642 390 4686 tasse
429 4632 726 4697 videntur,
751 4637 814 4686 ut
842 4631 1191 4686 Trithemius
1240 4632 1298 4685 in
1344 4632 1613 4703 Catalogo
1645 4640 1855 4696 censet,
1888 4640 1943 4687 et

237 4726 485 4790 apparet
512 4736 581 4773 ex
615 4721 876 4789 apposito
921 4736 1071 4789 saepe
1117 4719 1365 4789 Remigii
1403 4720 1662 4787 nomine,
1696 4722 1795 4793 qui
1825 4722 1944 4793 ipso

238 4810 444 4864 Strabo
476 4809 770 4880 posterior
798 4814 883 4862 est
914 4816 1117 4875 astate;
1152 4809 1262 4863 nisi
1287 4810 1433 4863 forte
1460 4810 1717 4865 dicamus
1767 4811 1944 4865 adno-

239 4903 430 4963 tatum
458 4914 587 4951 esse
644 4897 887 4967 Remigii
925 4913 1137 4951 nomen
1193 4914 1297 4968 pro
1353 4898 1695 4969 Augustino.
1741 4915 1805 4953 ex
1832 4916 1946 4969 quo

240 4988 523 5058 pleraque
557 5002 715 5039 more
743 5003 846 5039 suo
876 4986 1194 5057 desumpsit
1220 4986 1532 5055 Remigius.
1576 4987 1769 5057 Neque
1794 4988 1944 5040 enim

240 5078 295 5128 in
331 5076 553 5129 Glossa:
587 5074 991 5145 manuscriptis
1038 5076 1460 5145 exemplaribus
1512 5075 1780 5129 adnotata
1819 5079 1948 5129 sunt

242 5164 461 5235 ubique
512 5168 816 5217 auctorum
850 5163 1106 5231 nomina,
1141 5165 1234 5218 sed
1292 5165 1399 5218 hoc
1444 5170 1797 5235 posterorum
1858 5164 1944 5217 dio

247 5252 510 5322 ligentia:
539 5267 685 5321 opus
714 5251 838 5306 fuit.
872 5252 1081 5306 Floruit
1118 5257 1311 5305 autem
1349 5252 1582 5306 Strabns
1628 5253 1733 5306 sub
1764 5252 1946 5308 Ludo-

247 5342 374 5394 vico
408 5344 691 5411 Augusto,
724 5356 876 5395 anno
899 5340 1127 5396 Domini
1150 5341 1269 5395 840.

318 5430 540 5482 ϐιοεεω
604 5445 737 5482 vero
794 5429 1179 5483 interlinearis
1237 5434 1434 5484 auctor
1509 5434 1595 5483 est
1650 5430 1950 5484 Anselmus

254 5514 674 5581 Laudunensis,
708 5518 1023 5571 monachus
1078 5518 1253 5571 etiam
1286 5518 1704 5583 Benedictinus,
1736 5535 1948 5588 cogno-

2063 488 2243 558 pturis
2318 494 2376 541 ct
2461 502 2751 540 sacrorum
2820 484 3120 538 doctorum
3186 484 3571 538 voluminibus
3631 484 3757 555 jugi

2059 578 2249 630 studio
2306 575 2587 639 eruditus,
2644 580 2697 628 et
2754 576 2812 627 in
2859 574 3128 627 omnibus
3165 572 3481 641 disciplinis
3504 589 3617 626 non
3643 588 3756 626 me-

2057 665 2325 718 diocriter
2351 665 2681 730 instructus,
2718 663 2947 732 ingenio
2970 669 3186 725 acutus,
3244 661 3475 730 eloquio
3505 677 3758 730 pressus,

2058 759 2115 807 et
2156 753 2447 808 Laconicae
2497 752 2791 821 cujusdam
2844 750 3135 804 brevitatis
3188 756 3426 803 amator.
3483 750 3640 804 Unde
3699 754 3755 803 et

2056 857 2204 894 novo
2252 848 2420 910 atque
2468 840 2739 892 inusitato
2780 837 3200 908 explanationis
3238 838 3407 891 modo
3452 838 3749 907 utriusque

2056 925 2403 980 Testamenti
2438 925 2610 978 libros
2638 924 2986 978 brevissimis
3032 925 3373 995 quibusdam
3424 924 3751 976 summariis

2055 1015 2489 1070 adnotationum
2540 1030 2605 1066 ex
2660 1012 2919 1066 l’atribus
2976 1013 3409 1083 desumptarum
3450 1012 3746 1082 exposuit:

2055 1120 2196 1175 quas
2254 1100 2651 1155 minutissimis
2730 1100 3153 1153 characteribus
3203 1100 3533 1167 descriptas,
3602 1101 3751 1153 inter

2052 1196 2207 1264 ipsas
2262 1192 2688 1261 Scripturarum
2773 1190 2951 1243 lineas
3014 1188 3333 1256 majoribus
3380 1188 3584 1241 litteris
3628 1203 3749 1242 exa-

2052 1286 2223 1345 ratas,
2293 1297 2409 1333 non
2477 1279 2668 1331 minus
2725 1278 2946 1331 curiosa
3011 1292 3181 1348 quam
3253 1275 3378 1329 utili
3444 1276 3743 1340 industria,

2052 1368 2369 1438 coaptavit:
2419 1383 2666 1438 eumque
2715 1366 2967 1419 laborem
3009 1365 3077 1418 ad
3119 1363 3498 1418 differentiam
3546 1365 3747 1433 glossas

2052 1457 2393 1519 Strabensis,
2444 1473 2571 1526 quae
2622 1456 2682 1508 in
2731 1453 3089 1523 marginibus
3127 1454 3267 1505 sacri
3317 1458 3501 1506 textus
3534 1451 3745 1505 descri-

2054 1546 2227 1609 bitur,
2261 1545 2506 1615 glossam
2539 1544 2966 1597 interlinearem
3021 1540 3345 1611 appellavit.
3388 1540 3604 1594 Claruit
3640 1540 3744 1593 sub

2056 1632 2295 1685 Henrico
2349 1632 2416 1685 ιν
2448 1632 2814 1701 imperatore,
2870 1646 3020 1685 anno
3071 1628 3297 1683 Domini
3355 1631 3509 1681 lllO.
3556 1628 3745 1681 Certa-

2051 1737 2181 1774 men
2226 1719 2427 1773 habuit
2470 1719 2781 1791 aliquando
2815 1719 2935 1789 jam
2976 1732 3148 1770 senex
3198 1732 3327 1769 cum
3381 1717 3543 1769 Petro
3590 1715 3744 1769 Abe-

2051 1809 2229 1877 lardo,
2264 1809 2521 1877 ejusdem
2573 1808 2816 1861 instituti
2850 1805 3151 1872 monacho,
3184 1805 3281 1875 qui
3332 1809 3468 1856 tunc
3489 1803 3743 1872 philoso-

2050 1896 2202 1966 phias
2250 1897 2395 1949 fastu
2454 1901 2808 1965 turgesrens,
2862 1910 2975 1947 non
3039 1892 3174 1945 satis
3226 1890 3415 1944 sobrie
3473 1890 3543 1944 de
3577 1890 3746 1943 rebus

2049 1985 2182 2040 ﬁdei
2221 1985 2597 2055 loquebatur:
2652 1984 2785 2036 licet
2827 1988 3017 2053 postea
3071 1984 3354 2035 correctus
3410 1982 3467 2031 et
3522 1976 3746 2031 Clunia-

2049 2074 2203 2128 censi
2246 2074 2303 2127 in
2338 2073 2596 2127 emnobio
2630 2072 2736 2125 sub
2780 2073 2945 2125 Petro
2994 2068 3315 2122 Venerabili
3345 2070 3534 2120 sancte
3552 2064 3747 2118 vivens

2049 2162 2324 2218 laudabili
2369 2162 2483 2216 tine
2513 2160 2749 2232 quievit.
2783 2162 3032 2229 Utraque
3079 2172 3211 2210 vera
3258 2157 3463 2226 glossa,
3499 2158 3615 2208 tam
3646 2169 3744 2208 or-

2049 2252 2291 2317 dinaria,
2346 2266 2518 2322 quam
2569 2247 2974 2309 interlinearis,
3039 2244 3301 2300 maxima:
3360 2258 3588 2312 semper
3637 2240 3747 2295 fuit

2051 2340 2200 2412 apud
2233 2327 2434 2393 omnes
2474 2338 2770 2407 theologos
2815 2334 3184 2394 auctoritatis,
3238 2337 3303 2386 ut
3353 2332 3503 2402 apud
3544 2332 3745 2385 Helen-

2050 2444 2167 2481 sem
2231 2426 2637 2488 Alexandrum,
2724 2425 2785 2478 Ι).
2869 2423 3169 2481 Thomam.
3219 2420 3477 2490 aliosque
3533 2414 3743 2471 scholas

2050 2514 2353 2585 magistros
2401 2513 2723 2583 pracipuos
2771 2510 2872 2581 qui
2931 2524 3129 2563 earum
3162 2507 3497 2561 auctoritate
3531 2504 3745 2576 passim

2051 2609 2314 2666 utuntur,
2350 2601 2529 2655 cuivis
2562 2605 2749 2671 potest
2787 2614 2908 2653 esse
2950 2596 3341 2651 manifestum.

2125 2694 2199 2746 De
2248 2691 2474 2745 Nicolao
2526 2689 2728 2744 Lirano
2780 2688 2902 2741 haec
2962 2686 3136 2740 habet
3182 2685 3369 2739 Sixtus
3426 2681 3731 2737 Senensis:

2052 2799 2079 2832 ‹(
2122 2781 2382 2835 Nicolaus
2416 2778 2671 2837 Liranus,
2714 2776 2944 2829 natione
2986 2775 3203 2843 Anglus
3251 2776 3358 2835 vel,
3407 2778 3467 2825 ut
3506 2772 3742 2842 quidam

2050 2869 2326 2933 scribunt,
2359 2884 2421 2920 ex
2464 2866 2588 2919 Lira
2625 2862 2943 2919 Brabantize
2977 2862 3210 2932 oppido,
3235 2876 3442 2930 genere
3485 2861 3741 2922 Judzens,

2050 2963 2107 3012 et
2155 2956 2442 3011 Hebraicis
2492 2953 2691 3008 litteris
2735 2970 2767 3005 a
2818 2951 3001 3023 prima
3033 2949 3276 3021 pueritia
3315 2948 3591 3010 imbutus,
3617 2952 3746 3016 post

2048 3046 2472 3100 conversionem
2517 3058 2649 3096 vero
2706 3041 3091 3095 Franciscanze
3146 3036 3413 3109 religioni
3458 3036 3736 3101 addictus,

2047 3133 2395 3189 scholasticae
2416 3130 2723 3200 theologia:
2757 3128 3062 3201 professor,
3092 3132 3148 3181 et
3179 3126 3594 3180 sententiarum
3616 3126 3741 3193 ejus

2046 3240 2163 3278 non
2213 3221 2480 3293 ignobilis
2537 3220 2857 3290 expositor;
2907 3221 3066 3271 tanta
3131 3231 3360 3286 quoque
3418 3214 3740 3268 dixinarum

2046 3313 2467 3382 Scripturarum
2514 3326 2665 3373 vera,
2722 3323 2868 3378 pura
2912 3322 2975 3359 ac
3028 3320 3302 3376 germana
3359 3302 3739 3372 intelligentia

2048 3400 2341 3471 praeditus,
2374 3403 2437 3451 ut
2468 3399 2525 3452 in
2561 3398 2644 3451 eis
2673 3394 3026 3466 exponendis
3057 3395 3280 3447 nullum
3321 3391 3737 3446 eruditissimo-

2050 3506 2174 3543 rum
2238 3488 2636 3556 theologorum
2695 3485 2781 3538 sui
2849 3482 3125 3553 temporis
3190 3481 3457 3536 habuerit
3522 3494 3736 3550 parem.

2052 3576 2237 3632 Edidit
2267 3576 2325 3629 in
2358 3574 2583 3645 singula
2614 3578 2730 3627 tam
2761 3572 2976 3625 Veteris
3008 3587 3183 3641 quam
3217 3570 3357 3624 Novi
3397 3566 3738 3622 Testamenti

2049 3664 2340 3719 volumina
2367 3662 2719 3716 scholasticae
2755 3661 3000 3714 Postilla!
3032 3658 3203 3711 libros
3251 3656 3539 3727 octoginta
3571 3657 3739 3726 quin-

2049 3771 2183 3827 que,
2232 3751 2498 3806 studiosis
2546 3750 2969 3820 Scripturarum
3023 3752 3366 3811 sanctarum,
3421 3762 3483 3799 ac
3541 3743 3738 3814 praeci-

2050 3858 2160 3912 pue
2195 3840 2479 3895 tironibus
2523 3839 2592 3892 ad
2623 3840 2841 3908 majora
2894 3835 3358 3906 properantibus,
3402 3850 3518 3888 non
3564 3834 3740 3907 utiles

2049 3931 2255 3995 solum,
2324 3928 2420 3982 sed
2488 3926 2649 3980 valde
2712 3926 2883 3979 etiam
2950 3925 3319 3979 necessarios.
3390 3925 3453 3977 ln
3496 3936 3740 3994 quorum

2050 4018 2339 4090 prioribus
2423 4013 2839 4087 quinquaginta
2891 4012 3055 4067 libris
3142 4012 3471 4065 universum
3535 3998 3741 4064 sancta:

2049 4107 2355 4175 Scriptura:
2385 4119 2589 4173 corpus
2616 4102 2827 4172 absque
2881 4100 3158 4154 orationis
3203 4099 3507 4161 lenocinio,
3535 4104 3591 4151 et
3623 4113 3743 4150 ver-

2049 4194 2254 4247 borum
2287 4190 2615 4255 involucris,
2652 4190 2805 4243 nudo
2840 4194 2897 4243 et
2925 4194 3124 4259 aperto
3155 4204 3419 4241 sermone
3451 4185 3738 4258 exposuit:

2050 4298 2275 4336 summa
2308 4282 2366 4335 in
2423 4278 2662 4349 singulis
2707 4278 3003 4348 diligentia
3052 4276 3315 4348 aperiens
3367 4281 3425 4330 et
3453 4271 3744 4330 elucidans

2052 4372 2259 4427 littera:
2310 4385 2562 4434 sensum,
2620 4368 2839 4421 eti-teris
2881 4367 3093 4421 divinae
3150 4366 3457 4437 Scriptura:
3488 4364 3743 4418 sensibus

2052 4465 2115 4514 ut
2145 4458 2620 4531 praestantiorem,
2652 4457 2730 4510 ita
2761 4455 3139 4510 difﬁciliorem
3166 4475 3179 4522 ;
3233 4454 3417 4507 allatis
3448 4452 3506 4506 in
3536 4453 3592 4506 id
3628 4467 3744 4505 non

2055 4549 2224 4603 modo
2272 4552 2529 4601 veterum
2584 4544 2841 4601 Ecclesia:
2886 4546 3118 4599 Patrum
3154 4542 3624 4613 expositionibus,
3648 4540 3741 4593 sed

2056 4634 2448 4690 Rabbinorum
2478 4647 2709 4703 quoque
2738 4630 3054 4698 sententiis,
3077 4646 3325 4701 quorum
3352 4628 3502 4697 apud
3522 4627 3745 4680 Judaaos

2058 4722 2343 4795 praecipua
2369 4726 2454 4775 est
2483 4720 2813 4774 auctoritas.
2850 4720 2971 4785 Quo
3004 4719 3230 4789 expleto
3288 4732 3482 4786 opere,
3538 4715 3743 4767 iterum

2056 4812 2298 4882 repetito
2365 4810 2554 4863 labore
2624 4809 2682 4862 in
2712 4824 2715 4829 '
2748 4808 2983 4877 triginta
3046 4806 3304 4878 quinque
3336 4801 3746 4873 posterioribus

2056 4899 2213 4955 libris
2248 4903 2555 4970 utrumque
2586 4899 3033 4952 lnstrnmentum
3072 4892 3273 4946 morali
3304 4890 3658 4960 expositione
3678 4891 3745 4944 il-

2060 4987 2334 5043 lustravit.
2369 4988 2584 5042 Claruit
2614 4987 2719 5041 sub
2759 4988 2973 5040 Joanne
3004 4982 3147 5037 ΧΧΙῐ·
3172 4997 3342 5051 papa,
3373 4985 3429 5033 et
3466 4979 3745 5033 Ludovico

2059 5078 2272 5131 Bavaro
2323 5075 2687 5145 imperatore.
2726 5094 2752 5123 ι)
2804 5074 2931 5127 Haec
2975 5071 3182 5125 Sixtus.
3220 5066 3417 5123 Edidit
3471 5075 3747 5138 praeterea

2062 5168 2296 5222 Liranus
2358 5166 2591 5219 tertium
2648 5179 2791 5233 opus
2862 5162 2921 5214 in
2998 5160 3353 5230 Scripturam
3422 5159 3745 5213 universam

2060 5255 2273 5310 Veteris
2325 5251 2691 5315 Testamenti,
2742 5249 2896 5321 quod
2950 5265 3093 5318 opus
3146 5248 3608 5303 Ditl‘erentiarum
3666 5247 3748 5300 in-

2062 5342 2304 5413 scripsit,
2346 5342 2405 5395 iu
2452 5356 2567 5409 quo
2614 5336 3053 5409 diligentissime
3103 5337 3394 5390 adnotavit
3438 5335 3751 5388 locutiones

2062 5446 2257 5484 omnes
2288 5430 2345 5483 in
2367 5428 2577 5500 quibus
2610 5426 2891 5498 interpres
2918 5428 3179 5497 vulgatus
3226 5425 3295 5479 ab
3328 5425 3564 5479 Hebrzeo
3593 5424 3748 5479 fonte

2062 5518 2289 5571 dilferre
2322 5516 2636 5579 videbatur,
2682 5515 2833 5586 quod
2859 5520 3036 5569 exstat
3077 5529 3359 5579 seorsum,
3382 5513 3747 5583 impressum,
