4086 6190
338 264 401 317 t9
1232 256 1703 317 WALAFRIDUS
1743 257 2058 316 STRABUS
2097 256 2482 315 FULDENSIS
2522 255 2905 315 MONACHUS.
3765 259 3837 311 20

333 383 466 440 licet
495 397 625 438 raro
675 380 985 438 admodum
1039 381 1384 438 inveniatur.
1434 382 1714 438 Ceterum
1747 382 1902 454 quod
1943 381 2023 436 ait
2060 379 2200 438 on
2241 381 2312 436 iis
2369 385 2470 436 aut
2493 396 2695 436 eorum
2726 378 2970 451 posteris
3019 383 3290 435 noscatur
3341 379 3412 435 ab
3470 380 3675 436 eadem
3723 381 3838 437 ﬁde

333 473 545 542 Sixtus,
579 470 873 527 Nicolaum
911 487 946 525 a
993 470 1288 526 nonnullis
1317 471 1563 540 Anglum
1594 471 1805 541 putari,
1838 469 2030 524 nescio

337 578 451 633 quo
483 561 736 616 nitantur
777 559 861 614 illi
900 559 1292 615 fundamento.
1353 558 1460 623 Qui
1484 557 1894 614 Brabautinum
1924 572 2030 628 pu-

339 655 483 717 tant,
510 649 722 704 habent
780 664 886 718 pro
941 664 1000 702 se
1047 647 1408 720 epitaphium
1455 649 1578 718 ejus
1620 646 1772 718 quod
1802 646 1858 700 iu
1892 645 2032 701 Lirm

339 738 550 808 oppido
583 739 732 791 inter
759 735 1134 806 Autuerpiam
1172 741 1227 789 et
1268 735 1636 790 Mechlineam
1669 735 1941 800 exstabat,
1974 733 2032 788 in

339 843 453 900 quo
482 825 591 878 hoc
621 824 864 880 habetur
892 823 1042 878 inter
1069 829 1275 878 caetera
1308 823 1592 876 distichon
1619 839 1632 876 :

463 947 556 996 Cui
589 946 776 995 veteris
809 945 1137 1009 perhumaua
1159 945 1318 1009 dabat
1343 945 1623 1009 Brabuutia
1656 945 1788 995 Line

541 1007 879 1071 ‘Coguomeu,
908 1007 1024 1057 Lira
1055 1021 1177 1055 nam
1198 1007 1298 1056 fuit
1317 1008 1444 1056 urbe
1467 1012 1627 1056 satus.

345 1117 408 1174 Et
436 1116 723 1170 clauditur
744 1117 851 1169 hoc
881 1115 1124 1168 disticho
1149 1115 1504 1185 epitaphium

467 1239 829 1302 Hieraphanta
856 1239 962 1302 Deo
989 1238 1135 1302 sedet
1148 1238 1277 1302 hinc
1305 1237 1597 1302 diademate
1623 1238 1850 1302 fulgens,

562 1300 641 1350 Et’
657 1300 996 1350 Brabautiaco
1022 1301 1192 1362 gloria
1209 1300 1368 1363 digna
1384 1300 1514 1349 solo.

345 1420 409 1472 In
468 1417 718 1471 editione
764 1416 963 1470 itidem
1025 1417 1233 1471 Glossie
1265 1416 1406 1470 facta
1457 1415 1690 1470 Basileae
1722 1432 1871 1470 anno
1905 1419 2040 1470 1520

345 1506 589 1560 habetur
619 1504 678 1558 iu
706 1505 820 1558 tine
850 1505 1028 1574 partis
1058 1514 1228 1558 sextae
1273 1521 1286 1555 :
1322 1505 1499 1560 Biblia
1523 1520 1682 1559 sacra
1716 1521 1835 1558 cum
1862 1506 2039 1572 glossa

347 1594 631 1649 ordinaria
677 1597 824 1658 etc.;
869 1597 946 1662 et,
997 1595 1221 1654 Postilla
1249 1594 1458 1648 Νίσοιαί
1488 1593 1553 1646 de
1603 1595 1734 1648 Lira
1797 1593 2043 1648 Braban-

346 1684 450 1736 tiui
478 1682 721 1751 emplicit.
756 1680 908 1736 Obiit
937 1686 1128 1735 autem
1163 1681 1424 1734 Nicolaus
1456 1679 1696 1734 Liranus
1742 1681 1801 1735 in
1831 1697 2038 1752 magno
2080 1671 2118 1724 Β

352 1768 652 1824 Parisiensi
692 1768 974 1823 Miuorum
1014 1769 1251 1838 collegio
1287 1784 1437 1822 anno
1472 1770 1629 1834 1349,
1661 1768 1753 1823 die
1788 1770 1852 1823 Η
1883 1773 2039 1822 octo-

347 1856 484 1923 bris,
533 1854 634 1910 ubi
681 1855 853 1910 etiam
899 1855 1255 1926 epitaphium
1305 1855 1563 1918 habetur,
1602 1870 1666 1908 ex
1712 1871 1826 1925 quo
1861 1854 2038 1909 dedu-

347 1949 483 1999 cunt
509 1944 628 2010 alii,
660 1944 926 1998 eumdem
972 1943 1268 1998 Nicolaum
1326 1943 1500 1998 fuisse
1561 1944 1954 1998 Normannum
1975 1959 2040 1998 ex

349 2031 622 2104 oppidulo
669 2032 810 2086 Liras
857 2031 1271 2098 Normauuico;
1314 2036 1368 2086 et
1409 2031 1578 2086 faciet
1634 2032 1806 2086 etiam
1845 2032 2041 2102 conje-

348 2125 508 2176 ctura
553 2121 884 2193 probabilis,
935 2120 1091 2192 quod
1139 2120 1337 2174 crebro
1384 2125 1576 2173 utetur
1624 2118 1902 2188 exemplis
1932 2118 2041 2172 lin-

351 2225 478 2280 guas
538 2209 857 2276 Gallicanae,
913 2224 1197 2279 nusquam
1256 2213 1450 2262 autem
1508 2206 1886 2273 Brabantiuas,
1955 2207 2045 2260 vel

352 2297 703 2368 Anglicanas.
735 2297 915 2368 Eligat
936 2291 1114 2351 lector
1134 2296 1286 2368 quod
1318 2295 1618 2366 placuerit.

423 2386 694 2458 Sequitur
757 2385 966 2440 Paulus
1063 2383 1366 2455 Burgensis
1448 2383 1678 2437 natione
1742 2383 2042 2454 Hispanus,

354 2478 736 2546 cognomento
769 2474 839 2528 de
869 2475 1071 2530 Sancta
1100 2473 1296 2542 Maria,
1327 2488 1539 2543 genere
1578 2471 1871 2538 Hebraeus,
1896 2471 2048 2525 inter

356 2579 492 2618 suos
524 2563 790 2618 Hebraeos
837 2561 1146 2634 aliquando
1178 2561 1468 2616 Rabbinus
1498 2559 2043 2628 praestantissimus;

355 2656 413 2706 et
469 2656 598 2723 post
651 2667 813 2705 suam
855 2650 1285 2705 conversionem
1333 2650 1398 2703 ad
1429 2649 1597 2704 fidem
1647 2648 2048 2712 Christianam,

357 2741 612 2812 primum
663 2741 830 2795 Novas
877 2737 1256 2810 Carthaginis,
1298 2743 1355 2792 et
1392 2737 1599 2792 deinde
1641 2737 1959 2808 Burgorum
1989 2737 2050 2791 in

360 2828 647 2901 Hispaniis
705 2828 1025 2899 episcopus,
1082 2825 1610 2882 archicaucellarius
1678 2825 1935 2880 Castellaa
1995 2829 2053 2880 et

359 2917 658 2988 Legionis:
692 2915 753 2970 in
783 2915 1028 2987 gratiam
1056 2914 1162 2970 ﬁlii
1191 2915 1280 2969 sui
1315 2913 1592 2985 Alphonsi
1649 2913 1849 2969 decani
1875 2915 2042 2969 Com-

355 3006 684 3076 postellauae
741 3005 989 3059 ecclesia:
1056 3007 1246 3074 (quem
1329 3004 1505 3058 laicus
1587 3007 1914 3072 susceperat
1977 3018 2047 3056 ex

350 3095 548 3161 uxore)
605 3108 670 3147 ex
722 3092 966 3163 singulis
1023 3107 1196 3145 sacrae
1241 3091 1546 3162 Scriptum
1585 3089 1745 3144 libris
1768 3091 1886 3144 loca
1917 3089 2045 3162 plu-

351 3181 501 3234 rima
546 3179 837 3248 disseruit,
896 3179 958 3233 in
997 3179 1205 3250 quibus
1258 3184 1495 3232 conatus
1555 3184 1642 3232 est
1705 3178 1893 3233 Lirani
1947 3194 2045 3232 ex-

351 3268 711 3340 planationes
761 3267 1050 3338 corrigere
1094 3271 1150 3320 et
1194 3267 1486 3338 supplere,
1532 3271 1588 3320 et
1618 3282 1763 3336 opus
1784 3265 2046 3320 Additio-

354 3373 494 3412 num
535 3355 814 3426 iucripsit.
867 3355 1081 3412 Claruit
1127 3356 1236 3410 sub
1286 3355 1630 3426 imperatore
1657 3354 2046 3424 Sigismundo,

353 3461 509 3500 anno
555 3444 785 3499 Domini
840 3446 997 3512 M30,
1059 3443 1298 3516 Scripsit
1355 3447 1632 3513 praeterea
1661 3442 1882 3514 insigne
1906 3459 2051 3512 Opus

353 3537 554 3588 contra
601 3531 901 3604 perﬁdiam
939 3532 1256 3598 Iudaicam,
1315 3531 1472 3603 quod
1518 3533 1858 3586 Scrutim’um
1885 3533 2046 3585 Scri-

350 3627 642 3694 pturarum
696 3620 1022 3692 appellavit.
1071 3622 1200 3676 Erat
1232 3620 1318 3674 vir
1357 3621 1620 3675 maxime:
1666 3620 1725 3674 in
1781 3620 2052 3690 Hispania

354 3708 728 3774 auctoritatis,
783 3713 938 3764 tutor
988 3709 1112 3779 regi
1160 3709 1380 3779 pupillo
1441 3709 1514 3764 ob
1566 3708 1741 3763 fidem
1809 3713 1863 3762 et
1914 3723 2048 3778 pru-

352 3796 606 3852 dentiam
657 3797 844 3858 datus.
887 3801 947 3852 et
998 3807 1150 3850 notae
1198 3796 1445 3866 pietatis.
1497 3795 1793 3866 Praecipuo
1845 3796 2050 3850 affectu

357 3889 420 3943 D.
461 3885 692 3940 Thomm
741 3885 1057 3940 doctrinam
1108 3889 1163 3938 et
1225 3884 1730 3939 Dominicauorum
1789 3885 2050 3939 ordinem

357 3974 832 4046 prosequebatur,
874 3973 965 4028 cui
1014 3977 1070 4028 et
1108 3974 1450 4045 praeclarum
1470 3973 1546 4043 :iu
1570 3973 1712 4027 urbe
1741 3989 1844 4026 sua
1868 3988 2053 4028 coeno-

357 4062 517 4117 bium
573 4061 851 4116 exstruxit
898 4066 956 4115 et
1015 4061 1248 4115 dotavit.
1311 4061 1609 4115 Civitatem
1661 4064 1852 4115 autem
1892 4060 2048 4115 illam

355 4156 716 4220 tractumque
775 4148 1125 4221 Burgeusem
1183 4149 1236 4202 vi
1283 4149 1463 4204 divini
1499 4149 1656 4204 verbi
1701 4165 1766 4204 ac
1808 4151 1926 4203 zelo
1974 4149 2052 4202 ita

356 4237 414 4291 in
435 4237 546 4292 ﬁde
595 4237 802 4292 Christi
835 4237 1060 4292 Domini
1105 4237 1414 4299 roboravit,
1470 4241 1532 4290 ut
1579 4253 1750 4292 nemo
1782 4237 2052 4308 deinceps

1141 4463 1251 4530 DE
1307 4461 1786 4532 CANONICIS
1833 4461 1945 4530 ET
1997 4462 2180 4532 NON
2236 4461 2720 4532 CANONICIS
2775 4462 3062 4532 LlBRlS

2141 470 2458 537 recessisse,
2509 469 2996 540 quemadmodum
3045 473 3287 525 testatur
3333 468 3394 525 in
3439 469 3558 524 suis
3581 470 3840 526 consiliis

2144 560 2443 614 Navarrus.
2507 558 2752 630 Ideoque
2805 557 3044 612 celebris
3107 563 3193 612 est
3229 557 3417 613 adhuc
3468 563 3525 612 et
3570 562 3840 626 spectatas

2141 647 2454 703 nobilitatis
2507 648 2631 717 ejus
2679 645 2934 712 familia;
3001 653 3215 712 vocata,
3265 646 3336 700 de
3392 645 3596 701 Sancta
3640 645 3837 711 Maria,

2141 752 2270 807 qum
2320 735 2442 789 sola
2494 735 2552 790 in
2594 734 2865 804 Hispania
2917 734 3214 804 municeps
3261 740 3368 797 est,
3421 739 3478 788 et
3521 735 3596 789 ad
3637 750 3839 790 omnes

2143 823 2471 895 reipublicae
2503 823 2750 878 honores
2782 824 3118 890 admittitur,
3151 823 3391 878 exclusis
3421 824 3687 879 omnibus
3710 824 3840 879 aliis

2146 913 2365 967 Hebraei
2395 911 2694 983 sanguinis
2722 911 2980 968 familiis.

2215 1003 2427 1056 Contra
2476 1000 2630 1056 hunc
2684 1001 2926 1056 Paulum
2981 1002 3334 1070 Burgeusem
3379 1000 3576 1055 scribit
3631 1000 3690 1054 in
3744 999 3837 1056 his

2144 1088 2581 1144 commentariis
2659 1090 2958 1144 Matthmus
3064 1089 3330 1156 Dornick,
3364 1105 3465 1142 seu
3523 1089 3829 1160 Tornigus,

2146 1177 2378 1232 natione
2407 1177 2552 1232 Saxo
2581 1177 2973 1244 Minoritauus,
3016 1177 3322 1248 provincia:
3365 1177 3624 1232 Saxonias
3651 1193 3840 1248 quon-

2148 1267 2278 1320 dam
2310 1264 2585 1326 miuister,
2629 1266 2980 1321 scholastica:
3024 1266 3329 1337 theologia:
3351 1265 3636 1336 professor
3676 1281 3842 1337 egre-

2147 1352 2295 1424 gius,
2355 1359 2409 1408 et
2465 1353 2611 1408 inita
2667 1370 2771 1425 pro
2819 1354 3145 1410 defensione
3202 1355 3448 1410 doctoris
3500 1354 3588 1408 sui
3626 1354 3844 1410 Nicolai

2153 1442 2339 1496 Lirani
2368 1459 2584 1513 pugna,
2618 1443 2935 1498 additiones
2972 1443 3275 1515 Burgensis
3315 1449 3571 1499 evertere
3607 1443 3844 1498 annisus

2149 1537 2253 1598 est,
2289 1531 2455 1585 editis
2484 1531 2647 1585 nOvis
2671 1532 3206 1600 concertationibus,
3237 1549 3378 1604 quas
3410 1532 3842 1588 commentariis

2153 1618 2372 1673 Liranis
2401 1619 2592 1673 statim
2624 1625 2750 1690 post
2800 1619 3119 1674 additiones
3146 1620 3450 1691 Burgeusis
3485 1619 3740 1692 subjecit,
3783 1624 3845 1674 et

2145 1710 2412 1779 Replicas,
2432 1724 2532 1763 seu
2557 1709 2962 1763 correctorium
2993 1708 3340 1780 corruptorii
3376 1708 3681 1778 Burgeusis
3715 1708 3846 1762 atti-

2144 1797 2362 1850 tulavit.
2400 1797 2464 1850 In
2486 1796 2695 1867 quibus
2725 1811 2855 1849 cum
2888 1796 3066 1849 multa
3111 1795 3274 1849 docte
3305 1795 3438 1850 satis
3483 1796 3846 1850 animadver-

2145 1884 2296 1952 terit,
2330 1901 2363 1938 a
2391 1883 2658 1939 conviciis
2681 1888 2975 1952 tamen,ut
3008 1882 3274 1948 diximus,
3301 1881 3588 1937 abstinere
3622 1899 3733 1937 non
3753 1900 3847 1952 po-

2146 1972 2277 2036 tuit,
2308 1972 2518 2044 quibus
2547 1973 2893 2043 Burgeusem
2918 1970 3208 2025 immerito
3256 1970 3393 2025 satis
3437 1971 3689 2026 incessit.
3717 1972 3839 2026 Cla-

2147 2061 2265 2116 ruit
2287 2061 2394 2116 sub
2421 2061 2708 2116 Friderico
2736 2061 2806 2115 lIl
2829 2060 3197 2131 imperatore,
3236 2076 3387 2114 anno
3430 2059 3656 2115 Domini
3684 2061 3840 2115 1440.

2219 2150 2300 2206 Ad
2310 2147 2630 2205 mouendus
2648 2165 2706 2204 es
2719 2153 3015 2220 praeterea,
3035 2149 3208 2202 lector
3229 2148 3497 2220 benigne,
3523 2164 3628 2202 nos
3653 2147 3845 2220 ipsum

2149 2243 2368 2293 textum
2413 2253 2634 2292 sacrum
2667 2237 2767 2292 illo
2804 2252 3034 2308 prorsus
3075 2236 3241 2291 modo
3284 2235 3586 2308 reliquisse
3633 2252 3748 2307 quo
3781 2235 3843 2290 in

2153 2326 2403 2398 antiquis
2444 2328 2649 2399 glosste
2696 2331 2751 2379 et
2795 2325 2983 2380 Liraui
3031 2323 3376 2379 editiouibus
3407 2325 3595 2395 ipsum
3618 2323 3844 2378 iuveni-

2154 2430 2316 2470 mus:
2353 2415 2490 2485 quia
2518 2414 2599 2468 ita
2632 2413 2927 2468 videbatur
2960 2413 3267 2468 convenire
3312 2412 3496 2484 magis
3525 2411 3845 2484 expositio-

2157 2503 2326 2558 nibus
2368 2502 2546 2574 ipsius
2595 2501 2824 2556 Lirani:
2882 2502 2982 2573 qui
3030 2517 3146 2555 non
3189 2501 3388 2556 eodem
3433 2500 3604 2555 modo
3629 2499 3847 2572 ubique

2157 2591 2316 2662 legit,
2347 2607 2461 2663 quo
2495 2596 2690 2646 nostra
2718 2591 2954 2662 Vulgata
2976 2605 3128 2644 nunc
3159 2606 3192 2643 a
3238 2589 3603 2661 pontificibus
3648 2606 3847 2644 emen-

2156 2681 2304 2735 data.
2383 2679 2491 2734 Sed
2557 2679 2618 2733 in
2673 2680 2786 2733 ﬁne
2850 2678 3300 2749 uniuscujusque
3339 2678 3480 2733 torni
3520 2678 3847 2734 addidimus

2158 2767 2538 2822 correctiones
2603 2768 2884 2822 Romanas
2948 2782 2982 2819 a
3043 2767 3106 2820 D.
3142 2766 3438 2820 Francisco
3503 2767 3652 2822 Luca
3714 2768 3852 2821 Bur-

2158 2857 2322 2928 geusi
2397 2856 2679 2922 collectas,
2766 2861 2823 2909 et
2877 2854 2992 2909 illis
3073 2854 3416 2909 attexuimus
3493 2857 3856 2927 conjecturas

2155 2951 2395 3011 nostras,
2445 2943 2654 3016 quibus
2700 2943 2952 2998 iudicare
3010 2943 3300 2998 voluimus
3355 2943 3497 3014 quid
3554 2946 3715 3016 sequi
3747 2961 3853 3016 po-

2156 3035 2368 3092 tueriut
2418 3032 2661 3088 Romani
2729 3034 2923 3087 Patres
2984 3031 3043 3086 in
3099 3031 3548 3088 correctionibus
3607 3033 3741 3096 illis,
3797 3039 3858 3090 et

2154 3141 2256 3179 cur
2281 3139 2346 3178 ex
2391 3121 2560 3176 variis
2613 3120 2950 3176 lectionibus
2997 3120 3100 3176 has
3147 3121 3340 3192 potius
3379 3137 3554 3192 quam
3591 3121 3716 3178 illas
3743 3139 3850 3194 ap-

2155 3211 2542 3285 probaveriut.

2225 3299 2477 3353 Iudicem
2521 3296 2716 3361 etiam,
2767 3311 3014 3368 eumque
3069 3296 3301 3352 brevem
3357 3314 3550 3354 rerum
3591 3302 3850 3354 tantum-

2156 3386 2325 3441 modo
2356 3385 2803 3456 praacipuarum,
2833 3389 2889 3438 et
2917 3400 3047 3456 quae
3082 3383 3263 3440 fusius
3307 3386 3687 3456 explicantur,
3725 3387 3854 3441 uni-

2157 3475 2364 3545 cuique
2395 3479 2550 3528 tumo
2584 3471 2880 3526 dedimus:
2904 3487 3040 3525 nam
3069 3473 3264 3527 omnia
3287 3490 3415 3545 qua:
3446 3474 3650 3545 quovis
3679 3476 3854 3531 modo

2158 3568 2538 3636 exponuntur,
2585 3563 2647 3616 in
2691 3561 2935 3616 iudicem
2987 3562 3217 3631 referre,
3279 3564 3478 3619 fuisset
3505 3565 3659 3636 ipsos
3697 3582 3854 3620 com-

2159 3651 2471 3708 mentarios
2495 3650 2704 3705 iterum
2737 3649 3096 3717 exscribere;
3137 3655 3193 3706 et
3236 3657 3515 3723 praeterea
3547 3652 3856 3708 minutiora

2157 3747 2216 3796 et
2257 3741 2520 3796 breviora
2569 3740 2909 3812 plerumque
2951 3738 3170 3795 faciunt
3217 3741 3286 3795 ad
3333 3746 3518 3798 textus
3567 3742 3855 3798 verbalem

2158 3828 2615 3899 explicationem,
2671 3843 2800 3899 qua:
2853 3827 3094 3897 proinde
3118 3827 3338 3882 facilius
3371 3829 3852 3884 iuvenienturin-

2161 3923 2328 3972 vento
2385 3921 2543 3971 textu
2590 3932 2749 3970 sacro
2796 3915 2868 3969 ad
2943 3930 3114 3986 quem
3177 3915 3466 3982 dicuntur,
3523 3931 3697 3988 quam
3751 3932 3857 3989 per

2159 4007 2435 4071 iudicem;
2493 4021 2623 4076 qua:
2671 4009 2861 4058 autem
2907 4003 3241 4075 diligentius
3279 4010 3334 4058 et
3381 4004 3561 4059 fusius
3622 4009 3738 4060 tam
3794 4005 3855 4061 in

2159 4096 2348 4167 glossa
2397 4111 2572 4167 quam
2623 4111 2656 4148 a
2701 4095 2904 4150 Lirauo
2945 4097 3309 4160 adnotantur,
3358 4111 3424 4148 ea
3478 4093 3750 4148 duntaxat
3795 4095 3855 4149 in

2158 4185 2403 4240 iudicem
2429 4184 2796 4255 conjecimus.

2933 4378 3230 4386 ww
3237 4379 3513 4386 ...κ-...νῂ-
3520 4380 3669 4386 ___,__

425 4723 707 4790 Quoniam

358 4794 702 4867 dantsacras
746 4794 1074 4866 Scriptura,
1130 4794 1460 4850 existimant
1499 4812 1700 4850 omnes
1749 4794 1922 4850 libros
1953 4797 2052 4867 qui

357 4865 418 4918 in
462 4865 659 4937 Bibliis
709 4865 1094 4933 continentur,
1151 4867 1275 4937 pari
1325 4867 1689 4922 veneratione
1736 4883 1858 4920 esse
1897 4865 2050 4921 reve-

357 4935 566 5009 rendus
595 4941 782 5009 atque
817 4935 1493 5000 adorandos,'uescientes
1523 4938 1873 5009 distinguere
1901 4938 2052 4992 inter

358 5005 533 5059 libros
583 5005 906 5077 canonicos,
963 5013 1018 5063 ct
1063 5025 1180 5064 non
1227 5009 1549 5075 canonicos,
1592 5005 1736 5079 quos
1778 5009 2050 5064 Hebrzeia

355 5092 574 5131 canone
619 5084 902 5150 separant,
943 5085 1000 5134 et
1029 5080 1206 5137 Graeci
1252 5080 1403 5134 inter
1439 5080 1766 5150 apocrypha
1806 5095 2050 5148 compu-

354 5151 507 5218 tant;
559 5149 709 5204 unde
761 5165 913 5220 sepe
968 5167 1162 5206 coram
1232 5150 1410 5206 doctis
1482 5150 1707 5205 ridiculi
1761 5150 2046 5215 videntur,

357 5221 427 5293 et
483 5220 915 5293 perturbantur,
993 5220 1564 5293 scandalizauturque
1624 5237 1754 5276 cum
1810 5221 2051 5293 audiant

355 5289 607 5360 aliquem
639 5307 755 5345 non
783 5291 908 5360 pari
936 5307 1066 5346 cum
1113 5293 1332 5348 caeteris
1379 5289 1650 5348 omnibus
1686 5292 2048 5346 veneratione

356 5361 630 5434 prosequi
677 5360 1091 5434 aliquid__quod
1118 5363 1178 5418 in
1222 5363 1413 5419 Bibliis
1439 5365 1693 5434 legatur:
1727 5362 1937 5434 idcirco
1958 5363 2049 5418 hic

358 5429 745 5505 distinximus,
771 5429 848 5486 'et
885 5429 1146 5488 distincte
1191 5429 1621 5489 numeravifnus
1656 5433 1843 5505 primo
1874 5435 2048 5489 libros

356 5502 682 5576 canonicos,
708 5507 766 5559 et
801 5507 999 5573 postea
1037 5519 1152 5576 non
1203 5505 1526 5572 canonicos,
1563 5502 1717 5560 inter
1751 5521 1896 5576 quos
1921 5509 2045 5558 tan-

352 5575 479 5627 tum
523 5572 693 5645 distat
739 5572 1020 5645 quantum
1067 5573 1218 5645 inter
1259 5579 1476 5629 certum
1507 5581 1565 5630 et
1602 5572 1863 5632 dubium.
1905 5577 2045 5632 Nam

354 5644 615 5700 canonici
661 5643 795 5701 sunt
855 5643 1096 5701 confecti
1145 5645 1362 5716 Spiritu
1409 5650 1604 5701 sancto
1651 5647 1900 5703 dictante
1931 5662 2047 5702 non

1719 6117 1916 6175 ΑΔ

807 4724 1024 4806 le_rique
1076 4741 1143 4779 eo
1191 4724 1340 4806 quod
1389 4741 1502 4806 non
1532 4725 2048 4806 multamnoperam
2081 4728 2122 4783 D
2161 4723 2653 4806 cauouicinautem
2693 4725 2815 4806 sive
2848 4723 3193 4806 apocryphi,
3247 4724 3495 4806 nescitur
3545 4742 3672 4806 quo
3709 4731 3854 4782 tem-
3898 4760 3900 4763 -

2159 4811 2300 4866 pore
2352 4795 2630 4866 quibusve
2694 4795 3032 4850 auctoribus
3064 4795 3202 4849 sint
3250 4795 3427 4863 editi;
3490 4795 3628 4868 quia
3657 4801 3852 4852 tamen

2161 4867 2322 4920 valde
2351 4866 2488 4940 boui
2530 4872 2617 4940 et,
2665 4867 2832 4940 utiles
2897 4871 3048 4940 sunt,
3115 4865 3399 4940 nihilque,
3443 4866 3506 4940 iu
3579 4868 3851 4940 eisquod

2160 4936 2448 5008 canonicis
2491 4939 2702 5006 obviet,
2750 4937 3059 5006 invenitur,
3109 4937 3239 4992 ideo
3283 4937 3527 4993 Ecclesia
3552 4954 3650 4992 eos
3681 4936 3843 5008 legit,

2159 5013 2217 5062 et
2248 5007 2542 5080 permittit,
2579 5014 2643 5064 ut
2671 5008 2741 5080 ad
2769 5009 3152 5075 devotionem,
3202 5013 3259 5063 et
3297 5009 3366 5063 ad
3408 5025 3635 5064 morum
3667 5007 3852 5064 infOr-

2161 5079 2470 5134 mationem
2511 5095 2542 5150 a
2573 5079 2834 5134 ﬁdelibus
2865 5080 3152 5150 legantur.
3183 5081 3394 5135 Eorum
3431 5085 3623 5134 tamen
3655 5085 3851 5134 aucto-

2158 5150 2298 5222 ritas
2327 5151 2397 5204 ad
2426 5149 2784 5222 probandum
2811 5167 2878 5222 ea
2908 5149 3036 5222 quae
3067 5152 3305 5206 veniunt
3347 5151 3406 5205 in
3451 5150 3713 5222 dubium,
3740 5156 3855 5222 aut

2158 5219 2217 5274 in
2267 5219 2715 5289 contentionem,
2789 5221 2857 5276 ad
2922 5219 3374 5278 conﬁrmandam
3443 5221 3853 5276 ecclesiastico-

2156 5291 3096 5373 rum.dogmatumuauctoritatem,
3131 5296 3573 5373 non_reputatur
3618 5291 3847 5373 idonea,

2159 5367 2220 5415 ut
2242 5362 2324 5417 ait
2363 5363 2568 5434 beatus
2592 5363 2998 5434 Hieronymus
3037 5365 3098 5419 in
3141 5362 3392 5434 prologis
3439 5377 3618 5434 super
3651 5363 3852 5418 Judith

2156 5438 2212 5488 et
2256 5447 2427 5503 super
2472 5433 2634 5488 libris
2689 5432 3025 5491 Salomonis.
3071 5432 3158 5492 Af
3189 5432 3328 5489 libri
3365 5432 3624 5488 canonici
3671 5438 3850 5490 tantm

2155 5509 2289 5558 sunt
2314 5504 2686 5577 auctoritatis,
2724 5510 2800 5560 ut
2829 5505 3120 5577 quidquid
3161 5504 3242 5558 ibi
3262 5504 3604 5570 continetur,
3645 5521 3845 5560 verum

2156 5578 2345 5649 teneat
2409 5575 2653 5649 ﬁrmiter
2708 5581 2766 5630 et
2822 5575 3169 5649 indiscusse:
3224 5580 3447 5649 et__per
3485 5591 3848 5649 consequens

2155 5645 2295 5701 illud
2324 5646 2476 5718 quod
2501 5663 2568 5702 ex
2594 5646 2701 5701 hoc
2748 5647 3109 5709 concluditur
3153 5645 3487 5713 manifeste;
3520 5663 3654 5702 nam
3678 5645 3845 5701 'sicut
