4086 6190
227 291 273 340 2|

1694 286 2236 345 PROLEGOMENA.

3628 298 3695 349 2'2

224 414 274 491 in
304 410 646 491 philosophia
679 408 904 491 _veritas
948 407 1313 491 cognoscitur
1349 425 1451 491 per
1483 408 1881 491 .redﬂuctionem
1927 412 1971 467 A
2002 410 2161 465 libris
2205 410 2341 491 dicit
2372 411 2524 491 quod
2574 411 2831 491 quamvis
2885 412 3102 491 Hebraei
3148 430 3259 491 non
3309 415 3553 470 habeant
3597 434 3693 473 eos

220 484 275 537 ad
304 479 479 554 prima
513 479 795 554 principia
828 497 932 550 per
975 479 1199 554 seiiota
1233 497 1246 534 :
1280 479 1362 554 ita
1388 486 1443 533 et
1479 479 1537 534 in
1581 481 1887 554 Scripturis

221 573 245 607 a
291 551 486 606 sanctis
521 551 881 606 doctoribus
944 551 1181 621 traditis,
1227 552 1431 604 veritas
1494 552 1881 621 cognoscitur,

220 632 473 694 quantum
520 624 715 694 adgea
750 638 882 692 quin
933 628 1066 675 sunt
1112 620 1223 694 tide
1267 622 1532 689 tenenda,
1578 620 1885 694 pergredu-

220 692 437 748 ctionem
488 693 558 747 ad
606 692 927 761 Seriptnras
974 693 1295 751 canonicas,
1330 708 1458 761 quas
1512 698 1638 745 sunt
1694 692 1886 745 habita

218 767 385 819 divina
417 764 781 824 revelatione,
817 762 908 817 cui
935 764 1093 815 nullo
1116 763 1285 815 modo
1322 767 1507 831 potest
1531 763 1732 815 falsum
1758 764 1887 815 sub-

218 852 335 889 esse.
386 835 540 890 Unde
590 834 660 887 de
709 834 799 887 his
852 834 988 887 dicit
1052 834 1405 902 Augustinus
1473 834 1543 885 ad
1613 834 1883 903 Hierony-

218 922 351 961 mum
384 922 396 959 :
435 926 461 955 α
500 907 615 970 Ego
650 905 785 957 solis
817 904 899 958 eis
944 903 1319 973 scriptoribus
1349 903 1449 974 qui
1488 904 1745 957 canonici
1777 920 1883 972 ap-

215 980 492 1047 pellantur,
526 975 701 1028 didici
734 976 885 1029 hunc
912 975 1183 1047 timorem
1222 976 1613 1047 honoremque
1639 974 1878 1047 deferre,

214 1044 264 1100 ut
305 1048 518 1099 nullum
569 1062 767 1099 eorum
814 1046 1114 1098 scribendo
1159 1061 1377 1097 errasse
1426 1044 1750 1098 ﬁrmissime
1797 1050 1879 1097 te-

215 1132 483 1179 neam;ac
527 1116 576 1170 si
619 1116 839 1185 aliquid
881 1116 942 1168 in
989 1116 1069 1169 eis
1106 1116 1397 1170 otfendero
1435 1116 1583 1185 quod
1626 1115 1883 1168 videatur

214 1188 534 1241 contrarium
610 1188 871 1252 veritati,
929 1187 1071 1240 nihil
1124 1187 1274 1239 aliud
1330 1186 1648 1239 existimem
1706 1202 1879 1255 quam

214 1260 526 1311 mendosum
579 1273 701 1310 esse
746 1258 1022 1321 codicem,
1079 1257 1163 1310 vel
1215 1272 1328 1309 non
1378 1272 1500 1309 esse
1558 1263 1878 1309 assecutum

213 1332 556 1398 interpretem
586 1328 740 1399 quod
788 1328 1019 1399 dictum,
1052 1333 1153 1391 est,
1185 1328 1272 1381 vel
1314 1342 1404 1399 me
1437 1327 1673 1380 minime
1704 1327 1878 1379 intel-

215 1400 404 1464 lexisse,
430 1415 549 1452 non
580 1398 900 1468 ambigam.
939 1398 1089 1452 Alios
1114 1402 1304 1451 autem
1332 1398 1411 1451 ita
1443 1401 1587 1463 lego,
1614 1403 1678 1450 ut
1703 1414 1877 1467 quan-

212 1472 378 1524 talibet
418 1471 727 1523 sanctitate
774 1470 1096 1522 doctrinave
1138 1470 1408 1539 polleant,
1447 1484 1559 1539 non
1603 1468 1731 1521 ideo
1778 1484 1873 1539 vef

212 1558 313 1595 rum
361 1548 557 1607 putem
606 1540 745 1610 quia
784 1540 894 1609 ipsi
941 1540 1020 1593 ita
1059 1546 1378 1598 senserunt,
1420 1538 1519 1592 sed
1560 1540 1705 1610 quia,
1734 1538 1877 1592 mihi

207 1628 290 1681 per
316 1612 437 1665 illos
470 1608 740 1665 auctores
777 1608 1077 1665 canonicos
1115 1611 1202 1663 vel
1251 1608 1872 1681 probabiles’rationes,

208 1680 331 1754 quod
363 1699 394 1735 a
418 1698 555 1754 vero
580 1698 701 1754 non
736 1681 1061 1754 abhorreat,
1089 1680 1443 1754 persuadere
1471 1685 1804 1754 potuerunt.
1839 1700 1872 1754 _»

260 1754 393 1806 Sunt
440 1752 622 1822 igitur
668 1752 801 1806 libri
849 1750 1105 1806 canonici
1150 1750 1366 1805 Veteris
1405 1750 1754 1804 Testamenti
1799 1750 1876 1802 vi-

204 1824 325 1891 ginti
362 1821 496 1885 duo,
530 1828 601 1878 ad
657 1838 965 1877 numerum
1010 1822 1214 1889 viginti
1262 1822 1504 1875 duarum
1555 1821 1873 1874 litterarum

206 1896 572 1955 Hebraeorum,
635 1900 695 1947 ut
754 1894 998 1947 scribere
1045 1892 1350 1962 Origenem
1407 1908 1578 1956 super
1624 1891 1874 1962 primum

202 1967 461 2033 psalmum
518 1965 698 2019 refert
747 1963 1020 2019 Eusebius
1067 1964 1215 2017 libro
1269 1969 1426 2016 sexto
1478 1962 1873 2016 Ecclesiasticaa

202 2036 455 2099 Historiae,
510 2042 571 2089 et
631 2035 916 2105 copiosius
968 2033 1607 2105 distinctiusqueﬂdicit
1676 2033 1874 2086 beatus

202 2108 552 2177 Hieronymus
580 2106 641 2160 in
677 2104 917 2176 prologo
938 2106 1159 2177 galeato
1192 2121 1367 2177 super
1391 2104 1600 2177 librum
1629 2105 1872 2177 _Hegum,

205 2178 336 2245 quod
366 2174 561 2230 omnes
618 2174 690 2231 ini
709 2182 824 2229 tres
858 2174 1050 2245 partes
1096 2176 1167 2229 ab
1201 2175 1449 2229 Hebraeis
1492 2174 1825 2228 dividuntur
1857 2190 1870 2227 :

206 2247 253 2301 la
285 2248 501 2317 Legem.
532 2248 595 2301 id
632 2252 716 2300 est
742 2247 996 2317 quinque
1026 2246 1203 2300 libros
1235 2246 1441 2316 Moysi;
1478 2245 1533 2299 in
1568 2246 1873 2317 prophetas

200 2326 325 2390 octo,
353 2316 407 2371 et
446 2316 846 2390 hagiographa
890 2332 1121 2390 novem;
1167 2322 1232 2370 ut
1279 2317 1469 2390 statim
1519 2316 1724 2369 clarius
1772 2332 1871 2385 pa-

199 2388 342 2460 tebit,
401 2388 667 2460 quamvis
725 2388 991 2460 nonnulli
1045 2388 1256 2460 librum
1313 2388 1465 2460 Ruth
1516 2392 1781 2460 separent
1839 2404 1872 2439 a

199 2459 324 2513 libro
368 2457 659 2525 Judicum,
713 2464 770 2512 et
820 2458 1273 2513 Lamentationes
1317 2457 1598 2511 Jeremiee’
1630 2473 1661 2509 a
1713 2458 1869 2510 lere-

199 2531 319 2609 niia,
361 2535 415 2583 et
461 2530 1062 2609 inter__ilagiograpba
1105 2533 1577 2609 computen_t,_ut
1623 2527 1754 2609 sint.
1788 2528 1865 2579 vi-

200 2600 322 2669 ginti
352 2608 607 2671 quatuor
635 2598 770 2654 libri
810 2598 885 2668 (α)
920 2601 987 2653 ad
1035 2616 1340 2653 numerum
1379 2598 1582 2667 viginti
1624 2603 1871 2668 quatuor

197 2673 461 2744 seniorum
494 2688 646 2744 quos
672 2671 1036 2742 Apocalyp'sis
1064 2671 1286 2724 inducit
1311 2671 1613 2724 adorantes
1642 2675 1866 2737 Agnum

202 2742 252 2795 ΤΑ
262 2758 367 2796 nec.
398 2744 469 2796 vl.

257 2744 507 2867 iliikiiéi
548 2812 683 2866 libri
715 2811 815 2882 qui
851 2816 982 2864 sunt
1010 2812 1066 2865 in
1107 2826 1343 2876 canone,
1374 2813 1438 2863 ut
1471 2810 1639 2863 latius
1676 2808 1871 2865 scribit

202 2883 373 2936 beatus
408 2885 795 2954 Hieronymus
827 2882 883 2935 in
918 2884 1156 2954 prologo
1189 2883 1411 2954 galeato
1440 2882 1658 2954 qui‘est
1684 2898 1870 2954 super

203 2954 359 3043 the:
396 2950 657 3043 esse“;
702 2956 783 3043 ἓξ,
802 2950 1865 3043 _P_’,‘£'E’°_ft‘li.'.'."1"f’-'il’fi}li‘fy§‘.n_91‘i
1895 2990 1932 3043 c

206 3026 537 3093 appellantur
571 3026 682 3092 lex,
710 3040 957 3094 quorum
1003 3024 1222 3094 primus
1255 3028 1338 3076 est
1379 3023 1629 3085 Genesis,
1660 3038 1864 3075 secun-

206 3094 288 3146 dus
347 3095 598 3161 Exodus,
676 3095 880 3148 tertius
948 3095 1243 3155 Leviticus,
1304 3101 1541 3164 quartus
1607 3094 1863 3157 Numeri,

205 3167 406 3233 quintus
459 3166 994 3220 Deuteronomium.
1043 3164 1301 3220 Secundo
1362 3168 1681 3233 sequuntur
1739 3170 1864 3217 octo

206 3236 309 3307 libri
344 3238 734 3305 prophetales,
772 3252 1018 3307 quorum
1064 3236 1281 3306 primus
1320 3239 1403 3307 est
1438 3236 1627 3307 .losue,
1661 3249 1865 3307 secant

205 3306 287 3358 dus
337 3304 478 3361 liber
523 3304 807 3362 Judicum'
851 3322 977 3359 cum
1036 3304 1208 3370 Ruth,
1256 3306 1454 3359 tertius
1507 3304 1756 3366 Samuel,
1808 3304 1862 3357 id

203 3382 283 3437 est,
311 3378 529 3447 primus
565 3383 623 3431 et
666 3378 947 3432 secundus
985 3378 1227 3441 Regum,
1270 3384 1507 3444 quartus
1546 3374 1861 3447 Malachini,

203 3448 243 3498 id
283 3446 376 3527 eSt,
422 3449 643 3527 tertius
671 3454 725 3502 et
775 3453 1011 3527 quartus
1068 3449 1321 3527 Regum;
1369 3448 1608 3527 quintus
1672 3446 1859 3527 Isaias,

202 3525 362 3570 sextus
429 3520 714 3574 .leremias
782 3516 911 3571 cum
988 3516 1529 3579 Lamentationibus,
1584 3516 1863 3585 septimus

203 3588 443 3653 Ezechiel,
464 3596 704 3643 octavus
735 3589 881 3643 liber
908 3589 1213 3644 duodecim
1248 3589 1656 3657 prophetarum
1683 3603 1694 3640 :
1724 3602 1865 3656 quo-

202 3675 301 3711 rum
338 3662 561 3729 primiis
606 3666 689 3713 est
724 3668 887 3723 Usee,
931 3659 1214 3713 secundus
1247 3660 1388 3726 Joel,
1431 3658 1631 3729 tertius
1670 3661 1861 3729 Amos,

198 3736 401 3797 quartas
464 3732 705 3789 Abdias,
773 3731 1008 3801 quintus
1069 3732 1259 3794 Jonas,
1326 3735 1515 3783 sextus
1582 3728 1861 3801 Michafas,

200 3802 441 3869 septimus
492 3803 744 3868 Nahum,
793 3799 1025 3855 octavus
1074 3802 1350 3863 Habacuc,
1402 3815 1587 3853 nonus
1640 3799 1861 3867 Sopho-

200 3872 315 3941 nias,
350 3873 609 3927 decimus
657 3876 921 3941 Aggazns,
969 3872 1303 3925 undecimus
1351 3870 1665 3941 Zacharias,
1716 3869 1862 3941 duo-

199 3939 419 3996 decimus
470 3939 800 3998 Malachias.
858 3944 1043 3997 Tertio
1089 3948 1411 4013 sequuntur
1465 3940 1862 4013 Hagiographa

198 4027 391 4074 novem,
414 4030 668 4083 quorum
692 4013 908 4083 primus
930 4010 1468 4080 est'Job,'secundus
1501 4010 1855 4083 Psalteriuﬁm,

197 4083 369 4154 tertius
414 4082 745 4139 Salomonis
784 4085 1110 4151 Proverbia,
1155 4089 1391 4154 quartus
1445 4083 1698 4152 ejusdem
1755 4082 1858 4154 Ec-

197 4153 467 4225 clesiastes,
503 4156 746 4225 quintus
794 4156 1048 4225 ejusdem
1099 4152 1482 4217 Canticorum,
1518 4158 1705 4225 sextus
1751 4152 1856 4206 Da-

197 4223 306 4288 niel,
358 4222 640 4295 septimus
692 4222 1188 4295 Paralipomenon,
1232 4226 1331 4296 qui
1387 4223 1538 4293 apud
1594 4222 1858 4296 Hebraeos

2000 498 2105 556 pro
2136 482 2444 543 canonicis,
2482 489 2673 536 tamen
2706 483 2949 556 Ecclesia
2996 484 3167 539 habet
3195 485 3323 539 illos
3371 502 3474 556 pro
3522 504 3691 541 cano-

1999 554 2138 606 nicis
2172 559 2405 622 propter
2436 554 2818 623 quorumdam
2854 561 3167 624 martyrum
3207 554 3495 624 passiones
3530 561 3694 612 vehe-

1997 630 2216 676 mentes
2268 630 2439 693 atque
2488 624 2795 677 mirabiles.
2830 625 3058 678 Minoris
3105 634 3298 679 autem
3338 630 3690 685 auctoritatis

1996 701 2128 747 sunt
2162 696 2401 766 Barucb,
2434 700 2489 747 et
2530 694 2814 766 tertiuset
2848 702 3082 766 quartus
3115 697 3305 749 Esdraz
3340 714 3352 751 :
3393 715 3523 753 nam
3572 704 3691 753 Au-

1993 766 2255 833 gustinus
2282 764 2337 816 in
2374 764 3105 835 locosupradicto'nullam
3138 768 3205 819 de
3238 767 3323 820 liis
3356 768 3489 822 facit
3531 787 3687 823 nien-

1994 836 2231 907 tioneni,
2274 851 2400 887 cum
2435 841 2648 898 tamen,
2685 841 2740 889 ut
2773 836 2909 900 dixi,
2943 838 3086 889 alios
3131 840 3487 907 apocrypbos
3517 858 3684 893 cano—

1993 905 2135 977 nicis
2190 911 2556 977 annumerat.
2626 907 2866 977 Hutinus
2922 905 3181 977 quoque'
3219 909 3273 962 in
3307 905 3685 977 expositione

1991 976 2265 1050 Symboli,
2298 977 2642 1050 et__lsidorus
2664 976 3122 1050 Ainulibro’sexlo
3172 976 3681 1050 Etymologiarum,

1992 1046 2088 1100 tibi
2147 1047 2293 1100 hanc
2352 1046 2677 1116 Hieronymi
2744 1047 3081 1101 divisionem
3143 1046 3681 1115 refcriint,'borum

1991 1117 2131 1170 nihil
2167 1117 2571 1193 meminerunt.
2606 1119 2671 1170 Et
2712 1123 2775 1193 ut
2805 1134 3071 1193 numeres
3098 1136 3195 1193 eos
3239 1138 3305 1193 eo
3336 1121 3535 1193 ordine
3568 1140 3681 1193 quo

1989 1194 2125 1241 sunt
2174 1188 2231 1241 in
2291 1189 2501 1252 Bibliis,
2551 1188 2810 1258 quamvis
2856 1190 2967 1241 alio
3018 1191 3219 1243 ordine
3274 1192 3484 1245 fuerint
3522 1188 3677 1255 editi,

1990 1259 2178 1327 primo
2227 1264 2365 1333 sunt,
2399 1258 2601 1311 tertius
2646 1264 2703 1311 et
2746 1266 2992 1333 quartus
3037 1260 3165 1313 libri
3209 1262 3418 1326 Esdrie,
3453 1264 3553 1333 qui
3601 1264 3683 1318 di-

1989 1336 2196 1402 cuntur
2237 1330 2440 1402 tertius
2471 1334 2853 1402 _etuquartus;
2881 1330 3031 1402 _quia
3089 1337 3220 1383 ante
3272 1330 3681 1402 Hieronymum

1989 1400 2165 1453 Graeci
2197 1404 2251 1452 et
2303 1400 2484 1453 Latini
2533 1398 2742 1452 librum
2792 1400 2977 1453 Esdraa
3028 1403 3363 1456 canonicum
3412 1398 3679 1458 secabant

1986 1468 2043 1522 in
2074 1470 2216 1523 duos
2245 1471 2437 1535 libros,
2464 1486 2752 1523 sermones
2784 1470 3091 1537 Neliemiae,
3122 1474 3432 1526 secundum
3466 1475 3676 1528 librum

1986 1541 2357 1610 appellantes.
2418 1541 2518 1593 Isti
2576 1547 2768 1621 autem
2802 1541 3023 1621 .tertius
3081 1548 3459 1622 _etnquartus
3527 1546 3677 1598 inter

1985 1626 2203 1677 omnes,
2239 1628 2351 1664 non
2387 1612 2689 1664 canonicos
2739 1611 2995 1676 minoris,
3038 1616 3099 1664 ut
3142 1611 3276 1671 dixi.
3329 1619 3459 1667 sunt
3489 1621 3670 1669 aucto.

1918 1701 1957 1756 Β
1991 1682 2192 1763 ritatis.
2230 1683 2386 1762 Unde
2430 1681 2805 1763 Hieronymus
2848 1683 2907 1761 in
2955 1684 3410 1763 prologoEsdra:
3443 1701 3671 1763 eosap-

1986 1753 2525 1831 pellat.somnia,‘et_
2553 1754 2609 1805 in
2644 1752 2999 1831 paucissimis
3046 1755 3239 1831 Bibliis
3271 1752 3673 1831 manuscriptis

1987 1822 2376 1894 inveniuntur,
2407 1828 2463 1875 et
2510 1822 2569 1877 in
2612 1823 2803 1875 multis
2849 1824 3140 1894 impressis
3171 1826 3457 1879 invenitur
3485 1822 3671 1880 solum

1985 1893 2206 1947 tertius.
2255 1894 2544 1948 Secundus
2590 1900 2673 1947 est
2700 1893 3101 1957 Tobias,’liber
3145 1896 3304 1948 valde
3353 1896 3589 1950 devotus
3618 1902 3674 1952 et

1985 1964 2162 2037 utilis.
2190 1965 2410 2037 Tertius
2440 1964 2782 2037 estﬁludith,
2830 1981 3001 2035 quem
3034 1965 3171 2018 dicit
3200 1966 3579 2037 Hieronymus
3612 1968 3671 2023 in

1982 2036 2218 2106 prologo
2246 2035 2415 2088 fuisse
2447 2052 2479 2088 a
2525 2036 2749 2107 Niczena
2794 2039 3011 2105 synodo
3041 2035 3435 2107 computatum
3468 2039 3527 2091 in
3568 2055 3671 2092 nu—

1984 2121 2158 2185 mero.
2196 2112 2519 2160 sanctarum
2577 2106 3017 2185 scripturarum.
3072 2106 3317 2185 Quartus
3370 2108 3519 2185 liber
3564 2108 3666 2163 Sa-

1981 2177 2235 2244 pientize,
2289 2193 2462 2245 quem
2521 2177 2810 2243 scripsisse
2863 2178 3161 2231 Philonem
3219 2179 3666 2233 Alexandrinum

1978 2247 2241 2301 Iuda-um
2280 2247 2692 2311 doctissimum,
2745 2247 2862 2301 fere
2911 2264 3111 2301 omnes
3160 2252 3377 2303 tenent.
3423 2249 3667 2314 Quintus

1980 2323 2067 2370 est
2098 2317 2240 2372 liber
2260 2320 2391 2372 Jesu
2425 2317 2524 2371 tilii
2558 2318 2773 2374 Sirach.
2810 2319 2905 2388 qui
2957 2318 3370 2373 Ecclesiasticus
3407 2321 3618 2374 dicitur
3649 2336 3662 2374 :

1980 2388 2181 2461 Sextus
2208 2388 2571 2461 est‘Barucli,
2607 2394 2667 2440 ut
2715 2389 3273 2461 dicitHieronymus
3316 2390 3374 2444 in
3422 2392 3665 2461 prologo

1977 2459 2256 2513 Jeremiaa.
2294 2458 2581 2534 Septimus
2609 2464 2712 2534 _est
2742 2458 3191 2514 Machabazorum
3239 2460 3400 2526 liber,
3423 2458 3510 2515 'in
3554 2458 3664 2534 pri-

1981 2545 2135 2583 mum
2170 2537 2226 2583 et
2252 2530 2559 2583 secundum
2590 2529 2822 2583 divisus.

2049 2602 2243 2671 Neque
2276 2601 2522 2669 aliquem
2576 2607 2799 2653 moveat
2840 2601 2989 2670 quod
3031 2600 3084 2654 in
3132 2602 3323 2655 Juditli
3372 2606 3428 2656 et
3474 2602 3664 2657 Tobias

1978 2670 2230 2740 prologis
2263 2671 2469 2725 dicitur
2500 2670 2653 2739 quod
2702 2671 2849 2740 apud
2883 2673 3146 2725 Hebrwos
3178 2672 3325 2726 inter
3356 2673 3662 2742 liagiogra-

1978 2742 2089 2811 pha
2120 2743 2409 2811 leguntur,
2444 2742 2577 2811 quia
2626 2742 2958 2794 manifestus
3006 2759 3164 2795 error
3188 2749 3271 2795 est
3304 2744 3395 2810 (ὁ),
3440 2750 3498 2796 et
3526 2760 3664 2812 apo-

1976 2813 2211 2881 crypba,
2246 2828 2356 2865 non
2394 2813 2805 2881 hagiographa,
2856 2817 2953 2883 est,
2984 2813 3291 2881 legendum
3328 2830 3339 2866 :
3374 2814 3473 2883 qui
3504 2830 3663 2867 error

1977 2883 2035 2935 in
2066 2883 2333 2937 omnibus
2379 2899 2523 2952 quos
2574 2883 2810 2935 viderim
2857 2882 3145 2936 codicibus
3204 2882 3493 2936 invenitur
3545 2901 3557 2936 :
3608 2889 3663 2938 et

1976 2953 2231 3015 inolevit,
2282 2958 2345 3006 ut
2388 2958 2545 3023 puto,
2578 2969 2641 3005 ex
2702 2952 2911 3023 pietate
2959 2959 3016 3007 et
3062 2954 3360 3007 devotione
3410 2954 3660 3008 scriben-

1974 3024 2140 3086 tium,
2199 3023 2300 3094 qui
2346 3022 2740 3077 devotissimas
2800 3022 3068 3077 historias
3127 3025 3436 3078 horrebant
3487 3040 3664 3078 annu-

1976 3110 2195 3174 merare
2228 3095 2377 3174 inter
2423 3094 2766 3174 apocrypha.
2805 3094 2941 3147 Nam
2971 3094 3124 3174 quod
3157 3095 3247 3174 hic
3278 3111 3436 3174 error
3467 3095 3663 3174 multis

1972 3172 2125 3218 retro
2181 3165 2346 3218 annis
2393 3164 2612 3218 codices
2670 3164 3045 3233 occupaverit,
3105 3166 3353 3220 o~teudit
3393 3167 3665 3229 magister

1972 3236 2033 3287 in
2064 3235 2297 3289 historia
2346 3235 2562 3299 Judith,
2600 3235 2694 3289 ubi
2737 3235 2871 3289 dicit
2919 3252 2932 3289 :
2969 3237 3065 3290 Hic
3109 3236 3254 3290 liber
3301 3237 3449 3305 apud
3494 3238 3662 3293 Chal-

1972 3307 2128 3385 daeos
2175 3306 2326 3360 inter
2376 3305 2639 3385 historias
2673 3311 3069 3385 computatur,
3101 3314 3158 3359 et
3204 3308 3351 3385 apud
3396 3308 3664 3385 Hebraeos

1972 3378 2497 3449 interapocrypha,
2538 3377 2689 3449 quod
2725 3376 2862 3449 dicit
2907 3376 3281 3444 Hieronymus
3306 3379 3361 3432 in
3394 3380 3655 3449 prologo,

1971 3448 2069 3519 qui
2100 3447 2178 3519 sic
2212 3448 2414 3519 incipit
2451 3464 2463 3501 :
2501 3466 2527 3496 «
2564 3447 2774 3517 Viginti
2824 3454 2879 3501 et
2913 3449 3052 3501 duas
3101 3450 3330 3502 litteras.
3364 3447 3407 3498 »⁷
3436 3449 3493 3503 Si
3522 3447 3657 3519 ergo

1973 3518 2178 3591 alicubi
2207 3518 2265 3571 in
2298 3519 2537 3591 prologo
2565 3534 2744 3591 super
2784 3518 2976 3572 Iudith
3019 3519 3229 3591 legitur
3270 3519 3420 3572 inter
3464 3518 3659 3591 hagio-

1970 3590 2211 3659 grapha,
2242 3590 2443 3641 Vitium
2471 3588 2760 3658 scriptoris
2791 3595 2893 3649 est,
2927 3588 3167 3659 quodin
3202 3591 3322 3657 ipso
3352 3591 3517 3643 titulo
3548 3588 3655 3644 Vde-

1970 3606 2211 3712 grapna,
2242 3606 2443 3641 Vlllllm
2471 3606 2760 3658 scriptoris
2791 3606 2893 3649 ρει,
2927 3606 3075 3659 quoa
3112 3607 3167 3642 in
3202 3606 3322 3657 ipso
3352 3606 3517 3643 ιιιυιο
3560 3606 3655 3644 ae-

1968 3676 2069 3729 pre
2115 3658 2248 3713 endi
2281 3664 2483 3729 potest.
2519 3661 2588 3713 Ex
2623 3675 2737 3729 quo
2791 3660 2967 3712 miror
2993 3660 3147 3730 quod
3177 3661 3356 3713 dictus
3388 3662 3658 3730 magister

1969 3746 2083 3783 non
2108 3730 2416 3783 adverterit
2440 3731 2706 3783 eumdem
2741 3746 2862 3783 esse
2902 3746 3151 3783 errorem
3185 3731 3241 3783 in
3276 3732 3513 3800 prologo
3548 3732 3654 3785 To-

1968 3801 2097 3873 biae,
2132 3800 2231 3854 ubi
2261 3800 2550 3873 ipsegdicit
2573 3818 2647 3873 τίκα
2678 3801 2829 3854 Hanc
2860 3800 3154 3854 historiam
3186 3801 3404 3873 Hebraei
3438 3807 3657 3873 ponunt

1967 3872 2120 3925 inter
2142 3871 2483 3941 apocrypha.
2520 3892 2545 3919 ι)
2580 3872 2957 3939 Hieronymus
2985 3877 3173 3925 tamen
3202 3872 3261 3925 in
3289 3871 3522 3942 prologo
3551 3888 3653 3926 suo

1969 3942 2105 3995 dicit
2134 3942 2282 3996 inter
2308 3943 2701 4011 hagiographa
2731 3958 2742 3995 :
2776 3943 2967 3997 Glossa
3006 3958 3255 4013 quoque,
3285 3958 3457 4013 super
3502 3942 3652 4013 dicto

1969 4014 2207 4083 prologo
2249 4013 2439 4068 Tobias
2485 4013 2623 4065 dicit
2666 4013 2857 4082 potius
2907 4017 2962 4083 et
3007 4012 3196 4065 verius
3226 4012 3459 4066 dixisset
3504 4012 3655 4067 inter

1969 4082 2291 4153 apocrypha
2347 4099 2359 4136 :
2414 4084 2503 4136 vel
2552 4084 2706 4152 large
2762 4082 2968 4152 accipit
3014 4083 3429 4153 hagiographa,
3466 4083 3653 4153 quasi

1967 4152 2294 4207 sanctorum
2323 4154 2550 4223 scripta,
2585 4159 2641 4206 et
2672 4153 2750 4206 ita
2783 4170 2899 4207 non
2931 4158 3017 4206 est
3052 4153 3119 4206 de
3155 4152 3392 4205 numero
3422 4152 3653 4206 illorum

1966 4241 2167 4304 novem
2194 4241 2327 4304 quas
2359 4224 2588 4304 proprie
2612 4223 2889 4304 dicuntur
2918 4223 3332 4304 hagiographa,
3365 4230 3655 4304 quaesout

197 4301 261 4345 est
287 4294 431 4349 unus
466 4297 640 4361 liber,
673 4312 787 4350 non
818 4294 965 4363 duo;
1014 4294 1472 4350 octavus'Esdras
1518 4310 1644 4347 cum
1682 4294 1855 4365 Nehe-
1894 4304 1935 4357 Ι)
1966 4296 2034 4349 de
2066 4294 2343 4361 catalOgo,
2377 4294 2429 4349 id
2459 4300 2564 4359 est,
2596 4294 2664 4348 de
2697 4311 2937 4349 numero
2969 4294 3170 4365 viginti
3202 4295 3445 4349 duorum
3478 4294 3650 4348 libro-

197 4364 287 4435 niia
338 4368 439 4435 (est
492 4368 657 4423 enim
722 4373 877 4420 totus
937 4384 1078 4421 unus
1136 4368 1324 4433 liber),
1399 4381 1583 4419 nonus
1642 4364 1854 4417 Esther.

196 4433 450 4509 Quidquid
482 4444 680 4492 autem
714 4443 871 4491 extra
898 4439 1004 4492 hos
1030 4444 1115 4491 est
1144 4439 1236 4509 (de
1285 4436 1469 4491 Veteri
1496 4437 1857 4509 Testamento

197 4504 389 4633 loquela
433 4516 496 4563 ut
561 4509 695 4564 dicit
756 4504 1161 4580 Hieronymus,
1186 4509 1335 4563 inter
1392 4507 1719 4578 apocrypha
1776 4508 1859 4559 est

197 4590 350 4633 Donen
395 4596 513 4633 um.

196 4590 513 4643 ponendum.

254 4647 335 4721 Isti
364 4657 494 4705 sunt
530 4649 659 4704 libri
690 4650 791 4721 qui
818 4666 930 4704 non
964 4656 1097 4704 sunt
1132 4650 1188 4704 in
1218 4664 1637 4721 canone,quos
1666 4650 1857 4721 tamen

198 4715 411 4773 Ecclesia
456 4728 527 4775 nt
574 4715 756 4775 bonos
804 4727 862 4775 et
903 4721 1071 4775 utiles
1116 4721 1291 4775 libros
1339 4715 1608 4785 admittit,
1642 4732 1753 4771 non
1796 4720 1859 4769 ut

198 4791 486 4863 canonicos,
536 4792 688 4845 inter
736 4808 877 4862 quos
918 4797 1049 4845 sunt
1102 4792 1277 4863 aliqui
1326 4790 1557 4863 majoris
1612 4786 1856 4863 auctori-

198 4859 322 4933 tatis,
364 4863 542 4933 aliqui
589 4859 843 4917 minoris.
880 4864 1019 4917 Nam
1049 4859 1271 4926 Tobias,
1298 4859 1510 4919 Judith.
1543 4864 1599 4913 et
1632 4859 1855 4933 Macha-

198 4928 421 5004 hﬁornm
460 4928 623 4994 libri,
657 4933 958 5003 Sapientiae
1001 4950 1230 5004 quoque
1278 4933 1420 4988 liber
1461 4936 1630 5004 atque
1678 4930 1857 5004 Eccle:

200 5000 444 5074 siasticus,
500 5004 664 5057 valde
722 4998 790 5057 ab
847 4998 1649 5074 oninihus'probanturfita
1705 4998 1855 5071 quod

198 5072 521 5140 Augustinus
554 5075 701 5128 libro
732 5075 801 5129 de
832 5075 1085 5128 doctrina
1125 5072 1443 5130 Christiana
1473 5074 1592 5141 (lib.
1640 5088 1698 5136 ii,
1731 5086 1850 5137 cap.

200 5142 231 5215 {ll
262 5150 362 5215 tres
408 5145 739 5215 superiores
784 5152 1049 5200 numerat
1100 5146 1249 5200 inter
1302 5147 1627 5215 canonicos.
1680 5144 1854 5215 Bimae

199 5209 451 5287 Sapientia
480 5209 699 5287 'atqne,
740 5217 1121 5271 Ecclesiastico
1185 5215 1339 5280 dicit,
1403 5214 1677 5287 meruisse
1722 5212 1855 5287 ‘illos

203 5284 343 5352 recipi
384 5286 440 5339 in
488 5282 907 5349 auctoritatem,
951 5292 1006 5341 et
1052 5288 1199 5341 inter
1246 5285 1611 5358 propheticos
1649 5282 1853 5358 debere

202 5358 471 5409 numerari.
507 5359 570 5412 Et
614 5358 685 5411 de
737 5358 896 5411 libris
933 5354 1381 5412 Macbabzeorum
1432 5357 1575 5410 libro
1633 5354 1854 5407 decimo

202 5432 362 5478 octavo
389 5429 540 5498 (Cap.
573 5432 664 5499 3t)
699 5430 769 5483 de
797 5428 1030 5484 Civitate
1061 5430 1161 5483 Dei
1190 5429 1453 5499 loquens,
1486 5433 1542 5480 et
1571 5426 1638 5480 de
1664 5425 1854 5478 Esdl‘tE

255 5550 315 5617 (α)
344 5552 523 5623 Hanc
572 5553 915 5607 divisionem
960 5554 1206 5623 probant
1258 5551 1477 5607 Hebraei
1516 5550 1625 5623 _qui
1665 5549 1855 5623 _Biblia

208 5622 373 5743 Zgzrob
400 5623 454 5678 id
487 5625 778 5696 appellant
810 5621 1217 5711 wax-Dtj‘c‘y,
1251 5624 1306 5677 id
1339 5628 1443 5682 est,
1478 5621 1677 5692 viginti
1709 5637 1856 5693 qna-

262 5762 316 5807 rh‘i
350 5764 503 5817 Nunc
530 5770 720 5819 tamen
756 5771 887 5834 post
921 5767 1221 5819 concilium
1264 5764 1677 5820 Tridentinuni,
1714 5779 1846 5816 sese.

1968 4367 2104 4420 dum
2142 4366 2501 4420 Biblicorum.
2551 4367 2689 4420 Nam
2722 4382 2853 4421 cum
2885 4367 3262 4436 Hieronymus
3308 4366 3363 4419 in
3415 4368 3655 4436 prologo

1966 4438 2215 4495 Galeato.
2249 4442 2374 4505 post
2401 4437 2891 4491 enumerationem
2918 4438 3325 4491 canonicorum
3356 4437 3650 4501 librorum,

1967 4509 2115 4561 dicat
2148 4525 2159 4561 :
2196 4526 2223 4559 α
2273 4508 2370 4562 Hic
2412 4509 2682 4577 prologus
2709 4508 3131 4577 Scripturarum
3176 4508 3339 4576 quasi
3368 4510 3655 4577 galeatum

1968 4576 2648 4659 principium,‘omnibus
2700 4576 2861 4658 libris
2892 4579 3152 4659 quos‘de
3202 4576 3434 4659 Hebraeo
3481 4576 3654 4632 verti-

1970 4665 2093 4703 mus
2148 4648 2206 4702 in
2278 4649 2543 4705 Latinum
2613 4648 2927 4703 convenire
2969 4653 3175 4719 potest,
3241 4654 3301 4702 ut
3358 4648 3499 4701 scire
3558 4663 3651 4719 va-

1966 4721 2183 4773 leamus
2238 4719 2515 4790 quidquid
2574 4726 2728 4774 extra
2800 4720 2903 4774 hos
2965 4717 3069 4784 est,
3126 4719 3277 4774 inter
3331 4717 3653 4790 apocrypha

1965 4807 2085 4843 esse
2124 4787 2475 4859 ponendum.
2514 4790 2695 4860 Igitur
2742 4790 3054 4859 Sapientia,
3104 4791 3453 4860 quasvulgo
3492 4787 3652 4860 Salo-

1966 4858 2151 4914 monis
2182 4858 2623 4925 inscribiturfet
2665 4858 2952 4916 Jesu’filii
2996 4858 3191 4913 Sirach
3236 4858 3404 4923 liber,
3456 4862 3512 4911 et
3556 4858 3651 4912 Ju-

1965 4932 2107 4998 dith,
2140 4936 2194 4985 et
2223 4932 2447 4996 Tobias,
2482 4937 2539 4985 et
2588 4933 2807 4996 Pastor,
2860 4947 2975 4985 non
3023 4936 3155 4983 sunt
3203 4929 3261 4982 in
3312 4944 3530 4982 canone
3573 4944 3647 4981 ευ

1966 5002 2256 5071 quomodo
2284 5002 2633 5057 credendum
2664 5008 2764 5065 est,
2797 5003 2955 5055 illum
2986 5007 3181 5070 postea
3223 4999 3279 5053 in
3316 5000 3426 5054 illis
3460 5001 3652 5068 prolo-

1965 5072 2051 5142 gis
2106 5072 2398 5143 scripsisse
2451 5091 2548 5127 eos
2606 5074 2755 5127 inter
2817 5072 3228 5143 hagiographa,
3281 5078 3339 5125 et
3387 5071 3497 5125 sibi
3545 5071 3651 5139 ipsi

1964 5142 2391 5198 contradicere?
2419 5144 2475 5198 Si
2524 5144 2651 5214 quis
2700 5150 2975 5213 praeterea
3024 5142 3340 5214 liberatiori
3392 5143 3653 5214 extimine

1968 5214 2295 5284 Hieronymi
2326 5214 2497 5268 verba
2530 5212 2589 5268 in
2633 5212 2796 5267 dietis
2826 5213 3078 5284 prologis
3110 5214 3499 5284 perpenderit,
3527 5212 3649 5284 aui-

1965 5282 2299 5365 madvertet
2324 5286 2511 5365 illum.
2549 5282 2841 5365 scripsisse
2901 5282 3249 5365 apocrypha,
3294 5301 3420 5365 non.
3459 5282 3651 5365 litigio:

1965 5357 2201 5425 grapha.
2240 5356 2385 5409 Dicit
2422 5356 2576 5409 enim
2605 5356 2661 5409 in
2706 5356 2942 5425 prologo
2988 5354 3181 5410 Tobias
3216 5373 3228 5409 :
3266 5374 3292 5406 α
3325 5354 3559 5419 Exigitis
3589 5357 3651 5405 ut

1966 5427 2175 5481 librnrn
2228 5427 2493 5481 Chaldaeo
2538 5443 2797 5480 sermone
2846 5427 3231 5496 conscriptum
3272 5427 3341 5479 ad
3390 5425 3650 5478 Latinum

1965 5555 2017 5617 ὅ,
2064 5551 2212 5605 decr.
2272 5551 2341 5604 de
2387 5550 2691 5623 canonicis,
2719 5551 3045 5623 Scripturis,
3098 5567 3211 5605 non
3248 5550 3394 5623 licet
3439 5566 3650 5618 negare

1965 5623 2068 5745 go;
2109 5623 2283 5676 libros
2328 5639 2448 5676 esse
2497 5622 2817 5686 canonicos,
2846 5621 3083 5693 excepto
3131 5621 3298 5676 tertio
3345 5626 3399 5674 et
3445 5628 3648 5692 quarto

1988 5711 2034 5745 .s
2079 5708 2171 5745 rte.

1988 5708 2171 5746 ιεατω.
