4050 6188
243 269 302 318 25
1716 264 2249 321 PROLEGOMENA.
3661 269 3726 318 '26

243 394 389 463 rant;
450 389 1170 463 icciptné;,__asteriscus,
1239 392 1294 444 et
1359 392 1454 463 est,
1521 388 2678 463 diminutivumAHieronymusperitus
2745 389 2805 443 in
2871 388 3050 463 tribus
3115 389 3344 463 linguis,

240 460 389 531 quasi
444 460 690 532 stellula.
726 460 834 516 Ubi
891 475 1023 516 vero
1085 466 1209 516 erat
1253 462 1630 532 superlluum,
1675 462 1924 532 ponebat

240 532 492 584 obelum:
551 531 718 593 ὀϐελὸς
767 532 924 586 enim
973 534 1162 586 Grace
1208 531 1416 586 dicitur
1458 531 1918 601 sagitta’Latine,

239 604 312 654 vel
337 619 468 655 veru
505 620 518 666 ;
558 604 788 661 signans
816 621 917 672 per
945 605 1049 656 hoc
1079 604 1230 673 quod
1278 604 1468 658 littera
1513 603 1589 657 ibi
1635 605 1922 673 superllua

240 680 369 725 erat.
424 675 639 727 Deinde
694 675 814 743 ipse
865 675 1160 742 Origenes,
1217 680 1281 728 ut
1327 675 1464 728 dicit
1523 675 1920 743 Hieronymus,

242 753 444 798 sextam
476 751 536 796 et
583 745 887 814 septimam
939 745 1370 798 translationem
1414 745 1558 798 miro
1610 745 1800 799 labore
1831 762 1924 798 re--

241 817 392 882 perit.
455 815 594 877 Quae
652 816 1078 881 translationes,
1137 817 1347 870 scilicet
1401 823 1620 886 quinta,
1665 821 1823 869 sexta
1869 819 1925 870 et

239 886 490 953 septima,
522 887 684 952 licet;
716 893 777 938 ut
807 887 956 940 idem
987 887 1067 939 ait
1099 887 1501 956 Hieronymus,
1552 887 1761 957 quibus
1793 903 1925 940 cen-

239 963 458 1008 seantur
485 957 840 1022 auctoribus,
878 957 1206 1025 ignoretur:
1239 964 1429 1011 tamen
1464 958 1539 1010 ita
1571 959 1926 1027 probabilem

240 1027 316 1077 sui
345 1027 732 1081 diversitatem
783 1035 999 1090 tenent,
1042 1035 1103 1082 nt
1151 1029 1548 1082 auctoritatem
1580 1030 1702 1082 sine
1734 1029 1925 1082 nomi-

241 1097 395 1148 nibus
451 1099 762 1170 tenuerint.
840 1099 1051 1153 Deinde
1111 1099 1346 1170 quidam
1409 1099 1660 1170 volentes
1716 1100 1927 1154 habere

241 1184 425 1220 omnes
477 1169 617 1220 istas
670 1170 1071 1223 translationes
1119 1169 1311 1230 simul,
1361 1169 1680 1224 scribebant
1730 1171 1924 1234 libros,

239 1238 423 1310 siccos
447 1240 783 1292 ordinantes
809 1241 966 1309 quod
994 1241 1050 1294 in
1094 1239 1279 1294 medio
1325 1240 1629 1310 cujuslibet
1676 1241 1793 1294 folii
1825 1257 1926 1310 po-

242 1307 436 1362 nebant
466 1325 566 1363 sex
617 1307 914 1364 columnas
940 1328 973 1362 a
1022 1327 1247 1364 summo
1286 1307 1551 1364 deorsum
1581 1307 1925 1364 descenden-

239 1387 330 1452 tes,
364 1387 652 1448 ponentes
709 1381 766 1434 in
832 1381 1018 1450 prima
1066 1383 1238 1434 verba
1283 1383 1673 1435 translationis
1707 1382 1924 1452 primas.

239 1450 290 1501 iu
349 1451 608 1502 secunda
668 1452 955 1515 secundas,
1024 1457 1078 1505 et
1145 1454 1222 1505 sic
1287 1453 1356 1505 de
1387 1453 1550 1507 aliis:
1599 1458 1656 1506 et
1684 1450 1774 1506 isti
1803 1452 1931 1506 libri

242 1519 530 1592 dictisunt
564 1520 778 1585 ἑξαπλά,
817 1523 888 1575 ab
918 1522 972 1584 ἐξ
1000 1525 1210 1586 Greece,
1263 1523 1415 1592 quod
1444 1529 1528 1577 est
1572 1538 1667 1577 sea:
1712 1524 1926 1588 Latine,

240 1591 388 1664 quasi
435 1595 730 1661 sexcupla.
777 1593 878 1664 γει
922 1594 1129 1647 dicitur
1172 1591 1382 1656 ἐξατὲλα,
1435 1593 1598 1664 quasi
1646 1593 1788 1647 liber
1823 1595 1927 1647 ha-

2038 389 2415 459 Hieronymus
2465 389 2678 460 peritus
2745 389 2805 443 in
2871 389 3050 442 tribus
3115 389 3344 458 linguis,
3433 389 3724 452 Hebraica,

2033 461 2225 515 Graeca
2255 466 2309 514 et
2334 461 2548 522 Latina,
2575 461 2763 531 primo
2784 461 3026 514 correxit
3072 461 3500 515 translationem
3551 461 3725 516 LXXII

2035 533 2420 600 Interpretum
2485 534 2544 586 in
2612 534 2808 586 Latino
2870 547 3000 586 cum
3054 531 3337 584 asteriscis
3393 537 3449 585 et
3509 531 3719 596 obelis;

2033 609 2239 682 postea.
2275 618 2406 655 vero
2453 604 2744 682 transtulit
2791 602 3126 682 immediate
3175 601 3352 682 Biblia
3393 603 3463 656 de
3486 603 3726 682 Hebraeo

2033 673 2090 726 in
2128 675 2390 726 Latinum
2421 673 2541 726 sine
2573 674 2854 726 asteriscis
2884 681 2941 726 et
2983 673 3195 742 obelis;
3226 678 3281 724 et
3331 674 3435 726 hac
3483 674 3730 726 transla-

2034 744 2193 797 tione
2227 759 2378 796 nunc
2411 745 2620 814 ubique
2654 745 2832 796 utitur
2859 749 2978 797 tota
3012 745 3263 797 Romana
3300 743 3564 810 Ecclesia,
3601 743 3731 799 licet

2035 831 2150 867 non
2197 814 2256 867 in
2301 815 2567 868 omnibus
2607 815 2784 868 libris.
2841 815 2904 868 Et
2925 816 3131 884 -ipsius
3180 814 3474 867 translatio
3527 815 3731 868 merito

2034 885 2256 938 caeteris
2286 885 2619 951 antefertur,
2675 886 2809 954 quia
2850 890 2934 938 est.
3001 885 3303 938 verborum
3363 888 3613 938 tenacior
3675 891 3733 940 et

2037 955 2437 1026 perspicuitate
2471 959 2768 1010 sententias
2791 955 3013 1008 clarior.
3063 957 3125 1009 Et
3182 957 3476 1009 translatio
3518 956 3725 1024 prima,

2035 1026 2246 1079 scilicet
2281 1027 2454 1080 LXXII
2501 1029 2904 1096 Interpretum,
2958 1027 3103 1079 facta
3151 1031 3237 1079 est
3284 1028 3343 1079 in
3387 1027 3733 1081 Alexandria

2035 1097 2282 1155 civitate.
2340 1113 2467 1166 quas
2527 1097 2856 1166 metropolis
2903 1105 2987 1151 est
3037 1097 3277 1165 Aigypti.
3330 1098 3471 1151 Alias
3535 1105 3729 1150 autem

2037 1168 2434 1220 translationes
2473 1167 2528 1220 in
2591 1168 2828 1220 diversis
2883 1167 3139 1237 partibus
3196 1169 3420 1232 mundi,
3465 1168 3562 1221 ubi
3597 1179 3732 1221 tunc

2038 1239 2296 1305 magistri
2331 1239 2675 1308 polluerunt.

2111 1311 2251 1362 Nota
2281 1306 2435 1378 quod
2465 1309 2813 1378 ubicumque
2847 1308 2904 1361 in
2933 1308 3090 1361 libris
3133 1306 3349 1360 Veteris
3379 1307 3727 1362 Testamenti

2038 1380 2310 1432 mendum
2370 1380 2673 1448 reperitur.
2722 1380 3133 1432 recurrendum
3185 1384 3270 1431 est
3328 1379 3398 1431 ad
3444 1379 3736 1432 volumina

2043 1451 2425 1511 Hebrieorutn,
2453 1451 2588 1521 quia
2624 1451 2789 1502 Vetus
2827 1451 3252 1521 Testamentum
3299 1450 3484 1518 primo
3520 1450 3592 1521 in
3620 1449 3731 1521 linf

2039 1538 2154 1586 gua
2219 1519 2486 1574 Ilebrtea'
2518 1521 2788 1590 scriptum
2857 1526 2980 1574 est:
3033 1519 3082 1572 si
3132 1536 3262 1572 vero
3295 1521 3352 1572 in
3405 1519 3562 1573 libris
3591 1519 3733 1573 Novi

2039 1592 2401 1655 Testanienti,
2431 1591 2824 1645 revertendum
2869 1596 2953 1644 est
2978 1591 3048 1644 ad
3070 1590 3359 1644 volumina
3408 1592 3731 1645 Graecorum

238 1659 366 1742 tiens
396 1677 491 1742 se;
529 1659 954 1742 translationes.
991 1666 1297 1742 rectas__vel
1348 1659 1700 1742 rectili‘catas‘.
1755 1665 1818 1718 Et
1841 1664 1928 1717 his
1964 1677 2004 1732 Β
2045 1661 2181 1742 quia
2229 1664 2446 1716 Novum
2488 1663 2912 1742 Testamentum
2951 1661 3180 1742 _primo_
3204 1661 3281 1742 in“
3313 1659 3733 1742 linguaﬁrasca

237 1733 585 1805 temporibus
641 1734 807 1805 multi
846 1734 1141 1805 utriusque
1189 1735 1403 1805 linguas
1459 1735 1617 1789 scioli
1667 1735 1930 1791 fecerunt

239 1802 813 1876 aliastrauslationes
861 1806 930 1858 de
981 1802 1517 1876 praedictis'Gi-ascis
1549 1805 1934 1860 translationi-

243 1873 335 1926 bus
377 1873 435 1926 in
509 1875 811 1929 Latinum.
885 1873 1197 1931 Novissime
1264 1877 1674 1948 superveniens
1735 1878 1934 1932 beatus

239 2012 354 2023 —

2043 1731 2318 1802 scriptum
2348 1738 2453 1800 est,
2487 1737 2692 1800 praeter
2724 1731 3090 1802 Evangelium
3134 1731 3381 1786 Matthasi
3409 1737 3465 1785 et.
3511 1731 3733 1802 Episto-

2043 1804 2157 1858 lam
2189 1805 2346 1858 Pauli
2377 1805 2447 1859 ad
2487 1805 2776 1858 Hebraeos.

1475 2132 1537 2176 IN
1583 2131 1822 2176 NOMINE
1861 2132 2115 2177 SANCTE
2151 2131 2520 2187 TRINITATIS,

1569 2261 1900 2330 INCIPIT
1957 2260 2418 2332 PROLOGUS

317 2425 719 2471 VENEBABILIS
768 2426 1004 2482 PATRIS,
1056 2426 1310 2472 FRATRIS
1360 2427 1596 2472 NICOI-AI
1645 2427 1723 2472 DE
1772 2428 1908 2472 LIBA
1957 2427 2202 2472 0RDINIS
2241 2427 2553 2473 SERAPIIICI
2602 2426 2810 2472 SANC'I‘I
2857 2424 3195 2483 FItANCISCI,
3248 2426 3326 2471 DE
3372 2427 3655 2473 COMMEN-

1313 2524 1578 2570 DATIONE
1626 2526 1827 2569 SACltdS
1865 2526 2213 2570 δαιιιρτυιιίε
2262 2527 2322 2570 IN

311 2786 336 2814 ι
395 2767 526 2820 Hac
577 2767 779 2820 omnia
827 2766 970 2820 liber
1017 2767 1169 2832 vitae,
1198 2786 1226 2816 ι)
1270 2775 1377 2820 etc.
1415 2768 1604 2836 (,Eccii.
1635 2775 1808 2834 xxxii).
1843 2770 1938 2824 Se-

247 2837 490 2910 cundum
525 2838 684 2910 quod
735 2837 872 2890 dicit
915 2837 1112 2910 beatus
1141 2839 1289 2907 Greg
1352 2838 1554 2891 llomil.
1586 2843 1650 2893 35
1685 2844 1942 2910 Evange—

249 2907 486 2963 liorum:
527 2907 556 2955 ἀ
612 2907 963 2979 Temporalis
1006 2908 1138 2970 vita,
1167 2915 1396 2962 aeternae
1436 2911 1562 2962 vita:
1589 2907 1938 2979 comparata,

2371 2526 2674 2571 GENERALI

2051 2768 2344 2823 sciendum
2378 2769 2533 2840 quod
2583 2785 2698 2822 una
2743 2768 2982 2840 scientia
3029 2768 3374 2824 eminentior
3423 2776 3530 2834 est,
3568 2769 3748 2840 altera

2051 2857 2148 2892 seu
2181 2839 2568 2894 honorabilior
2595 2839 2808 2910 duplici
2842 2840 2910 2892 de
2941 2856 3126 2899 causa,
3165 2845 3224 2892 ut
3275 2839 3515 2893 habetur
3556 2839 3745 2909 primo

2049 2911 2119 2964 de
2149 2911 2363 2963 anima.
2416 2911 2531 2963 Una
2581 2909 2686 2975 est,
2725 2910 2858 2980 quia
2908 2916 2991 2963 est
3031 2911 3099 2963 de
3147 2909 3415 2963 nobiliori
3457 2910 3742 2980 subjecto:

250 2985 504 3052 mersest
536 2977 1006 3052 potiusdicenda
1037 2994 1208 3052 quam
1251 2979 1381 3033 vita.
1418 2999 1446 3052 ιξ
1498 2977 1758 3052 Scientias
1810 2998 1940 3035 vero
1970 2989 2008 3043 ε
2051 2983 2179 3047 alia,
2215 2982 2347 3052 quia
2381 2981 2634 3052 procedit
2662 2977 2890 3034 certiori
2916 2981 3126 3052 modo.
3157 2982 3218 3034 Et
3261 2986 3496 3050 propter
3535 2977 3746 3052 utram-

251 3063 279 3100 a
327 3049 691 3118 philosophis
733 3049 958 3102 traditas
997 3049 1336 3103 ordinantur
1382 3051 1452 3104 ad
1502 3051 1675 3105 linem
1746 3070 1949 3106 conse—

251 3121 537 3191 quendum
576 3121 640 3172 in
674 3119 937 3188 praesenti
970 3120 1100 3183 vita,
1134 3120 1266 3191 quia
1290 3120 1542 3175 scientiae
1591 3124 1848 3190 practicte
1878 3125 1948 3179 ab

258 3191 330 3241 eis
375 3190 613 3261 tradita
657 3191 995 3243 ordinantur
1048 3191 1117 3245 ad
1159 3190 1487 3246 felicitatem
1532 3194 1840 3261 politicam,
1876 3196 1950 3247 ln-

257 3260 474 3328 quendo
507 3261 584 3314 de
617 3261 842 3329 politica
875 3262 1173 3330 praesentis
1203 3264 1352 3316 vitae.
1401 3260 1675 3317 Similiter
1701 3265 1950 3320 scientiae

260 3331 626 3404 speculativas
674 3333 1010 3404 ordinantur
1044 3334 1112 3386 ad
1165 3334 1492 3388 felicitatem
1555 3336 1951 3404 contemplati-

259 3417 413 3476 vam,
462 3402 766 3476 loquendo
805 3404 873 3455 de
903 3404 1405 3476 contemplatione
1451 3422 1580 3476 quae
1628 3402 1815 3475 potest
1848 3409 1952 3459 ba-

261 3472 462 3548 beri_in
497 3473 936 3548 vita_prazsenti,
989 3472 1186 3548 et__pe_r
1237 3477 1387 3548 viam
1430 3472 1670 3541 natura},
1707 3494 1834 3548 quae
1861 3478 1951 3531 de-

255 3544 452 3609 pendet
477 3560 550 3598 ex
586 3546 990 3613 phantasmate
1046 3546 1201 3599 Unde
1224 3545 1435 3600 dieitur
1461 3548 1626 3600 tertio
1649 3544 1950 3613 de'anima,

256 3615 411 3697 q_uod_
430 3634 457 3665 α
489 3615 970 3697 intelligentibus
979 3616 1167 3697 nobis
1188 3633 1414 3697 necesse
1441 3622 1541 3697 e_st_
1557 3618 1956 3697 phantasmata

257 3686 415 3757 simul
475 3686 787 3757 speculari.
840 3709 867 3734 ν
933 3687 996 3740 Et
1035 3687 1103 3740 de
1155 3688 1250 3742 tali
1299 3686 1686 3757 speculatione
1749 3690 1958 3743 dicitur

259 3755 712 3829 ibidem,'quod
759 3777 787 3805 «
855 3757 1175 3827 intelligere
1222 3755 1611 3829 corrumpitur
1661 3759 1719 3812 in
1769 3761 1954 3825 nobis,

257 3828 500 3911 quodam
533 3827 788 3911 interius
815 3833 1113 3911 cor-rupto..-
1143 3848 1167 3880 ν
1207 3829 1375 3911 Stcra
1423 3827 1615 3883 autem
1667 3831 1958 3911 Scriptura

260 3897 555 3970 ordinatur
579 3899 657 3951 ad
688 3898 1019 3952 felicitatem
1044 3900 1172 3953 vita:
1211 3901 1439 3963 futuras,
1488 3916 1660 3970 quam
1706 3897 1957 3970 philoso-

259 3968 350 4036 phi
377 3970 772 4033 nesciverunt,
807 3970 1122 4023 secundum
1153 3970 1304 4039 quod
1334 3971 1470 4023 dicit
1505 3968 1715 4025 beatus
1759 3973 1956 4026 Hiero-

261 4053 454 4105 nymus
486 4039 551 4093 in
585 4039 836 4107 epistola
871 4040 942 4093 ad
993 4041 1295 4094 Paulinum
1355 4040 1425 4094 de
1469 4043 1736 4096 omnibus
1784 4060 1957 4097 sacras

262 4109 562 4178 Scriptura:
627 4111 825 4164 libris:
877 4130 902 4159 ιι
947 4111 1060 4164 Hoc
1098 4111 1293 4164 doctus
1344 4113 1502 4165 Plato
1550 4113 1806 4178 nescivit,
1852 4115 1958 4169 hoc

266 4179 699 4263 Demosthenes.
725 4181 1010 4263 eloquens
1041 4181 1404 4263 ignoravit...»
1455 4184 1528 4263 Ei:
1575 4185 1801 4263 quibus.
1832 4201 1959 4238 con-

2060 3069 2171 3119 que
2221 3051 2376 3104 sacra
2422 3051 2732 3118 Scriptura,
2779 3068 2907 3122 qua!
2938 3051 3166 3121 proprie
3198 3052 3484 3120 tlieologii
3517 3051 3743 3116 dicitur,

2058 3139 2188 3176 cum
2220 3122 2343 3191 ipsa
2371 3124 2490 3176 sola
2517 3122 2584 3174 sit
2627 3129 2810 3175 textus
2843 3124 3011 3190 hujus
3043 3122 3316 3187 scientiae,
3351 3139 3550 3176 omnes
3571 3122 3747 3175 scien-

2061 3193 2165 3246 tias
2195 3193 2501 3246 antecellit.
2535 3194 2744 3257 Primo,
2771 3194 2906 3264 quia
2934 3193 3106 3264 habet
3142 3195 3317 3264 Deum
3341 3210 3453 3264 pro-
3490 3193 3747 3264 subjecto

2061 3265 2160 3333 qui
2206 3270 2291 3317 est
2331 3265 2387 3316 in
2434 3281 2658 3317 summo
2700 3263 2871 3317 totius
2916 3263 3266 3318 nobilitatis:
3318 3263 3553 3334 propter
3593 3263 3746 3334 quod

2059 3335 2390 3388 nominatur
2429 3335 2730 3404 theologia,
2781 3334 2944 3404 quasi
2989 3351 3178 3388 sermo
3227 3335 3295 3388 de
3338 3337 3475 3402 Deo,
3504 3335 3748 3388 secundo

2062 3407 2197 3476 quia
2229 3406 2479 3475 procedit
2505 3407 2672 3459 modo
2704 3406 2962 3470 certiori;
2995 3405 3120 3458 aliae
3167 3405 3320 3458 enim
3363 3405 3614 3460 scientias
3640 3405 3751 3459 hu-

2062 3483 2314 3530 manitus
2347 3482 2583 3544 repertae
2618 3476 2933 3544 procedunt
2979 3492 3081 3544 per
3119 3477 3607 3546 investigationem
3659 3492 3752 3529 ra-

2063 3548 2234 3601 tionis
2286 3549 2569 3600 hunianae.
2606 3549 2666 3600 In
2716 3563 2829 3670 3110
2883 3548 3112 3617 quidem
3147 3548 3422 3616 processis
3471 3548 3602 3600 licet
3638 3563 3754 3600 non

2063 3619 2136 3670 sit
2181 3635 2342 3670 error
2371 3625 2649 3670 quantum
2684 3635 2712 3670 a
2792 3617 3176 3670 cognitionem
3223 3617 3544 3670 primorum
3595 3618 3747 3670 urin-

2063 3619 2136 3672 sit
2181 3635 2342 3672 error
2371 3625 2649 3690 quantum
2684 3617 2750 3670 ad
2792 3617 3176 3686 cognitionem
3210 3617 3544 3690 primorum
3594 3618 3747 3688 prin-

2063 3687 2554 3759 cipioriim,'quze
2603 3695 2736 3742 sunt
2786 3704 2962 3757 perse
3011 3695 3142 3741 nota
3199 3687 3536 3757 (secundum
3599 3687 3751 3758 quod

2065 3761 2276 3813 dicitur
2311 3761 2558 3814 secundo
2591 3759 2939 3829 Metaphys.:
2978 3778 3003 3807 «
3046 3760 3105 3812 In
3132 3759 3350 3812 foribus
3394 3759 3524 3829 quis
3565 3760 3754 3812 delin-

2064 3836 2202 3901 quet
2235 3851 2259 3880 ι)
2295 3833 2336 3898 ),
2371 3838 2561 3884 tamen
2592 3831 2650 3884 in
2681 3831 3019 3901 deductione
3041 3829 3473 3884 conclusionum
3505 3847 3571 3884 ex
3602 3831 3753 3900 prin-

2065 3900 2230 3970 cipiis
2261 3907 2441 3970 potest
2472 3918 2593 3954 esse
2651 3917 2830 3966 error,
2872 3900 3138 3971 maxime,
3174 3907 3454 3971 quantum
3503 3901 3574 3955 ad
3615 3917 3756 3954 con-

2065 3973 2346 4024 clusiones
2376 3989 2408 4024 a
2440 3971 2637 4042 primis
2661 3971 2956 4040 principiis
2988 3970 3350 4042 longinquas.
3407 3972 3562 4026 Unde
3612 3979 3667 4025 et
3699 3972 3758 4024 in

2067 4043 2166 4095 tali
2217 4059 2482 4112 processu
2526 4059 2724 4113 omnes
2762 4042 3111 4113 philosophi,
3170 4043 3479 4095 innitentes
3534 4047 3758 4113 tantum

2068 4114 2336 4166 humanae
2370 4112 2812 4181 investigationi,
2845 4113 3216 4166 inveniuntur
3275 4128 3513 4177 errasse,
3554 4118 3610 4164 et
3631 4112 3758 4165 ideo

2069 4185 2138 4236 de
2169 4183 2440 4252 singulari
2471 4183 2780 4237 eminentia
2805 4184 2973 4254 hujus
3003 4182 3255 4236 scientias
3307 4182 3515 4236 dicitur
3548 4184 3760 4236 Dente—

263 4251 506 4331 cliiditnr
536 4251 702 4331 quod
736 4251 862 4331 libri
897 4268 928 4303 a
961 4252 1308 4331 philosophis
1343 4251 1609 4331 descripti
1652 4255 1956 4331 continen_-_
1989 4277 2030 4331 ι)
2068 4251 2317 4331 ιὐιιοωίιὶ
2341 4264 2583 4324 quarto:
2634 4274 2660 4305 «
2698 4256 2824 4331 lliec
2871 4251 2955 4307 est
2999 4255 3278 4331 sapientia
3321 4260 3529 4331 vestra,
3572 4254 3757 4331 etlin-

267 4326 338 4393 tes
382 4323 663 4375 scientias
715 4322 1006 4393 ordinatas
1054 4323 1124 4376 ad
1163 4325 1336 4377 linem
1388 4323 1446 4376 in
1496 4322 1597 4378 hac
1654 4326 1958 4393 temporali

266 4391 366 4445 vita
395 4392 813 4464 tantummodo
843 4392 1189 4446 naturaliter
1208 4395 1697 4464 consequendum,
1729 4391 1959 4451 esi—com-

270 4469 536 4535 parentur
567 4463 648 4516 ad
675 4463 848 4516 libros
870 4479 1043 4516 sacrae
1072 4463 1417 4534 Scripturte,’
1442 4481 1570 4535 qua!
1621 4467 1964 4520 ordinantur

269 4532 332 4585 ad
386 4535 569 4587 tinem
645 4539 872 4588 aeternae
926 4535 1073 4598 vitae,
1135 4532 1316 4604 magis
1368 4532 1501 4590 sunt
1557 4536 1778 4590 dicendi
1835 4538 1964 4591 libri

271 4609 453 4657 mortis
482 4619 671 4676 quam
696 4605 851 4658 vita.
893 4604 998 4660 Sed
1029 4605 1172 4659 liber
1217 4606 1514 4660 continens
1560 4624 1778 4662 sacram
1813 4609 1963 4663 Scri-

271 4675 511 4748 pturam’
539 4677 700 4748 (quae
749 4675 879 4729 licet
921 4677 982 4730 in
1023 4677 1218 4748 multis
1260 4677 1422 4732 libris
1451 4679 1788 4748 partialibus
1821 4679 1962 4732 divi-

270 4744 443 4809 datur,
476 4744 744 4820 sub'runo
775 4752 964 4820 tamen
1015 4747 1158 4802 libro
1209 4744 1550 4817 continetur)
1602 4749 1701 4820 qui
1733 4750 1963 4804 nomine

270 4818 513 4884 generali
557 4818 748 4872 Biblia
799 4819 1216 4890 dicitur,_liber
1248 4820 1374 4872 vitae
1403 4818 1650 4890 prOprie
1703 4821 1961 4874 nomina-

268 4892 369 4962 t_ur,
403 4891 731 4943 secundum
762 4889 912 4960 quod
946 4888 1155 4943 dicitur
1193 4889 1254 4943 in
1300 4889 1469 4944 verbo
1512 4888 1960 4962 prmassumpto:

271 4958 381 5012 Hac
408 4964 620 5021 omnia,
657 4966 765 5012 etc.

335 5030 392 5082 In
436 5047 558 5098 quo
609 5045 769 5082 sacra
802 5029 1093 5099 Scriptura
1133 5031 1580 5100 quadrupliciter
1625 5032 1967 5086 describitur

267 5101 862 5172 'secundumrquatnor
893 5102 1264 5164 excellentias,
1321 5102 1528 5172 quibus
1572 5119 1800 5156 onmem
1835 5104 1961 5156 scri-

271 5175 481 5239 pturam
540 5171 720 5224 aliam
758 5172 1001 5225 eXcellit.
1058 5172 1249 5226 Primo
1299 5171 1452 5226 enim
1502 5173 1860 5238 describitur,
1903 5179 1963 5227 ut

268 5242 573 5315 singularis
606 5241 958 5315 eminentia),
1012 5243 1159 5314 quod
1197 5249 1359 5298 notat
1404 5259 1730 5315 pronomen
1771 5246 1965 5315 singu-

269 5310 397 5377 lare,
440 5327 580 5366 cum
635 5313 864 5378 dicitur,
912 5310 1046 5367 haec:
1079 5315 1336 5368 Secundo
1385 5310 1730 5369 describitur
1774 5322 1834 5369 ut
1869 5310 1961 5383 ge-

271 5383 468 5436 neralis
497 5384 899 5437 continentiae.
923 5384 1076 5452 quod
1095 5385 1344 5439 ostendit
1368 5386 1593 5454 signum
1620 5386 1960 5452 universale,

272 5467 390 5526 cum
419 5455 674 5526 dicitur,
709 5457 905 5508 omnia.
950 5455 1136 5526 Tertio
1191 5454 1252 5508 iit
1294 5456 1604 5526 specularis
1645 5457 1963 5525 intelligen-

273 5522 379 5594 tia,
428 5524 593 5594 quod
646 5525 880 5579 denotat
901 5525 1152 5579 conditio
1204 5522 1350 5593 libri,
1384 5543 1515 5580 cum
1546 5527 1773 5593 dicitur,
1807 5522 1959 5582 liber.

273 5592 474 5669 Quarto
528 5596 900 5669 ntgsalutaris
954 5597 1238 5663 et‘ticacite,
1292 5592 1441 5669 quod
1484 5599 1732 5652 ostendit
1760 5615 1963 5652 conse—

275 5666 415 5717 cutio
446 5667 579 5720 linis
617 5667 840 5732 intenti,
873 5684 998 5720 cum
1039 5669 1264 5732 dicitur,
1308 5666 1457 5725 citae.
1511 5669 1664 5725 Circa
1710 5670 1958 5741 primum

2071 4327 2326 4379 tellectns
2377 4342 2566 4379 eorum
2626 4326 2869 4394 populis.
2923 4345 2947 4374 υ
2998 4325 3288 4394 Sapientia
3340 4326 3494 4379 enim
3557 4325 3763 4379 dicitur

2071 4396 2302 4466 proprie
2333 4396 2429 4450 illa
2461 4396 2692 4450 scientia
2727 4412 2853 4465 qum
2875 4395 3197 4449 considerat
3217 4396 3523 4450 altissimas
3543 4412 3758 4458 causas,

2071 4468 2406 4538 uthabetur
2463 4467 2647 4537 primo
2702 4467 3005 4538 llletaphys.
3067 4467 3234 4522 Sacra
3291 4483 3422 4522 vero
3474 4467 3761 4538 Scriptura

2073 4537 2245 4591 habet
2295 4539 2469 4591 Deum
2512 4554 2613 4608 pro
2660 4537 2935 4608 subjecto,
2997 4541 3056 4591 nt
3091 4539 3307 4591 dictum
3365 4543 3470 4603 est,
3533 4537 3631 4608 qui
3678 4541 3764 4608 est

2075 4610 2260 4678 prima
2298 4624 2464 4661 causa
2513 4607 2864 4678 simpliciter
2926 4608 3186 4662 omnium
3235 4614 3293 4662 et
3352 4609 3482 4662 ideo
3531 4607 3762 4678 proprie

2073 4679 2280 4733 dicitur
2324 4679 2627 4748 Sapientia.
2669 4679 2775 4732 Sed
2815 4680 3220 4732 convenienter
3275 4679 3527 4743 additur,
3560 4685 3760 4740 vestra,

2076 4751 2142 4803 ad
2178 4750 2649 4819 distinguendum
2679 4749 3017 4818 sapientiam
3051 4755 3398 4815 sanctorum,
3433 4765 3530 4801 seu
3567 4749 3762 4802 catho-

2072 4821 2334 4882 licorum,
2382 4836 2511 4890 quas
2557 4826 2642 4873 est
2686 4821 2806 4889 ipsa
2849 4837 3003 4872 sacra
3047 4819 3356 4890 Scriptura,
3404 4836 3436 4872 a
3483 4820 3762 4890 sapientia

2073 4889 2566 4960 philosophorum,
2600 4897 2655 4942 et
2677 4891 2780 4944 hoc
2812 4891 3104 4960 potissime
3136 4891 3195 4943 in
3222 4889 3467 4955 duobus,
3502 4889 3770 4944 videlicet

2072 4963 2131 5015 in
2168 4961 2616 5031 proprietatibus
2648 4961 2716 5014 de
2752 4963 2863 5015 Deo
2908 4960 3170 5030 cognitis,
3225 4967 3283 5013 et
3312 4961 3372 5015 in
3421 4963 3533 5015 tine
3565 4962 3763 5031 cogni-

2072 5032 2242 5086 tionis
2297 5033 2447 5086 Licet
2476 5032 2629 5085 enim
2660 5033 2983 5103 philoSOphi
3014 5031 3317 5084 habuerint
3373 5033 3763 5098 cognitionem

2072 5104 2140 5156 de
2169 5104 2298 5159 Deo.
2327 5104 2431 5156 hoc
2464 5109 2655 5156 tamen
2682 5105 2868 5156 solum
2916 5103 3022 5156 fuit
3069 5110 3349 5172 quantum
3397 5106 3464 5157 ad
3506 5103 3762 5173 proprie-

2072 5178 2212 5227 tates
2232 5191 2361 5244 quas
2391 5175 2458 5245 de
2492 5175 2614 5244 ipso
2643 5178 2882 5243 possunt
2930 5174 3190 5227 concludi
3242 5190 3343 5242 per
3387 5175 3767 5245 investigatio-

2073 5261 2206 5298 nem
2253 5244 2487 5298 rationis
2534 5245 2936 5314 procedentem
2986 5261 3051 5298 ex
3091 5245 3388 5311 creaturis,
3439 5244 3766 5300 sicnt’Phi-

2073 5315 2344 5385 losophus
2375 5315 2716 5368 duodecimo
2746 5315 3052 5382 Metaphys.
3082 5317 3284 5384 probat
3313 5318 3434 5384 ejus
3463 5317 3762 5379 unitatem,

2071 5394 2126 5441 et
2166 5393 2360 5440 octavo
2393 5386 2764 5456 Physicorum
2815 5386 3036 5440 virtutis
3085 5386 3454 5451 inﬁnitatem,
3503 5392 3558 5442 et
3589 5387 3667 5440 sic
3697 5387 3766 5440 de

2073 5458 2373 5511 similibus.
2405 5457 2510 5511 Sed
2545 5458 2838 5528 prophetae
2865 5462 2923 5512 et
2974 5459 3217 5526 apostoli
3265 5457 3460 5524 sancti,
3487 5457 3585 5528 qui
3622 5459 3766 5510 hanc

2072 5528 2420 5597 Scripturam
2455 5527 2620 5582 nobis
2652 5529 3008 5583 tradiderunt
3053 5545 3154 5599 per
3196 5529 3599 5582 revelatiouem
3630 5529 3761 5598 Spi-

2073 5599 2216 5652 ritus
2254 5599 2452 5670 sancti,
2503 5599 2830 5654 habuerunt.
2883 5601 3270 5668 cognitionem
3335 5600 3404 5653 de
3455 5599 3767 5670 proprieta-

2074 5670 2222 5724 tibus
2277 5669 2480 5724 divinis
2525 5671 3062 5725 transcendentibus
3103 5669 3600 5739 investigationem
3669 5687 3760 5720 ra-
