4050 6188
224 246 288 297 27
1120 240 1574 300 WALM‘RIDUS
1611 242 1926 300 STRABUS
1971 241 2360 299 FULDENSIS
2399 242 2784 300 MONACIIUS.
3663 246 3730 299 ‘28

227 366 422 450 tionis,
456 371 521 448 ut
553 365 623 421 de
657 364 982 450 pluralitate
1010 380 1449 450 personarum,_
1472 381 1668 450 earum
1719 366 1928 450 distin-
1963 366 2008 422 Α
2045 370 2243 450 utique
2265 369 2554 450 quidquid
2576 368 2705 449 sciri
2735 371 2920 440 potest
2953 367 3022 422 ab
3052 365 3283 422 homine
3329 365 3389 420 in
3421 366 3592 450 rebus
3622 367 3733 450 hu:-

231 439 421 493 ctione
478 438 536 492 in
574 437 788 491 unitate
839 439 1121 503 essentiae,
1181 443 1238 490 et
1296 437 1708 491 consimilibus.
1781 438 1924 490 Item

235 509 567 582 philosophi
621 507 1009 582 cognitionem
1067 508 1136 562 de
1188 509 1300 582 Deo
1339 508 1592 582 habitam
1626 507 1925 582 non_ordi-

238 579 520 635 navet-unt
569 579 638 633 ad
697 579 870 632 alium
925 580 1122 645 tinem,
1179 579 1274 632 sed
1334 579 1516 648 ipsam
1577 579 1930 647 quaesierunt

237 656 472 722 prOpter
518 650 705 722 ipsum
764 650 1045 718 speculari
1098 656 1342 722 tantum,
1402 649 1469 722 i_n_
1517 653 1930 722 quantum_est

239 717 510 794 perfectio
544 717 730 794 ipsius
780 717 1188 794 eognoscentis.
1249 717 1756 794 Cognitio'autem
1803 717 1923 794 _I_)ei,

239 790 370 864 qum
401 793 460 864 in
494 807 653 845 sacra
678 792 966 864 Scriptura
997 792 1257 864 traditur,
1289 793 1356 843 ad
1378 791 1506 864 hoc
1536 790 1932 860 principaliter

241 861 539 933 quaeritur,
585 869 646 914 ut
672 863 981 930 peripsam
1035 861 1156 933 ipse
1200 862 1497 933 speculans
1544 877 1643 914 seu
1674 866 1928 933 contem-

289 935 410 987 lans
436 934 651 987 feratur
680 933 737 985 in
772 948 1022 985 amorem
1054 930 1231 1000 ipsius
1277 931 1482 1000 objecti
1527 931 1763 1003 cogniti,
1815 931 1925 1003 sci-

289 952 410 987 18118
436 952 651 987 teratur
680 952 737 985 1n
772 952 1022 985 ΗΠΙΟΓΕΠ]
1054 952 1231 1000 IPSIUS
1277 952 1482 1000 UDJCCU
1528 952 1763 1003 ('OSHIU,
1815 952 1925 984 SCI'

244 952 378 1059 iicet
409 1005 528 1066 Dei,
558 1003 745 1072 ipsum
780 1018 952 1069 super
977 1017 1054 1064 se,
1089 1008 1145 1054 et
1170 1018 1340 1072 super
1381 1002 1576 1055 omnia
1614 1001 1925 1070 diligendo.

250 1076 311 1129 Et
336 1080 572 1144 propter
616 1075 720 1127 hoc
754 1073 1018 1144 Salvator
1066 1072 1312 1126 Mattiiwi
1358 1073 1632 1144 vigesimo
1683 1072 1930 1126 secundo

241 1142 377 1200 dicit
405 1142 555 1216 quod
579 1144 634 1196 in
669 1163 696 1194 «
732 1143 954 1216 duobus
1000 1143 1296 1213 praeceptis
1343 1142 1634 1216 charitatis
1686 1147 1805 1216 tota
1835 1145 1930 1216 lex

241 1213 452 1288 pendet
493 1222 549 1268 et
594 1214 925 1288 prophetae:
980 1233 1005 1264 ι)
1038 1220 1094 1267 et
1135 1215 1436 1288 Apostolus
1483 1214 1691 1288 prima;
1731 1214 1803 1267 ad
1833 1213 1932 1288 Ti-

244 1283 538 1341 motheum
571 1301 620 1338 ιε
655 1307 674 1332 ι
717 1283 863 1337 Finis
909 1283 1195 1354 praerepti
1231 1293 1314 1337 est
1369 1284 1612 1338 charitas
1661 1284 1731 1337 de
1764 1284 1932 1337 corde

244 1362 408 1428 puro,
470 1361 543 1428 et,
581 1355 931 1428 conscientia
983 1355 1150 1428 bona,
1199 1371 1265 1428 ac
1302 1355 1413 1428 ﬁde
1462 1371 1591 1428 non
1620 1354 1830 1428 ﬁcta.)
1873 1355 1935 1408 Et

243 1425 379 1498 quia
429 1426 762 1498 philosophi
807 1441 908 1498 suo
951 1425 1144 1479 sensui
1195 1426 1531 1492 innitentes,
1580 1425 1932 1480 hunctinem

244 1497 359 1552 non
388 1497 775 1558 attenderunt,
809 1497 937 1550 ideo
963 1501 1334 1559 erraverunt;
1381 1501 1618 1566 propter
1649 1497 1802 1566 quod
1834 1511 1930 1549 eo—

243 1585 370 1622 rum
400 1568 700 1638 sapientia,
734 1569 1053 1636 insipientia
1077 1568 1424 1631 nominatur,
1457 1568 1526 1621 ad
1561 1567 1882 1621 Romanos:
1919 1583 1931 1619 :

2041 437 2240 505 manis,
2281 437 2446 494 'ubi'
2503 437 2818 510 plurimum
2892 455 3258 510 supervacuae
3338 437 3603 510 vanitatis
3679 442 3736 510 et

2037 513 2222 566 noxiae
2285 508 2626 565 curiositatis
2688 516 2791 576 est,
2855 508 2989 564 huic
3044 509 3294 564 scientias
3325 509 3601 570 tribuens,
3634 508 3733 563 sed

2039 584 2176 638 illud
2230 583 2628 637 tantummodo
2684 598 2799 652 quo
2839 581 2977 635 ﬁdes
3027 582 3421 652 saluberrima,
3480 595 3625 652 quia
3661 580 3730 634 ad

2036 669 2232 708 veram
2263 653 2675 708 beatitudinem
2703 649 2879 714 ducit,
2913 651 3193 722 gignitur,
3222 649 3729 722 nutritur,'det_'en-

2037 725 2210 791 ditur,
2283 729 2338 777 et
2404 725 2724 786 roboratur.
2767 743 2794 773 η
2869 720 3026 778 unde.
3088 728 3145 776 et
3207 721 3442 776 Joannis
3503 720 3726 774 decimo

2037 802 2197 850 sexto
2226 795 2481 850 Salvator
2505 797 2740 866 loquens
2769 795 2839 850 de
2897 793 3110 862 Spiritu
3168 798 3384 866 sancto,
3439 793 3603 866 cujus
3655 806 3733 845 re-

2037 867 2320 920 velatione
2369 862 2593 919 tradita
2627 872 2711 918 est
2764 867 2886 919 haec
2927 866 3223 934 Scriptura
3269 862 3442 918 dicit:
3478 881 3502 911 α
3553 862 3728 916 Doce-

2038 937 2120 991 bit
2182 953 2279 990 vos
2345 952 2576 990 omnem
2643 936 2980 998 veritatem;
3049 955 3076 984 ι)
3112 935 3344 989 Glossa:
3400 951 3426 986 (ί
3478 948 3727 986 necessa-

2041 1028 2068 1058 (ι
2110 1007 2254 1061 riam
2287 1007 2355 1061 ad
2385 1009 2646 1061 salutem.
2685 1031 2712 1054 ››
2751 1008 2814 1060 Et
2840 1009 2919 1060 sic
2949 1010 3104 1076 patet
3131 1003 3465 1076 secundum.

2112 1078 2273 1132 Circa
2317 1077 2570 1141 tertium,
2620 1077 2775 1147 quod
2821 1083 2908 1130 est
2950 1073 3346 1144 intelligentia
3400 1073 3732 1147 specularis,

2041 1149 2196 1218 quod
2221 1153 2450 1213 notatur
2478 1165 2608 1202 cum
2631 1145 2856 1214 dicitur,
2886 1149 3042 1211 liber,
3075 1147 3549 1218 ron~iderandum
3582 1145 3735 1218 quod

2041 1215 2187 1274 liber
2204 1219 2376 1273 habet
2390 1219 2831 1273 similitudinem
2847 1220 3036 1288 specul
3049 1219 3082 1270 i.
3101 1217 3241 1282 Quia
3253 1217 3396 1269 sicut
3426 1216 3484 1288 in
3502 1215 3734 1288 speculo

2041 1297 2320 1360 apparent
2363 1289 2564 1344 formae
2610 1286 2925 1354 sensibiles,
2957 1290 3036 1342 sic
3076 1289 3134 1360 in
3182 1289 3326 1342 libro
3373 1287 3626 1360 relucent
3652 1286 3736 1360 in-

2041 1355 2369 1432 telligibiles
2411 1361 2694 1414 veritates.
2750 1360 2908 1432 Unde
2936 1366 2993 1412 et
3027 1359 3218 1432 divina
3265 1357 3643 1426 praescientia,
3674 1355 3736 1432 in

2043 1426 2194 1502 qua'
2225 1432 2478 1485 relucent
2539 1447 2740 1485 omnes
2796 1431 3080 1494 veritates,
3126 1430 3284 1502 iiber
3347 1434 3615 1502 vocatur:
3675 1426 3737 1502 in

2044 1497 2157 1572 quo
2190 1502 2332 1556 libro
2381 1508 2649 1572 leguntur
2700 1501 2875 1554 sancti
2925 1501 3173 1572 apostoli,
3213 1507 3270 1553 et
3306 1497 3738 1572 pr0phetmqui

2044 1567 2192 1627 lianc
2258 1567 2554 1627 scientiam
2607 1567 2982 1627 tradiderunt.
3046 1573 3110 1625 Et
3164 1571 3270 1624 hoc
3311 1567 3395 1623 est
3420 1567 3575 1640 quod
3603 1567 3738 1640 dicit

245 1659 271 1690 α
313 1640 423 1714 Qui
459 1637 586 1692 cum
620 1639 797 1693 Deum
824 1637 1237 1714 cognovissent,
1271 1653 1388 1691 non
1425 1638 1568 1714 sicut
1606 1639 1784 1691 Deum
1814 1638 1933 1707 glo—
1969 1655 2008 1710 Β
2046 1645 2236 1714 glossa
2283 1660 2456 1714 super
2505 1644 2646 1698 iuud
2698 1643 2857 1697 Isaia;
2915 1641 3211 1703 trigesimo
3269 1637 3499 1714 equm};
3552 1659 3578 1688 α
3629 1637 3739 1714 (ηε-

247 1732 273 1761 α
316 1711 698 1773 riticaverunt,
732 1715 831 1762 aut
887 1708 1098 1775 gratias
1129 1715 1400 1779 egerunt;
1439 1708 1535 1763 sed
1583 1713 1939 1762 evanuerunt

247 1803 274 1832 ‹‹
315 1780 376 1836 in
406 1779 850 1850 cogitationibus
879 1779 1015 1842 suis,
1048 1783 1103 1832 et
1127 1781 1493 1833 obscuratum
1545 1783 1629 1833 est
1664 1779 1940 1850 insipiens

246 1872 276 1903 α
315 1868 412 1905 cor
435 1849 676 1906 eurum:
709 1851 961 1904 dicentes
992 1849 1146 1904 enim
1179 1866 1235 1903 se
1279 1866 1400 1903 esse
1440 1850 1744 1918 sapientes,
1774 1849 1941 1903 stulti

247 1943 276 1974 α
315 1922 446 1976 facti
479 1927 628 1994 sunt.
664 1921 1134 1994 aSedquoniam
1166 1937 1323 1975 sacra
1361 1921 1654 1994 Scriptura
1705 1936 1817 1974 non
1850 1935 1940 1994 s_o_-

246 1995 367 2049 lum
401 1992 795 2064 excellitalias
834 1989 1176 2064 inquantum
1230 1996 1313 2044 est
1360 1992 1429 2064 de
1486 1989 1740 2061 subjecto
1791 1989 1944 2064 nobi-

250 2063 398 2129 liori,
430 2065 529 2118 sed
560 2063 731 2117 etiam
783 2061 1124 2132 inquantum
1175 2062 1431 2133 procedit
1474 2065 1644 2116 modo
1691 2061 1937 2124 certiori,

248 2135 514 2189 videlicet
549 2149 650 2203 per
689 2133 944 2188 divinam
1000 2133 1431 2199 revelationem,
1483 2133 1574 2186 cui
1615 2148 1729 2186 non
1758 2135 1946 2202 potest

248 2205 478 2260 subesse
533 2206 774 2260 falsum:
837 2205 964 2258 ideo
1013 2204 1274 2258 subditur
1315 2204 1377 2258 in
1426 2203 1762 2257 auctoritate
1790 2218 1940 2273 prae-

250 2277 454 2332 missa:
492 2295 519 2326 α
573 2277 634 2330 Et
676 2275 992 2346 intellectus
1039 2291 1228 2329 coram
1264 2275 1526 2346 populis.
1554 2293 1582 2326 ν
1615 2274 1944 2346 Intellectus

251 2347 405 2401 enim
436 2346 668 2418 proprie
699 2345 907 2400 dicitur
937 2347 1164 2418 habitus
1186 2345 1623 2416 principiorum,
1647 2345 1792 2398 circa
1815 2360 1944 2418 quae.

252 2433 391 2495 non
425 2414 510 2470 est
545 2414 762 2495 'errort
799 2414 1285 2495 u_t__jam__dictiim
1335 2414 1457 2495 est:
1501 2420 1746 2495 propter
1787 2414 1942 2494 quod

249 2487 395 2558 illud
424 2487 575 2558 quod
607 2485 969 2541 concluditur
997 2487 1206 2540 directe
1235 2503 1300 2540 ex
1331 2487 1466 2551 illis,
1491 2485 1782 2558 j’udicatur
1811 2485 1944 2538 Sim-

250 2556 477 2640 pliciter
509 2573 629 2638 esse
656 2573 852 2640 verum
877 2575 891 2624 ;
917 2563 972 2611 et
999 2559 1150 2640 qugd
1175 2558 1462 2640 invenitur
1486 2556 1566 2638 eis
1587 2571 1943 2640 repugnans,

244 2626 534 2700 judicatur
561 2627 896 2700 simpliciter
932 2626 1052 2682 esse
1084 2629 1307 2700 falsum.
1343 2629 1428 2682 Ita
1474 2626 1736 2700 similiter
1773 2626 1943 2698 quid-

255 2698 390 2772 quid
418 2698 692 2772 ex__sacra
743 2699 1034 2772 Scriptura
1083 2699 1386 2772 manifeste
1433 2698 1814 2772 concluditur,
1848 2714 1945 2772 ve-

254 2767 380 2824 rum
407 2770 718 2841 judicatur.
746 2786 760 2836 ;
785 2767 939 2840 quod
962 2775 1149 2824 autem
1173 2769 1226 2823 ei
1250 2773 1554 2841 repugnat,
1581 2769 1787 2841 falsum
1817 2767 1946 2822 sim-

256 2840 478 2912 pliciter
543 2845 877 2910 reputatur:
945 2847 1002 2912 et
1063 2841 1190 2895 ideo
1253 2840 1418 2894 sacra
1476 2840 1791 2912 Scriptura
1829 2855 1945 2912 non

257 2909 442 2966 solum
475 2909 707 2966 vocatur
754 2911 1055 2981 sapientia,
1107 2911 1203 2966 sed
1257 2913 1431 2966 etiam
1472 2909 1617 2965 cum'
1641 2911 1749 2965 hoc
1779 2909 1946 2964 intel-

259 2985 470 3048 lectus;
520 2983 672 3036 unde
731 2982 943 3036 dicitur
998 2983 1369 3037 Ecclesiastici
1421 2982 1641 3037 decimo
1705 2982 1948 3052 quinto:

257 3077 298 3132 «_
308 3053 596 3132 implebit
625 3069 755 3132 eum
803 3053 1008 3132 spiritu
1061 3054 1376 3132 sapientiae,
1417 3057 1490 3132 _et_
1545 3052 1951 3132 intellectus.»

259 3127 324 3179 Et
355 3124 772 3178 Colossensium
804 3122 992 3193 primo
1021 3140 1034 3176 :
1073 3145 1094 3171 ι
1130 3122 1496 3193 Impleamini
1551 3122 1842 3192 agnitione
1863 3139 1955 3175 vo-

259 3213 286 3247 s
323 3194 557 3248 luntatis
583 3195 707 3264 ejus
735 3194 791 3247 in
825 3193 984 3247 omni
1013 3194 1312 3263 sapientia,
1346 3198 1402 3248 et
1431 3193 1748 3258 intellectu,
1784 3213 1810 3244 ι)
1842 3197 1950 3247 etc.

259 3266 330 3320 Et
357 3265 436 3318 sic
467 3270 622 3334 patet
648 3264 922 3334 primum.

331 3333 486 3390 Circa
517 3333 829 3389 secundum
859 3333 1337 3388 considerandum
1369 3334 1522 3405 quod
1542 3333 1658 3405 sub
1692 3333 1954 3388 conside-

265 3405 488 3461 ratione
514 3406 757 3476 alicujus
781 3406 1031 3458 scientiaa
1062 3421 1177 3459 non
1208 3404 1400 3476 solum
1428 3404 1580 3459 cadit
1610 3405 1950 3475 subjectum,

265 3477 366 3532 sed
397 3477 569 3530 etiam
616 3475 682 3530 ea
737 3492 866 3546 qua:
913 3475 1124 3530 habent
1169 3475 1604 3530 attributionem
1637 3476 1708 3530 ad
1741 3491 1954 3546 ipsum,

261 3552 325 3626 ut
367 3547 611 3626 habetur
647 3545 1236 3626 .quarto_Metaphjjs.
1285 3546 1442 3626 Sicut
1480 3546 1584 3626 sub
1625 3545 1949 3600 considera-

261 3617 422 3672 tione
455 3617 797 3672 medicinon
831 3619 1016 3671 solum
1047 3617 1198 3671 cadit
1226 3618 1455 3683 sanitas,
1480 3618 1566 3670 vel
1615 3632 1822 3685 corpus
1863 3633 1951 3669 sa-

263 3688 477 3754 nabile,
536 3689 635 3742 sed
691 3689 861 3742 etiam
906 3689 1090 3754 urina,
1146 3688 1490 3758 inquantum
1541 3694 1625 3741 est
1650 3687 1955 3741 indicativa

270 3759 547 3824 sanitatis,
605 3763 661 3812 et
717 3759 899 3829 potio,
947 3757 1292 3829 inquantum
1346 3763 1430 3812 est
1471 3757 1675 3812 factiva
1722 3759 1866 3828 ejus,
1899 3762 1956 3829 et

261 3831 433 3894 dieta,
467 3828 810 3900 inquantum
861 3835 946 3883 est
993 3828 1168 3900 ipsius
1225 3831 1634 3893 conservativa,
1692 3835 1748 3882 et
1773 3828 1852 3882 sic
1883 3828 1953 3900 de

263 3901 405 3954 aliis.
441 3898 646 3955 Omnia
678 3905 873 3954 autem
920 3898 1108 3954 creata
1151 3901 1363 3954 habent
1410 3900 1838 3954 attributionem
1883 3898 1951 3952 ad

262 3971 454 4042 ipsum
509 3973 706 4038 Deum,
766 3972 867 4042 qui
923 3977 1006 4024 est
1058 3971 1230 4042 hujus
1292 3971 1544 4025 scientiae.
1607 3971 1951 4042 subjectum,

263 4040 498 4114 propter
537 4042 707 4114 quod,
749 4040 856 4096 ista
896 4040 1256 4095 scientia—est
1303 4041 1728 4113 quodammodo
1765 4040 1952 4114 cousi-

263 4112 510 4168 derativa
558 4112 838 4168 omnium.
891 4114 954 4167 In
1002 4129 1117 4183 quo
1174 4112 1414 4183 apparet
1443 4114 1568 4182 ejus
1596 4112 1954 4166 continentia

263 4183 568 4254 generalis,
635 4199 764 4254 quas
831 4188 1061 4238 notatur
1124 4183 1184 4236 in
1249 4184 1420 4236 verbo
1451 4183 1717 4253 primitus
1747 4198 1953 4254 praaasg

2051 1707 2261 1784 Expone
2315 1707 2510 1768 domui
2559 1719 2697 1778 tum,
2730 1733 2757 1765 »
2818 1719 2921 1767 etc.
2972 1714 3200 1768 Gtossa:
3239 1734 3259 1761 ι
3298 1711 3621 1784 Propheta
3677 1707 3739 1763 in

2048 1782 2172 1856 ipso
2208 1785 2352 1838 libro
2383 1785 2756 1855 praescientise
2790 1785 2887 1838 Dei
2917 1783 2973 1837 in
3005 1800 3120 1854 quo
3153 1782 3349 1836 omnia
3373 1782 3581 1856 scripta
3605 1785 3740 1856 sunt

2049 1850 2237 1926 legere
2285 1850 2605 1926 possunt.»
2650 1855 2812 1920 Quod
2859 1850 3050 1909 tamen
3103 1870 3217 1926 non
3273 1858 3358 1906 est
3396 1850 3735 1926 sicgintelli-

2050 1922 2301 1998 gendum
2335 1927 2492 1992 quod
2542 1929 2836 1997 prophetae
2885 1926 3133 1980 viderint
3179 1925 3360 1998 ipsam
3405 1922 3739 1998 Dei.essen-

2049 1991 2208 2069 tiam,
2243 1991 2371 2069 quaé
2404 1991 2558 2052 idem
2583 1991 2669 2052 est
2697 2014 2826 2069 cum
2858 1998 2980 2069 ejus
3009 1991 3384 2069 praescientia,
3434 1991 3567 2064 quia
3614 2008 3736 2069 pro.

2050 2063 2280 2139 phetica
2320 2069 2570 2139 cognitio
2617 2085 2746 2122 cum
2791 2063 3308 2139 habeat'asnigma,
3338 2063 3739 2139 evacuat_ur_in

2048 2135 2149 2193 tali
2181 2135 2417 2203 visione:
2447 2139 2761 2193 secundum
2815 2137 2968 2209 quod
3026 2135 3178 2209 dicit
3211 2136 3532 2209 Apostolus,
3565 2135 3582 2188 Ι
3644 2135 3740 2189 Co-

2052 2209 2397 2264 rinthiorum
2442 2210 2663 2264 decimo
2701 2207 2890 2263 tertio.
2939 2208 3049 2262 Sed
3103 2224 3206 2278 pro
3263 2211 3420 2260 tanto
3475 2207 3743 2278 dicuntur

2050 2281 2344 2351 propheta:
2373 2281 2433 2334 in
2466 2281 2609 2335 libro
2638 2279 3007 2350 praescientim
3054 2276 3166 2351 Dei
3199 2277 3419 2347 legisse,
3453 2276 3612 2351 quia
3641 2291 3743 2346 per

2052 2348 2268 2422 species
2294 2352 2570 2406 divinitus
2617 2348 2921 2422 impressas
2971 2349 3258 2422 mentibus
3306 2348 3738 2422 prophetarum,

2052 2417 2108 2475 et
2129 2438 2233 2492 per
2265 2423 2458 2476 lumen
2507 2417 2908 2492 propheticum
2953 2421 3034 2475 eis
3088 2417 3613 2492 proportionatum,
3659 2417 3738 2469 vi-

2054 2488 2267 2547 debant
2331 2510 2433 2546 suo
2487 2488 2655 2548 modo
2711 2488 3224 2546 veritatema_Dei
3273 2488 3507 2542 scientia
3550 2488 3618 2541 ad
3640 2503 3738 2540 eos

2052 2563 2363 2618 derivatam
2411 2579 2515 2633 per
2551 2563 2976 2617 revelationrm.
3031 2561 3185 2616 Sicut
3218 2560 3548 2633 intellectus
3567 2558 3742 2633 possi-

2052 2635 2205 2700 bilis,
2235 2627 2444 2688 virtute
2475 2627 2714 2688 luminis
2753 2634 3074 2687 intellectus
3116 2631 3356 2701 agentis,
3403 2627 3634 2699 inspicit
3659 2628 3735 2701 _in

2055 2699 2406 2776 speciebusa
2441 2705 2936 2774 pbantasmatibus
2984 2699 3221 2776 rcceptis
3259 2702 3363 2756 sibi
3413 2699 3745 2776 proportio-

2054 2771 2274 2830 nobiles
2307 2771 2585 2846 veritates.
2620 2777 2732 2830 Nos
2754 2781 2967 2842 autem,
2999 2771 3742 2846 qui‘talem‘cognitionem

2057 2863 2173 2900 non
2204 2843 2501 2918 habemus,
2535 2846 2634 2918 qui
2664 2846 2881 2900 lumine
2928 2843 3262 2918 prophetico
3319 2843 3584 2918 illustrati
3632 2857 3748 2918 non

1990 2942 2028 2996 ρ
2059 2934 2278 2996 sumus,
2310 2910 2424 2996 noti
2455 2910 2754 2988 possumus
2811 2910 2996 2996 legere
3042 2910 3111 2996 in
3148 2915 3298 2968 dicto
3346 2913 3529 2996 libro,
3561 2912 3659 2966 sed
3689 2913 3748 2965 in

2063 2989 2208 3042 libro
2238 2975 2543 3059 scripturae
2567 3004 2746 3059 sacra:
2772 2975 2934 3042 nobis
2971 2987 3177 3040 tradito
3192 2975 3581 3059 aprophetis.

2134 3059 2314 3114 Habet
2338 3052 2531 3113 tamen
2560 3058 2665 3112 iste
2714 3059 2859 3113 liber
2904 3059 3009 3112 hoc
3054 3052 3297 3126 speciale
3333 3052 3488 3126 quod
3528 3069 3642 3107 una
3668 3052 3748 3126 lit-

2061 3135 2183 3184 tera
2240 3130 2495 3201 continet
2544 3131 2754 3201 plures
2799 3145 3013 3183 sensus.
3070 3123 3243 3201 Cujus
3283 3123 3441 3201 _ra'tio
3496 3130 3581 3201 est
3616 3123 3753 3201 quia

2061 3200 2396 3272 principalis
2426 3194 2598 3270 hujus
2629 3199 2765 3272 libri
2789 3205 2996 3272 auctor.
3018 3205 3102 3251 est
3132 3194 3252 3272 ipse
3283 3198 3429 3272 Deus
3452 3195 3568 3272 :__in
3591 3194 3754 3272 cujus

2061 3264 2340 3342 potestate
2389 3276 2474 3325 est
2503 3264 2638 3326 'non
2690 3271 2873 3325 solum
2909 3268 3001 3342 uti
3048 3264 3278 3342 vocibus
3319 3267 3390 3320 ad
3430 3264 3751 3342 aliquidgsif

2061 3338 2448 3414 gniﬁcandum
2481 3342 2658 3412 (quod
2689 3341 2863 3414 etiam
2907 3338 3391 3414 hominestacere
3431 3340 3669 3407 possunt
3691 3338 3754 3414 et

2061 3413 2321 3483 faciunt),
2355 3413 2448 3466 sed
2495 3409 2667 3468 etiam
2705 3413 2885 3483 rebus
2917 3409 3248 3480 signiﬁcatis
3271 3424 3401 3483 per
3450 3422 3613 3460 voces
3643 3409 3750 3458 uti-

2065 3489 2158 3538 tur
2205 3479 2289 3538 ad'
2329 3484 2772 3553 signiﬁcandum
2818 3482 2957 3535 alias
2978 3479 3123 3535 ires:
3165 3485 3228 3553 et
3269 3479 3395 3553 ideo
3436 3491 3753 3553 commune

2063 3561 2147 3609 est
2196 3549 2464 3610 omnibus
2509 3555 2691 3618 libris,
2747 3553 2902 3623 quod
2948 3567 3109 3605 voces
3159 3549 3374 3623 aliquid
3406 3549 3749 3623 signiﬁcent,

2063 3626 2159 3680 sed
2205 3625 2450 3696 speciale
2497 3631 2553 3679 et
2578 3625 2712 3679 huic
2755 3620 2901 3696 libro
2938 3623 3096 3696 quod,
3141 3638 3230 3675 res
3259 3620 3613 3696 signiﬁcata:
3652 3633 3754 3688 per

2060 3691 2426 3750 voces—aliud
2473 3697 2815 3766 signiﬁcent.
2884 3691 3206 3750 Secundum
3265 3691 3443 3766 igitur
3486 3691 3752 3766 primam

2062 3762 2566 3838 significationem,
2623 3783 2754 3837 quae
2803 3769 2888 3820 est
2943 3781 3046 3836 per
3085 3779 3267 3838 voces.
3301 3762 3599 3832 accipitur
3621 3775 3756 3838 sen-

2063 3830 2156 3891 διιὲ
2188 3838 2448 3892 litteratis
2493 3830 2590 3891 seu
2635 3830 2974 3892 historicus:
3025 3833 3340 3888 secundum
3407 3830 3539 3885 vero
3582 3830 3750 3883 aliam

2062 3909 2561 3978 signiﬁcationem,
2594 3924 2723 3979 qum
2753 3913 2837 3961 est
2870 3923 2970 3976 per
2999 3906 3151 3979 ipsas
3185 3903 3608 3979 res,_a_ccip_itur
3632 3917 3756 3955 sen-

2063 3973 2158 4033 su's
2181 3981 2473 4050 mysticus,
2495 3996 2596 4033 seu
2612 3973 2959 4050 'spirituatis,
2988 3973 3090 4048 qui
3118 3980 3203 4030 est
3247 3975 3446 4050 triplex
3479 3973 3540 4026 in
3585 3986 3756 4050 gene:

2064 4050 2204 4111 rati;
2238 4041 2383 4120 quia
2413 4041 2470 4104 si
2513 4066 2603 4104 res
2637 4041 2971 4119 signiﬁcata}
3006 4041 3114 4118 per
3139 4041 3655 4120 voces-referantur
3685 4041 3757 4120 ad

2062 4113 2498 4191 signiﬁcandum
2520 4139 2586 4175 ea
2606 4113 2736 4192 quae
2761 4125 2894 4192 sunt
2931 4120 2992 4172 in
3010 4113 3176 4192 'nova
3205 4118 3329 4185 lege
3355 4114 3656 4192 credenda,
3680 4113 3759 4192 sic

2063 4183 2337 4262 acvcipatur
2364 4209 2563 4246 sensus
2592 4183 2972 4261 allegoricus;
3007 4188 3054 4241 si
3104 4183 3294 4241 autem
3335 4185 3656 4262 referantur
3684 4183 3758 4262 ad

265 4253 515 4332 sumpto,
545 4253 940 4332 cumhdicitur,
973 4256 1153 4332 omnia
1180 4273 1195 4321 ;
1225 4254 1294 4308 de
1335 4270 1450 4332 quo
1508 4259 1698 4332 potest
1745 4269 1929 4332 expon

2112 4253 2512 4331 igditicandum
2569 4279 2637 4316 ea
2691 4253 2821 4332 quae
2881 4253 2984 4332 per
3013 4274 3116 4312 nos
3136 4263 3272 4332 sunt
3298 4256 3536 4332 agenda,
3567 4253 3646 4308 sic
3668 4258 3760 4332 est

264 4327 421 4396 quod
449 4324 656 4396 dicitur
673 4325 978 4396 Sapientiae
1006 4324 1229 4396 primo:
1263 4343 1291 4374 tt
1339 4325 1454 4378 Hoc
1499 4324 1652 4396 quod
1704 4324 1954 4396 continet

267 4393 462 4448 omnia
487 4393 782 4448 scientiam
813 4395 984 4448 habet
1008 4393 1198 4459 vocis;
1252 4415 1279 4443 »
1333 4402 1396 4448 ut
1420 4395 1494 4449 sit
1516 4393 1768 4448 'sensus:
1817 4395 1950 4458 Hoc,

266 4465 480 4536 scilicet
497 4465 763 4536 volumen
795 4481 968 4520 sacra:
999 4465 1303 4533 Scriptura:
1333 4467 1488 4536 (quae
1531 4465 1662 4520 licet
1696 4464 1952 4536 dividan-

269 4541 364 4590 tur
391 4535 450 4590 in
482 4535 674 4606 plures
705 4535 878 4590 libros
927 4537 1212 4605 partiales,
1262 4535 1457 4590 tamen
1502 4536 1844 4604 rediguntur
1895 4535 1954 4588 in

270 4622 449 4661 unum
475 4607 741 4678 volumen
775 4607 930 4678 quod
962 4607 1141 4678 Biblia
1179 4609 1522 4677 appellatur)
1549 4606 1802 4660 continet
1830 4622 1954 4678 om-

273 4678 388 4743 nia,
451 4677 586 4748 quia
615 4677 737 4732 heec
792 4677 1028 4731 Scientia
1096 4682 1180 4730 est
1243 4677 1662 4748 quodammodo
1699 4677 1958 4730 omnium

270 4747 710 4802 considerativa.
759 4767 785 4799 «
827 4749 1133 4803 Scientiam
1188 4747 1361 4803 habet
1405 4749 1592 4803 vocis:
1649 4769 1671 4796 υ
1718 4749 1788 4802 de
1829 4763 1958 4818 pro-

273 4819 515 4889 prietate
567 4819 716 4874 vocis
774 4825 876 4886 est,
910 4820 1065 4890 quod
1118 4819 1191 4873 sit
1250 4819 1402 4872 verbi
1454 4818 1847 4890 signiﬁcativa,
1904 4823 1961 4890 et

268 4890 566 4960 proprium
599 4895 684 4944 est
713 4907 885 4945 sacra:
915 4889 1221 4960 Scriptura:
1251 4890 1402 4960 quod
1451 4889 1525 4944 sit
1569 4890 1745 4943 divini
1795 4889 1961 4942 Verbi

269 4960 606 5032 expressiva,
638 4961 1123 5032 secundumquod
1172 4961 1471 5032 manifeste
1511 4961 1754 5015 habetur
1793 4961 1962 5032 Joan-

271 5029 362 5103 nis
382 5030 568 5101 primo
594 5047 665 5103 :7«
715 5033 783 5103 "In
836 5029 1120 5103 principio
1178 5036 1298 5089 erat
1351 5031 1617 5096 Verbum,
1652 5050 1680 5078 »ι
1740 5034 1858 5103 etc._
1894 5029 1962 5083 Et

271 5100 405 5172 quia
455 5117 559 5170 per
607 5100 854 5155 Verbum
905 5100 1100 5158 omnia
1155 5103 1302 5157 facta
1388 5105 1539 5167 sunt,
1621 5105 1682 5154 ut
1746 5100 1960 5172 ibidem

272 5170 553 5240 subditur,
587 5172 716 5226 ideo
748 5172 942 5226 omnia
967 5174 1070 5228 sub
1101 5172 1557 5227 consideratione
1587 5171 1760 5242 hujus
1787 5170 1962 5224 scien-

272 5243 365 5297 tia:
389 5243 792 5296 continentur:
830 5259 946 5297 non
980 5250 1173 5298 tamen
1223 5243 1327 5297 sub
1371 5242 1617 5314 propriis
1649 5242 1964 5314 rationibus

272 5314 656 5383 singulorum,
715 5314 850 5385 quia
893 5315 998 5385 hoc
1036 5315 1286 5385 pertinet
1305 5313 1387 5368 ad
1419 5313 1680 5368 scientias
1709 5313 1960 5384 particu-

272 5385 421 5456 lares
455 5389 511 5438 et
537 5384 869 5456 humanitus
894 5384 1176 5454 inventas,
1209 5385 1310 5439 sed
1367 5385 1711 5456 inquantum
1743 5396 1806 5438 ex
1835 5399 1966 5456 om-

273 5455 441 5509 nibus
467 5455 671 5510 creatis
701 5472 877 5510 manu
912 5456 1175 5510 ducimur
1205 5456 1265 5509 in
1301 5454 1691 5525 cognitionem
1734 5459 1790 5509 et
1818 5454 1962 5508 dile-

273 5525 525 5607 ctionem
573 5526 674 5580 Dei
729 5543 836 5607 per
881 5543 1072 5607 veram
1108 5525 1963 5607 iidempharitateiormatam,

275 5596 343 5650 ad
375 5613 551 5668 quam
584 5596 973 5652 consideratio
1021 5599 1193 5668 hujus
1245 5597 1495 5651 scientia}
1545 5597 1862 5662 ordinatur,
1905 5601 1963 5648 nt

277 5667 610 5738 praedictum
638 5673 741 5722 est.
800 5669 869 5722 Et
921 5669 1029 5723 hoc
1088 5667 1173 5722 est
1230 5668 1381 5738 quod
1436 5669 1572 5722 dicit
1614 5668 1964 5738 Augustinus

273 5739 494 5792 decimo
548 5746 752 5810 quarto
799 5741 866 5793 de
915 5739 1207 5804 Trinitate,
1274 5756 1397 5808 cap.
1464 5740 1692 5808 primo:
1752 5760 1778 5787 ‹‹
1840 5740 1962 5791 Non

2065 4325 2264 4386 sensus
2292 4335 2522 4386 moralis
2551 4332 2637 4386 vel
2668 4325 3054 4400 tropologicus
3077 4346 3092 4394 ;
3117 4327 3165 4380 si
3213 4331 3416 4400 autem
3437 4325 3758 4400 referantur

2065 4404 2133 4457 ad
2154 4404 2593 4474 signiﬁcandum
2625 4419 2692 4457 ea
2721 4395 2851 4473 quae
2894 4395 3029 4454 s'unt
3076 4396 3358 4474 speranda
3401 4395 3752 4474 in_beatitu-

2067 4465 2442 4540 dinevfutura,
2511 4474 2589 4527 sic
2655 4465 2756 4528 est.
2779 4487 2980 4526 sensus
3039 4465 3406 4539 an'agogicus.
3459 4466 3524 4520 Et
3549 4465 3759 4520 dicitur

2067 4545 2135 4599 ab
2166 4543 2340 4616 ἀνάγω
2363 4544 2518 4616 quod
2544 4549 2624 4605 est
2649 4558 2877 4598 sursum
2904 4542 3062 4596 tollo.
3097 4541 3255 4595 Unde
3283 4553 3477 4592 versus
3501 4553 3514 4592 :

2189 4650 2380 4713 Littera
2408 4658 2554 4713 gesta
2582 4649 2750 4709 docet,
2773 4647 2897 4712 quid
2923 4645 3104 4713 credas
3133 4642 3403 4713 allegoria,

2189 4705 2553 4776 Moralis‘quid
2582 4705 2857 4776 βεδε,ὴίιο
2886 4708 3071 4759 tendas
3096 4705 3370 4769 anagOgia.

2139 4813 2208 4866 Et
2251 4811 2493 4865 istorum
2543 4816 2793 4880 quatuor
2838 4821 3110 4880 sensuum
3153 4807 3340 4874 potest
3399 4801 3536 4880 poni
3571 4816 3761 4856 exem-

2068 4885 2227 4956 plum
2248 4882 2309 4956 in
2342 4883 2453 4956 hac
2478 4873 3086 4956 dic-tionejerusalem,
3119 4873 3248 4956 quae
3280 4873 3595 4956 secundum
3625 4888 3760 4926 sen—

2070 4945 2195 5009 sum
2247 4953 2554 5007 litteralem
2604 4951 2891 5021 signiticet
2942 4951 3250 5021 quamdam
3278 4945 3590 5021 cisitatem,
3631 4958 3762 5014 qua

2071 5026 2179 5080 fuit
2226 5023 2514 5093 quondam
2573 5016 2930 5093 me'tropolis
2964 5018 3027 5093 in
3061 5031 3270 5093 _re_gno
3333 5016 3564 5093 Jruda'as,
3605 5028 3764 5093 Δ(λειω

2070 5083 2261 5168 primo
2285 5093 2659 5168 fuit__fundata
2696 5109 2749 5168 ιιΔ
2764 5083 3212 5168 Melchisedech,
3250 5092 3447 5168 postea
3473 5101 3574 5156 per
3603 5083 3765 5139 Salo~

2071 5157 2302 5221 inonem
2365 5166 2540 5218 dilata
2604 5169 2661 5217 et
2725 5161 3048 5217 fortiticata.
3129 5157 3450 5213 Secundum
3535 5170 3766 5208 sensum

2071 5254 2203 5292 vero
2231 5237 2506 5290 moralem
2541 5234 2826 5306 signiﬁcat
2869 5233 3120 5306 animam
3163 5229 3409 5306 ﬁdelem,
3451 5225 3768 5306 secundum

2075 5324 2244 5380 quem
2280 5323 2509 5360 sensum
2541 5296 2745 5380 dicitur
2777 5303 2936 5380 Isaiae
2967 5298 3447 5380 quinquagesimo
3479 5296 3764 5380 secundo:

2077 5367 2110 5430 (ἱ
2148 5380 2458 5447 Consurge,
2492 5376 2647 5441 sede,
2678 5367 3030 5447 Jerusalem;
3045 5395 3072 5421 ››
3115 5367 3254 5447 etcf
3279 5367 3771 5447 Secundumnsen-

2074 5466 2201 5504 sum
2241 5438 2400 5503 vero"
2427 5438 2798 5518 allegoricum
2846 5443 3130 5518 significat
3175 5438 3477 5518 Ecclesium
3525 5438 3771 5518 militan-

2077 5525 2211 5587 tem,
2253 5509 2570 5574 secunduni
2617 5534 2790 5588 quem
2829 5511 3036 5570 dieitur
3080 5509 3448 5588 Apocalypsis
3492 5509 3768 5578 vigesimo

2076 5582 2302 5662 primo:
2349 5609 2380 5662 «γ
2401 5590 2524 5644 Vidi
2571 5582 2870 5662 civitatem
2894 5590 3148 5662 sanctam
3193 5582 3506 5662 Jerusalem
3561 5595 3766 5662 novam

2076 5655 2584 5718 sdescendentem
2647 5661 2715 5714 de
2771 5657 2932 5724 ccelo,
2997 5673 3031 5709 a
3097 5655 3211 5709 Deo
3277 5656 3556 5724 paratam,
3624 5655 3770 5703 sicut

2075 5753 2102 5785 ‹‹
2143 5748 2411 5807 sponsam
2441 5736 2701 5786 ornatam
2749 5729 2869 5781 viro
2917 5723 3038 5780 Suo.
3076 5745 3100 5774 η
3129 5723 3455 5778 Secundum
3477 5737 3609 5775 vero
3636 5736 3761 5772 sen-
