4086 6190
236 273 301 326 29
1754 266 2291 327 PROLEGOMENA.
3688 278 3756 329 30

232 406 357 445 sum
399 390 781 461 anagogicum
840 387 1156 461 signiﬁcat,
1197 385 1498 461 Ecclesium
1570 386 1925 457 triumphan-
1968 393 2015 449 Α
2054 410 2081 439 ‹‹
2120 388 2457 461 Scripturas,
2493 388 2549 443 in
2596 389 2803 461 quibus
2849 390 3059 460 putatis
3108 406 3206 444 vos
3250 390 3429 448 vitam
3472 398 3746 449 aeternam

234 465 370 524 tem,
442 458 759 515 secundum
828 458 987 531 quod
1052 459 1259 514 dicitur
1310 458 1637 531 Galatarum
1700 464 1942 530 quarto:

238 554 258 581 ι
323 533 428 586 llla
465 548 596 601 quae
643 530 874 585 sursum
918 536 1001 584 est
1041 531 1373 593 Jerusalem,
1433 537 1523 584 est
1569 530 1770 592 libera,
1816 546 1945 600 qua:

238 624 264 654 α
304 611 393 657 est
427 600 609 656 mater
640 609 859 671 nostra,
893 621 918 651 ι
958 603 1017 655 Et
1040 602 1185 654 sicut
1216 600 1465 671 positum
1508 606 1591 654 est
1618 602 1946 669 exemplum

237 676 295 727 in
322 690 443 725 una
469 673 742 737 dictione,
768 673 850 727 ita
898 678 1083 743 posset
1121 672 1257 743 poni
1296 671 1354 726 in
1402 688 1520 743 una
1569 672 1856 743 oratione:
1893 676 1948 724 et

240 744 466 798 sicutin
492 760 628 809 una,
679 745 757 797 ita
780 750 838 796 et
867 742 925 796 in
978 742 1133 797 aliis.
1176 743 1357 813 Igitur
1402 742 1471 796 de
1509 742 1617 813 isto
1666 742 1810 795 libro
1840 743 1945 795 sub

243 832 357 869 una
413 816 605 868 littera
652 814 985 868 continente
1036 812 1225 884 plures
1270 829 1489 877 sensus,
1518 812 1751 884 dicitur
1806 813 1945 866 Eze-

243 886 443 939 chielis
474 886 763 939 secundo:
801 905 827 935 (ι
856 886 989 938 Ecce
1024 883 1224 938 manus
1255 884 1425 936 missa
1464 883 1534 937 ad
1568 899 1681 949 me,
1732 883 1792 936 in
1833 900 1946 954 qua

249 979 269 1005 ι
315 963 441 1009 erat
471 957 765 1009 involutus
796 956 959 1012 liber.
995 961 1050 1007 et
1094 954 1361 1025 expandit
1400 954 1566 1008 illum
1610 970 1803 1007 coram
1834 970 1946 1020 me,

248 1046 273 1077 α
316 1029 577 1097 quierat
645 1028 885 1096 scriptus
926 1026 1078 1079 intus
1129 1024 1186 1079 et
1245 1024 1447 1097 foris.»
1484 1026 1548 1079 Et
1576 1025 1947 1095 Apocalypsis

248 1118 273 1148 ι
306 1095 546 1166 quinto:
582 1117 608 1147 ς(
642 1095 769 1150 Vidi
798 1097 857 1150 in
904 1096 1132 1150 dextera
1173 1095 1420 1148 sedentis
1462 1111 1634 1164 super
1672 1097 1943 1148 thronum

249 1190 274 1217 ι
318 1170 535 1221 librum
568 1169 840 1236 scriptum
876 1167 1029 1220 intus
1058 1172 1115 1220 et
1143 1166 1301 1220 foris.
1342 1187 1361 1213 ι
1393 1166 1681 1236 Scriptura
1704 1166 1947 1219 exterior

244 1246 328 1293 est
371 1255 577 1317 sensus
633 1238 916 1321 litteratis,
971 1237 1083 1321 qui
1146 1242 1232 1290 est
1294 1237 1596 1321 patentior,
1658 1237 1795 1307 quia
1848 1253 1947 1317 per

246 1326 409 1361 voces
451 1310 786 1362 immediate
835 1307 1227 1377 signiticatur:
1278 1307 1559 1375 scriptura
1623 1314 1814 1361 autem
1863 1308 1947 1361 in-

245 1379 421 1433 terior
469 1386 559 1434 est
608 1395 808 1432 sensus
853 1380 1143 1448 mysticus,
1194 1378 1279 1431 vel
1337 1377 1670 1448 spiritualis,
1715 1378 1814 1448 qui
1863 1382 1944 1431 est

247 1451 538 1515 latentier,
572 1451 708 1518 quia
742 1466 842 1521 per
890 1466 979 1503 res
1006 1448 1351 1521 signiﬁcatas
1398 1448 1631 1521 vocibus
1680 1448 1943 1519 designa-

245 1529 354 1579 tur.
393 1526 457 1573 ut
480 1522 820 1590 praedictum
852 1526 954 1572 est.
995 1521 1055 1573 Et
1084 1520 1163 1572 sic
1200 1523 1355 1589 patet
1384 1520 1639 1572 tertium.

314 1588 805 1661 Circa‘quartnm,
842 1592 898 1645 in
946 1607 1060 1660 quo
1108 1588 1337 1643 notatur
1381 1589 1629 1643 efticacia
1660 1588 1940 1661 salutaris,

247 1679 375 1716 cum
421 1659 657 1726 dicitur,
710 1665 855 1727 vita,
903 1661 1386 1715 considerandum
1432 1661 1610 1730 quod,
1664 1661 1809 1714 sicut
1856 1659 1942 1712 di-

249 1741 398 1787 ctum
432 1716 520 1786 est
551 1749 582 1786 a
616 1716 925 1802 principio,
960 1733 1115 1785 nulla
1161 1730 1272 1785 alia
1316 1716 1621 1800 scriptura,
1671 1730 1779 1785 nisi
1816 1729 1940 1802 ista,
1977 1716 2016 1771 Β

246 1805 399 1858 ducit
432 1804 768 1858 immediate
799 1801 868 1858 ad
905 1803 1076 1856 vitam
1117 1802 1342 1856 beatam
1375 1817 1504 1872 qua:
1540 1803 1660 1855 sola
1700 1805 1784 1855 est
1834 1801 1947 1854 vita

248 1876 606 1946 simpliciter,
642 1874 776 1945 quia
807 1878 1052 1946 mortem
1078 1872 1752 1946 nescit._ldeo_Salvator,
1774 1873 1945 1946 Joan-

245 1946 330 2000 nis
357 1942 611 2017 'quinto,
658 1942 726 1999 lo
770 1960 914 1998 nens
961 1944 1031 1998 de
1088 1943 1546 2015 efticaciabujus
1585 1959 1758 1997 sacrm
1808 1942 1948 1997 Scri-

246 2024 445 2070 uture.
484 2017 711 2070 dicebat
730 1962 952 2070 (Iudaeis
984 2014 1042 2068 in
1092 2016 1217 2070 lege
1261 2014 1498 2070 ueritis:
1534 2034 1560 2065 (ι
1601 2013 1947 2068 Scrutamini

244 2013 445 2087 pturaé.
484 2017 711 2071 dicebat
737 2013 952 2070 Iudaeis
984 2014 1042 2068 in
1092 2016 1217 2085 lege
1260 2013 1498 2086 peritis:
1534 2034 1560 2065 (ι
1601 2013 1947 2068 Scrutamini

2058 480 2083 510 ‹‹
2127 460 2355 543 nabere.
2392 479 2419 510 ι)
2456 460 2798 543 ῼίπςεειῳιοᾴ
2826 462 3120 543 sciendum
3159 464 3309 543 quod
3342 463 3449 516 hoc
3487 466 3748 543 verbum,

2052 534 2284 610 putetis,
2311 532 2483 610 quod
2532 532 2806 601 importat
2854 532 2981 610 falsi
3030 532 3385 610 opinionem,
3420 536 3505 589 vel
3546 537 3748 590 saltem

2057 602 2174 654 veri
2230 601 2668 669 dubitationem,
2725 618 2837 655 non
2892 603 3135 656 refertur
3179 606 3246 657 ad
3297 604 3481 672 ipsam
3532 622 3750 660 sacram

2055 672 2423 741 Scripturam,
2453 689 2609 744 quas
2662 674 2880 726 nullum
2926 674 3131 728 falsum
3180 677 3454 738 continet,
3500 683 3564 729 ut
3596 682 3753 744 patet

2056 758 2118 795 ex
2150 743 2529 816 supradictis;
2582 759 2683 797 nec
2731 750 2817 796 est
2863 744 3034 798 etiam
3084 745 3346 812 dubium,
3391 744 3531 816 quin
3565 743 3632 799 ad
3669 748 3750 800 vi-

2057 818 2171 866 tam
2203 814 2471 886 perducat
2494 814 2741 886 beatam,
2770 830 2899 867 cum
2932 815 3003 868 sit
3051 815 3341 886 quoddam
3393 814 3753 870 instrumen-

2054 888 2178 936 tum
2231 884 2597 957 perveniendi
2646 884 2715 937 ad
2771 884 3451 957 teternam'felicitatem,
3504 894 3567 941 ut
3601 893 3753 957 patet

2056 970 2119 1007 ex
2178 953 2363 1007 verbis
2415 954 2563 1008 beati
2622 956 2926 1024 Augustini
2983 957 3245 1025 superius
3313 953 3614 1011 inductis:
3653 959 3750 1012 sed

2055 1025 2299 1078 refertur
2355 1026 2423 1079 ad
2501 1026 2857 1095 legisperitos
2931 1027 3281 1097 Scripturam
3341 1044 3557 1081 sacram
3607 1030 3754 1082 male

2055 1100 2420 1169 exponentes,
2471 1101 2528 1149 et
2577 1100 2723 1149 male
2774 1097 3046 1169 viventes,
3096 1106 3331 1167 propter
3381 1115 3507 1169 quae
3550 1100 3753 1153 merito

2057 1167 2319 1236 privandi
2370 1171 2533 1220 erant
2584 1184 2616 1220 a
2660 1168 3059 1221 consecutione
3103 1167 3474 1222 beatitudinis
3496 1176 3747 1235 aeternae,

2056 1254 2186 1307 quae
2235 1243 2318 1291 est
2366 1238 2494 1291 ﬁnis
2526 1238 2715 1309 hujus
2739 1238 3011 1303 scientiae,
3063 1255 3235 1309 quam
3267 1239 3387 1291 sine
3420 1240 3595 1293 dubio
3629 1257 3754 1294 con-

2056 1311 2377 1377 sequuntur
2400 1324 2524 1361 eam
2547 1324 2679 1361 sane
2704 1308 3107 1377 intelligentes’,
3134 1315 3189 1361 et
3208 1310 3523 1364 secundum
3547 1326 3750 1365 sanum

2056 1378 2637 1459 ipsiusnintellectum
2683 1380 2775 1459 pie
2810 1380 3092 1459 .viventes,
3139 1380 3456 1459 secundum
3488 1381 3753 1459 quo-ddi-

2054 1451 2201 1502 citur
2243 1450 2608 1502 Ecclesiastici
2649 1450 2921 1519 vigesimo
2971 1455 3216 1520 quarto:
3254 1471 3279 1499 (ι
3309 1450 3414 1514 Qui
3468 1451 3757 1504 elucidant

2061 1539 2086 1569 «
2132 1536 2244 1581 me,
2280 1522 2452 1573 vitam
2476 1526 2748 1573 aeternam
2784 1520 3094 1573 habebunt.
3130 1540 3157 1569 ι)
3196 1522 3519 1575 Elucidatur
3560 1530 3754 1576 autem

2055 1606 2211 1669 sacra
2244 1590 2537 1669 Scriptura
2566 1593 2624 1643 in
2653 1607 2789 1669 _ve_ra
2814 1590 3389 1669 ipsiusexpositione,
3432 1596 3487 1645 et
3526 1592 3582 1646 in
3624 1608 3751 1669 san-

2054 1666 2141 1742 cta
2163 1661 2535 1740 operatione;
2568 1661 2701 1732 quia
2726 1661 2848 1742 tuac
2896 1661 3207 1742 Scriptura,
3258 1667 3530 1742 tanquam
3563 1664 3753 1716 omni-

2054 1732 2160 1785 bus
2206 1731 2570 1797 eminentior,
2589 1731 2849 1785 continet
2901 1732 3276 1801 perfectiones
3322 1731 3574 1786 scientia;
3620 1747 3752 1801 pra-

2054 1802 2213 1856 ctice:
2244 1808 2300 1856 et
2330 1802 2720 1872 speculativm;
2757 1808 2814 1855 et
2859 1803 2938 1856 sic
2968 1819 3073 1872 per
3117 1803 3234 1857 veri
3280 1803 3668 1873 cognitionem
3700 1808 3757 1857 et

2056 1873 2192 1947 boni
2223 1873 2912 1947 operationemperducit
2958 1873 3024 1947 ad
3055 1873 3249 1947 _vitam
3283 1874 3533 1943 beatam,
3582 1890 3755 1947 quam

2058 1944 2224 1998 nobis
2244 1944 2516 1998 concedat
2542 1944 2643 2015 qui
2672 1944 2795 1998 sine
2825 1944 2938 1999 fine
2960 1944 3095 1999 vivit
3124 1949 3181 1999 et
3210 1950 3434 2016 regnat.

2644 2162 3135 2175 ---.——————-

1497 2270 1961 2341 PROLOGUS
2017 2259 2506 2343 SECUNDUS.

1200 2448 1277 2490 DE
1326 2446 1692 2492 INTENTIONE
1738 2447 2025 2492 AUCTOHIS
2078 2448 2149 2492 ET
2204 2449 2366 2494 MOI-('-
2390 2442 2822 2515 Ῥηοαευεκιιι.

323 2698 351 2728 ι
381 2676 508 2729 Vidi
557 2675 620 2729 in
645 2676 883 2729 dextera
924 2673 1167 2728 sedentis
1211 2688 1383 2740 super
1430 2673 1703 2727 thronum
1751 2673 1955 2726 librum

257 2769 278 2797 ι
322 2746 609 2817 scriptum
638 2746 798 2799 intus
816 2751 871 2799 et
896 2745 1052 2817 foris.
1082 2764 1108 2794 ι)
1129 2746 1319 2817 (Apoc.
1340 2746 1433 2817 _v.)
1457 2744 1613 2798 Sicut
1638 2743 1851 2817 dictum
1876 2748 1960 2817 est

249 2819 310 2873 in
376 2814 623 2888 prologo
689 2816 1055 2888 praecedenti,
1126 2815 1270 2869 liber
1336 2814 1441 2888 iste
1494 2820 1578 2867 est
1637 2815 1958 2888 sacraScrif

251 2885 444 2959 ptura,
501 2885 605 2958 qui
658 2885 869 2941 dicitur
930 2886 1172 2959 scriptus
1226 2885 1489 2947 exterius,
1544 2891 1823 2959 quantum
1891 2885 1956 2938 ad

253 2956 486 3014 sensum
520 2956 857 3022 litteralem,
892 2963 948 3010 et
975 2956 1232 3020 interius,
1277 2962 1555 3024 quantum
1607 2956 1676 3009 ad
1729 2972 1960 3009 sensum

1929 2583 2270 2597 ___._._—.

2058 2673 2163 2727 let
2194 2676 2576 2743 corruperunt
2606 2673 2675 2726 ad
2705 2671 3094 2726 defensionem
3124 2672 3212 2724 sui
3261 2671 3490 2743 erroris,
3532 2677 3591 2743 ut
3625 2689 3755 2740 par-

2061 2746 2159 2797 tim
2222 2742 2503 2798 declaravi
2568 2743 2627 2797 in
2693 2744 2936 2814 quadam
2997 2742 3756 2814 qlimstioneiderdivinitate

2059 2815 2285 2877 Christi,
2337 2821 2395 2868 et
2440 2813 2739 2868 declarabo
2793 2814 3014 2882 plenius
3062 2814 3292 2881 quando
3345 2813 3450 2865 loci
3483 2814 3625 2867 tales
3655 2830 3753 2868 oc-

2060 2892 2308 2945 current,
2368 2885 2608 2939 Domino
2656 2886 3025 2937 concedente.
3092 2885 3149 2937 ln
3175 2884 3285 2935 illis
3316 2891 3509 2954 autem
3542 2883 3602 2937 in
3633 2885 3755 2954 qui-

2059 2957 2167 3032 bus
2230 2972 2345 3009 non
2410 2960 2495 3008 est
2550 2955 2860 3032 verisimile
2913 2953 3356 3032 quod-aliquid
3423 2952 3757 3032 immutave-

255 3030 563 3110 mysticum
599 3035 656 3082 et
682 3029 1066 3117 spiritualern._
1092 3027 1199 3117 Qui
1252 3027 1381 3117 licet
1428 3025 1703 3117 trifariam
1736 3027 1952 3117 divida-
1997 3064 2033 3117 Ο
2067 3027 2197 3117 rint,
2234 3042 2363 3117 cum
2416 3041 2520 3078 nec
2568 3040 2797 3117 causam
2848 3026 2969 3117 bocJ
2996 3024 3238 3104 faciendi
3266 3024 3593 3090 habuerint,
3636 3027 3755 3081 nul-

251 3097 343 3154 tur
363 3102 425 3155 in
468 3097 754 3171 generali,
782 3104 845 3152 ut
892 3099 1226 3171 praedictum
1272 3102 1394 3171 est;
1438 3102 1495 3150 et
1526 3097 1655 3150 licet
1683 3097 1787 3171 sub
1813 3114 1955 3167 quo-

252 3174 388 3227 libet
436 3167 710 3224 membro
751 3167 927 3240 possit
974 3169 1098 3223 ﬁeri
1133 3167 1554 3238 expositionum
1588 3169 1955 3235 mysticarum

255 3240 664 3314 multiplicatio
710 3240 1094 3314 inuspeciali;
1149 3254 1347 3291 omnes
1396 3244 1588 3314 tamen
1617 3254 1959 3314 _pl‘1Bsuppo-

254 3309 702 3367 nunt—sensum
768 3309 1069 3365 litteralem
1134 3314 1415 3380 tanquam
1492 3309 1952 3362 fundamentum.

258 3385 411 3438 [Inde
468 3384 624 3437 sicut
674 3382 980 3436 editicium
1014 3380 1303 3435 declinans
1348 3397 1377 3431 a
1430 3380 1821 3444 fundamento,
1848 3380 1957 3433 dis~

255 3458 491 3525 ponitur
544 3454 618 3507 ad
676 3453 1072 3525 ruingamzita
1119 3450 1393 3525 expositio
1459 3451 1695 3525 mystica
1746 3450 1955 3504 discre-

257 3520 394 3596 pans
459 3542 492 3578 a
548 3539 723 3577 sensu
783 3522 1035 3596 litterati,
1090 3521 1405 3596 reputanda
1452 3527 1537 3596 est
1583 3520 1853 3596 indecens
1903 3526 1959 3575 et

254 3591 469 3667 inepta,
500 3596 593 3648 vel
625 3596 823 3667 saltem
848 3594 1063 3667 minus
1090 3593 1295 3667 decens
1344 3591 1563 3667 caeteris
1616 3592 1959 3667 paribus,_et

257 3662 459 3721 minus
498 3672 657 3735 apta,
704 3671 761 3719 et
810 3665 936 3719 ideo
981 3663 1299 3735 volentibus
1336 3663 1613 3735 proficere
1663 3662 1957 3735 instudio

256 3754 424 3792 sacrm
456 3733 772 3807 Scriptura!
801 3734 1185 3807 necessarium
1217 3738 1301 3787 est
1345 3734 1597 3807 incipere
1636 3734 1706 3787 ab
1740 3733 1960 3807 intelle-

255 3815 343 3863 ctu
370 3804 920 3862 sensus-litteralis:
954 3805 1199 3859 maxime
1233 3820 1363 3858 cum
1386 3821 1450 3858 ex
1483 3805 1602 3857 solo
1657 3820 1822 3857 sensu
1872 3804 1961 3857 lit-

258 3880 439 3942 terali,
474 3885 535 3931 et
570 3893 686 3931 non
727 3893 793 3930 ex
857 3876 1108 3946 mystico,
1158 3876 1338 3946 possit
1382 3880 1800 3946 argumentum
1833 3874 1959 3946 fieri

256 3952 317 4004 ad
364 3949 778 4021 probationem
819 3944 936 4021 vel:
967 3944 1422 4021 declarationem
1462 3944 1723 4021 alicujus
1774 3944 1956 4009 dubii,

257 4015 576 4075 ~ecundnm
626 4018 778 4088 quod
831 4017 967 4071 dicit
1013 4016 1364 4086 Augustinus
1406 4015 1469 4071 in
1500 4015 1738 4086 epistola
1760 4020 1958 4070 contra

260 4090 626 4145 Vincentium
659 4089 1032 4143 Donatistam.

328 4162 588 4218 Ulterius
635 4159 1115 4213 considerandum
1166 4156 1316 4228 quod
1359 4172 1555 4210 sensus
1599 4156 1880 4224 litteratis,
1927 4174 1960 4211 a

258 4250 366 4303 quo
397 4240 489 4287 est
519 4230 939 4303 incipiendum,
974 4235 1037 4303 ut
1057 4230 1271 4303 dictum
1297 4232 1400 4303 est,
1446 4228 1667 4303 videtur
1713 4229 1957 4303 multum

258 4298 594 4358 obfuscatus
623 4298 825 4355 diebus
867 4300 1197 4353 modernis:
1256 4298 1463 4367 partim
1505 4298 1848 4367 scriptorum
1881 4301 1958 4351 vi—

2068 3099 2184 3150 lum
2215 3097 2437 3149 videtur
2487 3096 2827 3166 periculum,
2875 3095 2970 3148 sed
3018 3096 3198 3163 magis
3237 3111 3521 3161 securum,
3554 3112 3756 3150 secun-

2065 3169 2201 3222 dum
2252 3165 2677 3220 dictum’beati
2736 3166 3086 3235 Hieronymi,
3134 3167 3192 3219 in
3232 3165 3420 3219 dubiis
3469 3182 3760 3221 recurrere

2066 3239 2135 3291 ad
2179 3244 2395 3292 textum
2453 3237 2810 3293 Hebraicum.
2860 3242 3134 3307 tanquam
3185 3238 3253 3291 ad
3298 3237 3598 3306 originale,
3652 3255 3756 3308 pro

2068 3310 2297 3363 veritate
2327 3315 2513 3361 textus
2547 3308 2905 3361 declaranda.

2135 3380 2441 3434 Sciendum
2492 3379 2663 3432 etiam
2693 3378 2844 3449 quod
2898 3394 3095 3431 sensus
3152 3377 3412 3431 litteratis
3465 3381 3567 3449 est
3608 3381 3759 3433 mul-

2066 3454 2187 3504 tum
2240 3450 2632 3513 obumbratus,
2682 3454 2918 3518 propter
2965 3450 3201 3502 modum
3249 3448 3573 3519 exponendi
3598 3466 3755 3504 com-

2065 3521 2320 3575 muniter
2383 3520 2657 3573 traditum
2725 3520 2794 3573 ab
2856 3519 3018 3573 aliis:
3072 3519 3191 3589 qui,
3241 3520 3371 3572 licet
3402 3520 3581 3572 multa
3609 3521 3757 3575 bona

2067 3592 2333 3654 dixerint,
2364 3596 2556 3644 tamen
2590 3590 3134 3662 parumitetigerunt
3166 3590 3470 3643 litteralem
3502 3607 3756 3653 sensum,

2066 3670 2121 3716 et
2186 3678 2387 3716 sensus
2473 3661 2738 3730 mysticus
2800 3661 2861 3714 in
2918 3666 3141 3714 tantum
3211 3662 3754 3729 multiplicavernnt,

2067 3734 2219 3803 quod
2270 3748 2465 3786 sensus
2512 3732 2771 3803 litteratis
2822 3731 3096 3803 interrtot
3130 3733 3510 3802 expositiones
3560 3733 3755 3803 mysti-

2066 3802 2158 3857 cas
2212 3803 2572 3872 interceptus.
2626 3802 2840 3871 partim
2888 3802 3211 3856 sutfocatur.
3267 3804 3409 3857 Item
3446 3802 3664 3857 textum
3698 3804 3757 3857 in

2068 3879 2151 3928 tot
2205 3874 2511 3943 particulas
2556 3873 2889 3938 diviserunt,
2946 3878 3001 3925 et
3057 3878 3144 3927 tot
3202 3874 3630 3927 concordantias
3686 3875 3756 3927 ad

2068 3961 2231 3998 suum
2275 3946 2629 4015 propositum
2680 3944 3051 4004 induxerunt,
3107 3944 3281 4015 quod,
3309 3944 3663 3999 intellectum
3695 3950 3752 3998 et

2065 4017 2401 4069 memoriam
2436 4016 2493 4068 in
2537 4020 2694 4081 parte
2742 4014 3226 4081 confundunt,’ab
3272 4014 3560 4067 intellectu
3593 4015 3753 4069 litte-

2069 4086 2201 4139 ratis
2247 4102 2445 4139 sensus
2488 4085 2747 4138 animum
2776 4084 3177 4138 distrahentes.
3233 4085 3360 4138 Haec
3391 4084 3565 4153 igitur
3593 4090 3651 4139 et
3678 4086 3761 4139 si—

2070 4157 2227 4210 milia
2274 4156 2449 4209 vitare
2498 4171 2827 4225 proponens
2878 4171 3007 4208 cum
3052 4154 3151 4209 Dei
3200 4156 3483 4225 adjutorio
3523 4156 3760 4210 intendo

2066 4229 2213 4281 circa
2245 4227 2548 4280 litteratem
2601 4241 2831 4279 sensum
2890 4225 3188 4281 insistere:
3230 4233 3285 4279 et
3334 4242 3543 4296 paucas
3573 4226 3758 4293 valde,

2068 4304 2124 4352 et
2157 4299 2353 4352 breves
2395 4297 2776 4368 expositiones
2823 4297 3088 4367 mysticas
3144 4296 3453 4368 aliquando
3502 4297 3762 4367 interpo-

258 4376 350 4436 tio,
388 4373 498 4452 qui
548 4376 786 4452 propter
828 4346 1273 4452 similitudinem:
1306 4346 1641 4452 litterarumr
1670 4369 1727 4421 in
1767 4369 1960 4423 multis
1989 4346 2032 4400 D
2069 4384 2225 4452 nere,
2282 4368 2414 4452 licet
2460 4346 2624 4452 rraro.‘
2660 4346 2936 4452 Similiter
2983 4368 3221 4452 intendo
3240 4346 3381 4452 1non
3415 4346 3766 4452 ‘solum'di-

261 4440 587 4523 iocisaliter
629 4440 980 4523 scripserunt
1028 4457 1201 4511 quam
1259 4440 1464 4523 habeat
1489 4440 1959 4523 veritastextus;

261 4517 467 4582 partim
502 4511 798 4585 imperitia
826 4511 1153 4583 aliquorum
1185 4514 1586 4585 correctorum,
1620 4511 1821 4585 quiin
1840 4512 1957 4581 plu-

262 4580 410 4641 ribus
446 4580 879 4640 locis'iecerunt
904 4580 1115 4654 puncta
1153 4581 1252 4654 ubi
1312 4597 1429 4635 non
1467 4580 1684 4654 debent
1703 4580 1959 4654 tieriiget

260 4674 455 4711 versus
500 4651 1028 4725 incmperuntfvel
1067 4652 1545 4725 terminaverunt,
1586 4651 1685 4704 ubi
1722 4668 1836 4725 non
1866 4651 1959 4725 de-

262 4730 387 4782 bent
446 4726 627 4796 incipi
656 4722 737 4779 'et
779 4724 1117 4796 terminari:
1165 4728 1221 4796 et
1265 4738 1369 4796 per
1410 4722 1837 4796 bocsententia
1865 4722 1955 4776 lit-

261 4804 388 4853 tera:
461 4792 741 4862 variatur,
800 4801 861 4849 ut
890 4795 1109 4865 patebit
1174 4794 1231 4847 in
1268 4792 1397 4846 suis
1435 4792 1573 4865 locis
1600 4793 1745 4845 intra
1774 4809 1959 4865 prose-

260 4870 512 4939 quendo,
584 4868 827 4922 Domino
889 4864 1574 4939 concedente;upartim
1655 4881 1721 4939 ex
1787 4864 1958 4939 modo

262 4934 933 5017 iranslationisnnostrre,
992 4952 1122 5017 qua:
1185 4934 1381 5017 multis
1454 4934 1589 4987 locis
1630 4934 1827 5017 ‘ali‘ter‘
1863 4935 1958 4988 ha-

263 5016 348 5064 bet
391 5026 581 5081 quam
643 5004 1084 5081 libriiHebraici
1125 5005 1438 5081 secundum
1498 5004 1960 5081 quod__declarat

264 5076 651 5151 Hieronymus
669 5081 724 5133 in
744 5080 889 5151 libro
914 5094 927 5132 :
952 5078 1020 5132 de
1043 5076 1350 5151 Hebraicis,
1368 5076 1799 5151 quaestionibus,
1815 5081 1878 5151 et
1900 5076 1959 5151 in

263 5146 528 5221 pluribus
560 5150 687 5204 aliis
741 5150 909 5204 locis:
946 5154 1003 5221 et
1043 5148 1139 5221 alii
1191 5146 1539 5221 expositores
1589 5163 1760 5200 sacrae
1810 5147 1957 5201 Scri-

264 5217 440 5291 ptura
471 5221 725 5293 legendo
757 5222 841 5275 vel
865 5219 1164 5293 scribendo
1204 5218 1355 5272 idem
1391 5217 1632 5293 dicunt_;
1683 5223 1738 5271 et
1766 5222 1956 5271 tamen

263 5288 577 5348 secundum
631 5293 1047 5361 Hieronymum
1092 5290 1149 5344 in
1204 5288 1453 5342 secundo
1493 5289 1731 5361 prologo
1789 5306 1960 5359 super

263 5365 551 5427 Genesim,
583 5369 640 5417 et
669 5363 729 5417 in
758 5359 1022 5433 pluribus
1065 5361 1190 5414 aliis
1234 5361 1430 5433 loc_is,_
1446 5374 1549 5429 pro
1602 5359 1835 5433 veritate
1868 5360 1957 5413 lit-

265 5442 392 5489 tere
424 5435 690 5489 habenda
724 5429 783 5487 in
822 5432 1107 5503 scriptura
1147 5431 1362 5484 Veteris
1392 5429 1739 5503 Testamgenti
1766 5445 1956 5483 recur-

266 5507 504 5560 rendum
538 5510 622 5560 est
646 5506 716 5559 ad
769 5501 998 5559 codices
1047 5503 1435 5557 Hebraeorum.
1496 5502 1559 5555 In
1609 5501 1715 5555 hoc
1766 5506 1959 5555 tamen

263 5578 417 5631 valde
464 5577 783 5631 cavendum
839 5579 947 5638 est,
997 5579 1275 5644 quantum
1324 5572 1595 5644 adglocos
1654 5571 1957 5643 Scriptura:

268 5647 473 5702 Veteris
494 5646 862 5711 Testamenti,
895 5641 1113 5716 qni—de
1144 5644 1355 5699 deitate
1388 5641 1593 5698 Christi
1626 5658 1689 5716 ac
1721 5641 1794 5697 de
1821 5660 1957 5716 con-

270 5718 631 5791 sequentibus
661 5718 732 5774 ad
782 5719 890 5773 hoc
913 5713 1256 5786 'loquuntur
1279 5730 1291 5767 :
1334 5730 1583 5786 quorum
1611 5713 1835 5783 aliquos
1856 5715 1885 5768 Ι
1892 5732 1953 5768 ιι-

2070 4444 2157 4493 cta
2189 4440 2489 4494 doctorum
2520 4438 2948 4505 catholicorum,
2979 4434 3075 4492 sed
3106 4439 3278 4492 etiam
3332 4438 3762 4505 Hebraicornm,

2071 4510 2316 4588 maxime
2368 4509 2548 4588 Rabbi
2591 4510 2928 4588 salomonis,
2959 4509 3073 4588 qui
3129 4510 3276 4588 inter
3335 4510 3595 4588 doctores
3655 4511 3760 4564 He-

2065 4581 2251 4635 braaos
2297 4582 2521 4634 locutus
2565 4586 2649 4634 est
2694 4580 3088 4634 rationabilius
3130 4580 3572 4634 declarationem
3627 4596 3758 4633 sen-

2068 4668 2162 4705 sus
2203 4651 2461 4705 litteratis
2513 4650 2803 4706 inducere.
2854 4652 3061 4720 Aliqua
3111 4651 3281 4704 etiam
3315 4651 3464 4704 dicta
3505 4650 3763 4704 Hebraeo-

2068 4738 2193 4776 rum
2236 4723 2398 4776 valde
2438 4722 2683 4776 absurda
2728 4722 3056 4793 aliquando,
3105 4722 3236 4775 licet
3283 4720 3443 4793 valde
3493 4736 3645 4793 raro,
3676 4721 3759 4774 in-

2068 4797 2388 4861 terponam,
2436 4809 2549 4846 non
2600 4793 2670 4848 ad
2724 4791 3034 4847 tenendum
3082 4808 3168 4852 ea,
3224 4791 3319 4861 vel
3362 4791 3757 4860 sequendum;

2067 4864 2164 4917 sed
2197 4868 2255 4917 ut
2308 4880 2408 4933 per
2458 4864 2579 4917 haec
2617 4870 2890 4934 appareat
2936 4867 3147 4932 quanta
3174 4860 3414 4934 caecitas
3445 4861 3760 4934 contigerit

2068 4935 2124 4987 in
2161 4936 2353 5001 Israel,
2398 4932 2712 4988 secundum
2765 4935 2977 4988 dictum
3029 4932 3189 4986 Pauli
3237 4932 3484 4999 apostoli
3526 4933 3595 4986 ad
3650 4934 3761 4987 Bo-

2067 5022 2267 5059 manos
2318 5006 2657 5059 undecimo:
2718 5003 3149 5075 propterpqood
3203 5004 3374 5075 etiam
3438 5003 3599 5057 dictis
3648 5005 3755 5058 He-

2069 5077 2350 5131 braeorum
2404 5093 2517 5130 non
2562 5082 2641 5129 est
2700 5074 3130 5145 intuerendum,
3176 5074 3287 5128 nisi
3338 5082 3621 5145 quantum
3663 5090 3756 5128 ra-

2066 5147 2208 5201 tioni
2279 5151 2592 5201 consonant
2653 5151 2707 5199 et
2754 5146 2958 5199 litterae
3019 5144 3263 5201 veritati.
3330 5144 3471 5205 ltem
3527 5145 3759 5201 omissis

2064 5218 2339 5287 prologis,
2386 5237 2419 5273 a
2461 5216 2746 5287 principio
2795 5216 3024 5270 Genesis
3080 5215 3391 5287 incipiam:
3438 5222 3561 5271 tum
3623 5217 3760 5287 quia

2066 5290 2356 5343 residuum
2404 5289 2531 5342 vita:
2583 5303 2725 5340 meae
2774 5302 2889 5339 non
2933 5287 3099 5339 credo
3125 5291 3195 5341 ad
3225 5288 3641 5357 expositionem
3670 5296 3759 5340 to-

2064 5359 2179 5413 tius
2236 5376 2407 5413 sacrm
2454 5358 2759 5427 Scriptura:
2813 5358 3094 5417 sufficere.
3153 5367 3210 5412 et
3267 5360 3393 5412 ideo
3480 5358 3638 5413 nolui
3698 5358 3757 5413 in

2067 5431 2418 5500 exponendis
2445 5429 2610 5482 dictis
2639 5428 2790 5482 beati
2838 5429 3191 5499 Hieronymi,
3249 5431 3337 5483 vel
3390 5430 3621 5484 alterius
3661 5446 3759 5483 cu-

2061 5502 2384 5571 juscunque
2415 5500 2658 5555 doctoris
2717 5500 3042 5565 immorari;
3104 5508 3223 5553 tum
3256 5500 3390 5570 quia
3441 5500 3576 5554 dicti
3620 5516 3759 5569 pro-

2068 5572 2180 5641 logi
2232 5570 2437 5640 perum
2491 5571 2703 5625 faciunt
2763 5572 2829 5625 ad
2904 5570 3255 5625 intellectum
3332 5572 3611 5625 librorum
3673 5586 3762 5641 se-

2066 5640 2390 5713 quentium,
2452 5648 2514 5697 ut
2559 5641 2699 5696 mibi
2752 5642 2992 5696 videtur.
3054 5642 3393 5712 Aliquorum
3445 5646 3644 5713 tamen
3692 5640 3758 5693 li-

2065 5710 2297 5767 brorum
2336 5715 2605 5785 prologos
2651 5714 2909 5784 exposui,
2959 5728 3129 5782 super
3166 5710 3321 5781 quos
3351 5710 3567 5781 scripsi,
3597 5715 3757 5764 ante-
