4086 6190
301 297 368 350 35
1203 289 1660 350 WALAFBIDUS
1700 286 2012 349 STRABUS
2051 288 2429 347 PULDENSIS
2470 263 2864 345 tiomcuus.
3725 296 3792 344 36

291 438 318 471 α
353 420 487 475 vicit
515 421 603 474 leo
635 418 888 492 deitribu
921 417 948 472 J
959 418 1086 492 uda,
1123 437 1150 468 ιο
1183 421 1240 470 et
1267 432 1372 492 per
1401 416 1760 492 voracitatem
1793 414 1981 492 signat
2012 422 2058 478 Α
2088 418 2268 492 ριᾮιιὶΔ
2307 416 2364 469 et
2421 410 2654 492 quando
2703 411 2818 492 eis.
2843 410 3150 492 videbitur.
3198 411 3796 492 expedire.“Ne__quis

292 493 608 555 diabolum,
642 489 846 560 primm
882 489 1029 542 Petri
1062 504 1093 540 v
1125 505 1136 542 :
1174 507 1203 538 α
1252 487 1622 560 Adversarius
1654 493 1838 538 vester
1865 487 1991 538 dia-

295 581 321 612 α
352 563 517 617 bolus
541 559 814 631 tanquam
848 561 935 614 leo
966 559 1219 631 rugiens,
1245 559 1782 627 circumitquaerens
1817 571 1990 626 quem

296 652 324 682 α
359 634 609 687 devoret.
645 650 673 682 ι)

367 704 669 773 Postquam
702 707 895 755 autem
939 715 1152 753 sacram
1193 698 1542 768 Scripturam
1583 713 1712 750 cum
1751 696 1872 773 Dei»
1897 696 1988 749 ad-

288 768 772 843 jutorio'eXposui
804 773 1118 843 secundum
1155 772 1453 843 litteralem
1484 776 1817 843 sensum,_et
1843 768 1985 843 Deus

297 838 454 898 dedit
511 838 655 897 milii
712 844 965 912 spatium
1017 841 1182 894 vith
1243 840 1489 892 conlisus
1537 838 1606 912 de
1653 839 1748 891 Dei
1779 838 1987 890 auxilio

296 930 558 985 propono
604 910 990 985 eamiiterum
1038 925 1322 985 exponere
1377 910 1688 985 secundum
1754 924 1982 985 sensum

296 979 621 1056 mysticum,
656 983 754 1056 ubi
793 990 876 1036 est
910 979 1144 1052 mystice
1213 980 1565 1056 exponenda,
1619 983 1788 1048 prout
1842 979 1982 1032 mihi

297 1051 576 1110 Dominus
623 1055 822 1118 dabit;
882 1051 1212 1106 nontamen
1265 1051 1499 1104 intendo
1547 1065 1745 1104 omnes
1786 1065 1985 1102 sensus

297 1135 561 1197 mysticos
585 1126 851 1197 scribere,
886 1139 990 1177 nec
1019 1139 1121 1197 per
1144 1122 1368 1192 singula
1421 1120 1592 1197 verba
1633 1121 1978 1197 discurrere;

295 1191 394 1250 sed
428 1197 619 1266 aliqua
648 1195 896 1266 breviter
921 1191 1206 1266 ordinare,
1225 1191 1312 1266 _ad_
1341 1208 1467 1263 qum
1499 1192 1736 1245 lectores
1773 1191 1980 1244 Biblio-

291 1282 442 1334 rum,
475 1263 542 1320 ac
567 1264 973 1336 praedicatores
1017 1263 1174 1317 verbi
1219 1263 1317 1317 Dei
1367 1278 1658 1316 recurrere
1687 1266 1978 1331 poterunt,

2106 485 2350 537 miretur
2388 481 2453 536 si‘
2473 483 2532 536 in
2585 482 2935 552 expositione
2987 481 3222 551 mystica
3269 483 3436 551 plura
3479 481 3789 536 dimittam.

2104 556 2241 608 Nam
2279 557 2387 609 hoc
2420 553 2621 607 faciam
2653 559 2888 622 propter
2917 553 3250 606 brevitatem
3279 573 3293 614 ;
3322 560 3380 606 et
3408 553 3683 623 quoniam
3716 553 3796 606 sic

2100 626 2359 680 fecerunt
2386 625 2771 695 precedentes
2809 623 3174 695 expositores,
3232 630 3289 676 et
3333 624 3504 677 etiam
3539 625 3795 678 Christus

2101 697 2200 766 qui
2253 693 2499 750 Matthxi
2554 711 2651 748 xm
2699 700 2755 747 et
2805 693 3080 766 Marciiv
3123 710 3415 764 exponens
3462 695 3792 764 parabolam

2100 764 2455 832 seminantis,
2504 765 2646 819 illud
2694 765 2845 836 quod
2899 764 3112 818 dicitur
3165 768 3221 817 iu
3253 766 3366 836 fine
3397 781 3410 817 :
3438 785 3464 814 «
3509 766 3796 819 Dederuut

2100 838 2437 891 «fructum:
2470 836 2622 889 aliud
2670 835 3064 900 centesimum,
3126 835 3283 888 aliud
3344 837 3791 906 sexagesimum,

2099 927 2124 958 ‹‹
2161 909 2312 963 aliud
2345 907 2748 968 triscesimum,
2803 926 2831 957 ι)
2881 906 3266 974 inexpositum
3323 906 3577 959 dimisit:
3641 913 3698 959 et
3731 906 3792 959 in

2096 979 2222 1032 aliis
2258 979 2654 1049 parabolarum
2685 976 3134 1049 expositionibus
3195 977 3460 1049 similiter
3495 977 3792 1049 fecitipse

2095 1047 2368 1104 Christus.
2406 1049 2588 1120 Igitur
2625 1048 2686 1102 in
2735 1049 2970 1120 nomine
3022 1047 3149 1101 Jesu
3193 1047 3402 1101 Christi
3440 1048 3708 1120 incipiam
3757 1063 3790 1099 a

2092 1119 2238 1174 libro
2271 1118 2531 1185 Genesis;
2564 1125 2621 1173 et
2665 1135 2770 1189 per
2805 1118 2944 1173 alios
2983 1126 3399 1189 consequenter
3424 1118 3785 1189 discurram,

2091 1191 2343 1261 quandiu
2371 1191 2647 1244 Dominus
2666 1187 2917 1243 donabit
2946 1204 3050 1243 sua
3076 1187 3263 1260 gratia
3295 1187 3435 1242 mihi
3459 1189 3651 1241 vitam.

1780 1479 2324 1551 ADDITIONES

1984 1627 2095 1681 AD

294 1746 798 1811 POSTILLAM
850 1747 1163 1826 magistri
1220 1746 1470 1809 Nicolai
1525 1765 1604 1808 ne
1663 1744 1821 1808 LIRA
1881 1763 2088 1826 super
2143 1743 2376 1821 Biblia,
2437 1743 2633 1805 editas
2699 1761 2737 1804 a
2795 1742 3170 1805 reverendo
3247 1740 3440 1805 Patre
3512 1743 3794 1805 domino

380 1833 588 1899 Paulo
629 1855 708 1898 DE
736 1835 981 1899 SANCTA
1005 1834 1240 1911 Mnus,
1275 1835 1607 1913 magistro
1663 1835 1732 1895 in
1788 1833 2158 1911 theologia,
2203 1833 2521 1913 episcopo
2571 1829 2933 1909 Burgensi,
2979 1830 3568 1893 archicancellario
3615 1849 3789 1893 sere-

381 1925 648 1987 nissimi
677 1924 1001 2006 principis
1037 1924 1293 1986 domini
1330 1921 1611 1986 Joannis
1668 1922 1856 2000 regis
1907 1920 2204 1983 Castellm
2252 1927 2316 1982 et
2365 1919 2712 1998 Legionis,
2774 1919 3128 2000 incipiunt.
3185 1916 3364 1994 Quas
3421 1919 3791 1981 venerabili

380 2013 528 2076 viro
569 2013 918 2094 Alphonso
965 2012 1198 2090 legum
1261 2013 1544 2088 doctori,
1593 2009 1846 2073 decano
1901 2009 2465 2090 Compostellano,
2514 2007 2649 2070 filio
2703 2025 2826 2069 suo
2876 2026 2960 2094 ex
3001 2007 3308 2086 legitimo
3355 2008 3792 2069 matrimonio

381 2093 665 2179 genito,’
709 2101 996 2163 direxit:
1058 2100 1474 2181 praemittens
1533 2099 1593 2162 ei
1628 2099 1987 2180 prologum
2015 2099 2141 2160 sub
2195 2099 2412 2159 forma
2477 2095 2813 2177 sequenti.
2877 2093 3120 2157 Finivit
3157 2102 3385 2157 autem
3433 2112 3550 2158 eas
3607 2113 3788 2158 anno

381 2187 641 2251 Domini
699 2207 1078 2252 mucccxmx.
1142 2186 1397 2263 Quibus
1455 2189 1660 2250 etiam
1713 2193 1783 2249 et
1819 2188 2092 2249 insertas
2151 2190 2311 2247 sunt
2377 2184 2658 2267 Replicae
2725 2183 3038 2261 magistri
3114 2182 3408 2246 Matthiae
3506 2181 3786 2262 Doring,

378 2278 685 2358 ejusdem
720 2277 977 2339 ordinis
1032 2275 1368 2340 Minorum
1434 2276 1684 2353 fratris,
1737 2281 1804 2338 et
1878 2273 2184 2352 theologi
2239 2273 2504 2354 optimi,
2565 2277 2765 2354 prout
2831 2271 3078 2334 clarius
3136 2272 3476 2334 videbitur
3522 2272 3592 2334 in
3637 2289 3788 2352 pro-

382 2384 603 2428 CBSSD.

358 2546 504 2612 Quid
537 2546 640 2602 tibi
685 2547 775 2618 vis
820 2551 892 2618 ut
925 2547 1115 2601 vivens
1163 2546 1391 2613 donem,
1434 2546 1798 2600 dilectissime
1831 2547 1964 2618 fili:
2002 2549 2039 2602 Β
2079 2547 2160 2613 hi,
2195 2563 2339 2618 quos
2367 2562 2670 2617 prosperos
2700 2547 2903 2616 vulgus
2931 2545 3205 2618 appellat,
3237 2561 3529 2618 successus
3576 2546 3787 2602 defue-

289 2625 391 2672 aut
441 2617 808 2672 successionis
857 2617 1023 2671 titulo
1083 2625 1209 2688 post
1246 2619 1422 2672 vitam
1481 2616 1851 2688 relinquam?
1877 2618 1987 2671 nisi

289 2689 442 2759 quod
489 2689 560 2743 ad
610 2703 901 2742 sacrarum
936 2689 1357 2757 Scripturarum
1412 2688 1674 2742 notitiam
1707 2689 1981 2756 conferat,

291 2767 348 2813 et
402 2774 632 2828 gressus
687 2764 817 2812 tuos
873 2760 929 2811 in
988 2760 1279 2812 catholicae
1336 2759 1586 2813 veritatis
1641 2759 1984 2813 solidissimo

291 2832 512 2884 fervore
543 2832 866 2883 confirmet.
903 2829 1032 2882 Haec
1079 2838 1164 2883 est
1220 2830 1371 2883 enim
1404 2846 1576 2900 quam
1623 2830 1793 2883 corde
1823 2836 1984 2900 gesto

290 2917 353 2954 ac
408 2917 506 2955 ore
547 2901 844 2972 profiteor,
904 2907 979 2972 et,
1019 2900 1088 2972 de
1121 2917 1234 2971 qua
1286 2908 1424 2971 puto
1469 2900 1740 2971 scriptum
1771 2900 1980 2954 fuisse:

295 2991 323 3021 α
350 2972 515 3025 Pater
543 2969 675 3025 filiis
719 2977 912 3025 notam
959 2969 1471 3025 faciet—veritatem
1515 2969 1715 3036 suam;
1753 2993 1774 3020 ο
1811 2986 1984 3041 quam

290 3057 418 3096 cum
452 3042 522 3096 ab
572 3041 808 3112 ineunte
864 3047 1032 3095 astate
1091 3057 1204 3096 non
1235 3042 1595 3112 recepissem,
1621 3043 1718 3096 sed
1751 3043 1856 3096 sub
1885 3042 1983 3096 Ju-

287 3111 462 3166 daica:
493 3111 766 3166 caecitatis
826 3111 1062 3181 perfidia
1111 3119 1298 3178 natus,
1350 3111 1537 3165 sacras
1574 3113 1791 3168 litteras
1821 3129 1986 3166 nona

289 3184 462 3251 sacris
510 3181 837 3236 doctoribus
881 3182 1245 3253 didicissem:
1295 3182 1365 3236 ab
1414 3183 1670 3236 erroneis
1697 3183 1986 3253 magistris

289 3269 562 3307 erroneos
613 3269 812 3306 sensus
881 3252 1200 3318 trahebam,
1281 3253 1534 3307 litteram
1605 3252 1816 3307 rectam
1869 3269 1985 3307 non

288 3324 458 3378 rectis
487 3322 966 3395 cavillationibus,
983 3329 1046 3376 ut
1074 3322 1265 3376 caeteri
1287 3324 1440 3377 illius
1491 3324 1747 3395 perfidia:
1789 3323 1980 3395 duces,

286 3395 589 3449 temerarie
627 3393 914 3447 involvere
966 3400 1250 3464 satagens.
1307 3397 1448 3448 Cum
1486 3393 1628 3464 ivero
1662 3394 1874 3464 placuit
1901 3395 1985 3447 illi

287 3467 448 3535 cujus
482 3464 872 3519 misericordia
901 3463 1227 3517 mensuram
1256 3480 1371 3535 non
1405 3463 1594 3530 habet,
1633 3480 1722 3519 me
1760 3481 1795 3518 a
1823 3471 1983 3518 tene-

288 3534 408 3590 bris
437 3537 508 3590 ad
545 3538 745 3600 lucem,
771 3551 804 3588 a
828 3535 1140 3605 caliginosa
1160 3534 1388 3589 turbine
1408 3537 1475 3590 ad
1503 3551 1769 3590 serenum
1793 3551 1983 3589 aerem

286 3621 588 3660 revocare:
639 3606 967 3660 ceciderunt
991 3606 1419 3676 quodammodo
1459 3622 1712 3676 squamae
1744 3606 1815 3660 de
1854 3622 1984 3660 ocu-

289 3677 358 3731 lis
399 3676 606 3731 mentis
655 3692 845 3743 meas;
901 3682 957 3730 et
1009 3676 1155 3746 coepi
1199 3677 1544 3746 Scripturam
1587 3692 1806 3732 sacram
1872 3678 1978 3729 ali-

292 3756 509 3818 quanto
536 3747 846 3818 studiosius
878 3749 1150 3817 relegere,
1204 3753 1261 3801 et
1281 3749 1403 3816 jam
1446 3763 1566 3818 non,
1605 3748 1982 3818 perlide,rsed

2093 2616 2247 2672 runt.
2286 2616 2426 2671 Nam
2484 2633 2597 2678 me,
2644 2618 2776 2671 licet
2825 2633 3079 2688 prorsus,
3112 2616 3488 2684 immeritum,
3532 2634 3672 2688 non
3723 2620 3793 2674 ad

2094 2704 2336 2758 parvum
2389 2689 2646 2742 Ecclesiae
2686 2687 2926 2756 gradum
2973 2687 3166 2741 divina
3219 2688 3400 2757 gratia
3457 2687 3792 2745 sublevavit.

2096 2759 2289 2812 Primo
2348 2760 2500 2813 enim
2559 2760 2627 2812 ad
2687 2759 3216 2828 Carthaginensem,
3261 2758 3469 2812 deinde
3528 2760 3596 2813 ad
3647 2760 3797 2815 hanc

2097 2831 2446 2898 Burgensem
2491 2830 2682 2883 sedem
2733 2838 3053 2900 promotus,
3103 2829 3476 2898 amplissimis
3530 2829 3793 2885 Ecclesiae

2097 2900 2203 2955 Dei
2225 2901 2509 2954 favoribus
2538 2916 2662 2953 sum
2691 2901 2940 2954 nutritus
2967 2915 2980 2953 :
3024 2901 3417 2954 ecclesiasticis
3471 2902 3647 2955 etiam
3678 2918 3790 2955 saa-

2093 2971 2306 3025 cularia
2351 2972 2569 3040 adjecta
2622 2977 2775 3042 sunt,
2833 2986 2964 3025 cum
3011 2975 3151 3042 tam,
3187 2970 3248 3024 in
3305 2972 3477 3025 domo
3515 2973 3789 3042 glorsoste

2094 3041 2388 3099 memoriae
2416 3040 2720 3112 justissimi
2750 3043 2900 3112 regis
2932 3041 3179 3105 Henrici,
3199 3057 3372 3112 quam
3403 3040 3717 3112 ejus'illutr
3734 3043 3785 3097 is

2090 3115 2304 3182 plantas
2336 3111 2534 3182 inclyti
2565 3113 2713 3182 regis
2763 3111 2959 3175 nostri,
3018 3111 3346 3182 praegrandi
3389 3111 3576 3167 officio
3604 3129 3788 3168 susce-

2091 3189 2208 3254 pto,
2251 3183 2386 3236 satis
2440 3183 2798 3237 familiariter
2843 3198 2968 3236 sum
3020 3189 3290 3236 versatus.
3341 3183 3593 3237 Fratrem
3651 3201 3786 3237 vero

2091 3261 2252 3308 tuum
2280 3254 2728 3324 primogenitum
2751 3269 2815 3325 ac
2842 3258 2916 3317 te,
2941 3267 3114 3323 quam
3146 3254 3476 3320 clementer,
3495 3269 3667 3325 quam
3691 3254 3784 3325 pie

2091 3323 2503 3394 omnipotentis
2533 3324 2837 3377 clementia
2868 3325 3148 3388 tractavit,
3180 3339 3288 3394 ego
3349 3340 3468 3378 non
3510 3323 3779 3388 referam,

2088 3410 2186 3449 vos
2207 3395 2314 3465 ipsi
2347 3394 2688 3466 cognoscite.
2720 3395 2914 3466 Unum
2932 3399 3018 3466 est
3038 3395 3193 3466 quod
3217 3395 3442 3448 silentio
3466 3394 3785 3466 committe-

2092 3481 2152 3518 re
2184 3481 2299 3519 non
2322 3481 2574 3536 possum,
2600 3465 2761 3518 nobis
2785 3481 2854 3519 ex
2877 3465 3118 3518 Levitico
3139 3466 3420 3590 sanguine
3443 3465 3787 3521 descenden-

2092 3536 2244 3590 tibus
2273 3537 2697 3590 aliquantulum
2737 3536 3188 3590 demonstratum
3268 3536 3416 3590 uisse
3455 3538 3610 3590 ouod
3655 3544 3787 3590 ante

2091 3536 2244 3590 tibus
2273 3537 2697 3606 aliquantulum
2737 3536 3188 3590 demonstratum
3242 3536 3416 3591 fuisse
3455 3538 3610 3607 quod
3655 3544 3787 3592 ante

2089 3613 2177 3660 tot
2205 3609 2410 3661 saecula
2439 3607 2717 3678 scriptum
2739 3611 2860 3661 est:
2891 3627 2916 3657 α
2947 3607 3140 3678 Tribui
3173 3607 3300 3662 Levi
3331 3623 3448 3662 non
3478 3608 3652 3662 fuisse
3681 3607 3787 3662 da-

2093 3697 2119 3725 a
2148 3684 2262 3731 tam
2281 3677 2721 3748 possessionem,
2751 3678 2887 3748 quia
2911 3677 3185 3731 Dominus
3206 3683 3288 3731 est
3300 3679 3577 3748 possessio
3597 3679 3786 3748 ejus»

2102 3749 2250 3802 Deus
2273 3748 2425 3802 enim
2445 3753 2530 3801 est
2547 3751 2827 3818 possessio
2849 3757 3065 3808 nostra.
3085 3749 3341 3803 Christus
3361 3750 3664 3803 hereditas
3683 3765 3788 3803 no-

286 3817 912 3893 humiliterveritatem
944 3818 1322 3893 inquirere_et
1375 3817 1595 3893 ingenii
1628 3818 1739 3893 mei
1768 3817 1982 3872 viribus
2015 3840 2052 3893 ρ
2093 3827 2231 3893 stre,
2257 3819 2355 3893 qui
2380 3817 2730 3893 purgaturus
2749 3818 2898 3872 filios
2913 3818 3062 3893 Levi,
3082 3825 3144 3893 ut
3161 3819 3435 3893 sacrificia
3461 3820 3704 3874 Domino
3724 3820 3785 3893 in

283 3903 402 3942 non
455 3887 751 3942 confidens
797 3894 916 3942 toto
947 3887 1114 3942 corde
1147 3905 1181 3942 a
1231 3887 1474 3942 Domino
1554 3889 1865 3959 postulare,
1914 3894 1981 3942 ut

330 3960 436 4014 uod
469 3961 752 4014 salubrius
784 3959 992 4013 animus
1021 3975 1164 4014 mea:
1191 3963 1358 4023 esset,
1382 3959 1535 4014 cordi
1576 3975 1705 4013 meo
1741 3960 1978 4023 infigere

330 3975 436 4014 uou
469 3975 752 4014 satunrius
784 3975 992 4013 animus
1021 3975 1164 4014 mea:
1191 3975 1358 4023 esset,
1382 3975 1535 4014 eorm
1576 3975 1705 4013 meo
1741 3975 1839 4013 inn
1885 3975 1973 4013 ere

286 3975 644 4102 dignaretur,
678 4037 840 4084 nocte
869 4032 1075 4101 dieque
1100 4030 1228 4102 pejus
1266 4030 1560 4102 auxilium
1586 3975 1973 4100 praestolabar.

287 4100 492 4174 Sicque.
549 4101 760 4155 factum
793 4106 881 4174 est
904 4100 1299 4174 ut’eatholicee
1354 4101 1488 4174 fidei
1519 4100 1882 4174 desiderium
1918 4101 1980 4154 in

286 4171 480 4227 mente
529 4187 656 4226 mea
701 4173 770 4224 de
830 4171 920 4225 die
964 4172 1021 4225 in
1063 4173 1216 4226 diem
1267 4172 1468 4225 fortius
1515 4171 1974 4239 incandesceret;

286 4243 476 4312 quoad
508 4241 691 4312 ipsam
737 4242 930 4305 fidem,
979 4258 1150 4312 quam
1201 4244 1372 4296 corde
1418 4247 1706 4312 gerebam,
1752 4242 1977 4312 publice

283 4315 586 4382 profiterer
611 4328 624 4378 ;
657 4317 714 4365 et
735 4329 802 4383 ea
825 4314 944 4365 fere
965 4317 1129 4366 aetate
1158 4328 1273 4382 qua
1301 4317 1365 4366 tu
1397 4328 1551 4366 nunc
1593 4329 1673 4381 es,
1706 4313 1979 4383 baptismi

286 4389 700 4437 sacramentum
737 4382 799 4435 in
837 4383 1008 4451 hujus
1049 4383 1301 4436 ecclesite
1343 4399 1502 4436 sacro
1548 4383 1704 4436 fonte
1733 4382 1975 4452 suscepi,

287 4455 445 4509 Pauli
479 4469 689 4508 nomen
717 4468 1032 4515 assumens,
1081 4459 1137 4506 te
1179 4458 1316 4506 tunc
1354 4453 1612 4508 infantia:
1650 4453 1980 4508 innocentia

285 4525 590 4596 gaudente.
646 4523 744 4596 qui
794 4529 934 4596 post
987 4538 1076 4596 me
1127 4525 1185 4576 in
1214 4527 1380 4596 astate
1424 4523 1525 4577 illa
1578 4531 1778 4578 tenera
1820 4540 1977 4578 sacro

284 4594 506 4650 lavacro
538 4594 608 4650 ab
658 4594 945 4666 originali,
982 4594 1150 4665 culpa
1204 4594 1514 4648 mundatus
1551 4611 1631 4661 es,
1665 4600 1977 4666 antequam

285 4669 492 4722 actuali
532 4664 825 4737 inquinari
864 4664 1152 4728 valuisses,
1201 4681 1412 4737 nomen
1476 4665 1754 4734 Alphonsi
1807 4664 1978 4720 susci-

283 4739 470 4807 piens,
530 4736 866 4808 priusquam
917 4737 1132 4790 litteras
1184 4736 1481 4808 nominare
1510 4737 1773 4790 novisses.
1824 4738 1975 4790 Prte-

283 4805 548 4862 cedente—
573 4805 728 4863 vero_
765 4815 1023 4876 tempore
1079 4821 1369 4860 sacrarum
1407 4805 1729 4860 litterarum
1787 4807 1976 4862 studio

287 4879 574 4944 insistens,
651 4879 951 4949 utriusque
1022 4878 1370 4949 Testamenti
1451 4877 1678 4931 lectioni
1738 4894 1973 4948 operam

286 4949 452 5015 dedi;
480 4957 534 5002 et
563 4947 873 5004 interdum'
899 4966 932 5003 a
978 4948 1266 5019 magistris
1321 4947 1641 5002 viventibus
1668 4947 1973 5019 audiendo

285 5035 436 5089 saepe
485 5026 812 5091 sanctorum
870 5018 1168 5075 doctorum
1221 5019 1582 5090 aliorumque
1659 5018 1972 5091 insignium

286 5091 559 5156 virorum,
617 5090 720 5160 qui
768 5091 838 5144 ab
888 5092 992 5145 hac
1049 5091 1165 5145 vita
1200 5091 1572 5153 transierunt,
1614 5090 1796 5160 opera
1828 5091 1971 5146 rele-

2087 3890 2620 3959 justttiaolferrent,
2649 3905 2785 3943 voce
2834 3889 3165 3960 prophetica
3216 3890 3534 3960 antiquitus
3586 3889 3786 3960 praedi-

2085 3965 2295 4025 catum,
2352 3961 2441 4015 his
2489 3961 2614 4030 jam
2669 3960 2868 4014 diebus
2899 3961 3166 4015 manibus
3196 3968 3406 4015 nostris
3432 3961 3783 4015 sacrificium

2085 4047 2282 4084 verum
2318 4031 2548 4085 tractari
2579 4031 2878 4100 permittit,
2917 4033 3136 4085 utinam
3167 4031 3246 4086 sic
3276 4037 3596 4102 acceptans,
3636 4033 3784 4085 sicut

2086 4109 2145 4156 et
2191 4103 2461 4156 tolerans.
2512 4102 2622 4156 Nec
2643 4105 2768 4155 volo
2805 4102 2932 4173 ista
2974 4117 3063 4155 me
3114 4107 3279 4172 putes
3328 4119 3679 4173 supervacue
3699 4103 3783 4172 ja-

2086 4178 2372 4244 ctauterve
2401 4173 2729 4238 inseruisse,
2764 4172 3056 4244 vitamque
3089 4189 3274 4226 meam
3313 4172 3522 4227 frustra
3556 4188 3780 4227 annun-

2085 4243 2253 4297 tiasso
2282 4243 2421 4297 tibi:
2451 4259 2579 4296 cum
2631 4259 2745 4296 non
2792 4243 3231 4314 supervacuum,
3275 4245 3539 4314 quinimo
3589 4258 3782 4297 neces-

2085 4314 2298 4368 sarium
2327 4330 2480 4382 reor,
2515 4314 2937 4384 Omnipotentis
2993 4313 3269 4367 beneficia
3302 4313 3694 4383 cognoscere;
3718 4317 3786 4384 et

2087 4386 2430 4454 arrogantia:
2461 4383 2829 4438 attribuenda
2851 4400 2966 4438 non
3015 4390 3098 4436 est
3151 4384 3503 4438 infirmitatis
3534 4383 3784 4454 proprias
3871 4421 3874 4424 ι

2087 4465 2284 4525 aperta
2321 4462 2378 4509 et
2431 4455 2626 4509 inficta
2677 4454 2955 4508 confessio
2988 4471 3000 4508 :
3063 4455 3383 4524 praesertim
3409 4470 3540 4525 cum
3573 4455 3680 4508 tibi
3704 4456 3785 4507 lo-

2085 4524 2249 4596 quar,
2277 4544 2310 4580 a
2367 4525 2529 4596 cujus
2589 4526 2872 4579 memoria
2899 4526 3022 4580 haec
3049 4525 3308 4579 excidere
3338 4524 3496 4596 nullo
3527 4540 3785 4595 unquam

2085 4595 2346 4668 tempore
2398 4595 2624 4651 vellem.
2685 4597 2794 4650 Nec
2842 4597 2998 4650 enim
3045 4604 3184 4666 puto
3238 4611 3331 4650 me
3387 4595 3524 4649 satis
3555 4601 3787 4668 gratum

2084 4666 2373 4721 tantorum
2428 4668 2841 4722 beneficiorum
2901 4673 3257 4737 receptorem
3309 4682 3497 4737 agere,
3556 4666 3602 4720 si
3651 4682 3786 4720 cum

2085 4739 2196 4792 vita
2229 4755 2354 4792 mea
2383 4737 2614 4792 illorum
2646 4737 2964 4808 recognitio
2991 4736 3263 4806 quiescat.
3293 4736 3417 4790 Tibi
3449 4742 3641 4791 autem
3666 4753 3784 4791 non

2083 4809 2184 4862 abs
2212 4825 2273 4862 re
2331 4809 2480 4862 inter
2529 4814 2758 4862 caeteros
2816 4808 2938 4861 haec
2989 4809 3232 4861 libenter
3280 4824 3504 4875 enarro,
3559 4815 3621 4862 ut
3652 4823 3779 4877 quae

2084 4879 2364 4934 beneficio
2394 4880 2578 4934 astatis
2610 4895 2724 4932 non
2753 4878 2965 4950 vidisti.
2999 4879 3209 4950 saltem,
3233 4895 3264 4932 a
3303 4886 3465 4950 patre
3522 4878 3778 4943 audiens,

2085 4951 2383 5004 memorias
2437 4951 2647 5020 tradas.
2716 4949 3064 5019 junioribus,
3096 4948 3214 5020 qui
3261 4948 3455 5004 forsan
3507 4965 3620 5003 non
3676 4965 3780 5001 au-

2083 5020 2334 5087 dierunt,
2369 5036 2515 5092 cum,
2557 5019 2762 5074 horum
2821 5019 3147 5092 occurrerit
3178 5036 3393 5092 sermo,
3452 5021 3785 5092 frequenter

2085 5107 2351 5146 enarres:
2386 5097 2451 5144 ut
2503 5091 2586 5144 illi
2644 5097 2911 5144 enarrent
2939 5091 3074 5145 filiis
3105 5090 3242 5159 suis,
3274 5108 3345 5145 ne
3375 5090 3786 5146 obliviscantur

285 5163 493 5243 glande,
554 5161 747 5215 divina
786 5162 1036 5243 donante
1082 5161 1409 5243 clementia,
1442 5160 1722 5243 qui‘prius
1752 5162 1970 5243 fueram
2006 5170 2050 5224 ι)
2089 5178 2327 5243 operum
2384 5161 2631 5243 Domini,
2695 5161 3032 5243 sedulegem
3089 5163 3214 5243 ejus
3247 5164 3570 5233 exquirant.
3611 5160 3786 5243 Cujps

285 5230 561 5301 magister
619 5230 848 5302 erroris,
911 5231 1089 5285 factus
1147 5249 1271 5286 sum
1317 5230 1631 5302 discipulus
1677 5233 1972 5290 veritatis:

283 5312 585 5387 quousque
632 5301 700 5356 ad
760 5301 930 5387 hanc“
952 5319 1125 5387 quam
1168 5304 1342 5383 .vides
1365 5301 1714 5358 senectutem
1749 5303 1976 5387 accessi.

284 5371 372 5438 Et,
406 5381 468 5427 ut
492 5371 711 5427 'verum
756 5371 859 5426 tibi
904 5371 1133 5443 fatear,
1163 5372 1315 5428 inter
1366 5389 1660 5443 pressuras
1699 5375 1892 5426 saeculi
1922 5380 1982 5429 et

283 5444 473 5517 curias
513 5450 722 5517 nostrae
780 5458 965 5517 curas,
1021 5442 1228 5517 quibus
1278 5442 1640 5517 quandoque
1675 5444 1979 5517 ventilatus

283 5531 430 5576 sum,
459 5513 582 5569 haec
611 5514 719 5569 fuit
747 5513 1038 5584 praecipua
1065 5513 1364 5568 delectatio
1410 5513 1546 5569 mea
1561 5530 1577 5580 ;
1627 5513 1735 5568 hoc
1783 5515 1978 5584 singu-

291 5586 407 5639 lare
460 5586 730 5640 solatium
781 5599 998 5648 meum,
1060 5589 1363 5650 aeternum,
1452 5591 1508 5638 et
1558 5584 1980 5640 immutabilem

288 5655 490 5721 Deum,
522 5657 760 5726 ejusque
787 5654 1075 5709 mirabilia
1123 5671 1297 5724 opera
1343 5656 1401 5708 in
1455 5661 1664 5726 sancta!
1695 5661 1752 5708 et
1775 5656 1980 5710 imma-

284 5728 486 5782 culataz
546 5725 690 5797 legis
747 5741 864 5782 sum
924 5725 1160 5780 lectione
1209 5725 1603 5797 contemplari.
1653 5726 1763 5780 Nec
1789 5729 1979 5783 tamen

2087 5231 2314 5286 clariori
2343 5232 2733 5302 exquisitioni,
2762 5233 2844 5286 fili
2869 5231 3221 5296 charissima,
3257 5231 3386 5287 cuin
3430 5248 3544 5286 non
3601 5231 3786 5285 modi-

2087 5319 2216 5374 cum
2275 5303 2572 5374 conferant
2622 5304 2899 5370 studium,
2957 5312 3016 5358 et
3072 5304 3391 5374 disciplina,
3435 5303 3504 5357 ad
3557 5317 3689 5374 quae
3731 5307 3788 5354 te

2115 5373 2246 5446 licet
2276 5373 2500 5446 jurium
2544 5373 2838 5446 doctrinis
2864 5391 2898 5429 a
2943 5375 3190 5446 pueritia
3218 5373 3579 5446 occupatum)
3611 5373 3791 5446 inter-

2072 5443 2226 5517 .dum
2268 5444 2540 5517 anhelare
2591 5445 2901 5517 conspicio,
2944 5443 3018 5500 'et
3073 5444 3470 5517 inter_studia
3513 5443 3686 5517 juris.
3734 5445 3792 5495 et

2089 5515 2568 5584 disceptationum
2627 5514 2941 5572 forensium
3007 5515 3428 5586 occupationes,
3491 5514 3789 5584 utriusque

2088 5586 2434 5660 Tgstamenti
2461 5588 2666 5660 spicas,
2699 5588 2864 5660 quasi
2893 5586 3089 5644 furtim
3116 5585 3788 5660 reminare_tentan_tem,

2089 5654 2284 5727 aliquo
2310 5654 2652 5712 munusculo
2675 5654 2918 5714 excitare
2939 5673 3090 5729 sepe
3112 5655 3388 5728 proposui
3409 5654 3788 5712 desiderium-

2088 5742 2204 5798 que
2234 5732 2398 5783 tuum
2428 5733 2671 5800 paterno
2701 5729 2889 5783 favore
2913 5730 3132 5800 juvare.
