4050 6188
222 310 273 363 37
1686 302 2224 358 PROLEGDMENA.
3628 306 3699 357 38

281 434 337 485 Et
362 430 626 500 quoniam
661 428 813 500 inter
838 424 1290 500 innumerabilia
1309 440 1452 495 pene
1481 441 1691 500 Aopera,

219 520 330 555 rum
359 496 622 552 varietate
670 499 863 551 divina
903 496 1195 566 Scriptura
1246 496 1592 549 circumdata
1618 496 1883 563 refulget,

220 573 429 627 Postilla
465 571 672 624 Nicolai
707 569 777 622 de
808 569 936 621 Lira
966 574 1079 621 tam
1116 566 1203 619 sui
1226 567 1491 631 recentia,
1518 583 1688 636 quam
1713 568 1746 620 d
1775 583 1888 636 gna

217 644 521 697 celebritate
575 639 865 693 clarescit:
938 638 1037 708 qui
1093 643 1398 707 utrumque
1458 638 1887 691 Testamentum

218 714 446 766 studiose
490 711 830 772 discurrens,
893 709 1195 763 litteralem
1266 724 1517 769 sensum,
1580 708 1680 778 qui
1742 708 1890 762 inter

218 796 433 838 caeteros
476 782 796 852 praecipuus
839 785 945 845 est,
990 779 1219 852 copiosa
1280 778 1591 852 luculentia
1615 780 1883 852 tradidit,

221 858 349 907 hanc
399 850 501 906 tibi
555 852 765 905 donare
822 850 1114 919 proposui.
1160 851 1221 903 Et
1250 866 1377 902 cum
1411 850 1760 903 inlirmitatis
1791 850 1890 903 hu-

219 940 383 978 mane
441 924 690 993 periculo
747 922 1030 983 detentus,
1095 920 1317 974 dierum
1392 936 1657 993 meorum
1715 922 1889 973 tinem

220 992 479 1066 ignorem,
514 995 716 1066 merito
748 999 939 1066 tamen
966 1008 1032 1044 ex
1064 998 1229 1066 aetate
1255 992 1568 1066 accelerare
1594 992 1887 1066 suspicor:

221 1061 421 1119 memor
447 1081 575 1117 sum
605 1065 761 1117 illam
816 1063 919 1116 tibi
947 1079 1013 1116 ex
1078 1061 1423 1116 bibliotheca
1472 1078 1597 1115 mea
1631 1063 1888 1128 electam,

215 1140 319 1206 jam
366 1136 449 1189 bis
506 1135 886 1205 praeelegisse.
946 1134 1100 1206 Cum,
1144 1148 1277 1206 vero
1327 1133 1540 1186 summi
1571 1133 1751 1206 Patris
1779 1133 1893 1206 cle-

221 1202 414 1261 mentia
454 1202 623 1258 vitam
682 1202 868 1257 meam
912 1203 1357 1257 misericorditer
1400 1204 1779 1273 prolongavit,
1813 1202 1891 1255 vi-

220 1294 330 1331 sum
351 1277 491 1330 mihi
518 1282 623 1341 est,
658 1284 722 1329 ut
752 1274 902 1345 quod
940 1278 1124 1342 legare
1154 1290 1546 1345 conceperam,
1571 1275 1721 1327 inter
1741 1276 1895 1327 vivos

220 1364 353 1402 nunc
382 1348 533 1401 nude
565 1344 880 1399 donarem:
924 1347 1023 1399 sed
1073 1350 1312 1415 paterna
1356 1344 1744 1399 additamenta
1790 1360 1893 1413 pa-

220 1426 362 1472 terno
420 1418 763 1470 munusculo
817 1417 1194 1478 cumularem,
1254 1421 1311 1469 et
1366 1416 1425 1468 in
1488 1415 1896 1485 gazophylacio

222 1490 344 1558 ejus,
376 1490 471 1558 qui
501 1488 633 1540 vitae.
660 1488 780 1540 dies
808 1486 1044 1550 addidit,
1079 1486 1305 1539 etiamsi
1337 1487 1623 1539 modicum
1657 1486 1893 1556 aliquid,

222 1560 665 1628 superadderem.
707 1559 819 1611 Nec
846 1559 1000 1610 enim
1041 1558 1177 1626 quia
1236 1560 1415 1609 multa
1454 1558 1589 1611 dare
1620 1574 1746 1628 non
1769 1572 1895 1626 pos-

223 1626 418 1693 suinus,
454 1645 688 1682 manum
723 1644 789 1681 ex
824 1634 943 1681 toto
975 1630 1263 1681 retrahere
1296 1628 1444 1681 licet.
1500 1626 1896 1697 Unusquisque

223 1703 354 1788 enim
404 1701 547 1753 tanti
590 1699 819 1788 ‘debitor
866 1704 969 1761 est,
1004 1704 1301 1779 quantum
1352 1698 1571 1788 ingenii
1621 1700 1709 1788 sui
1748 1698 1894 1788 virps
1928 1735 1965 1788 Β

222 1774 485 1823 exsolvere
516 1770 708 1823 valent
741 1786 753 1822 :
788 1786 888 1822 nec
918 1772 1223 1839 quisquam
1255 1770 1406 1838 apud
1428 1772 1602 1822 Deum
1624 1770 1893 1822 solvendo

226 1858 321 1894 non
364 1848 465 1899 est.
522 1856 653 1894 cum
687 1842 834 1893 ultra
871 1840 1195 1893 facultatem
1249 1856 1363 1893 non
1393 1847 1582 1910 petat;
1618 1857 1719 1892 nec
1750 1856 1892 1907 upu-

224 1912 411 1964 lentior
437 1911 664 1965 debitor
692 1918 794 1975 est,
827 1927 955 1963 cum
990 1912 1128 1964 nihil
1163 1912 1369 1964 habeat
1400 1911 1551 1980 quod
1595 1926 1707 1962 non
1743 1926 1893 1963 rece-

224 1984 374 2051 perit,
434 1983 527 2035 sed
587 1982 978 2035 misericordia
1035 1983 1156 2051 ejus
1208 1982 1317 2045 his,
1376 1997 1505 2051 quae
1569 1997 1892 2049 possumus,

223 2058 583 2121 contentatur,
610 2053 832 2122 justitia
864 2054 1015 2105 enim
1049 2052 1241 2105 omnia
1266 2068 1395 2121 quae
1447 2052 1698 2104 valemus
1737 2059 1894 2104 tran—

224 2123 432 2177 scendit.
468 2125 610 2177 Cum
674 2139 810 2193 ergo
859 2124 1145 2176 Postillam
1210 2123 1355 2176 hanc
1394 2122 1811 2186 discum-issem,
1841 2126 1899 2173 et

225 2195 262 2246 si
324 2194 758 2259 solemnissime,
820 2200 877 2247 et
915 2193 1173 2246 miranda
1228 2194 1561 2262 copiositate
1628 2194 1897 2261 scriptam

226 2265 519 2332 conspicio:
555 2265 695 2334 quia
721 2271 913 2317 tamen
948 2265 1171 2317 nullum
1216 2281 1355 2334 opus
1408 2264 1725 2334 humanum
1758 2264 1899 2316 adeo

227 2336 513 2405 perfectum
548 2333 656 2399 est,
691 2335 825 2404 quin
861 2335 914 2387 ei
971 2333 1273 2404 superaddi
1330 2333 1546 2403 aliquid
1599 2334 1801 2403 possit,
1846 2338 1903 2387 et

228 2412 284 2458 de
312 2408 423 2458 sola
451 2406 750 2475 Scriptura
796 2405 989 2459 divina
1043 2405 1314 2474 scriptum
1363 2410 1483 2458 est:
1521 2424 1546 2453 ‹‹
1598 2406 1678 2458 Ne
1726 2405 1901 2459 addas

224 2477 516 2546 quidquam
550 2477 742 2529 verbis
766 2476 922 2528 illius
957 2477 1135 2541 (Prov.
1173 2475 1330 2545 xxx);
1366 2495 1393 2524 ιι
1422 2475 1687 2545 expedire
1711 2476 1902 2544 putavi

224 2548 489 2617 aliquibus
520 2550 585 2599 in
623 2548 752 2599 locis
785 2546 978 2616 aliqua
1010 2546 1284 2611 additare,
1317 2546 1373 2598 in
1408 2546 1518 2598 illis
1549 2546 1903 2615 permaximc

226 2616 315 2670 ubi
361 2625 692 2671 sanctorum
748 2617 1035 2670 doctrinas
1091 2618 1448 2687 aliquatenus
1495 2616 1904 2685 praetermissas

225 2690 490 2757 conspexi.
561 2690 672 2741 Nec
721 2687 829 2741 fuit
887 2687 1161 2757 propositi
1208 2688 1322 2740 mei
1360 2688 1582 2740 curiose
1614 2688 1904 2758 inquirere

224 2762 341 2828 quid
396 2759 770 2829 suppleretn:
833 2759 927 2811 sed
1000 2758 1242 2811 libenter
1298 2758 1420 2811 sine
1491 2759 1907 2828 supplementis

224 2829 457 2895 transivi,
509 2830 627 2883 nisi
676 2830 775 2881 ubi
834 2829 957 2897 ipsa
1018 2844 1108 2881 me
1167 2829 1568 2897 supplementa
1616 2834 1904 2882 vocarunt.

223 2900 385 2963 Quare
416 2917 518 2953 nec
553 2901 825 2953 volumen
863 2898 1136 2969 proposui
1168 2898 1434 2964 scribere,
1486 2916 1587 2952 nec
1640 2900 1767 2953 libri
1795 2916 1906 2953 no-

226 2973 356 3049 mine
387 2971 667 3049 gloriari:
700 2971 795 3049 sed
828 2971 1115 3049 postillam
1149 2970 1332 3049 ipsam
1383 2987 1513 3049 cum
1563 2971 1757 3049 paucis
1806 2970 1902 3049 ad:

226 3024 883 3095 modumadditiomhus
939 3041 999 3093 in
1070 3024 1324 3109 margine
1390 3024 1744 3111 transcriptis
1798 3040 1903 3094 tibi
1940 3024 1978 3077 ε

226 3113 551 3175 donare;ut
608 3118 664 3165 et
719 3112 826 3182 ipsi
882 3111 1078 3164 novitii
1138 3112 1427 3165 studentes
1481 3113 1664 3165 facere
1697 3113 1900 3177 solent,

230 3184 309 3251 qui
346 3200 474 3236 cum
514 3183 730 3235 librum
779 3182 1030 3251 aliquem
1071 3182 1372 3236 atfectuose
1423 3184 1747 3252 perlegunt,
1791 3183 1903 3235 ali-

228 3254 409 3321 quibus
441 3254 720 3325 glossulis
749 3269 901 3322 saepe
930 3270 1100 3325 manu
1130 3252 1364 3325 propria
1405 3254 1736 3323 conscriptis
1762 3269 1904 3307 mar-

228 3325 362 3392 gines
390 3323 701 3394 occupant,
736 3332 796 3376 ut
818 3323 1040 3377 firmius
1090 3323 1405 3390 memorite,
1456 3326 1607 3394 quod
1638 3324 1901 3394 legerint,

228 3395 444 3474 tradant.
485 3394 758 3474 Nondum
784 3401 976 3474 tamen
998 3395 1371 3474 utproposui,
1406 3399 1586 3474 totam
1614 3396 1902 3474 Postillam

229 3464 518 3519 discurrere
555 3466 751 3517 valui:
786 3472 907 3518 tum
940 3464 1125 3518 aetatis
1154 3466 1426 3534 pondere,
1471 3471 1528 3519 et
1570 3466 1903 3534 passionum

231 3535 295 3616 illi
322 3536 747 3616 adhaerenlium
777 3537 1069 3616 gravitate
1094 3541 1305 3616 ;__tum_
1340 3536 1603 3616 tarditate
1648 3535 1863 3605 ingenii
1890 3552 1902 3599 ;

232 3611 332 3658 tum
352 3608 523 3660 etiam
548 3606 994 3676 occupationum
1021 3606 1406 3671 multitudine,
1446 3614 1503 3660 et
1522 3606 1907 3660 humanorum

232 3692 435 3748 casuum
470 3677 855 3731 varietatibus
886 3677 1319 3745 obsistentibus,
1352 3694 1481 3748 quae
1512 3678 1602 3731 his
1648 3678 1705 3731 in
1738 3677 1910 3747 parti-

233 3746 319 3799 bus
345 3764 771 3817 nonnunquam
802 3749 1108 3802 abundant.
1134 3748 1240 3802 Sed
1279 3746 1407 3801 licet
1428 3748 1620 3818 aliqua
1658 3765 1723 3801 ex
1744 3746 1909 3817 parte

234 3822 460 3890 nondum
493 3820 861 3890 perl‘ecerim,
891 3820 1047 3889 quod
1073 3824 1457 3873 transcursum
1499 3825 1583 3872 est
1611 3818 1908 3872 confestim

235 3887 397 3953 dono;
430 3887 752 3961 reliquum,
785 3889 832 3942 si
866 3887 1011 3961 Deus
1040 3890 1317 3959 compleri
1351 3890 1700 3959 permiserit,
1732 3890 1911 3961 dona-

237 3964 388 4014 turus.
424 3962 536 4014 Nec
565 3961 726 4013 enim
766 3960 1083 4030 imperfecti
1113 3960 1402 4013 occasione
1434 3961 1585 4031 quod
1632 3960 1909 4030 scriptum

238 4037 339 4083 erat
380 4033 633 4085 retinere
683 4031 858 4097 volui,
904 4032 1017 4083 imo
1072 4032 1131 4084 in
1175 4031 1449 4097 quasdam
1504 4032 1702 4085 arrbas
1748 4048 1908 4084 com-

243 4102 405 4153 mercii
450 4102 645 4156 nostri
692 4102 845 4154 illico
893 4102 1135 4154 tradere.
1189 4102 1299 4154 Hoc
1349 4107 1433 4154 est
1477 4118 1637 4168 ergo.
1687 4102 1767 4156 ﬁli
1810 4103 1909 4165 mi,

244 4177 621 4225 testamentum
682 4187 896 4235 meum,
952 4174 1009 4225 hi
1064 4176 1195 4224 sunt
1248 4171 1492 4225 codicilli
1538 4173 1675 4238 mei,
1706 4174 1813 4226 hoc
1843 4188 1912 4227 ex

242 4240 333 4294 illis
384 4244 767 4312 praelegatum
824 4258 1087 4312 agnosce,
1146 4248 1209 4295 ut
1264 4242 1323 4295 in
1358 4265 1384 4291 ‹‹
1426 4244 1549 4312 lege
1586 4244 1811 4297 Domini
1842 4243 1913 4296 sit

298 4315 546 4405 voluntas
580 4319 750 4405 ‘tuan
789 4320 848 4405 et
903 4314 961 4365 in
1011 4314 1133 4382 lege
1183 4313 1303 4405 ejps
1358 4314 1676 4405 mediteris‘
1706 4315 1912 4405 dianae
1946 4352 1988 4405 Β

242 4400 262 4427 ι
298 4390 466 4437 nocte.
505 4408 524 4431 ι
578 4383 1008 4437 Meditationem
1056 4398 1188 4435 vero
1235 4388 1414 4441 tuam.
1466 4384 1591 4437 haec
1624 4389 1679 4437 et
1706 4384 1916 4437 similia

241 4454 540 4523 relegendo,
594 4454 882 4523 puriorem
929 4454 1177 4523 profecto
1224 4460 1279 4506 et
1327 4455 1649 4509 suaviorem
1681 4455 1908 4509 efficies.

242 4522 516 4577 Gratanter
564 4522 747 4591 igitur
792 4522 1009 4577 donum
1074 4524 1182 4576 hoc
1234 4523 1318 4596 tui
1367 4527 1618 4593 parentis
1677 4534 1917 4596 paterna

241 4604 443 4664 accepta
470 4596 790 4661 affectione,
825 4599 881 4647 et
907 4596 1034 4648 laeta
1068 4610 1239 4647 manu
1289 4594 1587 4650 donatum.
1620 4594 1723 4650 Sed
1752 4598 1916 4649 omit-

244 4674 404 4736 tamus
436 4670 580 4732 haec,
616 4672 671 4719 et
699 4665 1105 4734 omnipotentis
1141 4666 1258 4731 Dei,
1312 4668 1475 4734 cujus
1531 4684 1675 4736 opus
1706 4684 1913 4735 aggre-

243 4733 431 4801 dimur,
460 4746 518 4790 et
579 4753 612 4789 a
666 4753 779 4806 quo
835 4733 1046 4788 etcum
1109 4751 1222 4805 quo
1276 4733 1463 4789 omnis
1504 4733 1919 4806 sapientia—fuit

244 4820 463 4879 semper,
497 4813 556 4861 et
585 4815 671 4859 est
694 4814 823 4879 ante
854 4823 1065 4879 aevum,
1096 4807 1305 4879 auxilio
1358 4807 1695 4862 humillimis
1737 4810 1917 4879 preci-

245 4874 335 4949 bus
353 4874 639 4938 invocato,
664 4877 939 4946 quidquid
973 4878 1102 4931 huic
1129 4877 1375 4931 Postillm
1406 4874 1750 4944 addidimus,
1772 4880 1917 4949 style

242 4946 410 5012 plano.
442 4948 603 5000 omni
636 4953 934 5027 verborum
985 4950 1126 5002 ﬂore
1177 4948 1458 5019 deposito,
1510 4946 1917 5021 expt'imentes,

243 5031 456 5072 manum
486 5024 679 5072 aratro
706 5024 827 5087 jam
856 5036 1161 5088 ponamus.

244 5103 437 5189 Super
478 5106 843 5195 prologum
873 5108 1177 5195 primum
1238 5107 1550 5188 Postilla},
1621 5109 1742 5195 qui
1768 5110 1919 5175 inci-

311 5195 442 5279 pit:
476 5200 629 5287 llaec
660 5200 891 5287 omnia
915 5198 1083 5260 liber
1131 5200 1335 5287 vilze._
1373 5197 1921 5287 Similitersupcr

322 5283 671 5374 secundum
723 5284 1084 5371 prologum
1142 5284 1433 5371 ejusdem
1476 5285 1761 5354 Postillae
1795 5283 1925 5374 'qui

320 5368 585 5459 incipit:
656 5368 807 5437 Vidi
865 5368 942 5436 in
988 5368 1264 5439 dextera
1333 5379 1633 5440 sedentis
1716 5368 1921 5461 super

320 5461 658 5541 thronum,
704 5469 833 5526 etc.

402 5582 663 5628 SEQUITUR
692 5582 904 5621 ADDI‘I’IO
926 5581 1091 5621 SUPER
1120 5582 1409 5630 UTRL'IQL'E
1426 5584 1739 5625 ριιοιοσωι.

279 5636 579 5713 .Quoniam
616 5638 863 5713 intentio
914 5638 1287 5713 Postillatoris
1337 5641 1627 5713 praecipue
1657 5644 1917 5713 versatur

256 5707 377 5785 circa
402 5724 629 5785 sensum
652 5707 1133 5785 litteralem,_i_deo
1166 5714 1299 5785 ante
1321 5707 1915 5785 omn‘ia'quaarendum

259 5778 453 5834 videtur
499 5784 693 5835 utrum
741 5794 940 5834 sensus
991 5778 1248 5837 litteralis
1276 5780 1496 5837 caeteris
1542 5778 1802 5839 sensibus
1831 5799 1919 5838 sa-

1774 442 1874 479 uo—
1909 429 1959 483 A
1989 443 2099 480 crae
2154 426 2459 496 Scriptura:
2512 424 2584 477 sit
2635 423 2927 496 dignior;
2960 427 3016 496 et
3070 423 3295 478 videtur
3353 427 3506 494 quod
3555 442 3697 480 non.

1993 498 2134 550 Nam
2166 495 2481 550 secundum
2508 496 2853 564 Apostolum
2886 495 2959 548 Ill
2991 495 3116 547 Cor.
3154 511 3214 548 ιιι
3241 511 3252 547 :
3290 515 3317 545 ιι
3353 496 3565 550 Littera
3594 513 3693 549 oc-

1993 586 2020 618 (ι
2052 570 2209 633 cidit,
2242 568 2477 637 spiritus
2536 573 2741 637 autem
2776 566 3037 619 vivilicat.
3070 588 3091 613 ο
3145 565 3252 619 Sed
3298 582 3497 620 sensus
3542 569 3693 621 litte-

1997 640 2128 692 ralis
2158 636 2388 708 proprie
2420 637 2695 708 fundatur
2731 636 2789 689 in
2848 636 3057 699 littera,
3112 653 3311 689 sensus
3358 654 3493 691 vero
3526 640 3696 708 spiri-

1995 707 2168 762 tualis
2196 710 2467 762 fundatur
2498 707 2729 780 proprie
2778 723 2950 776 supra
2976 708 3469 780 signiﬁcationem
3520 707 3697 780 spiri-

1995 784 2227 841 tualem,
2253 796 2366 847 qua
2396 795 2483 831 res
2514 778 2849 847 significatus
2880 793 2980 847 per
3010 778 3257 831 litteram
3292 780 3531 832 ulterius
3553 778 3697 833 alias

1998 868 2087 904 res
2116 851 2439 921 significant
2468 864 2483 902 :
2512 865 2649 918 ergo
2676 865 2879 921 sensus
2902 849 3158 901 litteralis
3185 865 3359 903 sacra:
3384 851 3693 919 Scriptura:

2000 938 2112 975 non
2147 918 2413 983 vivilieat,
2448 922 2545 972 sed
2574 918 2800 979 occidit,
2832 925 2887 972 et
2919 935 3019 989 per
3073 934 3427 989 consequens
3464 918 3578 974 non
3612 928 3697 975 est

2001 993 2231 1063 dignior
2262 991 2483 1063 caeteris
2516 989 2795 1043 sensibus.
2858 990 3159 1063 Praeterea,
3220 991 3453 1058 dignior
3483 1000 3567 1045 est
3595 994 3697 1046 do-

1999 1060 2181 1117 ctrina
2211 1080 2339 1133 qua:
2372 1062 2611 1114 habetur
2643 1076 2743 1130 per
2772 1075 2971 1133 sensus
3000 1060 3349 1133 spirituales,
3397 1078 3570 1132 quam
3604 1064 3700 1115 illa

2002 1150 2130 1203 quae
2159 1129 2402 1187 habetur
2433 1147 2533 1202 per
2562 1129 2793 1203 sensum
2825 1129 3147 1195 litteralem,
3184 1147 3324 1200 ergo
3373 1129 3699 1202 spirituales

1988 1201 2205 1259 sensus
2261 1210 2395 1257 sunt
2438 1201 2781 1275 digniores:
2836 1201 3481 1275 tenet_consequentia,
3564 1204 3701 1275 quia

2006 1295 2033 1326 tl
2066 1289 2423 1346 quaecunque
2479 1272 2685 1346 scripta
2742 1276 2890 1346 sunt,
2954 1272 3024 1325 ad
3076 1278 3331 1324 nostram
3376 1272 3698 1346 doctrinam

2007 1367 2033 1397 α
2069 1344 2278 1416 scripta
2314 1350 2448 1398 sunt
2505 1344 2706 1416 (Rom:
2734 1344 2901 1416 xv)._-
2962 1347 3332 1416 Assumptum
3382 1345 3697 1414 probatur:

2005 1433 2138 1471 nam
2183 1412 2303 1486 'per
2354 1429 2584 1468 sensum
2638 1412 3011 1486 allegoricum
3066 1412 3353 1466 habentur
3384 1412 3541 1485 'quaa
3573 1422 3705 1469 sunt

2005 1483 2310 1551 credenda,
2342 1486 2494 1556 quod
2528 1484 2778 1553 pertinet
2809 1485 2887 1556 ad
2910 1483 3077 1536 tidem
3106 1499 3119 1547 ;
3154 1500 3257 1552 per
3289 1483 3524 1556 sensum
3564 1502 3701 1539 ana-

2009 1560 2299 1627 gogicum,
2334 1554 2462 1627 quae
2494 1560 2626 1607 sunt
2650 1554 2950 1627 speranda,
2977 1556 3129 1623 quod
3156 1555 3484 1622 pertinetad
3505 1572 3703 1626 spem;

2007 1625 2112 1699 per
2160 1625 2390 1682 sensum
2441 1642 2573 1699 vero
2615 1625 3078 1699 _tropologicum,
3118 1640 3245 1699 quas
3290 1634 3423 1699 sunt
3459 1625 3701 1699 agenda,

2006 1695 2161 1769 quod
2196 1700 2444 1768 pertinet
2464 1697 2533 1750 ad
2582 1696 2953 1769 cha‘ritatem:
2990 1696 3047 1769 in
3108 1695 3317 1764 quibus
3351 1695 3565 1769 scilicet
3596 1698 3702 1751 tri-

2006 1766 2109 1824 bus
2170 1766 2471 1823 virtutibus
2502 1766 2732 1837 proprie
2767 1768 2912 1818 Deus
2942 1766 3167 1829 colitur,
3231 1768 3545 1821 secundum
3591 1773 3705 1822 Au-

2005 1842 2322 1909 gustinum.
2359 1842 2463 1893 Per
2494 1853 2724 1909 sensum
2756 1853 2890 1890 vero
2918 1837 3216 1889 litteralem
3242 1838 3492 1909 habetur
3522 1839 3704 1893 histo-

2006 1908 2089 1965 ria
2146 1917 2385 1965 tantum.
2446 1908 2602 1973 Quod
2661 1914 2852 1960 autem
2922 1924 3024 1976 per
3097 1908 3398 1980 prafdictos
3463 1918 3710 1980 quatuor

2004 1999 2200 2035 sensus
2274 1982 2673 2051 intelligantur
2726 1984 2975 2051 quatuor
3027 1976 3315 2051 pi'auiicta,
3400 1976 3556 2049 patet
3610 1996 3713 2051 per

2005 2070 2229 2107 versum
2261 2055 2569 2127 allegatum
2600 2050 2655 2127 in
2689 2050 2931 2127 prologo
2964 2050 3224 2118 postillaa,
3257 2054 3436 2127 etest
3454 2050 3708 2105 commu-

2007 2127 2094 2177 nis
2124 2120 2407 2177 sententia
2436 2120 2843 2191 expositorum,
2867 2120 2925 2172 in
2955 2136 3068 2189 quo
3090 2135 3253 2173 versu
3282 2120 3489 2175 dicitur
3516 2139 3528 2175 :

2132 2239 2321 2287 Littera
2344 2240 2489 2299 gesta
2506 2234 2676 2300 docet,
2704 2234 2828 2298 quid
2856 2233 3036 2282 credas
3066 2232 3337 2298 allegoria,

2130 2301 2441 2363 Trepologia
2465 2300 2590 2363 quid
2616 2316 2757 2365 agas,
2788 2302 2913 2364 quid
2940 2316 3133 2365 speres,
3196 2300 3471 2364 anagogia.

2010 2394 2313 2455 Praeterea,
2404 2393 2719 2445 secundum
2810 2391 3271 2462 Philosophumr
3348 2389 3707 2462 Posterior.;

2013 2462 2472 2533 Unumquodque
2530 2470 2765 2533 propter
2817 2462 2991 2526 aliud,
3041 2460 3112 2517 et
3158 2463 3298 2517 illud
3360 2462 3579 2532 magis:
3612 2460 3713 2515 sed

2011 2550 2211 2586 sensus
2264 2534 2526 2587 litteralis
2583 2541 2667 2587 est
2738 2538 2973 2603 propter
3040 2550 3270 2587 sensum
3328 2533 3707 2603 spiritualem,

2012 2604 2187 2674 igitur
2240 2620 2439 2658 sensus
2470 2605 2777 2675 spiritualis
2834 2610 2919 2657 est
2977 2604 3231 2675 dignior;
3305 2604 3715 2672 consequentia

2014 2680 2216 2729 tenet:
2268 2680 2321 2728 et
2371 2679 2707 2729 antecedens
2755 2691 2857 2744 pro
2910 2675 3156 2729 secunda
3204 2680 3362 2744 parte
3392 2676 3707 2743 probatur;

2016 2762 2149 2800 nam
2183 2762 2380 2799 sensus
2413 2748 2668 2800 litteralis
2695 2762 2753 2798 se
2783 2746 2954 2798 habet
2994 2747 3062 2799 ad
3114 2762 3312 2799 sensus
3364 2746 3710 2813 spirituales,

2017 2817 2166 2870 sicut
2195 2817 2638 2871 fundamentum
2665 2817 2734 2870 ad
2769 2816 3097 2876 aedilicium,
3135 2822 3305 2885 prout
3326 2816 3489 2885 ponit
3514 2815 3708 2884 postil-

2018 2888 2164 2940 lator
2193 2888 2251 2940 in
2284 2889 2533 2941 secundo
2591 2889 2848 2956 prologo.
2903 2889 3133 2941 Constat
3170 2894 3359 2941 autem
3392 2886 3546 2955 quod
3577 2886 3707 2939 fun-

2019 2959 2353 3012 damentum
2409 2964 2495 3011 est
2524 2966 2762 3028 propter
2810 2957 3136 3016 aedilicium.
3197 2963 3252 3011 et
3314 2974 3424 3010 non
3458 2965 3705 3028 econtra.

2022 3031 2319 3094 Praaterea,
2373 3027 2573 3082 sensus
2619 3028 2876 3082 litteralis
2923 3030 3201 3097 accipitur
3247 3028 3558 3081 secundum
3602 3027 3714 3097 pri-

2012 3116 2166 3153 mam
2197 3099 2672 3169 signilicationem
2721 3098 2945 3163 litterte,
2998 3116 3111 3169 qua
3166 3115 3331 3152 voces
3388 3098 3713 3169 significant

2012 3187 2121 3232 res,
2172 3177 2344 3237 prout
2394 3170 2774 3223 communiter
2814 3175 3061 3238 tenetur,
3089 3175 3147 3223 et
3176 3171 3496 3240 postillator
3541 3170 3707 3240 ponit

2012 3242 2071 3294 in
2106 3241 2291 3311 primo
2324 3241 2597 3311 prologo:
2634 3242 2732 3293 sed
2777 3240 3090 3295 secundum
3124 3242 3367 3311 primam
3422 3240 3708 3310 signiﬁca-

2012 3312 2250 3371 tionem.
2280 3328 2395 3381 qua
2426 3328 2587 3365 voces
2615 3328 2707 3365 res
2746 3311 3091 3382 signiﬁcant.
3144 3314 3325 3365 multa
3372 3312 3511 3365 falsa
3542 3327 3709 3382 repe-

2014 3380 2324 3435 riunturin
2381 3398 2540 3435 sacra
2593 3380 2901 3452 Scriptura,
2963 3382 3284 3452 specialiter
3338 3380 3707 3436 attribuenda

2019 3454 2131 3506 Deo
2163 3454 2313 3523 quod
2350 3454 2463 3507 Deo
2489 3452 2725 3507 minime
2754 3457 3044 3523 competit,
3079 3454 3223 3507 sicut
3259 3459 3448 3506 motus
3494 3453 3709 3516 locatis,

2017 3529 2079 3577 ut
2108 3525 2246 3577 Gen.
2282 3540 2372 3577 x1:
2411 3543 2438 3573 α
2496 3524 2797 3578 Descendit
2855 3525 3003 3578 Deus
3061 3529 3123 3577 ut
3153 3524 3369 3577 videret
3397 3524 3707 3587 civitatem,

2020 3613 2048 3645 tt
2081 3600 2137 3647 et
2166 3596 2393 3659 turrim,
2428 3614 2454 3643 »
2488 3602 2600 3666 etc.
2634 3611 2648 3660 ;
2681 3602 2738 3649 et
2764 3596 2843 3648 sic
2876 3595 2946 3647 de
2977 3595 3172 3648 multis
3198 3594 3345 3662 aliis,
3368 3602 3495 3666 quae.
3518 3603 3709 3666 tamen

2018 3667 2076 3718 in
2107 3682 2272 3719 sensu
2305 3665 2591 3736 spirituali
2618 3681 2733 3719 non
2764 3674 3167 3736 reperiuntur:
3197 3681 3332 3734 ergo
3389 3665 3591 3719 sensus
3620 3665 3715 3719 lit-

2018 3736 2213 3807 teralis
2263 3752 2381 3790 non
2439 3741 2524 3789 est
2574 3736 2819 3807 dignior.
2878 3738 3180 3801 Praeterea,
3239 3736 3337 3789 illa
3397 3752 3526 3806 qua:
3580 3741 3715 3789 sunt

2019 3806 2296 3860 interiora
2326 3812 2442 3861 tam
2474 3808 2533 3860 in
2565 3806 2952 3875 corporalibus
2987 3823 3160 3877 quam
3190 3807 3247 3860 in
3296 3807 3711 3878 spiritualibus,

2020 3878 2395 3931 exterioribus
2427 3883 2561 3931 sunt
2588 3877 2853 3947 digniora
2879 3894 2891 3931 :
2926 3878 2987 3931 in
3018 3877 3408 3947 corporalibus
3438 3879 3591 3931 enim
3619 3878 3717 3931 illa

2018 3948 2079 4028 in
2111 3948 2324 4028 quibus
2353 3948 2749 4029 principaliter
2781 3948 3037 4029 consistit
3086 3949 3200 4002 vita
3239 3948 3522 4029 animalis.
3583 3954 3718 4029 sunt

2021 4020 2080 4071 in
2107 4019 2475 4073 interioribus
2508 4018 2629 4087 ejus
2656 4019 2934 4088 partibus,
2991 4018 3137 4072 sicut
3186 4035 3301 4072 cor.
3354 4020 3509 4073 Idem
3542 4019 3715 4072 etiam

2020 4094 2179 4157 patet
2208 4090 2267 4142 in
2321 4089 2736 4158 spiritualibus,
2800 4090 3013 4142 scilicet
3068 4090 3217 4158 quod
3279 4089 3377 4141 illa
3415 4105 3544 4159 qua:
3586 4094 3721 4143 sunt

2021 4160 2311 4213 interiora
2352 4161 2587 4213 fortiora
2616 4165 2749 4213 sunt
2804 4164 2858 4213 et
2890 4159 2948 4212 in
2984 4158 3263 4230 dignitate
3297 4158 3542 4229 potiora,
3575 4161 3721 4214 sit-ut

2020 4236 2177 4300 patet
2206 4230 2265 4284 in
2296 4230 2663 4301 tabernaculo
2693 4230 2940 4295 foederis,
2972 4230 3027 4284 in
3061 4247 3175 4301 quo
3235 4247 3361 4285 arca
3395 4231 3718 4286 testamenti

2022 4302 2342 4381 ponebatur
2367 4300 2439 4381 in_
2464 4302 2583 4355 loco
2637 4301 2916 4381 interiori,
2976 4300 3314 4381 qui’dicitur
3362 4302 3715 4381 Sancta-san-

2026 4378 2288 4438 ctorum;
2342 4378 2546 4425 czetera
2594 4388 2725 4426 vero
2783 4372 2844 4425 in
2904 4372 3040 4428 locis
3094 4373 3275 4443 magis
3319 4374 3715 4437 exterioribus,

2026 4443 2339 4496 secundum
2364 4444 2604 4511 gradum
2636 4443 2953 4497 sanctitatis
2987 4460 3203 4505 eorum,
3238 4449 3300 4497 ut
3343 4451 3500 4514 patet
3548 4445 3715 4499 Exod.

2026 4529 2114 4579 IL,
2147 4514 2411 4567 similiter
2436 4514 2505 4567 III
2538 4514 2676 4584 Reg.
2702 4530 2814 4567 vni.
2849 4515 3004 4568 Idem
3046 4521 3201 4584 patet
3240 4516 3298 4568 in
3350 4516 3721 4569 sacramentis

2030 4584 2303 4649 Ecclesiae,
2372 4585 2431 4637 in
2463 4585 2669 4655 quibus
2724 4585 3027 4639 invisibilis
3065 4587 3265 4654 gratia,
3322 4602 3451 4655 quae
3484 4586 3721 4639 interius

2028 4655 2215 4715 datur.
2247 4655 2479 4725 dignior
2509 4661 2595 4708 est
2619 4671 2792 4725 quam
2826 4656 3061 4709 visibilis
3083 4658 3286 4723 forma,
3318 4673 3448 4725 quin
3482 4661 3721 4725 apparet

2027 4726 2295 4778 exterius.
2332 4728 2471 4778 Cum
2503 4733 2693 4779 autem
2727 4742 2925 4779 sensus
2974 4726 3235 4780 litteralis
3280 4726 3490 4779 dicitur
3521 4746 3548 4776 α
3583 4727 3741 4780 scri--

2033 4803 2218 4867 «plus
2275 4812 2394 4849 esse
2445 4797 2503 4849 in
2541 4798 2681 4850 libro
2735 4797 2891 4861 foris,
2927 4816 2954 4847 »
3013 4814 3210 4850 sensus
3253 4812 3380 4849 vero
3449 4800 3718 4867 mysticus

2030 4885 2057 4915 «ι
2094 4866 2267 4931 inlus,
2296 4889 2324 4939 νιν
2361 4874 2427 4919 ut
2481 4874 2635 4938 patet
2684 4872 2860 4932 Apoc.
2916 4868 3034 4919 vin
3084 4868 3419 4939 auctoritate
3478 4866 3723 4939 atlegata

2026 4953 2131 5007 per
2160 4937 2600 5001 ΡυειιὶιΙξιηιίυΙιί
2633 4940 2840 4992 dicitur
2872 4954 2887 4989 :
2921 4938 3093 4992 «Vidi
3127 4938 3183 4990 in
3209 4937 3441 4992 dextera
3472 4937 3721 4994 sede—ntis

2031 5028 2057 5057 α
2092 5025 2264 5076 super
2293 5013 2561 5063 thronum
2598 5011 2806 5062 librum
2869 5009 3141 5077 scriptum
3191 5009 3347 5061 intus
3396 5017 3454 5063 et
3484 5013 3655 5076 loris;
3692 5029 3719 5060 ν

2028 5096 2384 5149 consequens
2415 5086 2499 5133 est
2530 5081 2681 5151 quod
2715 5096 2913 5151 sensus
2942 5081 3213 5151 litteralis
3248 5081 3320 5133 sit
3364 5083 3602 5135 minoris
3633 5082 3720 5135 di-

2027 5152 2259 5214 guitatis
2290 5150 2775 5220 respectu’sensus
2815 5150 3145 5220 spiritualis.
3168 5152 3469 5217 Praeterea,
3519 5153 3725 5207 notitia

2028 5220 2281 5274 humana
2310 5222 2692 5275 communiter
2714 5222 2970 5289 prooedit
2999 5239 3033 5274 a
3090 5223 3280 5275 minus
3339 5227 3603 5293 perfectis
3652 5225 3721 5277 ad

2031 5292 2213 5359 magis
2244 5294 2512 5361 perfecta,
2546 5299 2716 5360 prout
2745 5299 2903 5359 patet
2962 5308 3077 5346 non
3127 5296 3311 5347 solum
3342 5292 3402 5347 in
3456 5295 3720 5349 humanis

2028 5362 2300 5435 scientiis,
2334 5378 2461 5431 qua:
2493 5362 2806 5435 procedunt
2836 5380 2867 5435 a
2898 5364 3157 5417 sensibus
3189 5371 3244 5418 et
3286 5364 3720 5435 particularibus

2030 5438 2087 5486 et
2120 5434 2500 5486 terminantur
2553 5433 2611 5486 in
2639 5433 2879 5487 summis
2926 5450 3121 5489 rerum
3169 5433 3374 5500 causis,
3418 5437 3517 5491 sed
3548 5440 3720 5491 etiam

2030 5503 2089 5557 in
2120 5503 2211 5557 his
2240 5519 2367 5573 qum.
2388 5503 2457 5575 ad
2493 5504 2768 5575 notitiam
2824 5505 3149 5560 divinorum
3206 5508 3530 5575 pertinent;
3573 5507 3723 5562 unde

2032 5575 2199 5629 Rom.
2227 5590 2243 5628 ι
2276 5589 2289 5627 :
2325 5594 2352 5625 ι(
2385 5574 2697 5633 lnvisibilia
2733 5575 2831 5631 Dei
2862 5593 2895 5630 a
2949 5574 3224 5631 creatura,
3262 5578 3464 5632 mundi
3519 5594 3624 5633 ner
3655 5594 3721 5632 ea

2033 5666 2054 5692 ι
2093 5660 2222 5719 quae
2248 5645 2394 5699 facta
2424 5651 2558 5719 sunt
2604 5646 2890 5702 intellecta
2942 5647 3390 5719 conspiciuntur.
3426 5668 3454 5700 ιο
3514 5645 3626 5704 Sed
3659 5651 3719 5702 in

2029 5714 2217 5769 studio
2243 5732 2417 5791 sacrm
2448 5718 2758 5791 Scriptura;
2788 5714 3295 5791 incipiendum‘est
3324 5719 3395 5773 ab
3425 5720 3718 5775 intellectu

2029 5802 2227 5843 sensus
2257 5786 2537 5857 litteralis,
2572 5786 2631 5843 ut
2662 5786 2989 5843 Postillator
3017 5789 3155 5844 dicit
3184 5789 3245 5843 in
3272 5806 3530 5855 summa;
3582 5807 3720 5859 ergo
