4050 6188
320 278 386 327 39
478 326 483 329 _
1219 273 1676 329 WAI.AFBII)US
1714 271 2026 328 STRABUS
2066 271 2449 329 FULDENSIS
2487 273 2875 331 MONACIIUS.
3358 320 3365 327 .
3730 286 3799 337 40

305 410 504 481 sensus
535 395 936 481 littenal‘islnon
957 399 1054 481 est
1080 394 1328 477 dignior.
1366 396 1661 481 Praeterea,
1687 395 1996 481 iliesensns
2027 400 2075 455 Α
2103 393 2272 481 debet
2300 394 2535 481 diciille
2561 411 2758 481 sensus
2777 397 2959 479 quiin
2993 399 3186 481 aliquo
3225 407 3505 472 repugnat
3539 403 3797 481 Ecclesia

306 465 613 536 Scriptura
660 466 831 521 debet
860 467 971 521 dici
997 466 1244 538 dignior,
1293 466 1392 538 qui
1432 466 1666 520 alterius
1703 466 1997 520 defectum

310 540 538 611 supplet
571 556 587 604 ;
620 539 734 611 sed
779 553 978 611 sensus
1025 536 1339 611 spiritualis
1381 539 1727 611 quandoque
1770 538 2001 611 supplet

309 608 882 663 defectumlitteralis
928 624 1164 673 sensus;
1219 608 1358 662 dicit
1408 609 1560 660 enim
1603 607 1912 676 Gregorius
1936 607 1996 662 in

306 678 639 734 Moralibus:
675 698 701 730 α
756 679 897 734 Cum
949 678 1087 733 ordo
1145 678 1401 733 historia
1438 678 1649 744 deﬁcit,
1683 694 1804 731 sese
1835 679 1997 732 nobis

311 771 332 798 ι
389 750 714 808 intellectus
771 749 1041 819 mysticus
1097 749 1259 818 quasi
1313 749 1528 818 apertis
1585 748 1703 817 jam
1780 750 1996 802 foribus

310 838 337 869 ‹‹
393 820 680 886 ostendit;
743 836 806 873 ac
853 821 901 873 si
939 825 1199 889 patenter
1245 819 1471 884 clamet,
1533 820 1666 889 quia
1714 820 1997 874 rationein

310 908 338 941 α
369 892 572 945 littera
604 890 876 945 defecisse
902 889 1262 961 cognoscitis,
1301 895 1595 961 restat,rut
1641 891 1709 944 ad
1733 890 1997 961 spiritua-

312 984 332 1007 «ι
391 963 502 1016 lem
562 978 793 1016 sensum
843 959 1374 1032 sine’duhitatione
1427 960 1707 1032 redeatis;
1763 959 1806 1032 7—»
1858 977 1996 1032 ergo

309 1032 569 1102 litteralis
598 1048 797 1086 sensus
824 1047 938 1084 non
967 1037 1060 1102 est
1082 1030 1309 1102 dignior
1326 1046 1498 1101 quam
1519 1030 1850 1102 spiritualis.

375 1096 479 1158 Séd
511 1108 741 1157 contra:
771 1102 981 1156 Sensus
1010 1100 1125 1167 ille,
1148 1096 1226 1155 ad
1258 1096 1428 1171 quem
1470 1096 1691 1156 tantum
1750 1101 1998 1172 pertinet

309 1171 491 1228 honor
510 1189 687 1227 sacra
713 1172 1017 1242 Scriptura
1052 1172 1285 1242 proprie
1342 1172 1589 1236 debitus,
1649 1171 1997 1227 est’cateris

305 1244 564 1298 sensibus
613 1244 934 1304 virtuosior,
994 1259 1093 1297 seu
1161 1242 1423 1313 dignior;
1484 1259 1615 1313 cum
1680 1244 1866 1298 honor
1924 1245 1999 1298 sit

303 1315 654 1384 pracipuum
686 1314 914 1385 signum
943 1312 1183 1377 virtutis,
1226 1312 1290 1367 ut
1318 1313 1378 1367 in
1410 1330 1425 1367 ι
1456 1312 1634 1368 Ethic.
1667 1330 1682 1368 :
1723 1314 1830 1369 Sed
1860 1330 1996 1368 sen-

309 1401 407 1439 sus
434 1385 693 1439 litteralis
753 1400 927 1439 sacra
975 1384 1282 1455 Scriptura
1327 1390 1412 1455 est
1458 1385 1823 1455 bujusmodi;
1857 1401 1994 1455 ergo

304 1471 500 1509 sensus
531 1456 787 1509 litterulis
810 1456 963 1509 inter
986 1454 1222 1509 cateros
1249 1460 1335 1509 est
1362 1454 1610 1525 dignior.
1634 1456 1811 1512 Minor
1840 1454 1997 1526 patet

309 1527 622 1581 secundum
678 1528 1060 1594 Augustinum
1090 1527 1151 1579 in
1176 1527 1415 1597 epistola
1434 1527 1503 1580 ad
1538 1527 1946 1597 Hieronymum
1978 1543 1990 1581 :

313 1616 341 1645 ι(
369 1597 562 1652 Solum
607 1597 761 1669 enim
810 1594 1237 1669 scripturarum
1270 1594 1443 1669 libris
1464 1597 1563 1669 qui
1604 1594 1859 1651 canonici
1888 1614 1994 1669 ap-

2108 465 2431 544 auctoritati
2463 483 2572 544 seu
2590 465 3632 544 deteriiiinaiioni;quantumcunque
3673 476 3802 531 talis

2108 553 2305 590 sensus
2336 537 2410 590 sit
2439 538 2743 592 conformis
2764 537 3165 610 signiﬁcationi
3202 544 3404 596 littera
3440 559 3454 597 :
3489 537 3618 598 talis
3643 548 3797 602 enim

2105 623 2301 684 sensus
2345 624 2462 684 non
2514 609 2702 684 solum
2757 609 3250 684 non_intenditur
3299 613 3367 667 ab
3419 622 3671 684 auctore,
3700 620 3797 674 sed

2105 678 2296 759 potius
2321 684 2407 759 est
2424 679 2739 759 .liareticus.
2759 696 2773 747 ;
2795 681 3345 759 unde‘Hieronymus
3370 701 3382 738 :
3411 705 3437 734 ‹‹
3462 678 3800 759 Quicunque

2105 751 2279 828 aliter.
2319 749 2669 828 Scripturam
2724 750 2995 828 intelligit
3061 749 3266 828 quain_
3307 771 3502 809 sensus
3557 749 3803 828 Spiritus

2103 820 2283 900 sancti
2309 820 2600 900 efflagitat,
2635 837 2667 874 a
2693 838 2809 900 quo
2839 820 3050 900 scripta
3078 820 3210 900 est,
3252 825 3555 900 haereticus
3595 820 3798 900 appel-

2104 890 2210 943 lari
2247 896 2462 967 potest;
2505 909 2532 941 ι)
2590 890 2743 962 quod
2771 890 3137 967 intelligitur
3179 895 3248 949 de
3293 896 3392 950 illo
3442 899 3542 967 qui
3580 890 3653 954 ad
3678 890 3801 956 'hoc

2104 961 2521 1038 expositionem
2546 961 2720 1038 sacra
2766 961 3075 1038 Scniptnra
3127 971 3438 1038 retorquet,
3459 961 3627 1038 'quod
3657 988 3797 1025 con-

2104 1031 2379 1085 trariatur
2410 1032 2462 1085 ei
2493 1032 2645 1106 quod
2694 1031 3125 1106 perspiritum
3175 1031 3434 1092 sanctum
3483 1031 3796 1098 revelatum

2110 1107 2217 1177 est,
2247 1107 2311 1156 ut
2332 1104 2591 1177 secunda
2616 1104 2968 1177 secunda'q.
3009 1108 3091 1161 ll.

2173 1172 2446 1249 Sequitur
2472 1174 2642 1249 etiam
2669 1178 2848 1249 quod
2881 1172 2988 1229 nec
3036 1177 3332 1231 habendus
3380 1181 3464 1232 est
3493 1191 3600 1249 pro
3624 1191 3795 1249 sensu

2103 1242 2356 1309 litterali,
2381 1243 2485 1319 ille
2505 1245 2606 1315 qui
2643 1242 2869 1319 rationi
2899 1252 3067 1301 recta
3114 1253 3433 1319 repugnat;
3489 1242 3618 1303 talis
3647 1244 3796 1319 enim

2104 1329 2303 1368 sensus
2327 1330 2444 1387 non
2471 1315 2795 1371 intenditur
2821 1317 2893 1371 ab
2944 1315 3195 1386 auctore,
3247 1315 3478 1386 scilicet,
3535 1319 3671 1384 Deo,
3700 1317 3800 1387 qui

2104 1390 2198 1458 est
2225 1385 2438 1458 prima
2502 1387 2726 1458 veritas,
2796 1403 2829 1441 a
2860 1403 2975 1458 quo
3005 1385 3193 1443 omnis
3228 1394 3435 1444 veritas
3466 1385 3793 1454 derivatur;

2102 1460 2157 1528 at
2183 1453 2312 1528 ideo
2340 1457 2689 1528 Augustinus
2712 1453 2896 1528 super
2931 1460 3131 1513 Genesi
3163 1460 3230 1514 ad
3289 1460 3569 1514 litteram:
3606 1479 3627 1507 ι
3658 1453 3796 1528 Cum

2103 1525 2396 1601 Scriptura
2433 1527 2657 1601 divina
2697 1525 3096 1601 multipliciter
3144 1530 3353 1600 exponi
3407 1530 3615 1601 possit,
3651 1527 3799 1582 nulli

2101 1597 2445 1672 expositioni
2476 1599 2691 1672 aliquis
2716 1600 2797 1672 ita
2826 1597 3063 1670 pracise
3083 1597 3380 1667 iubareat,
3401 1597 3550 1672 quod
3577 1600 3622 1663 si
3644 1605 3798 1672 certa

306 1668 596 1738 pellantur
646 1668 803 1721 hunc
858 1667 1146 1743 honorem
1189 1668 1361 1723 didici
1404 1667 1740 1743 deferre,ut
1769 1667 1990 1743 nullum
2033 1688 2072 1742 Β
2105 1669 2326 1723 ratione
2383 1667 2863 1743 gonstit—eritglioc
2919 1687 3041 1725 esse
3094 1672 3317 1739 falsum,
3379 1667 3535 1743 quod
3591 1669 3797 1743 aliquis

302 1745 591 1809 auctorem
639 1754 836 1792 eorum
890 1738 1187 1792 scribendo
1236 1740 1710 1809 errasseraliquid
1782 1739 1991 1793 ﬁrmis-

304 1808 448 1862 sime
474 1809 724 1863 credam.
758 1827 785 1861 »
819 1810 1050 1863 Constat
1088 1814 1280 1863 autem
1323 1808 1476 1879 quod
1534 1808 1688 1864 hunc
1718 1810 1993 1864 honorem

310 1895 427 1933 non
465 1879 637 1934 habet
674 1895 840 1951 sacra
879 1879 1170 1950 Scriptura
1204 1880 1516 1935 secundum
1563 1896 1793 1934 sensum
1822 1881 1993 1951 spiri-

301 1950 719 2023 tualemhquia
767 1951 814 2004 si
870 1951 971 2016 sic,
1025 1966 1090 2004 ex
1145 1951 1246 2004 tali
1275 1966 1440 2023 sensu
1491 1951 1771 2021 spirituali
1803 1956 1995 2023 posset

300 2022 459 2092 sumi:
515 2020 711 2075 efﬁcax
760 2025 1185 2090 argumentum,
1236 2022 1396 2092 quod
1437 2020 1585 2076 esset
1624 2020 1824 2076 contra
1877 2029 1993 2077 Au-

303 2091 595 2159 gustinum
654 2092 714 2145 in
768 2092 1009 2162 epistola
1057 2092 1125 2146 ad
1184 2091 1542 2146 Vincentium
1617 2093 1989 2157 Donatistam,

304 2163 607 2233 dicentem,
639 2162 791 2233 quod
818 2178 883 2217 ex
929 2167 1049 2233 solo
1102 2178 1271 2216 sensu
1319 2162 1550 2218 litterali
1588 2171 1994 2233 argumentum

305 2232 508 2287 efﬁcax
567 2232 831 2288 sumitur.
886 2233 948 2287 In
1026 2232 1131 2286 hac
1186 2233 1503 2304 quastione
1555 2232 1677 2288 sex’
1726 2235 1996 2288 videntur

303 2304 712 2375 consideranda
765 2304 1043 2375 Primum,
1075 2305 1203 2375 quis
1233 2304 1508 2375 dicendus
1562 2304 1636 2358 sit
1677 2321 1876 2359 sensus
1905 2321 1993 2358 sa-

303 2390 415 2429 cra
442 2374 753 2446 Scriptura
792 2374 1182 2443 litteralis,’et
1230 2376 1357 2445 quis
1401 2374 1732 2445 spiritualis.
1777 2375 1997 2431 Secun-

303 2446 463 2512 dum,
494 2461 567 2500 an
589 2446 828 2518 quilibet
855 2462 1055 2518 passus
1111 2462 1211 2500 seu
1266 2451 1453 2499 textus
1495 2450 1668 2500 sacra
1689 2446 1995 2517 Scriptura

302 2516 630 2588 exponetur,
650 2516 1013 2587 quadruplici
1071 2532 1240 2570 sensu
1291 2532 1466 2587 supra
1517 2522 1685 2588 tacto.
1717 2516 1991 2581 Tertium,

303 2586 712 2657 an'cujuslihet
766 2586 969 2656 passus
1023 2603 1119 2640 seu
1177 2586 1375 2641 textus
1395 2604 1568 2643 sacra
1598 2587 1903 2658 Scriptura
1925 2589 1996 2642 sit

305 2663 528 2731 tantum
559 2674 709 2712 unus
747 2673 947 2731 sensus
974 2658 1254 2731 litteralis,
1287 2659 1371 2731 vel
1405 2660 1751 2730 quandoque
1781 2659 1991 2731 plures.

304 2729 606 2793 Quartum,
652 2729 842 2799 posito
894 2730 1049 2799 quod
1098 2728 1601 2799 oliqiiando’unus
1652 2728 1842 2784 textus
1895 2746 1994 2784 seu

304 2817 417 2853 una
446 2800 751 2854 auctoritas
788 2815 977 2872 sacra
1024 2800 1332 2872 Scriptura
1376 2800 1583 2872 habeat
1621 2801 1836 2870 plures,
1864 2800 1995 2872 quis

299 2886 499 2925 eorum
524 2875 607 2925 est
637 2871 799 2925 alteri
832 2870 1240 2941 prafereudus.
1285 2870 1579 2936 Quintum,
1634 2887 1706 2925 an
1751 2887 1819 2925 ex
1851 2870 1993 2942 quo-

303 2942 451 2995 libet
486 2957 662 3013 sensu
720 2942 949 2995 litterali
1008 2943 1183 3013 possit
1228 2942 1374 2995 sumi
1413 2942 1612 3013 efﬁcax
1688 2959 1994 3013 argumen-

300 3018 444 3084 tum.
475 3012 727 3084 Sextum,
762 3012 1223 3084 respondendum
1255 3020 1339 3084 est
1359 3012 1424 3084 ad
1455 3012 1855 3084 quastiouem,
1878 3020 1986 3067 etc.

371 3082 530 3153 Circa
583 3082 866 3152 primum,
916 3083 1130 3137 scilicet
1170 3083 1299 3153 quis
1356 3082 1628 3138 dicendus
1681 3085 1755 3138 sit
1789 3100 1988 3138 sensus

299 3169 471 3224 sacra
498 3152 802 3223 Scriptura
831 3153 1088 3224 litterulis
1121 3152 1202 3224 eti
1235 3153 1363 3224 quis
1416 3154 1747 3223 spiritualis,
1796 3155 1984 3208 dicen-

299 3223 438 3277 dum
468 3227 617 3347 quod
674 3239 872 3276 sensus
907 3223 1182 3302 litteratis
1235 3224 1583 3305 quandoque
1635 3225 1845 3279 dicitur
1867 3225 1984 3292 ille,

299 3309 473 3347 secun
520 3309 616 3347 um
645 3309 817 3347 auem
847 3295 1040 3347 aliqua
1058 3295 1295 3347 historia
1322 3306 1588 3347 narratur
1605 3297 1675 3347 ad
1696 3296 1945 3347 litteram
1970 3311 1984 3347 :

299 3293 616 3348 secundum
645 3309 817 3364 quem
847 3293 1040 3364 aliqua
1058 3293 1295 3348 historia
1322 3293 1588 3349 narratur
1605 3297 1675 3350 ad
1696 3296 1945 3349 litteram
1970 3311 1984 3350 :

302 3369 360 3417 ct
400 3366 507 3418 hoc
542 3364 804 3419 videntur
847 3380 1048 3419 sonare
1095 3364 1265 3418 verba
1313 3365 1568 3435 Gregorii
1616 3365 1673 3419 in
1711 3383 1768 3420 iii
1800 3367 1987 3421 Mora-

307 3435 467 3500 lium,
511 3435 610 3506 qui
667 3436 737 3488 de
790 3450 960 3508 sensu
1018 3435 1258 3508 litterali
1284 3435 1533 3508 loquens
1557 3436 1731 3490 dicit:
1787 3460 1808 3483 ι
1842 3439 1986 3491 Dum

303 3511 495 3560 narrat
520 3511 741 3576 gestum
785 3506 976 3576 prodit
1032 3506 1386 3576 mysterium)
1421 3526 1448 3556 υ
1512 3506 1808 3575 Similiter,
1846 3514 1902 3561 et
1930 3507 1987 3562 in

303 3592 467 3648 yersu
521 3578 887 3648 praallegato
944 3576 1188 3648 dicitur:
1220 3595 1247 3627 oi
1311 3578 1519 3632 Littera
1556 3584 1713 3647 gesta
1741 3578 1903 3632 docet
1958 3599 1985 3627 »

300 3647 408 3720 Sed
441 3646 894 3720 secundiim’lioc
936 3648 1054 3700 sola
1100 3646 1637 3720 historialiasacra
1684 3648 1989 3720 Scriptura

298 3718 625 3771 dicerentur
648 3717 858 3772 habere
916 3733 1144 3771 sensum
1194 3718 1567 3785 historialem,
1633 3722 1717 3773 vel
1763 3717 1990 3773 littera-

297 3789 580 3860 lem,qnon
636 3794 825 3842 autem
861 3789 1196 3860 doctrinalia
1232 3805 1329 3860 seu
1353 3788 1689 3859 prophetica
1707 3794 1763 3844 et
1788 3789 1989 3860 hujus-

299 3858 497 3931 modi:
551 3874 681 3913 cum
738 3860 796 3912 in
849 3859 1057 3913 talibus
1084 3875 1200 3913 non
1252 3858 1475 3914 videtur
1527 3861 1748 3915 narrari
1797 3858 1991 3931 aliqua

298 3928 573 3983 historia:
605 3931 699 3984 sed
722 3931 828 3984 hoc
857 3936 941 3984 est
968 3936 1164 3984 contra
1221 3945 1586 3986 communem
1646 3928 1988 3985 sententiam

297 4000 713 4071 “positorum,
762 4002 862 4071 qui
919 4000 1304 4055 communiter
1361 4002 1792 4056 auctoritatibus
1818 4018 1991 4056 sacra

299 4070 605 4142 Scriptura
627 4070 1187 4126 sensiimlitteralem
1237 4073 1574 4127 attribuunt.
1631 4073 1790 4140 Unde
1826 4073 1992 4126 aliter

295 4147 352 4194 et.
381 4142 562 4213 magis
594 4142 822 4212 prOprie
851 4142 1059 4197 dicitur
1086 4158 1283 4196 sensus
1321 4143 1599 4206 litteralis,
1641 4145 1858 4198 scilicet
1896 4144 1991 4198 ille

297 4212 397 4292 qui
432 4212 672 4292 habetur
718 4212 1348 4292 perusigniﬁcationem
1406 4215 1630 4280 littera,
1685 4232 1798 4292 qua
1828 4230 1991 4292 voces

2103 1754 2345 1814 sensum_
2382 1738 2884 1814 Scripturahnnc
2921 1758 3202 1814 asserere
3227 1738 3556 1814 prasnmat.
3593 1742 3664 1796 Ex
3688 1738 3799 1814 hoc

2103 1809 2258 1862 enim
2315 1809 2606 1880 Scriptura
2662 1811 2733 1867 ab
2789 1812 3118 1867 inﬁdelibus
3174 1809 3552 1878 derideretur,
3599 1818 3657 1866 et
3717 1811 3799 1865 eis

2103 1880 2561 1950 pracluderetur
2586 1882 2675 1936 via
2706 1883 2997 1938 credendi.
3033 1904 3060 1933 ιι
3096 1884 3226 1938 Hac
3280 1886 3395 1938 ille.
3440 1884 3592 1938 Idem
3626 1882 3799 1936 etiam

2104 1955 2199 2025 est
2224 1950 2546 2025 dicendum,
2581 1953 2662 2025 de?
2698 1969 2871 2008 sensu
2918 1955 3204 2024 spirituali
3247 1971 3423 2010 sacra
3463 1954 3794 2025 Scriptura,

2104 2020 2204 2091 qui
2231 2037 2333 2090 per
2363 2023 2841 2092 signiﬁcationem
2898 2020 3089 2079 rerum
3152 2042 3257 2096 per
3314 2042 3480 2080 voces
3515 2020 3801 2079 in'littera

2104 2098 2399 2145 contentas
2430 2093 2876 2149 signiﬁcatarum
2909 2095 3186 2149 habetur:
3217 2096 3449 2149 scilicet.
3493 2096 3644 2149 auod
3674 2095 3801 2148 talis

3535 2101 3644 2149 uod
3674 2101 3805 2148 talis

3586 2168 3799 2232 clesia,

2104 2098 2399 2145 contentas
2430 2093 2876 2164 signiﬁcatarum
2909 2093 3186 2151 habetur}
3217 2096 3449 2164 scilicet,

2103 2177 2300 2216 sensus
2367 2179 2481 2218 non
2534 2166 2716 2237 debet
2786 2182 3109 2237 repugnare
3164 2166 3488 2222 auctoritati

2104 2248 2211 2286 nec
2242 2237 2410 2287 recta
2439 2235 2649 2307 rationi
2678 2252 2692 2290 :
2724 2235 2864 2307 quia
2881 2235 3053 2305 sisic,
3088 2238 3218 2292 talis
3257 2254 3459 2292 sensus
3487 2236 3804 2307 spiritualis

2104 2319 2218 2380 non
2252 2310 2398 2359 esset
2437 2306 2835 2380 attribuendus
2880 2323 3054 2363 sacra
3096 2308 3428 2380 Seriptura,
3461 2324 3494 2362 a
3518 2306 3671 2376 ’Deo,
3699 2306 3805 2378 qui

2114 2378 2198 2427 est
2225 2390 2451 2429 summa
2479 2379 2704 2443 veritas,
2735 2379 3027 2434 revelata.

2175 2444 2333 2499 Circa
2380 2449 2716 2522 secundum,
2781 2450 3008 2510 scilicet.
3063 2466 3138 2504 an
3193 2449 3438 2522 quilibet
3476 2464 3675 2522 passus
3698 2464 3802 2501 seu

2107 2519 2298 2570 textus
2330 2533 2502 2572 sacra
2528 2519 2840 2592 Scriptura
2873 2519 3606 2592 exponatur‘quadruplici
3629 2535 3800 2574 sensu

2106 2602 2279 2662 supra
2310 2596 2480 2656 tacto,
2509 2590 2815 2662 dicendum
2849 2592 3002 2662 quod
3029 2608 3142 2646 non
3169 2608 3184 2659 ;
3230 2590 3368 2646 dicit
3413 2590 3564 2646 enim
3596 2594 3804 2659 Αυκιι-ς

2105 2658 2289 2733 stinus
2322 2676 2359 2713 ii
2382 2676 2557 2733 super
2583 2661 2725 2716 Gen.
2765 2663 2828 2716 lu
2866 2658 3212 2733 quibusdam
3247 2664 3401 2717 solus
3423 2678 3619 2717 sensus
3651 2662 3800 2733 litte-

2104 2728 2240 2805 ralis
2274 2728 2616 2805 qiiarendus
2648 2737 2749 2785 est.
2784 2728 2943 2805 Quod
2969 2734 3436 2805 patetmanifeste
3461 2739 3626 2788 :sunt
3644 2732 3801 2805 enim

2107 2800 2394 2872 multain
2468 2802 2626 2857 libris
2670 2800 2987 2872 canonicis;
3029 2811 3144 2858 tam
3193 2805 3406 2859 Veteris
3449 2802 3805 2859 Testameuti

2105 2885 2279 2940 quam
2307 2871 2463 2939 Novi,
2497 2889 2627 2943 qua
2649 2890 2763 2928 non
2787 2871 2998 2929 habent
3018 2875 3126 2928 nisi
3146 2875 3543 2930 tantummodo
3568 2889 3802 2928 sensum

2108 2943 2436 3016 litteralem.
2499 2945 2661 3008 Quod
2714 2951 2866 3016 patet
2907 2945 2963 2999 in
3016 2946 3232 3013 multis,
3281 2953 3337 3000 et
3386 2945 3710 3016 specialiter
3738 2945 3802 2998 in

2101 3012 2324 3087 duobus
2378 3016 2682 3084 praeceptis
2714 3012 3057 3084 "charitatis,
3120 3017 3180 3070 in
3222 3012 3225 3013 ν
3264 3012 3473 3087 quibus
3526 3022 3645 3068 tota
3703 3016 3800 3087 lex

2094 3082 2307 3155 pendet
2360 3082 2415 3138 et
2464 3087 2784 3155 propheta,
2842 3092 2910 3140 ut
2966 3082 3211 3142 habetur
3269 3082 3462 3141 Matth.
3519 3102 3651 3140 xxii.
3710 3085 3799 3139 lex

2095 3152 2248 3229 enim
2281 3154 2337 3208 in
2371 3152 2816 3227 his'praceptis,
2863 3158 3110 3229 scilicet:
3147 3177 3175 3208 α
3228 3158 3439 3229 Diliges
3490 3156 3799 3211 Dominum

2099 3224 2280 3279 Deum
2310 3233 2474 3299 tuum
2495 3224 2567 3280 ex
2596 3224 2716 3281 toto
2749 3224 2917 3282 cerde
2945 3233 3066 3297 tuo,
3118 3235 3175 3299 et
3216 3224 3429 3299 diliges
3474 3230 3801 3299 proximum

2103 3302 2266 3350 tuum
2290 3297 2437 3351 sicut
2456 3299 2722 3369 teipsum,
2751 3319 2779 3345 »
2804 3300 2985 3353 multa
3011 3297 3417 3353 contineantur
3436 3297 3802 3369 exponenda,

2097 3381 2205 3420 seu
2253 3368 2623 3437 exponlbilia,
2668 3374 2784 3424 tam
2839 3370 2909 3424 ad
2957 3370 3241 3440 objectum
3291 3368 3584 3423 charitatis
3623 3382 3805 3440 quam

2099 3440 2166 3512 ad
2199 3442 2321 3512 ejus
2344 3445 2533 3512 actum
2567 3439 3401 3512 interioremrseuexteriorem,
3422 3455 3594 3512 quam
3628 3440 3805 3493 etiam

2101 3510 2168 3563 ad
2219 3508 2343 3578 ejus
2389 3508 2673 3575 ordinem,
2726 3517 2785 3565 et
2840 3511 2950 3564 alia
3008 3512 3339 3580 hujusmodi
3389 3508 3799 3581 pertinentia:

2097 3586 2294 3636 omnia
2342 3585 2535 3634 tamen
2593 3581 2691 3634 illa
2747 3583 3044 3651 pertinent
3101 3582 3172 3636 ad
3217 3597 3444 3636 sensum
3495 3581 3804 3635 litteralem

2099 3656 2348 3706 tantum.
2417 3652 2734 3724 Nonﬂenim
2773 3653 2830 3705 in
2884 3654 2989 3706 hoc
3032 3653 3156 3706 loco
3209 3668 3299 3706 res
3329 3652 3665 3724 signiﬁcata
3698 3667 3805 3721 per

2103 3723 2247 3777 hunc
2296 3737 2488 3775 vocem
2543 3723 2711 3788 Deus,
2772 3739 2867 3777 seu
2917 3738 3022 3792 per
3073 3724 3219 3776 hanc
3271 3723 3465 3776 vocem
3521 3724 3801 3792 prximus,

2100 3798 2157 3845 et
2210 3808 2312 3864 per
2363 3793 2523 3864 hanc
2557 3809 2748 3847 vocem
2797 3794 3013 3861 diliges,
3049 3793 3260 3864 iterum
3309 3809 3400 3846 res
3445 3793 3585 3845 alias
3616 3793 3803 3864 signi-

2101 3862 2295 3932 ﬁcant,
2339 3879 2372 3916 a
2431 3862 2640 3932 quibus
2690 3865 2860 3917 rebus
2917 3866 2995 3917 sic
3054 3862 3287 3932 signatis
3374 3879 3575 3916 sensus
3622 3862 3804 3933 spiri-

2102 3936 2272 3988 tualis
2303 3935 2543 3987 ulterius
2572 3935 2923 4004 accipiatur:
2974 3934 3125 3988 unde
3172 3939 3357 4004 totum
3410 3934 3566 4004 quod
3608 3934 3670 3986 in
3700 3947 3802 3985 ex-

2144 4007 2389 4059 ositione
2436 4004 2641 4058 horum
2664 4003 3078 4075 praceptorum
3131 4003 3393 4069 traditur,
3444 4003 3514 4058 ad
3564 4018 3802 4057 sensum

2125 4075 2406 4129 itteralem
2453 4074 3091 4129 eorum’tartummodo
3137 4074 3410 4144 pertinet.
3456 4075 3518 4128 Et
3536 4074 3614 4128 sic
3643 4089 3802 4128 com-

2102 4147 2353 4200 muniter
2391 4145 2460 4199 de
2483 4147 2610 4199 aliis
2638 4148 2937 4268 praceptis
2984 4145 3298 4199 moralibus
3339 4144 3555 4200 Veteris
3595 4146 3801 4199 Testa—

2104 4219 2279 4268 menti
2309 4221 2366 4268 et
2389 4216 2583 4268 multis
2603 4233 2632 4268 a
2662 4217 2727 4268 iis
2779 4216 3058 4268 passibus.
3106 4232 3249 4268 auos
3300 4231 3471 4268 causa
3502 4214 3801 4268 brevitatis

2104 4219 2279 4271 menti
2309 4216 2583 4288 etmnltis
2603 4214 2739 4288 aliis
2779 4214 3058 4288 passibus,
3106 4232 3249 4286 quos
3300 4231 3471 4288 causa
3502 4214 3802 4288 brevitatis

303 4277 630 4358 signiﬁcant
656 4277 762 4337 res.
799 4283 899 4358 Ille
927 4277 1144 4358 autem_
1170 4284 1377 4338 dicitur
1432 4277 1632 4339 sensus
1662 4277 1995 4358 spiritualis,
2029 4277 2072 4331 D
2105 4292 2325 4358 omitto.
2358 4287 2417 4341 In
2453 4277 2976 4358 Evangeliisatiam
3011 4277 3190 4340 multa
3228 4286 3554 4353 traduntur,
3587 4286 3801 4357 quibus

310 4354 410 4424 qui
441 4353 684 4408 habetur
710 4370 815 4424 per
834 4353 1289 4426 signiﬁcationes
1315 4370 1506 4409 rerum
1548 4353 1996 4426 signiﬁcatarum

296 4439 401 4492 per
426 4440 613 4493 voces,
641 4430 807 4496 prout
828 4424 913 4477 in
947 4426 1133 4495 prima
1188 4430 1368 4495 parte.
1427 4442 1481 4496 q.
1522 4430 1571 4481 l.
1608 4424 1730 4481 iart.
1764 4429 1866 4480 ult.
1895 4444 1908 4480 :
1943 4433 2000 4483 et

303 4499 390 4549 est
418 4495 713 4566 sententia
745 4496 1088 4566 communis,
1125 4511 1311 4566 quam
1362 4495 1624 4566 sequitur
1671 4498 1998 4552 Postillator

302 4567 363 4619 in
398 4566 654 4638 prologo.
691 4564 1241 4638 sedsattendendum
1278 4564 1544 4638 estquod
1585 4583 1689 4637 per
1720 4568 1996 4638 pradicta

305 4635 693 4709 nonibabetur
730 4635 1036 4709 deﬁnitio,
1059 4651 1155 4689 seu
1182 4635 1508 4709 fdescriptio
1540 4635 1838 4709 adaquata
1867 4655 1993 4693 sen-

306 4723 400 4779 sus
429 4706 721 4779 litteralis,
746 4707 817 4760 de
838 4722 952 4778 quo
983 4707 1292 4779 bicqagitur
1321 4723 1334 4760 :
1368 4706 1501 4762 sunt
1527 4706 1699 4779 enimr'
1723 4710 1991 4779 quadam

302 4776 364 4831 in
394 4793 555 4832 sacra
606 4776 899 4849 Scriptura
952 4777 1178 4839 tradita,
1240 4794 1369 4848 qua
1426 4780 1473 4833 si
1515 4776 1872 4849 accipiantur
1899 4796 1992 4833 se-

300 4850 553 4921 cundum
585 4847 1065 4921 signiﬁcationem
1098 4864 1213 4919 qua
1228 4864 1392 4902 voces
1412 4847 1796 4921 communiter
1814 4849 1993 4921 signi-

303 4918 477 4972 ﬁcant
516 4918 869 4989 resfessent
924 4918 1217 4974 falsaziut
1272 4924 1429 4989 patet
1484 4920 1545 4973 in
1612 4918 1995 4975 locutionibus

297 4988 636 5059 parabolicis
657 4995 715 5044 et
744 4990 1100 5060 hujusmodi,
1133 4995 1195 5060 ut
1227 4988 1373 5043 infra
1418 4989 1653 5060 patebit.
1710 4992 1863 5045 Unde
1892 4993 1992 5046 ad-

295 5061 545 5132 dendum
570 5066 656 5114 est
680 5059 1003 5132 pradictis:
1037 5059 1186 5132 quod
1220 5059 1620 5132 sensusisarra
1661 5061 1990 5132 Scriptura,

297 5129 369 5185 ad
396 5131 505 5184 hoc
536 5129 690 5204 quod
723 5132 982 5186 litteralis
1021 5129 1248 5204 dicitur,
1276 5129 1878 5204 requiriturquod'sit
1902 5134 1990 5187 in-

297 5146 369 5185 aa
396 5146 505 5184 noc
536 5146 688 5256 Ἦιοα
723 5146 982 5186 litteratis
1021 5146 1246 5193 dieitur,
1276 5146 1591 5202 requiritur
1620 5146 1773 5204 quoa
1806 5146 1878 5186 sit
1902 5150 1988 5187 in-

295 5206 486 5275 tentus
518 5218 551 5255 a
597 5208 850 5275 _auctore
907 5218 1081 5256 sacra
1134 5201 1462 5275 Scriptura,
1500 5202 1620 5275 tqui
1676 5210 1761 5255 est
1821 5204 1988 5259 Deus.

295 5272 470 5345 Cujus
500 5272 647 5327 ratio
676 5279 805 5345 est:
851 5289 984 5327 nam
1035 5288 1234 5327 sensus
1283 5272 1569 5345 litterulis:
1599 5277 1991 5345 cujuscunque

294 5344 592 5414 scriptura
624 5349 709 5398 est
751 5344 847 5398 ille
885 5360 1059 5414 quem
1116 5349 1316 5414 auctor
1357 5343 1621 5407 intendit,
1664 5360 1792 5398 cum
1828 5343 1991 5399 voces

293 5412 648 5485 sint’earum,
681 5431 811 5485 qua
842 5412 975 5485 sunt
1003 5414 1063 5468 in
1096 5412 1304 5485 anima,
1338 5415 1672 5484 passionum
1705 5420 1893 5470 nota:
1927 5420 1991 5471 ut

290 5484 350 5538 in
380 5484 568 5556 prima
597 5483 1048 5556 Periermenias;
1082 5484 1177 5538 sed
1208 5483 1428 5556 constat
1476 5487 1628 5555 quod
1672 5490 1872 5540 auctor
1899 5503 1989 5538 sa-

289 5572 400 5627 cra
447 5554 756 5627 Scriptura
800 5562 903 5627 est,
932 5555 1107 5622 Deus,
1155 5558 1221 5627 et
1261 5554 1342 5609 sic
1375 5554 1543 5627 patet
1588 5556 1741 5627 quod
1789 5572 1987 5611 sensus

290 5625 549 5707 litteralis
571 5624 649 5681 de
670 5625 1027 5707 quonagitur,
1058 5630 1145 5707 est
1165 5624 1263 5707 ille
1289 5624 1450 5707 quia
1490 5624 1625 5707 Deo‘
1643 5626 1981 5707 intenditur,

290 5702 347 5753 et
372 5713 475 5769 per
498 5713 661 5752 voces
686 5688 753 5769 iu
784 5688 974 5751 littera
1001 5688 1324 5769 contentas'
1350 5696 1639 5769 signatur._
1663 5688 1738 5752 Ex
1777 5688 1985 5769 quibus

291 5766 556 5838 sequitur.
574 5767 727 5841 quod
759 5783 959 5823 sensus
1004 5766 1263 5823 litteratis
1312 5781 1485 5819 sacra
1524 5766 1832 5840 Scriptura
1869 5784 1981 5823 non

2106 4357 2222 4412 non
2270 4362 2499 4428 oportet
2548 4357 2839 4428 assignare
2887 4373 3116 4412 sensum
3164 4358 3492 4427 mysticum,
3551 4357 3650 4411 sed
3678 4362 3804 4410 tan-

2104 4434 2229 4485 tum
2258 4427 2594 4483 litteralem:
2627 4427 2775 4501 sicut
2815 4429 2873 4501 in
2915 4429 3005 4482 his
3047 4444 3175 4501 qua
3215 4428 3520 4501 traduntur
3570 4433 3633 4501 ut
3653 4443 3801 4501 pra-

2103 4505 2284 4571 cepta,
2346 4504 2592 4571 ut_cum
2639 4498 2875 4553 Joannis
2928 4516 3018 4553 xw
3066 4498 3309 4554 dicitur:
3370 4517 3399 4550 α
3440 4498 3697 4571 Greditis
3736 4498 3799 4571 in

2104 4568 2304 4635 Deum,
2338 4575 2394 4623 et
2425 4568 2482 4621 in
2509 4584 2597 4622 me
2627 4570 2857 4636 credite,
2892 4589 2919 4620 υ
2985 4576 3043 4624 et
3085 4571 3384 4625 similibus.
3431 4568 3707 4623 Similiter
3737 4568 3797 4623 in

2101 4640 2191 4694 his
2239 4656 2367 4711 qua
2425 4638 2633 4711 dantur
2682 4645 2748 4694 ut
2792 4640 3044 4703 consilia,
3096 4643 3240 4695 sicut
3263 4655 3393 4694 cum
3422 4640 3632 4694 dicitur
3657 4638 3795 4711 Mat-

2101 4708 2417 4782 thai'xix:
2493 4729 2522 4761 α
2579 4709 2636 4765 Si
2690 4711 2774 4764 vis
2830 4710 3114 4782 perfectus
3179 4727 3323 4776 esse,
3355 4711 3496 4765 vade
3528 4717 3585 4764 et
3613 4708 3795 4763 vende

2102 4800 2130 4832 α
2173 4781 2369 4835 omnia
2401 4797 2532 4851 qua
2567 4781 2743 4836 habes
2768 4781 2915 4836 et’da
2946 4782 3310 4852 pauperibus.
3342 4800 3367 4831 ii
3395 4782 3455 4834 In
3488 4781 3716 4851 quibus,
3737 4784 3799 4852 et

2101 4852 2385 4906 similibus
2416 4850 2532 4905 non
2577 4859 2662 4906 est
2708 4850 3056 4922 quareudus
3098 4867 3301 4905 sensus
3325 4850 3657 4921 spiritualis,
3692 4850 3792 4921 qui
3842 4864 3847 4869 ‘

2100 4939 2162 4976 ex
2196 4924 2367 4977 rebus
2420 4922 2659 4992 signatis
2709 4938 2812 4993 per
2860 4936 3025 4976 voces
3079 4922 3392 4993 accipiatur
3452 4922 3546 4976 sed
3570 4928 3792 4993 tantum

2099 5009 2301 5046 sensus
2341 4989 2621 5059 litterulis,
2682 4989 2781 5063 q'ui
2832 5010 2895 5047 ex
2940 4989 3358 5063 signiﬁcatione
3412 5009 3613 5047 vocum
3647 4989 3792 5044 acci-

2098 5066 2276 5145 pitur,
2315 5071 2380 5118 ut
2426 5069 2522 5145 est
2547 5064 2934 5118 manifestum.
2989 5064 3266 5145 Simititer
3312 5080 3439 5118 cum
3496 5065 3793 5145 [ιιιςξεηνιῐι

2099 5136 2354 5190 Christus
2445 5134 2860 5202 interpretatur
2923 5135 3255 5204 parabolaui
3319 5151 3500 5200 suam,
3563 5134 3790 5187 dice‘i‘is:

2101 5226 2125 5255 (ι
2162 5207 2371 5261 Semen
2410 5210 2496 5259 est
2552 5205 2787 5258 verbum
2846 5204 2966 5270 Dei,
3018 5226 3046 5257 η
3089 5210 3218 5272 etc,
3280 5204 3649 5259 manifestum
3707 5207 3794 5256 est

2099 5276 2251 5347 quod
2278 5277 2372 5347 illa
2413 5275 2586 5330 verba
2615 5275 3046 5346 interpretativa
3100 5292 3214 5330 non
3247 5280 3473 5347 oportet
3501 5274 3652 5347 quod
3687 5273 3791 5327 lia-

2098 5345 2269 5401 beant
2318 5346 2459 5401 alios
2524 5362 2723 5400 sensus
2772 5345 3121 5417 spirituales,
3163 5345 3297 5400 cum
3351 5345 3595 5417 ipsemet
3617 5345 3793 5417 inter-

2116 5417 2344 5472 iretatio
2389 5417 2461 5471 sit
2497 5413 2821 5486 expositiva
2865 5419 3146 5487 parabola
3194 5414 3588 5487 pracedentis.
3619 5413 3791 5487 Simi-

2120 5487 2514 5559 iterEpistola
2546 5484 2729 5555 Pauli,
2769 5484 2898 5559 qua.
2938 5504 3052 5542 una
3080 5487 3149 5541 de
3196 5484 3501 5556 pracipuis
3528 5484 3792 5559 partibus

2099 5558 2239 5612 Novi
2267 5555 2618 5613 Testamenti
2651 5555 2869 5614 censeri
2889 5558 3118 5624 debent,
3146 5571 3266 5628 Aper
3303 5555 3636 5628 totumgfere
3660 5571 3787 5628 sen-

2097 5644 2227 5682 sum
2276 5629 2580 5683 litteralem
2629 5629 3022 5684 tantummodo
3068 5625 3302 5682 habent.
3337 5625 3615 5698 Loquitur
3635 5625 3787 5681 enim

2100 5698 2181 5754 ibi
2218 5703 2494 5770 tanquam
2543 5699 2741 5755 doctor
2791 5698 3127 5754 universalis
3171 5697 3459 5770 Ecclesia,
3488 5712 3792 5770 exponens

2092 5774 2150 5824 et
2176 5767 2530 5825 concurdans
2579 5772 2891 5845 utrumque
2939 5771 3382 5827 Testamentum.
3440 5767 3591 5824 Licet
3637 5769 3789 5824 enim
