4050 6188
154 274 199 324 il

151 391 199 465 in
226 386 352 465 ipsis
380 383 634 465 Epistolis
664 383 1315 465 profundam-difﬁcilia
1353 382 1421 465 ad
1461 382 1634 465 fidem
1678 399 1813 453 per-

151 454 385 523 tinentia,
418 454 495 509 ‘et
578 454 874 525 utriusque
940 455 1288 509 Testamenti
1365 454 1807 508 declarationem

148 529 433 593 tradantur,
469 542 576 579 non
607 534 796 580 tamen
831 526 1154 596 allegorice,
1205 526 1291 580 vel
1340 526 1651 595 anagogice
1691 530 1805 578 tra-

145 601 353 662 duntur,
388 597 482 650 sed
529 602 751 651 tantum
807 597 1165 661 litteraliter;
1212 596 1333 666 ipse
1367 596 1517 649 enim
1550 596 1808 649 historia-

148 671 257 722 Iiter
288 669 560 739 loquendo
589 684 685 720 seu
717 667 1060 735 litteraliter,
1080 667 1339 739 ostendit
1362 667 1431 739 de
1466 666 1806 739 quibusdam

145 736 425 808 Scripturis
469 739 757 808 quomodo
798 738 913 791 sint
958 736 1353 808 intelligendas
1395 737 1453 790 in
1489 752 1654 789 sensu
1685 737 1809 808 spi-

146 807 314 864 rituali
347 825 357 863 :
414 807 625 863 utcum
684 810 1008 863 Galatarum
1040 824 1090 860 Iv
1142 807 1280 862 dicit
1311 808 1379 861 de
1426 807 1646 861 duobus
1677 807 1809 860 tiliis

146 881 379 945 Abrahae,
414 900 438 930 α
494 896 620 950 qua:
676 886 811 933 sunt
854 896 958 947 per
1013 879 1350 948 allegoriam
1410 878 1631 931 dicta.»
1688 879 1810 931 Non

144 968 263 1021 ergo
310 951 470 1004 verba
509 949 761 1021 Apostoli
807 955 939 1004 sunt
988 949 1430 1021 allegorizanda,
1465 965 1587 1021 seu
1613 964 1807 1021 mora-

145 1019 360 1086 lizanda,
411 1025 464 1073 et
514 1019 861 1090 hujusmodi,
916 1020 1016 1074 sed
1075 1020 1266 1089 potius
1315 1019 1702 1073 enucleanda:
1748 1023 1811 1071 ut

159 1110 214 1145 ex
245 1092 365 1162 ipsis
388 1092 499 1144 veri
526 1108 719 1144 sensus
751 1093 1023 1145 litterales
1067 1091 1456 1152 extrahantur,
1506 1106 1573 1162 ex
1602 1090 1811 1162 quibus

158 1159 431 1216 discursive
457 1162 822 1232 producendo
856 1162 1053 1226 multa,
1080 1177 1309 1231 magna,
1330 1166 1386 1214 et
1408 1159 1808 1232 profundain-

158 1234 388 1287 feruntur
433 1231 913 1298 argumentative:
970 1233 1115 1286 sicut
1158 1232 1220 1285 in
1259 1232 1382 1285 aliis
1428 1232 1676 1285 scientiis
1704 1231 1810 1283 hu-

162 1305 317 1357 manis
344 1320 407 1356 ex
434 1304 601 1357 certis
631 1308 683 1357 et
709 1304 857 1357 veris
876 1303 1172 1373 principiis
1193 1304 1375 1356 multa
1396 1302 1702 1373 discursive
1730 1302 1811 1373 inf

160 1374 690 1444 feruntur,proutint
711 1391 767 1444 p.
785 1390 840 1443 q.
860 1378 877 1428 l
898 1380 1031 1434 .art.
1054 1378 1084 1427 7
1112 1389 1268 1443 ;quas
1286 1373 1513 1443 quidem
1535 1372 1809 1425 omniaad

160 1447 421 1498 litteralem
452 1462 684 1498 sensum
717 1445 1020 1514 pertinent,
1050 1462 1080 1497 a
1107 1461 1220 1513 quo
1249 1449 1398 1497 recte
1429 1444 1805 1514 deducuntur.

217 1516 273 1569 Et
299 1516 368 1569 sic
414 1520 569 1585 patet
593 1512 746 1585 quod
791 1531 905 1568 non
946 1512 1185 1585 quilibet
1226 1530 1427 1584 passus
1460 1530 1632 1585 sacras
1661 1512 1807 1566 Scri-

160 1593 313 1655 ptura:
361 1584 719 1656 quadruplici
770 1602 935 1639 sensu
966 1584 1051 1638 isit
1079 1585 1485 1655 exponendus:
1514 1584 1613 1637 sed
1642 1588 1811 1653 prout

161 1658 206 1709 S.
232 1659 453 1710 Thomas
472 1656 804 1709 notabiliter
824 1656 993 1710 tradit
1014 1661 1042 1708 ‘7
1065 1656 1422 1726 quodlibeto,
1452 1671 1515 1725 q.
1547 1656 1635 1719 24,
1652 1669 1808 1706 sacra

158 1728 410 1795 Scriptura
462 1728 810 1798 quandoque
863 1732 949 1798 est
994 1726 1331 1796 exponenda
1375 1726 1509 1798 istis
1563 1729 1809 1796 quatuor

162 1798 399 1863 sensibus,
421 1796 770 1868 quandoque
787 1797 989 1863 tribus,
1014 1798 1361 1867 quandoque
1379 1796 1623 1861 duobus,
1638 1811 1812 1868 quan-

162 1869 316 1939 doque
337 1867 454 1921 uuo’
478 1874 719 1921 tantum.
761 1868 915 1922 Unde
942 1884 1005 1920 ea
1019 1883 1147 1937 qum
1172 1868 1482 1939 secundum
1507 1867 1808 1920 litteralem

163 1938 353 1992 sensum
382 1939 445 1992 ad
485 1940 630 1992 facta
662 1939 874 1991 Veteris
896 1938 1242 1991 Testamenti
1264 1943 1539 2006 spectant,
1572 1941 1812 2006 possunt

162 2018 371 2078 quatuor
394 2009 652 2063 sensibus
676 2009 882 2079 exponi
911 2026 924 2073 ;
967 2009 1232 2061 similiter
1277 2025 1344 2061 ea
1391 2024 1517 2077 quae
1565 2008 1633 2061 ad
1661 2008 1811 2079 litte-

162 2077 259 2133 ram
285 2081 347 2133 de
396 2081 614 2134 Christo
664 2077 851 2149 capite
871 2080 1158 2144 dicuntur,
1209 2084 1449 2149 possunt
1477 2078 1685 2149 exponi
1717 2077 1810 2130 lit-

167 2152 377 2203 teraliter
430 2151 496 2205 de
538 2148 749 2205 Christi
797 2151 988 2221 gestis,
1043 2149 1347 2221 allegorice
1387 2148 1690 2202 referendo
1746 2164 1813 2221 ea

170 2222 222 2274 ad
245 2238 427 2292 corpus
458 2223 579 2291 ejus
619 2219 944 2292 mysticum,
978 2224 1053 2292 et
1099 2220 1396 2292 moraliter
1442 2222 1639 2292 eadem
1672 2219 1812 2292 refe-

169 2292 310 2345 rendo
333 2290 401 2346 ad
427 2290 581 2345 actus
614 2290 857 2354 nostros,
892 2290 991 2361 qui
1034 2291 1349 2344 secundum
1382 2290 1570 2360 ipsum
1602 2290 1814 2361 debent

164 2364 394 2431 regulari,
436 2369 493 2416 et
544 2363 855 2431 anagogice
898 2359 957 2415 in
1004 2368 1285 2432 quantum
1328 2359 1558 2430 in’ipso
1588 2359 1811 2414 Christo

166 2439 230 2485 est
274 2434 422 2487 nobis
486 2435 598 2486 iter
665 2433 862 2502 gloriae
918 2433 1392 2487 demonstratum.
1464 2432 1567 2485 Illa
1618 2435 1811 2483 autem

165 2520 264 2572 qua!
306 2505 612 2558 secundum
661 2505 964 2557 litteralem
983 2519 1214 2556 sensum
1283 2502 1661 2572 dicunturde
1710 2502 1812 2554 Ec-

163 2571 315 2637 clesia,
352 2580 589 2644 possunt
636 2574 847 2643 exponi
900 2574 1187 2627 moraliter
1233 2577 1288 2625 et
1344 2571 1674 2644 anagogice.
1735 2573 1814 2626 Ea

165 2660 267 2698 vero
308 2643 427 2715 quae
472 2646 790 2699 secundum
859 2645 1119 2715 litteram,
1175 2643 1473 2715 moraliter
1523 2643 1811 2715 dicuntur,

165 2732 256 2768 non
291 2714 700 2770 consueverunt
759 2716 964 2785 exponi
1014 2714 1125 2768 nisi
1169 2714 1499 2783 anagogice.
1551 2714 1814 2785 illavero

165 2802 265 2854 quae
306 2787 610 2840 secundum
664 2784 896 2839 sensum
943 2786 1240 2839 litteralem
1285 2785 1573 2854 pertinent
1602 2784 1669 2836 ad
1699 2788 1813 2836 sta-

166 2862 258 2911 tum
283 2858 485 2927 gloriae,
517 2859 682 2912 nullo
711 2857 822 2910 alio
848 2873 1016 2910 sensu
1040 2861 1309 2927 consueta
1336 2861 1471 2927 sunt
1489 2854 1813 2927 ex_poni,_eo

226 2930 285 2982 od
298 2924 417 2998 ipsa
434 2945 553 2982 non
582 2934 665 2981 est
690 2927 877 2997 ﬁgura
894 2928 1158 2998 aliorum,
1182 2926 1276 2998 sed
1307 2926 1375 2979 ab
1394 2925 1661 2998 omnibus
1689 2924 1815 2998 aliis

166 2945 285 3050 guno
305 2945 417 2998 ipsa
434 2945 553 2982 non
582 2945 665 2981 ρει
690 2945 877 2997 ugura
894 2945 1158 2993 auorum,
1182 2945 1276 2979 seu
1307 2945 1375 2979 an
1394 2945 1661 2978 omnlDus
1689 2945 1815 2977 aius

197 3007 383 3067 gurata.
415 3000 555 3063 Quae
586 2999 820 3069 quidem
850 2997 1065 3069 omnia,
1103 3003 1160 3050 et
1210 2997 1327 3069 alia
1388 2997 1455 3049 ad
1504 2997 1607 3049 hoc
1639 2996 1815 3066 perti-

169 3066 321 3123 nentia
347 3070 573 3140 plenius
602 3066 661 3122 in
691 3070 847 3140 dicta
870 3068 1183 3138 quastione
1212 3066 1587 3140 declarantur.

227 3138 361 3194 Circa
409 3141 674 3197 tertium.
733 3139 966 3202 scilicet,
1026 3154 1099 3191 an
1148 3138 1452 3206 cujuslibet
1494 3152 1690 3207 passus
1716 3152 1817 3190 seu

174 3216 313 3263 textus
337 3227 503 3265 sacra:
552 3211 858 3279 Scriptura:
909 3209 980 3263 sit
1010 3213 1233 3262 tantum
1255 3224 1403 3262 unus
1433 3224 1632 3279 sensus
1658 3207 1816 3261 litte-

176 3283 310 3335 ratis?
352 3289 403 3336 et
442 3278 691 3336 videtur
716 3280 869 3351 quod
913 3296 1050 3333 non.
1106 3280 1244 3351 Nam
1276 3278 1588 3351 secundum
1622 3281 1815 3351 Augu-

172 3354 341 3406 stinum
381 3354 437 3406 in
486 3353 593 3406 lib.
645 3349 1009 3405 de'Utilitate
1053 3349 1428 3414 credendi,ad
1461 3365 1689 3402 sensum
1723 3350 1814 3401 lit-

173 3427 358 3477 teretem
414 3423 714 3493 pertinent
763 3422 872 3474 tria
900 3436 1194 3493 {quorum
1232 3420 1500 3493 primum
1524 3424 1647 3493 est,
1685 3434 1814 3472 cum

173 3493 318 3547 littera
352 3489 687 3565 simpliciter
722 3489 1072 3565 exponitur;
1125 3496 1181 3543 et
1230 3490 1383 3544 hunc
1427 3489 1562 3565 dicit
1586 3505 1812 3565 sensum

174 3561 473 3619 historicum:
506 3561 838 3619 Secundum
896 3568 1001 3628 est,
1051 3577 1179 3615 cum
1242 3576 1411 3614 causa
1466 3561 1637 3629 hujus
1661 3561 1816 3629 quod

175 3634 215 3688 in
238 3635 395 3689 littera
423 3635 777 3695 continetur,
808 3633 1134 3703 assignatur
1158 3647 1257 3703 seu
1283 3631 1589 3700 exponitur
1612 3647 1814 3703 ;quem

174 3721 352 3759 sensum
378 3712 541 3759 vocat
559 3701 1023 3775 etymologicum.
1048 3702 1299 3775 Tertium
1327 3706 1430 3775 est,
1454 3717 1583 3775 cum
1613 3701 1815 3775 veritas

172 3776 288 3830 illius
339 3779 534 3830 littere
601 3771 923 3829 ostenditur
976 3773 1201 3827 veritati
1228 3773 1463 3827 alterius
1511 3771 1815 3842 Scriptura:

171 3863 259 3899 non
285 3863 591 3918 repugnare
618 3863 631 3911 ;
669 3861 839 3915 quem
865 3850 1028 3899 vocat
1057 3844 1459 3918 anagogicum,
1488 3843 1657 3918 verbi
1687 3858 1815 3918 gra-

172 3918 245 3981 tia,
291 3910 702 3988 cumvlegitur'
733 3918 888 3988 Gen._
958 3932 1031 3969 u:
1066 3934 1114 3988 _«
1179 3910 1491 3988 )Ediﬁcavit
1538 3910 1816 3988 Dominus

174 4006 193 4033 α
218 3988 332 4041 Deus
358 3984 574 4043 costam
607 4002 777 4057 quam
811 3986 1021 4057 tulerat
1049 3985 1315 4057 deAdam
1340 3984 1400 4037 in
1434 3985 1811 4057 mulierem,»

172 4063 248 4111 etc.
290 4060 483 4114 Sensus
536 4055 847 4111 historicus
888 4056 1042 4109 illius
1100 4056 1232 4109 dicti
1280 4059 1382 4119 est,
1426 4071 1557 4107 cum
1591 4055 1813 4124 simpli-

173 4128 280 4181 citer
324 4130 642 4200 exponitur,
689 4128 840 4198 quod
891 4128 948 4180 in
982 4128 1167 4200 littera
1209 4127 1568 4200 continetur.
1603 4125 1813 4180 Sensus

171 4214 271 4279 vero
291 4197 697 4279 etymologicus
715 4197 820 4262 est,
855 4197 1088 4279 quando
1126 4197 1387 4279 redditur
1428 4212 1594 4279 qausa
1636 4211 1812 4266 quare

169 4269 222 4321 de
244 4266 396 4326 latere
433 4266 814 4325 viri’formata
846 4266 919 4321 sit
952 4268 1177 4333 mulier,
1202 4272 1259 4320 et
1284 4283 1401 4319 non
1427 4266 1495 4319 de
1515 4266 1625 4319 alia
1656 4272 1817 4334 parte

169 4343 417 4409 corporis;
445 4340 715 4395 similiter
770 4355 947 4409 quare
995 4338 1301 4409 dormienti
1332 4342 1387 4390 et
1416 4352 1533 4389 non
1564 4336 1823 4409 vigilanti

167 4406 413 4467 subtracta
433 4414 508 4467 sit
532 4416 710 4477 costa,
741 4406 913 4480 prout
945 4413 1223 4462 tractatur
1263 4408 1325 4461 in
1368 4407 1638 4472 secundo,
1686 4406 1819 4480 _d_ist.

170 4484 236 4534 t8.
279 4482 473 4537 Sensus
529 4498 669 4535 vero
731 4477 1079 4549 anagogicus
1144 4482 1246 4543 est,
1325 4494 1456 4531 cum
1505 4477 1824 4549 ostenditur

166 4553 294 4620 quod
328 4556 529 4607 veritas
560 4553 732 4623 hujus
752 4547 899 4623 dic—ti
928 4567 1042 4604 non
1072 4554 1357 4623 repugnat
1400 4547 1622 4623 veritati
1678 4549 1822 4623 aite-

164 4617 762 4696 riusScripturazfubi
796 4617 1231 4696 dicitur_Gen.I
1286 4619 1354 4672 de
1405 4619 1694 4696 creatione
1723 4617 1824 4696 lio-

163 4694 349 4748 minis:
376 4689 742 4750 (Masculum
800 4698 857 4745 et
902 4691 1178 4745 feminam
1237 4689 1445 4743 creavit
1486 4705 1664 4748 eos,»
1716 4693 1820 4741 etc.

163 4764 223 4818 Ex
266 4780 368 4837 qua
419 4767 611 4819 littera
665 4767 903 4837 apparet
931 4761 1307 4837 quodAsimul
1345 4760 1402 4837 in
1435 4760 1634 4812 eodem
1679 4763 1822 4813 tem-

160 4830 555 4903 pore-fuerunt
612 4830 895 4888 masculus
948 4830 1035 4886 'et
1096 4831 1312 4903 femina
1384 4830 1652 4903 humana:
1697 4845 1823 4899 spe-

158 4900 246 4959 ciei
274 4913 491 4975 creatae,
542 4909 599 4959 et
644 4921 764 4959 non
814 4903 1142 4975 successive,
1174 4901 1251 4954 sic
1290 4904 1354 4975 ut
1396 4900 1609 4975 femina
1656 4906 1823 4975 esset,

158 4982 267 5045 post
291 4970 633 5032 creationem
661 4975 924 5043 masculi,
953 4973 1024 5028 de
1054 4973 1228 5045 latere
1259 4970 1718 5045 eju_s_subt_racta.

213 5048 313 5103 Sed
358 5050 504 5103 bene
556 5041 917 5109 attendenti,
946 5060 1015 5098 ex
1066 5044 1172 5097 hac
1215 5041 1670 5096 consideratione
1710 5043 1830 5094 Au-

159 5120 347 5187 gust..ii
388 5136 508 5173 non
558 5117 799 5171 habetur
836 5115 994 5187 quod
1034 5114 1148 5187 sub
1185 5130 1350 5187 sensu
1382 5111 1613 5187 litterali
1643 5111 1827 5187 contif

158 5182 376 5243 neantur
402 5191 519 5244 tria
558 5204 770 5258 genera
807 5182 1354 5258 expositionum._sic
1374 5182 1522 5258 quod
1557 5182 1830 5258 quaslibet

158 5258 360 5314 illarum
406 5262 483 5314 sit
533 5254 730 5312 sénsus
783 5254 1042 5311 litteratis
1068 5254 1339 5325 proprie:
1392 5254 1489 5307 sed
1520 5254 1709 5325 prima
1733 5269 1826 5307 ex-

158 5331 341 5397 positio
404 5336 490 5384 est
548 5335 769 5384 tantum
827 5343 1024 5382 sensus
1073 5324 1361 5397 litteratis,
1412 5324 1656 5377 secunda
1698 5340 1828 5397 vero

158 5394 226 5454 est
272 5402 555 5456 redditiva
601 5416 784 5453 causa:
832 5398 1010 5468 ipsius
1054 5396 1313 5468 litteralis
1376 5410 1596 5468 sensus,
1662 5394 1829 5468 tertia

158 5485 268 5525 veno
295 5478 378 5527 est
415 5473 659 5526 solutiva
703 5464 1121 5524 contrarietatis
1163 5467 1335 5521 illius.
1379 5466 1537 5519 Unde
1583 5464 1831 5519 secunda

160 5548 203 5594 et
226 5544 386 5598 tertia
415 5541 721 5613 expositio,
769 5540 899 5594 licet
934 5538 1264 5613 pertineant
1310 5536 1381 5613 ad
1404 5551 1647 5613 sensum
1673 5535 1830 5613 litte-

162 5614 339 5683 ralem,
388 5630 458 5668 eo
490 5605 669 5683 -quod
706 5605 821 5683 per
872 5605 966 5664 eas
1016 5606 1517 5683 magisperﬁcitur
1547 5622 1645 5660 seu
1665 5605 1833 5683 eluci-

160 5682 303 5738 datur
326 5677 347 5739 ἐ
381 5700 502 5739 non
531 5677 733 5737 tamen
755 5685 888 5736 sunt
934 5677 1139 5734 sensus
1178 5677 1452 5733 litterales
1474 5677 1722 5748 proprie
1754 5677 1833 5748 di:

160 5755 317 5811 tendi.
357 5756 434 5809 De
470 5756 682 5825 quibus
710 5752 893 5807 tribus
934 5750 1242 5825 generibus
1293 5747 1717 5819 expositionum
1762 5747 1832 5802 ad

454 5824 728 5891 Parnm“
785 5824 1001 5889 CXIII.

1608 264 2143 323 PROLEGOMENA.

3536 272 3605 330 42

1854 384 1902 439 Α
1923 400 2162 461 serisum
2196 383 2497 461 litteralem
2532 384 2944 461 pertinentium
2974 392 3165 459 potest
3206 389 3448 461 intelligi
3476 392 3614 448 illud

1923 455 2326 529 ll_Esd_r.~VI_lt,
2378 457 2476 509 ubi
2526 455 2777 529 dicitur:
2825 480 2851 507 ‹‹
2907 455 2994 513 Et'
3021 460 3281 529 legerunt
3339 455 3420 515 ἱῐῖ
3462 463 3611 518 libro

1923 547 1943 573 ι
1981 526 2143 600 Legis
2176 527 2271 600 Dei
2302 532 2498 600 aperte
2529 534 2585 600 et
2616 528 2901 600 distincte,
2934 533 2990 583 et
3017 526 3409 600 ap'posuerunt
3438 535 3504 587 ad
3533 535 3616 587 in-

1921 615 1947 670 c
1978 596 2369 670 telligendum.
2408 616 2432 647 ι)
2466 599 2528 650 In
2559 598 2663 651 hoc
2694 599 2846 653 enim
2872 600 3023 670 quod
3043 596 3269 667 dicitur,
3305 621 3330 652 (ι
3354 603 3616 670 legerunt

1919 669 1975 719 in
2031 668 2175 719 libro
2226 674 2444 736 aperte,
2473 688 2500 717 »
2551 675 2738 742 potest
2789 668 3034 740 intelligi
3065 672 3189 741 ipsa
3218 668 3489 742 expositio
3530 676 3616 728 lit-

1918 742 2072 803 terze,
2111 754 2240 818 quae
2300 743 2401 818 est.
2440 738 2615 818 quasi
2656 741 2829 808 janua
2885 738 3143 818 omnium
3193 738 3614 813 expositionum

1918 810 2301 886 sequentium,
2360 810 2691 886 sine‘cujus
2746 812 3043 886 apertione
3103 829 3218 886 non
3266 810 3454 883 potest
3483 818 3611 886 quis

1922 883 2067 931 recte
2098 879 2308 932 intrare
2339 879 2406 932 ad
2464 879 2602 932 alias
2650 879 3053 949 expositiones.
3098 885 3238 937 Cum
3268 879 3468 938 autem
3498 879 3611 939 'di—

1920 949 2083 1026 citur,
2144 969 2176 1026 _«
2224 953 2291 1026 et
2340 949 2622 1026 distincte,
2676 972 2716 1026 -_
2750 952 3092 1026 intelligitur
3142 971 3340 1008 sensus
3390 973 3611 1026 anago-

1920 1019 2078 1088 gicus
2108 1019 2526 1096 ab_Augustino
2566 1020 2908 1096 nominatus,
2940 1019 3076 1093 quia
3111 1041 3214 1093 per
3264 1019 3533 1096 proprias
3558 1033 3613 1080 et

1923 1106 2079 1166 veras
2125 1089 2531 1166 distinctiones
2582 1092 2879 1166 solvuntur
2923 1089 3519 1166 contra—rieta'tes-quae
3550 1099 3610 1151 in

1920 1160 2093 1233 sacris
2122 1160 2426 1231 Scripturis
2457 1162 2803 1233 quandoque
2834 1170 3129 1233 apparent.
3186 1167 3247 1219 In
3280 1168 3386 1221 hoc
3408 1160 3611 1222 autem

1921 1231 2071 1301 quod
2108 1233 2403 1307 sequitur:
2442 1253 2463 1279 ι
2503 1234 2571 1307 Et
2594 1231 3071 1307 apposuer'untad
3096 1237 3555 1307 intelligendum,
3581 1259 3608 1289 »

1921 1307 2109 1375 potest
2136 1301 2381 1375 intelligi
2411 1302 2613 1375 notitia
2633 1301 2842 1375 causas
2892 1305 3055 1374 legis,
3084 1323 3181 1360 seu
3216 1301 3494 1375 historiae,
3525 1301 3608 1363 vel

1922 1372 2158 1452 alicujus
2190 1373 2325 1452 dicti
2358 1373 2894 1452 sacras‘Script-uraa.
2931 1372 3072 1430 Cum
3102 1377 3256 1452 enim
3288 1372 3610 1449 intelligere

1920 1442 1993 1495 sit
2054 1442 2208 1516 intus
2247 1443 2475 1516 legere,
2516 1443 2612 1495 ille
2666 1444 2763 1514 qui
2815 1461 2918 1514 per
2949 1447 3335 1516 cognitionem
3383 1442 3613 1503 effectus

1919 1514 2145 1566 devenit
2194 1513 2264 1585 ad
2317 1514 2572 1567 notitiam
2609 1513 2829 1567 causae.’
2872 1513 3105 1585 proprie
3144 1519 3352 1572 dicitur
3398 1520 3607 1573 intelli-

1921 1599 2074 1662 gere,
2120 1584 2229 1662 ‘qui
2278 1584 2507 1654 quidem
2556 1601 2753 1639 sensus
2782 1584 3003 1641 vocatu}
3039 1589 3108 1641 ab
3138 1590 3455 1658 Augustino
3487 1598 3607 1662 ety-

1848 1674 1888 1728 B
1923 1654 2251 1728 mologicus.

1991 1725 2097 1778 Sed
2154 1724 2394 1801 ulterius
2441 1725 2874 1801 attendendum,
2909 1728 3064 1801 quod
3094 1729 3197 1783 sub
3228 1730 3486 1801 quolibet
3511 1747 3607 1801 ge-

1920 1811 2053 1849 nere
2086 1795 2488 1867 praedictarum
2520 1796 2695 1849 trium
2741 1795 3163 1867 expositionum
3204 1795 3272 1854 ad
3306 1795 3607 1856 Iitteralém

1918 1882 2169 1940 sensum,
2202 1870 2265 1919 ut
2300 1866 2527 1940 dictum
2568 1872 2669 1933 est,
2722 1866 3155 1940 pertinentium,
3210 1878 3449 1940 possunt
3487 1889 3611 1926 esse

1921 1938 2117 1990 multas
2163 1937 2635 2009 speciesrPotest
2675 1937 2827 2009 enim
2874 1955 2990 1992 non
3039 1937 3225 1993 solum
3273 1958 3386 1995 una
3418 1959 3607 2009 causa,

1920 2009 2017 2061 sed
2070 2009 2284 2077 plures,
2337 2007 2504 2061 unius
2544 2008 2687 2079 dicti
2732 2010 3045 2079 assignari:
3102 2012 3366 2065 similiter
3414 2020 3472 2067 et
3494 2007 3608 2067 non

1918 2078 2103 2155 solum
2137 2095 2250 2131 uno
2271 2079 2446 2155 modo
2476 2078 2691 2132 solvere
2722 2080 3171 2149 contrarietates,
3202 2083 3296 2137 sed
3328 2084 3609 2155 pluribus,

1922 2154 1985 2202 ut
2014 2153 2098 2201 est
2130 2148 2515 2202 manifestum.

1992 2220 2134 2273 Item
2165 2224 2443 2289 quantum
2477 2220 2548 2300 ad
2610 2218 3402 2300 simplicemexpositionem
3462 2224 3610 2279 Scri-

1920 2294 2124 2360 pturaa,
2160 2307 2288 2361 quae
2316 2306 2380 2342 ex
2412 2289 2689 2360 primaria
2718 2291 2869 2343 vocis
2918 2289 3332 2359 significatione
3375 2311 3609 2349 consur-

1921 2362 2027 2429 git,
2078 2361 2445 2415 manifestum
2500 2366 2585 2414 est
2640 2361 2788 2431 quod
2836 2361 3026 2430 plures
3084 2379 3280 2417 sensus
3336 2366 3610 2420 litterales

1920 2432 2248 2507 traduntur,
2283 2433 2607 2507 nonsolum
2640 2433 2708 2507 ab
2762 2432 3182 2507 expositoribus
3226 2451 3329 2507 seu
3372 2437 3609 2507 scripto-

1922 2503 2078 2555 ribus
2126 2502 2528 2574 communiter,
2579 2504 2677 2556 sed
2727 2504 2897 2556 etiam
2943 2519 2976 2574 a
3021 2503 3350 2558 doctoribus
3380 2502 3605 2574 sanctis,

1925 2578 1987 2624 ut
2014 2577 2173 2641 patet
2203 2573 2339 2626 Cen.
2371 2589 2409 2637 1,
2432 2573 2490 2625 in
2522 2589 2636 2643 quo
2667 2574 2810 2638 loco,
2848 2578 2909 2626 ut
2952 2573 3215 2643 Magister
3261 2576 3398 2630 dicit
3427 2578 3483 2631 in
3515 2595 3609 2631 se-

1922 2644 2131 2717 cundo,
2167 2643 2294 2697 dist.
2328 2645 2411 2707 13,
2440 2644 2667 2713 quidem
2697 2649 3024 2717 sanctorum
3056 2646 3284 2717 Patrum
3309 2648 3405 2717 qui
3436 2649 3609 2703 verba

1924 2713 2022 2768 Dei
2053 2719 2226 2783 atque
2254 2729 2458 2767 arcana
2489 2714 2720 2768 scrutati
2748 2719 2902 2780 sunt,
2924 2716 3084 2784 quasi
3107 2713 3612 2773 diversa'videntur

1924 2783 2229 2853 scripsisse.
2296 2785 2363 2836 Et
2411 2784 2497 2855 sic
2540 2789 2695 2854 patet
2738 2784 2889 2854 quod
2942 2783 3054 2837 non
3084 2786 3387 2855 cujuslibet
3423 2793 3611 2845 textus

1927 2870 2099 2907 sacra:
2127 2855 2430 2924 Scripturae
2457 2853 2785 2907 sit'tantum
2817 2870 2964 2907 unus
2995 2853 3192 2909 sensus
3225 2857 3500 2913 litteratis.

1995 2926 2050 2979 Si
2083 2930 2269 2978 autem
2311 2926 2533 2978 dicatur
2561 2930 2757 2977 contra
2787 2924 2895 2977 hoc
2920 2926 3074 2994 quod
3129 2926 3253 2981 licet
3287 2927 3493 2983 diversi
3522 2930 3614 2983 di-

1928 3012 2116 3048 versos
2146 3011 2346 3048 sensus
2373 2995 2687 3047 attribuant
2718 2994 2887 3048 alicui
2918 2995 3121 3049 litterae
3155 3014 3345 3063 sacrm,
3399 3016 3511 3053 non
3544 3016 3611 3053 ex

1927 3066 2035 3119 hoc
2066 3065 2324 3135 sequitur
2350 3065 2501 3135 quod
2532 3065 2644 3118 sint
2680 3066 2871 3135 plures
2915 3082 3112 3120 sensus
3164 3068 3433 3123 litterales
3479 3071 3610 3124 talis

1928 3136 2158 3203 litteras;
2192 3136 2287 3189 sed
2316 3140 2538 3207 tantum
2570 3136 2666 3189 ille
2697 3142 2783 3189 est
2830 3137 3090 3190 litteratis
3146 3155 3318 3207 quem
3370 3140 3613 3196 intendit

1926 3213 2155 3261 auctor:
2200 3208 2268 3261 ad
2322 3208 2429 3259 hoc
2475 3206 2779 3260 dicendum
2827 3207 2982 3277 quod
3009 3206 3322 3264 secundum
3355 3217 3609 3266 sanctum

1926 3279 2200 3331 Thomam
2244 3277 2304 3331 in
2354 3277 2542 3346 prima
2598 3284 2779 3348 parte,
2833 3295 2889 3347 q.
2954 3296 2987 3342 ι,
3035 3280 3170 3348 quia
3217 3286 3415 3334 auctor
3443 3300 3613 3337 sacrae

1925 3349 2229 3423 Scriptura;
2290 3348 2436 3401 Deus
2489 3352 2593 3423 est,
2651 3348 2750 3423 qui
2809 3349 2977 3402 simul
3021 3351 3214 3423 omnia
3236 3368 3337 3405 suo
3368 3354 3614 3423 simplici

1926 3418 2250 3490 intellectu_
2304 3418 2755 3490 comprehendit,
2843 3435 2980 3490 non,
3040 3426 3123 3473 est
3186 3418 3611 3490 inconveniens,

1927 3494 1990 3543 ut
2015 3488 2367 3559 Augustinus
2422 3488 2557 3542 dicit
2612 3489 2670 3542 in
2726 3506 2784 3542 ιη
2843 3489 3292 3558 Confessionum,
3351 3495 3398 3546 si
3440 3488 3610 3548 etiam

1925 3561 2237 3634 secundum
2270 3560 2571 3634 titteralem
2604 3575 3038 3634 sensumsacrae
3078 3562 3383 3634 Scriptura!
3422 3566 3614 3634 plures

1927 3630 2039 3683 sint
2069 3647 2266 3684 sensus
2299 3647 2310 3683 :
2341 3631 2494 3699 quod
2524 3631 2965 3700 intelligendum
3001 3636 3084 3684 est
3132 3630 3267 3686 dum
3316 3630 3455 3688 tales
3485 3652 3613 3689 sen-

1927 3718 2020 3754 sus
2052 3701 2165 3754 sint
2193 3700 2393 3753 littera:
2448 3701 2792 3765 conformes,
2848 3707 2903 3753 et
2942 3702 3091 3771 quod
3148 3705 3617 3759 determinationi

1926 3771 2207 3837 Ecclesiae,
2236 3788 2332 3823 seu
2366 3776 2532 3825 rectas
2556 3772 2771 3843 rationi
2797 3786 2914 3843 non
2944 3779 3289 3843 repugnent,
3314 3780 3376 3828 ut
3403 3777 3617 3830 dictum

1926 3848 2048 3895 est:
2106 3843 2372 3895 similiter
2426 3846 2503 3915 et_
2528 3842 2677 3911 quod
2713 3842 2845 3915 Asint
2886 3842 3127 3897 invicem
3156 3847 3613 3915 compassibiles.

1927 3916 2067 3967 Cum
2121 3918 2313 3965 autem
2364 3912 2649 3981 contingat
2695 3912 2835 3966 duos
2891 3930 3089 3967 sensus
3126 3912 3399 3970 litterales
3425 3934 3615 3971 secum

1924 3983 2305 4054 impassibiles
2338 3981 2506 4035 alicui
2533 3999 2706 4036 sacrae
2734 3984 3057 4037 auctoritati
3088 3986 3343 4049 attribui,
3392 4004 3617 4043 necesse

1926 4060 2012 4107 est
2057 4054 2244 4107 dicere
2285 4054 2436 4124 quod
2485 4058 2713 4124 tantum
2766 4055 2909 4124 alter
2957 4070 3153 4108 eorum
3199 4061 3284 4109 est
3313 4057 3613 4112 litteratis:

1927 4124 2071 4195 sicut
2116 4140 2243 4177 cum
2276 4122 2549 4195 Danielis
2597 4139 2629 4195 x
2674 4124 2742 4195 de
2774 4123 3052 4195 principe
3105 4126 3267 4195 regni
3316 4129 3615 4183 Persarum

1929 4193 2177 4268 traditur
2209 4210 2241 4268 a
2273 4194 2338 4248 Β.
2379 4193 2650 4268 Gregorio
2681 4194 2741 4246 in
2772 4194 2965 4247 Morali
2987 4193 3352 4268 quodiessct
3381 4200 3620 4268 angelus

1929 4210 2177 4248 traditur
2209 4210 2241 4246 a
2273 4210 2338 4248 υ.
2379 4210 2650 4262 uregorio
2681 4210 2741 4246 in
2772 4210 2965 4247 morali
3007 4210 3161 4319 quoa
3206 4210 3352 4250 esset
3381 4210 3617 4268 angelus

1849 4246 1890 4301 Ῑ)
1931 4266 2115 4319 bonus
2145 4264 2243 4335 qui
2274 4280 2451 4333 regno
2477 4265 2778 4335 Persarum
2835 4264 2999 4334 prmsi
3047 4266 3196 4330 ebat,
3248 4268 3343 4321 alii
3371 4285 3503 4323 vero
3534 4270 3617 4324 di-

1930 4341 2068 4389 cunt
2093 4336 2443 4406 oppositum,
2471 4338 2533 4406 et
2558 4334 2636 4388 sic
2665 4335 2944 4404 contingit
2980 4336 3038 4389 in
3070 4338 3262 4390 multis
3293 4339 3436 4394 aliis.

2004 4405 2145 4460 Item
2176 4405 2587 4459 attendendum
2623 4411 2708 4459 est
2741 4408 2894 4475 quod
2929 4422 3125 4460 sensus
3153 4409 3415 4463 litteratis
3444 4428 3617 4465 sacrm

1930 4476 2237 4550 Scriptura:
2266 4481 2437 4550 tantae
2463 4476 2892 4550 capacitatisest
2914 4478 3272 4550 seuvirtutis,
3298 4482 3450 4550 quod
3472 4483 3533 4536 in
3553 4498 3619 4535 eo

1931 4548 2297 4601 continentur
2318 4547 2633 4600 virtualiter
2652 4546 2846 4601 omnia
2865 4546 2931 4601 ad
2954 4548 3149 4613 tidem,
3174 4566 3271 4603 seu
3301 4546 3485 4605 bonos
3512 4568 3622 4606 mo-

1932 4634 2020 4671 res
2050 4618 2285 4690 virtutes
2335 4617 2703 4690 pertinentia.
2747 4617 2905 4672 Unde
2953 4619 3235 4690 Magister,
3258 4621 3356 4690 qui
3388 4624 3617 4676 Patrum

1931 4688 2241 4742 sententias
2270 4686 2427 4759 brevi
2461 4688 2748 4742 volumine
2778 4689 3123 4759 compilavit,
3157 4690 3216 4743 in
3265 4686 3424 4759 cujus
3465 4695 3618 4746 volu-

1930 4759 2102 4833 minis
2156 4757 2505 4833 expositione
2544 4759 2810 4833 _doctores
2855 4757 3130 4833 postremi
3175 4776 3276 4833 seu
3319 4757 3623 4833 scriptores

1932 4830 2125 4883 omnia
2177 4830 2600 4899 quodammodo
2650 4829 2972 4899 theologica
3041 4829 3501 4900 introduxerunt,
3562 4834 3621 4888 in

1933 4900 2103 4976 hujus
2133 4899 2639 4976 sensusnlitte‘ralis
2664 4900 3011 4976 testimoniis
3061 4907 3244 4976 totum
3282 4919 3447 4957 suum
3480 4899 3624 4976 cpus

1933 4970 2219 5034 fundavit;
2253 4969 2390 5023 dicit
2421 4971 2572 5024 enim
2604 4972 2661 5024 in
2714 4987 2816 5024 suo
2845 4972 3083 5040 prologo
3117 4972 3229 5026 sic:
3270 4994 3290 5021 ε
3348 4969 3619 5031 Volumen

1936 5042 2051 5095 Deo
2100 5046 2405 5111 praestante
2458 5041 2850 5111 compegimus
2889 5057 2953 5095 ex
2992 5042 3332 5098 testimoniis
3373 5048 3625 5101 veritatis

1934 5112 1995 5185 in
2026 5116 2303 5185 internum
2334 5112 2603 5185 fundatis.
2636 5132 2663 5161 υ
2688 5112 2921 5185 Constat
2945 5118 3137 5185 autem
3170 5117 3326 5185 quod
3368 5118 3621 5171 testimo-

1937 5182 2032 5236 nia
2076 5183 2330 5235 veritatis
2387 5183 2447 5235 in
2496 5188 2776 5236 aeternum
2822 5182 3076 5247 fundata,
3130 5182 3263 5239 su—nt
3298 5188 3628 5241 testimonia

1936 5269 2109 5307 sacras
2167 5253 2470 5322 Scriptum
2528 5253 2839 5307 secundum
2869 5254 3173 5310 litteralem
3204 5274 3435 5312 sensum
3468 5275 3625 5313 sum-

1937 5328 2055 5393 pta,
2100 5340 2169 5377 ex
2225 5339 2359 5401 quo
2386 5340 2553 5376 sensu
2605 5324 2729 5401 solo
2780 5325 3170 5401 testimonium
3212 5334 3396 5401 potest
3425 5330 3623 5401 accipi,

1937 5411 2040 5472 seq
2066 5398 2491 5472 argumentum,
2522 5395 2835 5472 secundum
2875 5395 3253 5472 Augustinum
3286 5400 3384 5472 ubi
3434 5395 3626 5472 supra.

2009 5465 2113 5542 Sc_d
2129 5465 2275 5517 circa
2294 5464 2400 5518 hoc
2414 5465 2893 5542 considerandum
2908 5464 3059 5537 quod
3082 5485 3193 5542 non
3209 5470 3400 5542 omnia
3417 5464 3545 5542 quia
3559 5488 3635 5524 sc—

1941 5535 2195 5589 cundum
2236 5535 2799 5609 sensumlitteralem
2832 5552 2899 5609 ex
2916 5535 3071 5591 sacra
3103 5539 3393 5609 Scriptura
3414 5535 3631 5597 liaben-

1940 5611 2057 5671 tur;
2077 5605 2600 5678 suntimmcdiata,
2634 5605 2711 5659 sic
2740 5608 2895 5677 quod
2917 5624 2987 5678 ex
3017 5605 3292 5678 primaria
3310 5611 3630 5666 litterarum

1942 5676 2358 5801 signiﬁcatione
2374 5676 2775 5746 intelligantur
2797 5693 2809 5731 :
2836 5677 2931 5732 sed
2951 5676 3262 5749 requiritur
3281 5682 3632 5752 quandoque

1944 5764 1975 5800 a
2019 5746 2159 5801 ditio
2212 5747 2451 5801 alicuius
2498 5748 2637 5801 veri.
2690 5764 2754 5801 ex
2801 5764 2916 5801 ouo
2960 5766 3110 5801 vero.
3145 5752 3409 5801 adiuncto
3441 5754 3632 5801 sensui

1944 5764 1975 5800 ξι

2019 5746 2159 5801 ditio
2212 5747 2451 5817 alicujus
2498 5748 2637 5814 veri,
2690 5764 2754 5801 ex
2801 5764 2916 5818 quo
2960 5746 3110 5818 vero,
3145 5746 3409 5819 adjuncto
3441 5746 3635 5807 sensui

3330 5833 3363 5868 ι)

3328 5874 3362 5886 α
