4086 6190
421 286 487 337 43
1319 281 1777 336 WALAFRIDUS
1815 279 2126 336 STRABUS
2167 277 2547 334 FULDENSIS
2586 278 2973 337 MONACHUS.
3852 290 3917 340 44

419 405 676 470 litterali,
710 403 863 459 aliud
894 416 1094 457 verum
1125 403 1459 457 deducatur.
1493 403 1648 458 Sicut
1679 417 1807 456 cum
1853 402 2107 456 Christus
2145 405 2185 457 A
2215 399 2385 463 dicta,
2443 399 2542 454 sed
2594 402 2784 471 potius
2838 417 2986 456 unus
3032 403 3264 457 illorum
3321 419 3598 459 sensuum

425 479 587 531 Lucas
616 493 682 530 xx
711 491 776 530 ex
806 475 1137 529 testimonio
1169 475 1368 528 litterae
1399 475 1637 527 dicentis
1665 490 1676 526 :
1706 495 1732 520 ‹‹
1759 475 1904 526 Deus
1933 473 2100 526 Abra-

424 567 450 598 ‹‹
483 549 636 612 ham,
691 548 837 601 Deus
886 547 1058 608 Isaac,
1112 547 1259 599 Deus
1302 546 1494 604 Jacob,
1525 563 1552 595 »
1599 543 1882 597 concludit
1913 549 2108 596 contra

420 618 780 682 Sadduczeos,
801 617 970 670 aliam
992 616 1169 668 vitam
1199 632 1320 669 esse
1350 620 1626 684 negantes
1657 614 1952 667 hominum
1981 619 2110 683 post

421 695 782 759 praesentem,
832 687 912 739 sic
952 702 1199 757 arguens
1227 706 1238 739 :
1275 705 1301 734 «
1336 687 1428 738 Est
1458 687 1601 759 Deus
1635 691 1997 759 mortuorum
2020 685 2108 759 vel

425 755 450 808 ξ(
491 760 769 819 vivorum,
806 776 833 807 ι)
864 774 918 827 q.
952 755 1169 810 dfeum
1198 772 1263 810 ex
1291 771 1460 808 sensu
1493 755 1722 827 litterati
1745 756 2020 827 habemus
2040 757 2108 827 de

423 831 558 896 Deo,
592 836 647 882 et
672 837 744 881 Sit
784 826 930 882 Deus
952 828 1260 893 Abraham,
1289 833 1393 879 etc.
1422 841 1434 879 :
1469 832 1527 878 et
1551 826 1694 879 ratio
1723 826 1916 890 dictat,
1953 826 2109 896 quod

425 902 574 954 Deus
631 900 838 953 dicitur
887 915 1006 951 esse
1055 899 1206 950 Deus
1257 901 1519 965 respectu
1546 897 1787 964 alicujus
1816 897 2110 949 existentis

423 971 480 1023 in
516 987 708 1024 rerum
735 975 973 1022 natura:
1021 984 1157 1036 ergo
1213 974 1472 1036 sequitur
1516 967 1672 1037 quod
1715 966 2024 1034 Abraham,
2054 972 2112 1020 et

424 1042 577 1094 Isaac
607 1045 794 1094 essent
822 1040 878 1091 in
909 1054 1097 1091 rerum
1130 1041 1354 1101 natura,
1391 1039 1545 1107 quod
1570 1037 1856 1107 negabant
1893 1037 2112 1091 Saddu-

424 1111 544 1164 cmi.
579 1113 810 1164 Constat
837 1117 1024 1161 autem
1055 1108 1207 1178 quod
1232 1108 1352 1160 haee
1371 1107 1656 1160 conclusio
1676 1124 1787 1160 non
1810 1107 2112 1161 deducitur

425 1198 490 1234 ex
526 1197 692 1234 sensu
724 1179 875 1232 illius
903 1181 1102 1232 litterae
1128 1194 1140 1230 :
1167 1198 1193 1228 α
1220 1179 1366 1231 Deus
1392 1178 1691 1242 Abraham,
1721 1178 2051 1240 Deuslsaac,
2079 1198 2106 1228 ι)

429 1257 557 1316 etc.,
587 1252 694 1303 nisi
728 1250 969 1303 addatur
999 1249 1109 1302 alia
1159 1249 1472 1318 propositio
1516 1263 1648 1300 vcra
1677 1249 2022 1316 supradicta,
2055 1254 2111 1301 et

429 1323 506 1374 sic
541 1327 696 1391 patet
719 1321 1024 1374 intentum.
1061 1320 1123 1372 Et
1153 1324 1331 1391 potest
1367 1319 1539 1391 etiam
1591 1319 1921 1391 contingere
1953 1320 2108 1389 quod

426 1389 557 1446 talis
582 1391 870 1444 conclusio
918 1406 982 1442 ex
1040 1404 1153 1441 una
1197 1389 1559 1459 deductione,
1610 1389 1693 1441 vel
1739 1405 1801 1441 ex
1850 1390 2112 1459 pluribus

426 1461 750 1515 successivis
806 1477 870 1513 ex
929 1477 1085 1512 sacra
1133 1459 1315 1512 littera
1347 1455 1773 1512 'concludatur:
1809 1455 1952 1513 sicut
1974 1477 2110 1512 con-

425 1533 594 1602 tingit
623 1533 680 1584 in
712 1531 984 1597 scientiis,
1026 1545 1121 1602 seu
1175 1529 1390 1602 artibus
1439 1530 1706 1602 humanis
1733 1529 2107 1602 _liberalibus,

425 1599 573 1673 quod
609 1602 814 1671 aliquae
847 1601 1237 1673 conclusiones
1266 1599 1454 1652 statim
1493 1615 1526 1673 a
1574 1600 1774 1669 primis
1819 1601 2112 1673 principiis

3681 409 3920 462 riecellit

2218 423 2385 463 muta,
2443 423 2542 454 seu
2594 423 2784 471 pouus
2838 423 2986 456 unus
3033 423 3264 457 illorum
3321 423 3598 459 sensuum
3639 423 3918 477 praecellit

2218 487 2334 524 uno
2365 471 2553 535 modo,
2607 478 2664 526 et
2717 473 2862 526 alius
2914 473 3063 537 alio;
3117 473 3410 528 idcircoin
3440 477 3648 530 talibus
3678 478 3918 533 videtur

2214 542 2424 596 habere
2454 541 2816 619 locum_illud
2864 544 2931 597 ad
2976 544 3140 619 Rom.
3190 561 3296 599 xiv.
3331 563 3358 595 α
3399 547 3804 619 Unusquisque
3852 551 3918 604 in

2219 633 2246 661 ι(
2279 628 2380 665 suo
2413 629 2582 686 sensu
2611 613 2881 686 abundet,
2916 633 2943 664 ιο
2975 615 3128 669 salva
3181 632 3408 686 semper
3444 613 3774 674 sane—torum
3834 637 3920 674 re-

2213 684 2468 736 verentia
2497 688 2550 736 et
2583 685 2940 738 auctoritate.
3308 684 3322 686 “
3448 742 3455 748 ,

2286 754 2444 826 Circa
2501 753 2789 826 quintum,
2824 755 3056 819 scilicet,
3084 771 3169 826 an
3199 772 3267 809 ex
3289 757 3550 826 quolibet
3605 775 3775 813 sensu
3827 761 3920 814 lit-

2214 825 2380 898 terali
2409 840 2580 898 sacra:
2607 824 2914 898 Scripturae
2946 825 3121 898 possit
3147 824 3324 880 sum?
3355 828 3552 882 efficax
3600 846 3916 898 argumen-

2214 899 2337 948 tum
2359 895 2386 947 ‘?
2428 895 2730 948 dicendum
2764 897 2916 965 quod
2963 897 3094 949 licet
3119 912 3150 949 a
3191 900 3310 950 solo
3361 915 3530 952 sensu
3564 895 3792 955 littérali
3822 919 3911 955 sa-

2216 980 2326 1017 crte
2354 965 2660 1034 Scriptura:
2703 967 2883 1038 possit
2933 967 3322 1038 sumieflicax
3376 977 3799 1038 argumentum,
3847 979 3917 1026 ut

2216 1040 2390 1107 patet,
2427 1051 2528 1105 per
2580 1036 2962 1104 Augustinum
3021 1036 3118 1090 ubi
3177 1054 3386 1107 supra:
3436 1036 3549 1092 non
3603 1046 3797 1095 tamen
3843 1059 3913 1096 ex

2217 1106 2476 1179 quolibet
2530 1121 2695 1159 sensu
2767 1107 2999 1179 litterali
3073 1106 3258 1161 sacra!
3299 1108 3602 1179 Scripturae
3666 1113 3920 1166 sumitur

2219 1176 2417 1228 efficax
2450 1183 2873 1245 argumentum.
2919 1178 3059 1231 Nam
3090 1194 3219 1231 cum
3250 1178 3363 1232 sint
3391 1176 3559 1234 multi
3618 1187 3806 1237 textus
3853 1184 3918 1237 in

2220 1261 2375 1318 saera
2423 1247 2747 1318 Scriptura,
2807 1247 2906 1318 qui
2963 1248 3342 1302 diversimode
3400 1251 3574 1304 etiam
3634 1269 3665 1306 a
3708 1254 3920 1307 sanctis

2219 1316 2546 1390 doctoribus
2575 1316 2958 1390 exponuntur,
2988 1322 3272 1390 utusupra
3311 1320 3550 1375 articulo
3586 1327 3780 1390 tertio,
3826 1341 3918 1378 se-

2219 1387 2415 1461 quitur
2471 1388 2623 1457 quod
2675 1404 2742 1441 ex
2804 1390 2960 1442 nullo
2989 1387 3187 1461 talium
3247 1405 3514 1445 sensuum
3554 1394 3737 1461 possit
3764 1387 3920 1449 sumi

2221 1456 2416 1536 efﬁcax
2472 1456 2919 1536 argumentum;
2975 1458 3109 1536 quia
3164 1461 3243 1512 sic
3273 1456 3634 1536 _argueret-ur
3687 1465 3851 1536 quasi
3884 1483 3920 1519 a

2219 1528 2558 1598 disjunctiva
2597 1530 2664 1582 ad
2708 1530 2944 1582 alteram
2992 1528 3231 1599 partem.
3273 1528 3421 1585 Bene
3468 1539 3662 1588 tamen
3704 1528 3751 1588 Si
3797 1537 3910 1590 hu-

2214 1599 2693 1676 jusmodisens‘us
2722 1599 2928 1653 diversi
2953 1601 3011 1653 in
3050 1601 3243 1676 aliquo
3299 1603 3666 1676 concordant,
3722 1613 3915 1676 potest

427 1669 763 1726 naturaliter
818 1672 966 1723 notis
1025 1671 1405 1738 deducuntur,
1453 1670 1580 1723 alia:
1616 1687 1765 1748 _vero
1815 1669 1882 1724 ex
1907 1669 2112 1748 multis
2145 1690 2184 1742 Β
2221 1669 2367 1721 sumi
2402 1669 2531 1748 inde
2561 1672 2755 1748 efficax
2787 1669 3211 1748 argumentum,
3247 1674 3443 1725 saltem
3477 1675 3545 1727 ad
3574 1675 3678 1748 hoc
3704 1669 3762 1729 ih
3794 1694 3912 1748 quo

423 1745 632 1798 mediis
659 1741 900 1795 invicem
934 1741 1230 1807 ordinatis,
1267 1745 1327 1793 ut
1357 1745 1442 1793 est
1478 1740 1859 1794 manifestum.
1903 1742 2112 1796 Sensus

424 1830 562 1883 ergo
596 1814 857 1866 litteralis
907 1827 1073 1883 verus
1124 1811 1224 1883 qui
1278 1826 1346 1863 ex
1391 1811 1665 1880 primaria
1697 1811 2112 1881 signiﬁcatione

425 1881 627 1938 litteras
656 1881 968 1951 consurgit,
1000 1881 1272 1934 dicendus
1315 1888 1400 1934 est
1428 1883 1649 1951 primus
1680 1898 1878 1935 sensus
1903 1883 2113 1937 littera-

425 1955 528 2022 lis;
558 1955 655 2008 alii
701 1969 834 2006 vero
891 1953 1302 2022 subsequentes
1353 1957 1486 2004 sunt
1543 1968 1742 2005 sensus
1769 1953 2111 2022 secundarii,

425 2024 675 2095 quorum
697 2024 977 2077 certitudo
998 2039 1028 2075 a
1049 2022 1385 2095 certitudine
1405 2022 1578 2095 primi
1598 2039 1795 2095 sensus
1807 2024 2109 2095 dependet,

425 2092 520 2166 qui
555 2097 812 2148 sensibus
838 2092 1188 2166 secundariis
1217 2098 1300 2146 est
1328 2093 1566 2166 certior;
1591 2093 1739 2166 sicut
1753 2092 1938 2166 prima
1959 2095 2114 2164 prin-

425 2163 572 2236 cipia
620 2164 959 2219 naturaliter
1018 2169 1150 2236 nota
1207 2163 1427 2236 caeteris
1481 2164 1552 2236 ab
1599 2165 1681 2217 eis
1710 2163 2112 2236 deductiscer-

425 2234 566 2290 tiora
597 2242 748 2289 sunt.
782 2236 917 2299 Quae
945 2234 1176 2305 quidem
1209 2234 1588 2288 consideratio
1631 2235 1972 2289 attendenda
2026 2241 2112 2290 est

426 2308 483 2361 in
511 2307 709 2360 multis
733 2306 993 2376 passibus
1013 2321 1184 2376 sacra;
1217 2305 1541 2374 Scriptura.

495 2378 654 2431 Circa
707 2375 998 2447 quartum,
1056 2375 1288 2447 sctlicet,
1351 2375 1719 2447 cumiplures
1792 2378 2005 2430 sensus
2039 2377 2108 2430 de

426 2464 540 2502 una
567 2446 904 2501 auctOritate
932 2462 1104 2500 sacrae
1137 2446 1442 2515 Scripturas
1475 2446 1748 2499 litterales
1781 2447 2107 2510 traduntur,

425 2519 552 2590 quis
582 2518 811 2571 illorum
844 2517 968 2590 aliis
1001 2517 1074 2570 sit
1124 2517 1511 2590 prmf'erendus
1530 2515 1574 2590 ἸΔ
1604 2517 1904 2590 dicendum
1953 2520 2106 2590 quod

424 2586 484 2643 in
539 2589 645 2643 hoc
673 2605 790 2641 non
837 2587 1062 2640 videtur
1125 2587 1280 2656 quod
1335 2586 1512 2656 possit
1544 2586 1667 2639 dari
1726 2588 1890 2641 unica
1911 2589 2107 2657 regula

424 2660 742 2730 generalis;
775 2659 1035 2730 sedsunt
1061 2658 1323 2728 quaedam
1359 2658 1502 2730 circa
1544 2657 1650 2730 hoc
1679 2659 2102 2730 consideranda,

414 2727 846 2801 praesuppositis
885 2729 991 2793 his,
1033 2744 1162 2798 quae
1203 2743 1392 2801 supra
1440 2727 1498 2780 in
1543 2728 1778 2781 articulo
1818 2729 2004 2797 primo
2036 2730 2104 2783 de

417 2799 582 2855 sensu
620 2799 849 2855 litterali
884 2801 1170 2852 dicuntur.
1201 2799 1454 2851 Primum
1479 2803 1580 2864 est,
1615 2801 1764 2868 quod
1793 2801 1884 2852 ille
1907 2816 2104 2852 sensus

415 2873 638 2926 videtur
662 2871 1070 2941 praeferendus,
1101 2869 1264 2941 cujus
1294 2868 1577 2941 sententia
1627 2869 1810 2939 magis
1839 2869 2106 2923 innititur

417 2939 856 3031 rationi—llum
903 2940 970 3020 _in
1028 2939 1267 3020 decretis
1320 2940 1450 3031 dist.
1634 2941 2099 3031 pinifer-etaim:
2145 2977 2182 3031 Ο

423 3037 441 3062 ι
475 3015 598 3077 Quo
632 3013 784 3065 enim
817 3011 1059 3080 quisque
1087 3010 1271 3079 magis
1311 3010 1519 3064 rationi
1568 3010 1854 3075 innititur,
1887 3027 1953 3064 eo
1987 3027 2106 3064 ma-

416 3085 554 3154 joris
606 3083 957 3154 auctoritatis
1007 3083 1130 3154 ejus
1186 3081 1357 3154 verba
1411 3097 1532 3154 esse
1587 3081 1936 3154 videntum»
1966 3083 2104 3154 Item

410 3139 613 3207 sensus
644 3154 740 3205 ille
770 3151 995 3205 videtur
1022 3139 1148 3222 aliis
1178 3151 1565 3222 praeferendus
1602 3167 1739 3212 esse,
1797 3151 1897 3222 qui
1923 3153 2107 3221 magis

417 3228 691 3279 consonat
719 3223 938 3276 litterae.
980 3221 1138 3274 Unde
1177 3221 1488 3274 secundum
1523 3221 1901 3290 Augustinum
1940 3223 1997 3275 in
2035 3225 2105 3276 Ill

417 3297 486 3349 de
537 3294 806 3348 Doctrina
843 3292 1188 3355 Christiana,
1259 3291 1434 3344 dubia
1486 3298 1620 3345 sunt
1674 3292 2106 3347 determinanda

416 3365 729 3420 secundum
760 3363 1119 3426 sententiam,
1151 3378 1279 3432 quae
1311 3363 1380 3415 de
1421 3361 1843 3431 Scripturarum
1882 3363 2104 3431 planio-

418 3438 572 3490 ribus
615 3435 752 3489 locis
799 3434 1087 3503 accipitur.
1116 3435 1379 3504 iConstat
1408 3437 1599 3486 autem
1639 3433 1789 3502 quod
1846 3433 2105 3504 planiora

417 3509 537 3560 loca
593 3511 726 3559 sunt
768 3504 865 3557 illa
900 3519 1030 3574 quae
1074 3503 1299 3574 planius
1347 3503 1549 3556 litterae
1594 3503 1928 3558 consonant.
1964 3506 2102 3559 Item

415 3575 804 3648 praeferendus
873 3581 957 3648 est.
1021 3575 1251 3648 caneris
1321 3574 1552 3648 paribus
1634 3590 1831 3627 sensus
1882 3575 2100 3648 littera-

415 3644 504 3711 lis,
536 3646 634 3718 qui
683 3663 716 3699 a
757 3646 965 3699 sanctis
1017 3645 1342 3718 doctoribus
1387 3644 1653 3718 traditur,
1705 3647 1922 3718 caeteris
1973 3663 2100 3699 sen-

415 3715 570 3772 sibus
607 3718 678 3771 ab
725 3718 850 3769 aliis
896 3715 1315 3786 expositorihus
1353 3715 1617 3786 traditis;
1662 3716 1811 3768 unde
1867 3716 1924 3768 iu
1987 3717 2100 3770 De-

413 3789 600 3855 cretis,
632 3805 677 3842 c.
713 3785 981 3854 Allegato,
1008 3788 1066 3839 in
1099 3802 1383 3838 sacrarum
1445 3785 1762 3838 litterarum
1792 3787 2099 3856 expositio-

412 3860 580 3914 nibus
636 3858 815 3910 sancti
864 3860 1122 3910 doctores
1177 3855 1415 3909 summis
1472 3855 1835 3926 pontiﬁcibus
1868 3855 2094 3926 praepo-

412 3936 650 3996 nuntur,
679 3936 734 3981 et
761 3945 794 3981 a
835 3927 1058 3981 fortiori
1103 3927 1229 3980 aliis
1265 3927 1652 3996 scriptoribus.
1685 3929 1823 3980 Item
1853 3928 1952 3981 ubi
1983 3931 2096 3982 duo

412 4017 610 4054 sensus
672 4002 870 4053 litteras
922 4000 1223 4059 habentur,
1267 4013 1516 4066 quorum
1565 4001 1767 4050 neuter
1813 4006 2097 4068 repugnat

414 4071 673 4126 Ecclesiae
703 4069 1040 4133 auctoritati,
1075 4085 1178 4122 nec
1224 4075 1392 4121 rectae
1435 4067 1664 4132 rationi,
1716 4067 2094 4123 unus’tamcn

410 4143 653 4196 traditur
708 4159 736 4194 a
784 4140 1096 4206 catholicis,
1151 4143 1206 4190 et
1265 4139 1409 4192 alius
1466 4137 1534 4191 ab
1583 4138 1926 4205 infidelibus,
1959 4146 2095 4193 tunc

409 4212 796 4284 praeferendus
855 4216 940 4263 est
984 4225 1204 4284 _sensus
1270 4209 1705 4284 catholicorum;
1759 4215 1903 4284 _tum
1957 4212 2093 4284 quia

410 4279 593 4354 inagis
640 4281 1125 4354 prassumen_du_m_
1158 4284 1243 4333 est
1290 4279 1721 4354 quod_illi_qui
1754 4279 1813 4333 in
1869 4279 2090 4354 gremio

412 4349 667 4408 Ecclesiae
700 4358 852 4418 sunt,
879 4352 969 4403 cui
999 4349 1253 4402 Christus
1279 4350 1548 4418 promisit
1577 4350 1891 4420 Spiriptum
1941 4352 2090 4405 veri-

408 4425 560 4486 tatis,
613 4438 810 4476 verum
865 4421 1215 4473 intellectum
1266 4437 1435 4474 sacras
1481 4420 1785 4490 Scriptura:
1818 4421 2087 4484 habeant,

407 4511 578 4566 quam
608 4494 866 4547 infideles
889 4493 989 4566 qui
1013 4490 1256 4566 _veritati
1301 4491 1461 4566 ﬁdei“
1479 4491 1862 4566 communiter
1889 4493 2089 4566 _adver-

407 4561 621 4631 s'antur,
654 4572 776 4617 tum
809 4578 878 4615 ne
904 4562 974 4614 ad
1013 4561 1120 4614 hoc
1154 4562 1321 4615 detur
1365 4561 1693 4614 infidelibus
1723 4562 1941 4615 occasio
1969 4579 2088 4616 cre-

406 4636 599 4700 dendi,
641 4633 797 4705 quod
853 4633 960 4702 ipsi
987 4632 1218 4705 rmelius
1257 4647 1473 4705 sacram
1518 4631 1865 4705 Scripturam
1914 4648 2088 4702 expo-

404 4712 543 4762 nant
587 4702 756 4776 quam
813 4702 1094 4757 catholici.
1156 4703 1312 4756 Unde
1369 4703 1480 4776 _Leo
1533 4703 1787 4776 papaiu
1839 4706 2084 4776 quadam

403 4773 641 4848 epistola
671 4776 740 4848 ad
770 4776 1099 4848 episcopum
1131 4773 1578 4848 Alexandrinum
1606 4773 1748 4848 dicit
1789 4775 1955 4848 quod
1971 4774 2085 4848 ini-

404 4843 534 4902 mici
564 4847 746 4900 crucis
794 4843 999 4898 Christi
1052 4845 1210 4898 factis
1255 4850 1310 4897 et.
1360 4843 1548 4897 verbis
1578 4843 1780 4896 nostris
1811 4844 2085 4898 insidian-

401 4925 513 4982 tur,
546 4919 676 4971 ideo
705 4918 943 4982 nullam,
997 4915 1095 4975 eis,
1155 4915 1244 4968 vel
1301 4917 1553 4976 tenuem,
1602 4914 1951 4967 occasionem
1996 4916 2088 4967 de-

401 5005 548 5044 mus.
583 4989 702 5052 Qua
759 4987 977 5040 ratione
1031 4986 1256 5040 videtur
1303 4985 1458 5056 quod
1497 5001 1626 5038 eum
1675 4985 1868 5054 aliqua
1899 4985 2088 5039 littera

399 5075 573 5113 sacrae
602 5059 906 5128 Scriptores.
938 5057 1140 5111 eodem
1171 5057 1340 5110 modo
1368 5056 1674 5136 exponitur
1720 5056 2082 5136 acatholicis,

398 5136 454 5184 et
494 5131 564 5183 ab
610 5126 958 5193 infidelibus,
1007 5133 1143 5181 tunc
1196 5126 1500 5180 auctoritas
1538 5126 1668 5179 talis
1715 5126 2084 5194 expositionis

396 5200 757 5255 attribuenda
810 5205 894 5252 est
938 5198 1248 5262 catholicis,
1305 5203 1362 5251 et
1415 5213 1532 5250 non
1591 5195 1940 5260 infidelibus,
1993 5214 2082 5250 ra-

394 5273 550 5326 tione
605 5270 899 5341 praedieta;
953 5270 1281 5341 praesertim
1328 5268 1374 5320 si
1421 5267 1551 5320 talis
1599 5266 1876 5341 expositio
1922 5268 2082 5341 prius

395 5338 679 5396 emanavit
726 5357 759 5394 a
813 5338 1144 5394 catholicis:
1198 5340 1358 5410 cujus
1407 5338 1757 5410 contrarium
1797 5339 2082 5410 reperitur

391 5415 585 5484 aliquo
613 5413 778 5466 modo
813 5413 872 5466 in
925 5411 1177 5484 Postilla,
1211 5411 1356 5463 sicut
1383 5409 1598 5484 patebit
1640 5409 1806 5471 infra,
1843 5409 2080 5484 _Genesis

389 5501 425 5550 ι,
459 5479 557 5538 ubi
609 5484 888 5555 quaeritur
937 5498 1112 5555 quare
1152 5482 1211 5534 in
1253 5479 1499 5555 secunda
1545 5480 1635 5534 die
1682 5495 1798 5555 non
1827 5479 2074 5555 dicitur:

390 5576 415 5606 α
447 5556 516 5610 Et
566 5550 708 5608 vidit
763 5555 910 5607 Deus
953 5550 1114 5623 quod
1143 5557 1317 5623 esset
1346 5552 1582 5617 bonum,
1615 5569 1644 5601 io
1687 5551 1834 5603 sicut
1863 5551 1919 5623 in
1952 5550 2076 5604 aliis

386 5627 608 5680 diebus.
644 5624 786 5688 Quia
819 5621 1007 5677 tamen
1057 5621 1153 5675 ubi
1205 5623 1504 5691 pluralitas
1550 5637 1819 5674 sensuum
1853 5622 2071 5675 littera-

387 5698 523 5749 lium
555 5695 824 5760 occurrit,
861 5710 992 5746 raro
1036 5692 1318 5761 contingit
1367 5691 1520 5760 quod
1581 5707 1730 5744 unus
1780 5692 2073 5760 praadicto-

384 5784 510 5820 rum
560 5780 827 5818 sensuum
878 5763 1095 5817 cmteris
1160 5762 1449 5833 prmcellat
1515 5763 1824 5815 secundum
1875 5763 2070 5815 omnia

2223 1741 2599 1817 concordant;
2642 1740 2828 1817 _sieut_
2865 1743 3002 1794 Dan.
3063 1742 3257 1817 Ix,_in_
3301 1746 3726 1813 computatione
3785 1740 3916 1817 sep-

2222 1810 2484 1884 tuaginta
2513 1810 3007 1884 hebdomadarum
3033 1831 3049 1877 ;
3077 1812 3178 1884 ubi
3221 1813 3355 1884 licet
3386 1810 3757 1884 expositores,
3790 1810 3914 1872 tain

2226 1879 2448 1952 Hebraei
2495 1897 2667 1952 quam
2719 1882 2901 1935 Latini
2956 1882 3332 1936 diversimode
3366 1900 3424 1936 se
3459 1879 3745 1952 'habeaut,
3791 1903 3916 1942 non

2223 1951 2495 2023 soliumrin
2516 1951 2768 2005 termino
2797 1969 2826 2005 a
2854 1969 2968 2023 quo
3001 1953 3375 2007 hebdomadae
3425 1954 3635 2009 habent
3653 1956 3909 2013 initium.

2223 2022 2319 2074 sed
2351 2022 2519 2103 etiam
2578 2022 2637 2075 in
2692 2022 2995 2103 progressu
3055 2025 3694 2103 computationis:q_uia
3715 2033 3914 2103 tamen

2221 2092 2531 2168 secundum
2563 2108 2762 2146 omnes
2800 2092 3079 2168 terminus
3105 2092 3341 2168 ultimus
3363 2092 3703 2168 earum-jam
3735 2099 3914 2168 longe

2221 2163 2479 2215 transivit
2506 2163 2565 2216 in
2598 2165 2971 2232 praeteritum,
3001 2164 3133 2218 ideo
3185 2180 3253 2217 ex
3301 2165 3424 2235 ipsa
3459 2163 3794 2223 auctoritate
3823 2163 3917 2224 ar-

2219 2237 2556 2302 gumentum
2589 2235 2785 2288 efﬁcax
2824 2235 3070 2288 sumitur
3122 2235 3194 2288 ad
3242 2237 3698 2293 concludendum
3743 2241 3913 2295 Chri-

2219 2311 2368 2356 stum
2393 2304 2511 2373 jam
2544 2306 2784 2370 venisse,
2809 2311 2872 2359 ut
2903 2306 3113 2359 ibidem
3144 2307 3380 2375 patebit.

2292 2375 2363 2446 Ex
2386 2375 2593 2446 quibus
2613 2376 2872 2446 sequitur
2892 2377 3040 2446 quod
3072 2392 3199 2429 cum
3232 2393 3429 2431 sensus
3450 2376 3710 2433 litteralis
3731 2397 3909 2435 sacrm

2216 2443 2524 2522 Scriptiirte
2554 2445 2637 2522 _in
2689 2443 3029 2516 quibusdam
3077 2445 3212 2522 locis
3268 2464 3383 2501 non
3440 2449 3512 2522 sit
3553 2449 3706 2504 idem
3751 2454 3906 2522 apud

2217 2518 2676 2593 omnes,_._ideo__
2715 2523 2901 2587 potest
2965 2518 3297 2593 contingere
3365 2519 3514 2588 quod
3591 2537 3659 2574 ex
3709 2518 3908 2593 aliquo

2216 2600 2385 2638 sensu
2447 2585 2679 2658 litterali
2717 2585 2922 2657 posset
2977 2588 3125 2640 sumi
3172 2585 3582 2658 argumentum
3649 2585 3904 2648 validum

2215 2660 2412 2727 contra
2441 2657 2740 2726 quosdam,
2801 2664 2937 2727 puta
2965 2665 3164 2711 contra
3193 2657 3450 2712 tenentes
3481 2661 3747 2716 eumdem
3777 2681 3908 2718 sen-

2216 2741 2340 2778 sum
2375 2726 2691 2789 litteralem,
2720 2726 2935 2802 ex’quo
2965 2735 3155 2781 tamen
3187 2745 3358 2783 sensu
3390 2747 3501 2784 non
3542 2738 3729 2802 potest
3753 2736 3907 2788 sumi

2214 2804 2618 2866 argumentum
2647 2799 2896 2852 validum
2945 2805 3141 2852 contra
3181 2801 3342 2861 alios,
3392 2799 3606 2856 scilicet
3643 2809 3908 2859 tenentes

2213 2868 2833 2946 aliam_expositionem
2863 2885 2961 2922 seu
2991 2886 3218 2946 sensum
3244 2871 3552 2946 Alitteralem
3580 2890 3591 2926 :
3621 2890 3751 2946 quas
3781 2877 3909 2946 qui-

2215 2937 2342 3011 dem
2371 2937 2670 3011 diversitas
2696 2939 2904 3011 saepius
2932 2940 3212 3011 contingit
3240 2941 3392 2994 inter
3417 2959 3517 2996 nos
3541 2949 3596 2996 et
3621 2937 3902 3002 infideles.

2219 3008 2362 3061 Sunt
2399 3008 2551 3062 enim
2579 3008 2807 3086 aliqui;
2827 3015 3013 3086 textus
3060 3008 3232 3064 sacras
3275 3011 3600 3083 Scripturaa,
3651 3031 3903 3086 quorum

2219 3094 2436 3143 sensus,
2493 3080 2592 3150 qui
2635 3087 2735 3154 est
2770 3080 3031 3134 litteralis
3083 3085 3140 3135 et
3193 3098 3358 3135 verus
3401 3080 3592 3154 'apud
3661 3080 3906 3142 datboli-

2215 3165 2333 3210 eos,
2389 3165 2504 3202 non
2558 3150 2784 3228 sufﬁcit_
2817 3155 2984 3228 u_t-e_x
3035 3167 3101 3204 eo
3158 3158 3420 3228 sumatur
3473 3150 3669 3228 efficax
3725 3173 3905 3228 argu-

2216 3226 2474 3292 mentum
2528 3225 2722 3292 contra
2770 3221 3027 3292 inﬁdeles
3073 3238 3173 3276 seu
3223 3225 3542 3292 haereticos,
3571 3227 3666 3280 sed
3691 3243 3760 3281 ex
3791 3221 3903 3284 hoc

2215 3305 2332 3362 non
2365 3291 2596 3344 tolletur
2625 3291 2766 3362 quin
2796 3289 2926 3345 talis
2953 3308 3152 3346 sensus
3182 3289 3591 3349 catholicorum
3634 3297 3706 3351 sit
3735 3315 3906 3353 verus

2214 3367 2270 3412 et
2296 3361 2551 3452 litteralis
2581 3363 3086 3452 apudjeatholicds
3133 3365 3468 3452 censendus.
3503 3367 3668 3452 Verbi
3688 3370 3903 3452 gratia,

2213 3446 2341 3484 eum
2389 3432 2686 3486 Psalmista
2733 3433 2913 3487 dicit:
2950 3453 2978 3483 ιι
3034 3434 3215 3488 Verbo
3258 3436 3496 3490 Domino
3521 3438 3645 3491 cceli
3685 3432 3903 3494 firmati

2217 3519 2243 3551 ιι
2267 3507 2399 3555 sunt
2447 3505 2609 3570 (Psal.
2645 3504 2840 3573 xxxii),
2879 3522 2906 3554 υ
2947 3509 3079 3572 etc.,
3129 3521 3327 3560 sensus
3351 3523 3516 3561 verus
3547 3514 3604 3562 et
3635 3509 3902 3565 litteralis

2211 3573 2362 3647 apud
2395 3575 2701 3647 catholicos
2729 3582 2813 3628 est
2843 3575 2996 3647 quod
3027 3577 3198 3647 verbo
3231 3578 3476 3643 Domini,
3508 3579 3566 3633 id
3609 3586 3714 3647 est,
3754 3581 3901 3635 Filio

2211 3644 2410 3720 Patris,
2471 3645 2596 3720 coeli
2644 3651 2778 3698 sunt
2832 3644 3075 3720 firmati:
3135 3663 3263 3718 quae
3330 3649 3564 3720 quidem
3622 3644 3901 3720 expositio

2210 3715 2355 3786 apud
2391 3715 2696 3768 catholicos
2725 3720 2810 3768 est
2857 3717 3018 3786 quasi
3068 3715 3400 3782 necessaria,
3445 3721 3619 3773 etiam
3650 3715 3902 3776 consona

2208 3785 2341 3862 huic
2371 3787 2522 3855 quod
2550 3785 2764 3862 dicitur
2789 3785 3002 3862 Joan._i
3037 3803 3050 3840 :
3086 3806 3113 3837 α
3154 3789 3218 3840 Et
3267 3789 3508 3862 _Verbum
3558 3796 3687 3844 erat
3739 3795 3898 3862 apud

2210 3872 2237 3904 «
2271 3856 2470 3928 _Deum,
2507 3861 2563 3910 et
2596 3856 2944 3928 omnia_per
2965 3857 3176 3925 ipsum,
3202 3878 3227 3905 ››
3267 3857 3323 3910 id
3382 3865 3468 3912 est
3496 3877 3598 3928 per
3647 3856 3898 3918 Verbum

2209 3944 2235 3973 «
2261 3926 2404 3979 facta
2436 3931 2590 3980 sunt.
2632 3946 2660 3977 »
2718 3926 2822 3980 Sed
2873 3942 2936 3979 ex
2982 3928 3086 3980 hoc
3139 3943 3305 3980 sensu
3352 3944 3466 3982 non
3497 3926 3763 3985 _sumitur
3805 3951 3900 3988 ar-

2207 4002 2544 4072 gumentum
2598 3998 2792 4072 efficax
2823 4003 3018 4072 contra
3074 3997 3354 4072 infideles,
3411 4002 3899 4072 nonrecipientes

2207 4068 2613 4142 Evangelium:
2650 4067 2732 4121 illi
2770 4068 3094 4142 enimnon“
3119 4069 3439 4142 concedunt
3485 4067 3737 4142 aliquam
3769 4090 3898 4130 esse

2204 4137 2625 4214 distinctionem
2676 4139 2888 4214 realern
2936 4138 2995 4192 in
3039 4138 3266 4214 divinis,
3291 4140 3368 4194 sic
3391 4146 3451 4214 ut
3486 4137 3780 4214 sit'aliqua
3810 4145 3898 4199 di-

2205 4208 2334 4284 vina
2363 4225 2606 4284 persona
2637 4210 2993 4284 aeternalitep
3037 4210 3465 4284 procedens__ab
3500 4212 3611 4267 alio
3641 4208 3744 4284 per
3774 4231 3896 4270 mo-

2205 4279 2341 4332 dum
2395 4279 2551 4332 verbi
2609 4279 2890 4332 mentalis.
2953 4280 3108 4332 Unde
3165 4295 3293 4333 cum
3343 4281 3595 4338 dicitur:
3638 4279 3665 4335 ἱ(
3709 4285 3892 4341 Verbo

2207 4368 2233 4398 «
2268 4349 2492 4424 Domi_ni
2523 4351 2647 4424 coeli
2677 4348 2887 4402 firmati
2914 4355 3064 4424 sunt,
3099 4369 3126 4400 ι)
3159 4351 3265 4420 ipsi
3284 4351 3494 4424 dicunt
3522 4355 3677 4424 quod
3709 4355 3894 4410 hielo-

2201 4421 2397 4488 quitur
2421 4420 2716 4473 Psalmista
2743 4435 2901 4472 more
2931 4419 3218 4474 humano:
3252 4421 3396 4476 sicut
3435 4419 3563 4478 cum
3614 4426 3683 4480 de
3731 4442 3893 4482 man-

2201 4494 2330 4566 dato
2355 4490 2594 4566 alicujus
2624 4490 2842 4566 domini
2873 4490 3064 4566 aliqua
3091 4491 3255 4555 fiunt,
3295 4493 3504 4566 dicitur
3557 4497 3712 4566 quod
3755 4504 3892 4554 sunt

2198 4558 2370 4612 verba
2399 4558 2520 4628 ejus
2549 4560 2714 4614 facta.
2742 4558 3000 4614 Sumitur
3048 4567 3236 4616 tamen
3274 4579 3338 4616 ex
3388 4565 3494 4618 hac
3547 4558 3887 4623 auctoritate

2203 4637 2604 4699 argumentum
2648 4631 2900 4685 validum
2944 4635 3094 4702 apud
3143 4633 3340 4687 fideles
3385 4635 3533 4689 circa
3571 4636 3887 4693 distinctio-

2198 4715 2328 4774 nem
2359 4716 2732 4774 personarum
2762 4701 2822 4774 ip
2852 4701 3056 4756 divinis
3089 4709 3261 4774 prout
3304 4704 3362 4758 in
3414 4706 3604 4774 primo
3645 4708 3886 4764 Senten-

2195 4771 2426 4836 tiarum,
2486 4771 2619 4845 dist.
2671 4774 2722 4825 2.
2774 4772 2852 4826 Ex
2901 4789 3015 4844 quo
3064 4771 3322 4844 sequitur
3373 4771 3525 4845 quod
3571 4779 3884 4835 catholicus

2196 4857 2487 4910 exponens
2533 4842 2696 4896 istam
2749 4842 3489 4900 auctoritatem—Psalmistae
3545 4848 3712 4903 debet
3749 4865 3880 4906 eam

2195 4913 2803 4988 catholiceexponere,
2881 4931 2996 4968 non
3048 4931 3254 4968 curans
3323 4931 3413 4988 an,
3441 4934 3507 4970 ex
3573 4935 3640 4972 ea
3691 4927 3884 4988 posset

2196 4983 2344 5035 sumi
2397 4983 2592 5036 efficax
2637 4989 3040 5053 argumentum
3084 4991 3285 5040 contra
3324 4987 3586 5042 inﬁdeles
3641 4983 3884 5044 Trinita-

2193 5058 2651 5132 temmnegantes,
2683 5069 2782 5132 _an
2833 5069 2973 5132 non:
3039 5056 3176 5127 quia
3223 5073 3336 5111 non
3383 5065 3608 5129 oportet
3641 5061 3880 5132 quodex

2194 5124 2450 5194 quolibet
2480 5140 2650 5202 sensu
2683 5123 2913 5202 litterali
2959 5123 3362 5202 argumentum
3419 5123 3680 5184 sumatur
3731 5134 3884 5202 apud

2194 5210 2429 5270 omnes,
2465 5201 2526 5248 ut
2547 5195 2669 5265 jam
2715 5195 2925 5270 dictum
2957 5198 3272 5270 esttQuod
3320 5205 3510 5254 tamen
3561 5195 3886 5270 postillator

2192 5265 2251 5339 in
2283 5266 2387 5339 hoe
2417 5267 2559 5339 loco,
2592 5272 2646 5319 et
2691 5266 2818 5339 aliis
2869 5269 3158 5339 nonnullis
3193 5270 3422 5324 videtur
3468 5265 3790 5339 observare,
3819 5279 3886 5328 ut

2192 5337 2252 5389 in
2281 5336 2397 5415 suis
2429 5337 2563 5389 locis
2617 5335 2896 5415 patebit“:
2925 5338 3169 5415 videtur
3198 5341 3352 5395 enim
3395 5341 3681 5415 aestimare
3725 5335 3881 5415 quod

2189 5423 2304 5460 non
2341 5407 2413 5460 sit
2441 5408 2942 5482 sensuslitteralis,
2977 5409 3086 5463 nisi
3113 5410 3207 5464 ille
3247 5427 3279 5464 a
3337 5427 3452 5482 quo
3512 5407 3761 5468 sumitur
3787 5432 3878 5469 ar-

2188 5483 2527 5548 gumentum
2571 5478 2824 5557 validum
2866 5481 3036 5557 etiam
3089 5487 3284 5557 contra
3320 5478 3695 5557 adversarios,
3727 5487 3880 5557 quod

2185 5555 2380 5602 tamen
2411 5565 2524 5602 non
2559 5555 2644 5602 est
2675 5550 2754 5602 sic
2777 5550 3241 5618 intelligendum,
3274 5555 3336 5605 ut
3363 5553 3578 5607 dictum
3609 5561 3713 5610 est.

2255 5620 2413 5695 Circa
2441 5626 2685 5695 sextum,
2718 5619 2950 5695 scilicet,
2994 5622 3392 5695 respondendo
3442 5623 3510 5678 ad
3556 5625 3873 5695 principale

2182 5690 2506 5759 quaesitum,
2541 5691 2766 5745 videtur
2811 5690 3117 5762 dicendum
3167 5693 3322 5762 quod
3367 5690 3573 5748 sensus
3615 5690 3873 5751 litteralis

2179 5761 2356 5830 possit
2417 5762 2740 5832 comparari
2784 5763 2850 5814 ad
2883 5761 3022 5814 alios
3070 5761 3268 5816 senSus
3328 5763 3632 5836 dupliciter
3682 5784 3693 5820 :
3753 5784 3867 5823 uno
