4086 6190
184 336 241 385 iii
1656 330 2189 387 PROLEGOMENA.
3596 340 3662 393 46

178 438 331 529 modo
386 456 812 523 nuivcrsaliter,
870 456 1083 529 scilicet
1130 458 1390 525 respectu
1446 455 1619 529 iotius
1683 471 1858 529 sacras
1896 455 1941 510 A
1976 454 2222 529 ritualia,
2286 454 2485 529 saltem
2545 455 2650 509 sub
2705 454 3178 529 similitudinibus
3249 462 3655 529 corporalibus,

176 528 465 596 Scriptura
518 529 581 581 in
622 528 918 581 communi
966 528 1079 580 alio
1138 542 1274 580 vero
1336 525 1503 579 modo
1555 525 1857 596 particula-

179 599 321 659 riter,
366 598 608 666 scilicet,
650 600 963 652 secundum
1009 596 1272 667 quaedam
1321 596 1686 668 particularia
1735 596 1857 651 loca

180 684 335 721 sacrae
386 669 718 739 Scriptores.
778 669 835 723 Si
892 668 1079 738 primo
1128 668 1297 721 modo
1353 673 1762 739 comparatur,
1801 670 1859 721 et

179 740 480 810 accipiatur
514 737 685 793 sacra
741 737 1263 810 Scripturaiprout
1327 743 1412 791 est
1460 737 1857 810 principaliter

181 809 536 879 speculativa,
587 816 724 863 tunc
772 826 971 863 sensus
1028 809 1290 863 litteralis
1330 809 1649 879 secundum
1682 824 1856 861 unam

183 878 687 935 considerationem
743 886 829 934 est
872 880 1126 950 ejusdem
1181 878 1489 950 dignitatis
1518 894 1676 950 cum
1732 879 1857 931 aliis

183 952 456 1013 sensibus,
514 952 826 1005 secundum
894 948 1026 1004 vero
1093 948 1264 1003 aliam
1338 948 1857 1003 considerationem

181 1027 257 1076 est
278 1023 497 1075 caeteris
526 1022 771 1090 dignior.
804 1021 885 1077 Ad
934 1021 1087 1092 quod
1124 1019 1416 1073 sciendum
1446 1020 1598 1092 quod
1626 1020 1859 1073 scientia

182 1094 520 1163 speculativa
580 1093 789 1146 dicitur
851 1090 967 1144 alia
1022 1091 1253 1161 dignior
1317 1106 1382 1163 ex
1422 1090 1709 1163 duobus:
1743 1106 1858 1163 uno

180 1160 346 1217 modo
372 1179 436 1216 ex
465 1162 728 1234 dignitati
757 1162 1042 1234 materiae;
1073 1177 1208 1215 nam
1234 1166 1301 1214 ut
1324 1160 1461 1234 dicit
1482 1161 1859 1234 PhilosOphus

182 1234 232 1287 in
257 1250 307 1287 ιι
358 1234 429 1287 de
478 1230 856 1298 Animalibus,
913 1233 1211 1286 Minimum
1263 1232 1415 1301 quod
1452 1235 1643 1301 potest
1662 1230 1859 1284 haberi

178 1306 241 1357 de
311 1305 638 1373 cognitione
709 1319 903 1357 rerum
966 1302 1373 1355 altissimarum
1430 1301 1860 1373 desiderabilius

178 1380 274 1441 est,
330 1371 503 1445 quam
550 1375 867 1428 certissima
944 1373 1225 1445 cognitio,
1301 1388 1429 1443 quae
1499 1372 1743 1445 habetur
1779 1371 1858 1445 _de

180 1442 424 1498 minimis
474 1447 665 1499 rebus.
718 1446 783 1497 Et
840 1442 1153 1497 secundum
1212 1442 1380 1496 istam
1450 1442 1859 1496 consideratio-

178 1533 301 1569 nem
357 1532 559 1569 sensus
614 1515 873 1568 litteralis
932 1520 985 1568 et
1060 1530 1255 1567 sensus
1326 1512 1641 1583 spiritualis
1687 1528 1859 1566 sacrae

177 1588 479 1657 Scripturie
536 1585 920 1639 communiter
970 1586 1200 1657 accepti,
1281 1582 1538 1652 ejusdem
1589 1582 1859 1657 sunt_di-

178 1653 441 1727 gnitatis;
511 1656 581 1710 de
658 1657 861 1710 eodem
943 1653 1120 1727 enim_
1181 1661 1475 1727 tractatur,
1546 1653 1859 1727 secundum

178 1724 485 1798 utrumque
514 1743 763 1793 sensum,
799 1727 1011 1780 scilicet
1040 1726 1110 1780 de
1147 1728 1297 1798 ADeo,
1346 1730 1402 1778 et
1442 1725 1511 1779 de
1560 1724 1851 1798 creaturis,

176 1796 427 1869 prontin
460 1799 642 1851 Deum
682 1798 1021 1869 referantur,
1064 1796 1273 1869 prima
1304 1800 1486 1869 parte,
1528 1812 1593 1869 pq.
1649 1798 1697 1848 1.
1730 1796 1856 1849 Alio

174 1867 299 1923 vero
335 1870 510 1922 modo
539 1885 653 1921 una
680 1869 912 1921 scientia
965 1868 1176 1922 dicitur
1221 1867 1453 1936 dignior
1491 1867 1602 1919 alia
1643 1882 1710 1919 ex
1741 1882 1862 1918 cer-

176 1940 436 2004 titudine,
469 1940 777 1992 secundum
802 1955 974 2009 quam
1007 1938 1103 1992 illa
1128 1937 1365 1991 scientia
1404 1937 1612 2009 dicitur
1637 1937 1865 2009 dignior

174 2028 295 2081 quae
322 2011 536 2063 certior
570 2016 672 2074 est,
709 2016 767 2064 et
803 2008 1117 2081 secundum
1167 2010 1314 2081 lianc
1344 2008 1860 2081 considerationem

173 2078 559 2145 manifestum,
607 2081 760 2151 quod
817 2096 1015 2133 sensus
1067 2079 1325 2151 litteralis
1351 2083 1436 2151 est
1456 2078 1701 2151 dignior,
1733 2093 1861 2130 cum

174 2155 241 2205 sit
289 2152 519 2205 caeteris
586 2148 813 2205 certior.
872 2152 1011 2205 Tota
1068 2150 1222 2204 enim
1275 2149 1554 2203 certitudo
1617 2148 1864 2201 aliorum

173 2239 440 2277 sensuum
500 2238 673 2275 sacrm
728 2221 1034 2291 Scriptura:
1086 2237 1119 2274 a
1182 2219 1520 2274 certitudine
1574 2234 1740 2291 sensu
1771 2218 1863 2291 lit-

172 2294 360 2347 teralis
429 2292 734 2363 dependet.
811 2289 965 2346 Unde
1039 2290 1389 2363 Augustinus
1426 2289 1863 2363 AdeuDoctrina

170 2360 528 2419 Christiana“:
577 2383 599 2411 ε
638 2363 790 2417 Nihil
849 2367 934 2415 est
963 2362 1112 2432 quod
1139 2360 1376 2415 'occulte
1422 2360 1480 2414 in
1511 2360 1706 2432 aliquo
1740 2360 1864 2432 loco

174 2454 199 2483 α
249 2450 428 2488 sacrae
471 2434 779 2504 Scriptura:
824 2429 1089 2497 traditur,
1143 2432 1297 2503 quod
1349 2448 1466 2504 non
1513 2429 1649 2504 alibi
1680 2429 1865 2504 mani-

172 2527 195 2554 α
225 2506 369 2559 feste
400 2500 743 2575 exponetur.
778 2523 804 2554 ι)
834 2504 1005 2573 Cujus
1036 2500 1181 2575 ratio
1213 2506 1302 2575 est
1320 2518 1356 2575 :_
1384 2503 1521 2555 Nam
1555 2500 1866 2575 spiritualis

171 2572 732 2647 expositio—semper
764 2572 933 2647 debet
961 2574 1172 2629 habere
1224 2572 1622 2647 iulcimentum
1654 2572 1723 2625 ab
1760 2572 1865 2647 ali-

172 2642 283 2717 qu'a
317 2647 554 2700 litterali
581 2642 935 2716 expositione
998 2660 1170 2697 sacrae
1209 2643 1544 2717 Scripturte,
1600 2646 1775 2712 prout
1796 2642 1865 2717 in

173 2712 509 2789 quodlibeto
541 2722 598 2770 et
627 2712 943 2787 quastione
972 2731 1145 2786 supra
1174 2712 1429 2789 allegatis
1480 2715 1646 2789 plene
1679 2712 1864 2789 tradi-

170 2782 280 2842 tur.
318 2789 378 2843 Si
406 2793 602 2842 autem
644 2782 1011 2857 comparetur
1042 2782 1271 2857 sensus
1292 2782 1572 2857 _litteralis
1628 2784 1694 2837 ad
1723 2782 1867 2836 alios

171 2876 371 2913 sensus
438 2858 752 2913 secundum
779 2855 1076 2928 'quazdam
1129 2855 1497 2928 particularia
1540 2855 1663 2928 loca
1692 2870 1866 2928 sacras

168 2932 496 3001 Scripturae,
532 2930 611 3001 sic
639 2924 1293 3001 manifésﬁtumiest'quod
1325 2927 1383 2979 in
1440 2925 1699 3001 pluribus
1718 2924 1868 3001 ‘Iccis

170 2994 370 3055 sensus
403 3000 717 3071 spiritualis
739 3006 823 3053 est
858 2999 1104 3069 dignior,
1155 2994 1221 3051 ex
1246 3013 1337 3071 _eo
1385 2994 1539 3071 quod
1582 2996 1650 3071 de
1680 2994 1868 3071 altiori

172 3067 707 3137 materia'tractat;
741 3071 886 3123 sicut
928 3067 1090 3122 _cum
1149 3068 1359 3137 legitur
1420 3067 1489 3121 de
1572 3067 1863 3120 Abraham

168 3144 307 3196 Cen.
342 3159 460 3208 xxr,
493 3141 648 3210 quod
701 3161 726 3191 α
761 3141 905 3194 duos
946 3141 1096 3193 iilios
1127 3139 1350 3203 habuit,
1388 3157 1416 3210 ii
1446 3144 1560 3210 etc,
1584 3137 1742 3210 Quod
1759 3152 1860 3210 _ex-

244 3214 407 3267 nitur
464 3207 537 3266 ab
586 3212 852 3281 Apostolo
902 3212 1020 3265 Gal.
1066 3226 1119 3263 iv
1174 3209 1479 3281 allegorice
1532 3208 1601 3261 de
1627 3207 1865 3281 duobus

213 3284 550 3337 estamentis
586 3299 599 3335 :
636 3278 741 3335 ubi
772 3284 927 3350 patet
976 3281 1125 3351 quod
1183 3278 1382 3351 sensus
1403 3278 1741 3351 allegoricus
1770 3278 1865 3331 ille

166 3355 399 3425 dignior
428 3359 535 3415 est,
564 3369 735 3425 quam
757 3368 967 3425 sensus
996 3350 1328 3425 iliistorialis
1369 3350 1777 3425 illiusltiterae.
1812 3353 1869 3401 et

170 3420 327 3479 idém
358 3429 517 3494 patet
550 3420 619 3477 de
651 3424 843 3477 multis
865 3423 1011 3475 aliis.
1041 3422 1097 3494 Si
1128 3428 1317 3494 autem
1373 3420 1681 3494 accipiatur
1711 3435 1869 3472 sacra

170 3491 438 3549 doctrina
478 3500 654 3564 prout
701 3493 1135 3563 comprehendit
1182 3493 1288 3564 sub
1320 3508 1378 3544 se
1409 3491 1709 3564 scientiam
1735 3506 1868 3564 pra-

170 3568 400 3631 cticam,
436 3560 573 3619 tunc
604 3565 775 3618 etiam
818 3560 1014 3617 sensus
1038 3563 1297 3616 litteratis
1325 3567 1382 3615 et
1432 3561 1743 3631 spiritualis
1773 3560 1872 3613 dii-

171 3637 313 3707 plici
347 3636 518 3690 modo
571 3635 893 3707 comparari
942 3640 1200 3703 possunt,
1229 3633 1445 3707 scilicet
1474 3631 1872 3707 universaliter
1906 3631 1911 3635 ’

172 3702 231 3762 et
268 3702 718 3778 particulariter,
751 3711 813 3759 ut
844 3702 1186 3778 dictumest.
1211 3704 1277 3778 Si
1300 3703 1486 3778 primo
1508 3702 1700 3778 modo,
1736 3707 1872 3778 tunc

172 3773 375 3832 seu—sus
427 3778 686 3831 litteralis
729 3782 784 3829 et
829 3775 1141 3845 spiritualis
1173 3775 1427 3845 ejusdem
1460 3779 1594 3826 sunt
1623 3773 1871 3845 dignita-

171 3851 281 3915 tis;
315 3850 416 3902 illa
473 3849 628 3901 enim
659 3843 896 3900 scientia
934 3846 1180 3917 practica
1206 3843 1309 3898 seu
1346 3861 1438 3898 ars
1487 3843 1717 3917 dignior
1763 3848 1867 3917 est,

168 3914 308 3990 qua:
341 3921 407 3973 ad
436 3919 764 3973 ulteriorem
804 3914 985 3990 ﬁnem
1013 3916 1331 3981 ordinatur,
1385 3920 1448 3990 ut
1492 3914 1872 3990 civilismili-

170 3984 308 4051 tari,
343 3997 409 4043 ut
440 3990 499 4043 in
530 4005 546 4043 ι
576 3990 751 4043 Ethic.
787 3989 1019 4042 Constat
1042 3993 1233 4041 autem
1288 3986 1440 4056 quod
1484 3984 1873 4056 tinisultimus

175 4063 358 4115 totius
387 4076 561 4114 sacrae
587 4059 863 4113 doctrinae
892 4059 953 4112 in
996 4063 1273 4128 quantum
1304 4054 1394 4109 est
1445 4055 1719 4128 practica,
1755 4054 1871 4107 sive

172 4132 500 4186 secundum
532 4146 759 4184 sensum
792 4127 1117 4196 litteralem,
1148 4128 1264 4181 sive
1303 4127 1612 4180 secundum
1642 4141 1873 4178 sensum

170 4203 565 4272 spiritualem,
610 4208 693 4254 est
747 4217 895 4254 unus
967 4204 1022 4253 et
1051 4200 1226 4266 idem,
1284 4198 1515 4272 scilicet,
1579 4196 1871 4272 beatitudo

169 4267 417 4327 éterna.
449 4273 505 4327 Si
566 4278 754 4326 autem
804 4276 1206 4341 comparentur
1251 4268 1498 4322 secundo
1544 4267 1737 4341 modo,
1765 4267 1871 4319 sci-

170 4346 313 4399 licet
369 4344 685 4397 secundum
742 4338 1107 4411 particiilaria
1158 4342 1280 4394 loca
1324 4344 1459 4393 tunc
1504 4338 1870 4411 manifestum

169 4422 258 4467 est
321 4415 473 4484 quod
520 4413 580 4466 in
629 4408 968 4484 quibusdam
1025 4411 1162 4484 locis
1214 4426 1410 4484 sensus
1448 4408 1763 4484 spiritualis
1791 4414 1878 4461 est

172 4479 435 4557 dignior,
468 4479 740 4555 tanquam
779 4482 1176 4557 Apropinqiiior
1208 4481 1452 4557 _iiltimo_
1475 4479 1596 4557 fini,
1628 4484 1694 4531 iit
1721 4484 1878 4557 patet

174 4550 477 4610 iu'multis
524 4550 821 4625 praeceptis
876 4550 1558 4625 ca'rimonialibiis,_sicu_t
1578 4565 1706 4602 cum
1737 4550 1874 4625 dici-

173 4636 275 4680 tur
310 4628 477 4680 Deut.
501 4620 667 4679 firm:
713 4620 739 4673 ξς
789 4625 908 4678 Νοη
949 4623 1150 4694 ligabis
1196 4639 1258 4675 os
1284 4621 1442 4694 bovis
1472 4620 1791 4694 triturantis
1816 4620 1878 4694 in

175 4719 203 4746 α
242 4714 382 4751 area
416 4699 609 4767 fruges
655 4702 823 4764 tuas;
858 4714 885 4745 ι)
938 4691 1103 4767 quod
1122 4692 1436 4767 exponitur
1452 4692 1523 4744 ab
1553 4692 1821 4761 Apostolo
1857 4691 1875 4744 l

171 4772 308 4823 Cor.
372 4784 425 4820 ix
470 4761 863 4837 spiritualiter,
913 4761 1242 4837 ostendente
1289 4761 1441 4837 quod
1485 4777 1681 4837 sensus
1730 4777 1877 4837 prie-

170 4841 332 4909 cepti
362 4832 522 4892 illius
552 4836 810 4909 litteralis
838 4836 1078 4909 modicae
1112 4835 1393 4909 utilitatis_
1418 4837 1521 4899 est,
1550 4833 1619 4887 de
1650 4848 1763 4903 quo
1794 4832 1879 4909 di-

171 4905 292 4965 cit:
334 4929 362 4960 et
420 4907 687 4978 Nunquid
748 4907 817 4961 de
858 4907 1039 4978 bobus
1079 4921 1217 4959 cura
1246 4909 1328 4978 est
1364 4905 1511 4978 Deo;
1540 4919 1611 4978 an
1644 4908 1882 4978 propter

172 5003 199 5031 ι
234 4998 352 5034 nos
383 4974 586 5049 utique
612 4978 794 5032 dicit?
823 4998 849 5027 ι
882 4984 936 5030 et
964 4977 1043 5030 sic
1058 4978 1127 5031 de
1154 4974 1517 5049 multisaliis.
1540 4974 1685 5049 Sunt
1705 4974 1877 5049 etiam

170 5053 306 5105 alia:
340 5044 825 5104 consi'derationes
854 5048 1060 5119 quibus
1112 5062 1310 5100 sensus
1347 5044 1608 5098 litteralis
1644 5044 1881 5113 prazmi-

169 5130 275 5176 net
309 5121 579 5176 sensibus
608 5120 1016 5189 spiritualibus,
1050 5131 1439 5189 quarumcuna
1485 5119 1681 5189 est__ex
1722 5118 1881 5189 parte

170 5192 573 5247 extensionis:
623 5184 821 5244 sensus
869 5190 1021 5242 enim
1068 5184 1341 5242 litteralis
1393 5185 1647 5239 extendit
1705 5201 1762 5238 se
1814 5184 1880 5238 ad

169 5263 508 5336 quamlibet
578 5260 921 5336 particulam
979 5274 1171 5336 sacrte
1236 5257 1571 5336 Scriptura;
1642 5255 1885 5325 quilibet

168 5326 335 5389 enim
366 5326 776 5404 passus'sacrae
810 5330 1114 5404 Scriptura).
1157 5329 1330 5404 habet
1360 5326 1608 5397 aliquem
1647 5341 1883 5404 sensum

169 5398 497 5459 litteralem
524 5419 539 5456 :
570 5418 770 5456 sensus
800 5398 947 5454 vero?
967 5399 1292 5471 spirituales
1336 5413 1453 5451 non
1486 5413 1543 5450 se
1568 5398 1886 5471 extendunt

169 5478 243 5530 ad
296 5482 485 5530 totam
531 5488 748 5527 sacram
791 5468 1162 5542 Scripturam,
1212 5476 1385 5539 prout
1434 5472 1590 5539 patet
1626 5483 1691 5521 ex
1720 5468 1884 5522 dictis

169 5549 233 5601 in
261 5547 522 5601 secundo
542 5544 805 5599 articulo.

244 5618 384 5673 Alia
406 5633 544 5671 vero
572 5612 953 5670 consideratio
984 5616 1069 5666 est
1098 5628 1163 5666 ex
1194 5614 1357 5682 parte
1398 5608 1842 5682 universalitatis
1870 5624 1882 5662 :

170 5704 391 5743 sensus
419 5688 577 5742 enim
606 5685 871 5740 litteralis
901 5680 1261 5738 communior
1308 5685 1394 5734 est
1444 5697 1543 5734 seu
1584 5680 1889 5733 universa-

176 5761 317 5828 linr,
350 5758 699 5831 quiaetiam
730 5756 900 5810 rudes
931 5754 1029 5825 qui
1080 5753 1148 5807 ad
1168 5751 1584 5831 “intelligibilia
1615 5751 1893 5831 capienda

175 5820 473 5885 non'sunt
506 5826 723 5894 idonei,
751 5842 854 5897 per
885 5820 1114 5879 sensum
1166 5820 1467 5877 litteralem
1522 5820 1757 5891 capiunt
1777 5820 1891 5892 spi-

1965 530 2138 597 prout
2165 526 2223 579 in
2257 525 2441 595 prima
2470 530 2866 598 partequaest.
2897 528 3102 598 prima,
3132 530 3293 583 artic.
3326 525 3376 584 9.
3425 525 3659 588 Constat

1968 602 2180 673 autem,
2235 601 2409 673 prout
2464 597 2523 649 in
2573 597 2978 673 i__E_thicorum,
3012 599 3167 669 quod
3198 599 3409 655 bonum
3441 609 3657 673 quanto

1965 666 2365 733 universalius,
2382 671 2541 720 tanto
2573 668 2841 722 divinius.

2037 738 2116 791 Ex
2149 738 2254 811 hac
2306 737 2484 811 igitur
2529 737 2739 811 triplici
2784 738 3259 811 consideratione,
3307 757 3423 811 qua
3459 760 3660 801 sensus

1966 808 2229 883 litteralis
2258 808 2479 861 caeteris
2506 808 2765 883 sensibus
2813 809 3147 883 simpliciter
3192 808 3550 883 comparatus
3576 822 3660 871 est

1967 878 2217 948 dignior,
2253 884 2453 952 potest
2500 878 3151 952 quodammodoiaccipi
3174 878 3378 952 triplex
3408 885 3554 939 ratio
3586 888 3655 941 ad

1966 948 2526 1074 §omr|nendationem
2568 949 2739 1019 hujus
2793 950 3065 1020 Postillae,
3118 948 3348 1020 scilicet,
3398 958 3661 1027 magistri

2018 1037 2103 1073 ico
2128 1036 2201 1073 ai.

2018 1036 2201 1073 lCOlal.

2040 1090 2231 1164 Prima
2276 1093 2361 1164 est
2407 1105 2472 1142 ex
2518 1093 2678 1164 parte
2732 1106 2929 1164 sensus
2975 1090 3257 1164 litteralis,
3293 1094 3393 1164 qui
3430 1098 3653 1151 caeteris

1968 1161 2138 1234 modo
2170 1160 2441 1234 praedicto
2475 1165 2559 1213 est
2588 1160 2817 1229 dignior
2850 1177 2863 1227 ;
2896 1162 3018 1215 haec
3047 1162 3201 1216 enim
3231 1160 3481 1234 Postilla,
3513 1167 3661 1222 inter

1968 1232 2254 1305 aliasque;
2274 1231 2343 1305 in
2374 1246 2738 1284 communem
2770 1247 2937 1305 usum
2972 1234 3229 1305 veniunt,
3257 1236 3438 1305 magis
3469 1231 3658 1293 inten-

1970 1302 2052 1356 dit
2082 1302 2387 1375 litteralem
2418 1316 2669 1375 sensum,
2703 1302 2923 1375 caeteris
2945 1303 3203 1375 sensibus
3232 1302 3656 1375 praetermissis,

1970 1389 2072 1448 seu
2122 1373 2281 1448 valde
2330 1372 2618 1448 modicum
2668 1372 2848 1448 tactis,
2903 1377 2968 1425 ut
2998 1373 3118 1443 ipse
3147 1372 3283 1448 dicit
3310 1376 3372 1448 in
3401 1372 3660 1448 prologo.

2038 1442 2295 1497 Secunda
2333 1442 2475 1495 ratio
2524 1458 2588 1495 ex
2630 1447 2789 1512 parte
2839 1458 2955 1495 sua:
3007 1442 3354 1499 extensionis
3382 1442 3663 1503 {fuerunt

1970 1514 2125 1589 enim
2156 1514 2360 1589 aliqua!
2392 1513 2951 1589 p_cst_illaa_soiemnes
2992 1514 3061 1568 de
3108 1516 3295 1582 certis,
3330 1534 3428 1571 seu
3458 1520 3660 1589 singu-

1970 1584 2185 1638 laribus
2212 1583 2372 1655 libris
2406 1583 2614 1637 divinae
2634 1584 2962 1655 Scripturaa,
2993 1601 3123 1655 quae
3156 1602 3213 1640 se
3246 1602 3361 1641 non
3392 1583 3658 1644 extende-

1972 1660 2107 1708 runt
2170 1654 2241 1708 ad
2300 1670 2501 1707 omnes
2552 1654 2766 1719 libros;
2826 1654 2949 1709 hinc
3003 1654 3135 1709 vero
3191 1674 3250 1711 se
3308 1660 3562 1714 extendit
3590 1662 3661 1713 ad

1899 1745 1937 1798 Β
1974 1731 2286 1798 utrumque
2316 1726 2763 1798 Testamentum,
2810 1725 2955 1778 nihil
3003 1727 3131 1781 inde
3157 1730 3652 1798 praetermittens.

2044 1796 2391 1871 Tertia‘vero
2418 1795 2565 1871 ratio
2616 1801 2871 1871 expacte
2909 1813 3025 1871 sua:
3068 1795 3529 1871 universalitatis,
3562 1818 3662 1856 seu

1972 1866 2432 1941 communitatis:
2464 1866 2583 1919 hinc
2609 1866 2762 1918 enim
2794 1868 3051 1941 Postilla,
3067 1869 3277 1941 saltem
3309 1870 3369 1923 in
3408 1866 3660 1941 his'par-

1973 1939 2125 1991 tibus
2159 1937 2461 2006 Hispaniae,
2493 1942 2569 2000 et,
2604 1942 2668 1988 ut
2697 1938 2883 2003 credo,
2935 1939 3151 2000 Gallia,
3190 1937 3553 1995 communior
3578 1947 3663 1996 est

1972 2008 2214 2069 caeteris,
2266 2010 2415 2060 circa
2463 2008 2716 2061 Glossam
2768 2008 3136 2063 ordinariam.
3193 2011 3276 2065 Ad
3310 2012 3474 2065 istam
3505 2013 3657 2067 enim

1972 2083 2273 2151 recurrunt
2319 2094 2433 2131 non
2464 2079 2647 2131 solum
2690 2078 2964 2151 theologi,
3025 2080 3120 2134 sed
3151 2081 3321 2135 etiam
3347 2082 3573 2151 juristae
3606 2089 3661 2138 et

1974 2150 2070 2273 ailiii
2094 2148 2446 2271 intetllectum
2479 2163 2651 2200 sacra;
2693 2148 2998 2219 Scriptura!
3049 2151 3286 2220 planum
3318 2148 3526 2207 habere
3560 2155 3665 2209 de-

1974 2238 2017 2272 si
2064 2236 2197 2273 eran
2229 2235 2307 2273 es.

1973 2222 2307 2273 siderantes.

2044 2291 2151 2345 Sed
2180 2290 2313 2344 licet
2340 2305 2405 2343 ex
2434 2288 2719 2365 prmdictis
2749 2288 2930 2344 tribus
2960 2291 3083 2345 hmc
3114 2293 3346 2365 Postilla
3368 2294 3665 2365 isimplici-

1973 2367 2062 2433 ter
2087 2365 2170 2415 est
2199 2359 2668 2433 commendanda,
2718 2365 2850 2433 sunt
2906 2365 3099 2415 tamen
3148 2363 3258 2416 alia
3308 2363 3417 2419 tria
3457 2359 3665 2433 quibus

1973 2432 2220 2497 videtur,
2248 2432 2449 2485 saltem
2481 2430 2539 2483 in
2572 2430 2860 2501 aliquibus
2917 2432 3076 2500 locis,
3140 2433 3332 2487 minus
3380 2430 3661 2491 sufficere.

2047 2503 2324 2566 Primum,
2382 2500 2519 2571 quia
2575 2500 2952 2571 expositiones
3010 2510 3331 2558 sanctorum
3363 2507 3660 2561 doctorum

1974 2575 2032 2626 in
2078 2573 2340 2646 pluribus
2397 2572 2534 2646 locis
2564 2571 3036 2646 irrationabiliter
3064 2575 3288 2629 videtur
3319 2582 3663 2646 postponere

1975 2642 2222 2717 propria}
2256 2642 2615 2717 expositioni,
2649 2648 2705 2696 et
2735 2645 3093 2717 quandoque
3140 2642 3662 2717 etiam'expositio-

1976 2713 2144 2769 nibus
2174 2714 2565 2775 Hebraeorum,
2602 2713 2753 2782 quod
2785 2720 2869 2767 est
2896 2713 3323 2781 inconveniens,
3355 2713 3660 2772 ut'dictum

1974 2786 2083 2839 fuit
2113 2785 2172 2838 in
2203 2790 2422 2856 quarto;
2441 2784 2679 2856 articulo
2711 2786 3049 2856 supradicto.
3086 2787 3239 2839 Inter
3270 2803 3410 2856 quos
3442 2794 3663 2842 sanctos

1976 2854 2237 2910 doctores
2279 2854 2491 2927 pluries
2535 2854 3143 2927 videturimpugnare
3192 2854 3664 2913 irrationabiliter

1977 2872 2233 2910 doctores
2279 2872 2491 2980 pluries
2535 2872 2758 2907 Videtur
2802 2872 3143 2927 impugnare
3192 2872 3662 2913 irrationabiliter

1977 2931 2233 3009 sanctum
2273 2998 2283 3007 .
2326 2927 2580 3009 liomani,
2624 2925 2973 3009 quandoque
3004 2943 3283 3009 expresse,
3318 2931 3662 3009 quandoque

1976 2998 2165 3064 tacite,
2198 2998 2359 3068 cujus
2387 2996 2566 3068 sancti
2608 2996 2856 3068 doctoris
2884 2996 3143 3068 eloquia
3197 2996 3440 3053 ﬁrmiter
3490 2996 3662 3055 credo

1975 3084 2096 3122 esse
2125 3066 2581 3137 igne’cliaritatis
2626 3067 2970 3135 examinata,
3020 3066 3076 3122 ct
3119 3069 3394 3123 naturalis
3425 3071 3664 3125 rationis

1976 3138 2286 3211 dictamine
2312 3137 2707 3211 multipliciter
2737 3145 2997 3208 purgata.
3033 3144 3071 3194 A
3120 3156 3234 3211 quo
3268 3140 3439 3194 etiam
3472 3146 3665 3197 sancto

1976 3210 2210 3264 doctore
2238 3209 2361 3280 ipse
2387 3209 2714 3283 Postillator
2732 3211 2909 3283 multa
2952 3209 3303 3283 frequenter,
3328 3212 3550 3283 accipit,
3602 3214 3656 3267 li-

1975 3286 2064 3334 cet
2088 3296 2219 3333 eum
2251 3295 2366 3352 non
2384 3279 2610 3352 alleget,
2632 3280 2751 3352 nisi
2781 3282 2965 3334 solum
2993 3279 3480 3352 reprehendendo.

2046 3351 2392 3425 Secundum,
2442 3351 2577 3420 quia
2625 3351 2686 3425 in
2718 3351 3210 3425 litteraillebraica
3241 3353 3308 3407 ad
3338 3370 3507 3425 quam
3536 3355 3664 3425 plu-

1976 3422 2087 3475 ries
2116 3422 2375 3485 recurrit,
2425 3436 2543 3473 non
2591 3421 2815 3474 videtur
2851 3422 3020 3475 fuisse
3068 3421 3426 3478 suflicientur
3472 3421 3665 3479 erudi-

1976 3498 2085 3555 tus,
2123 3491 2285 3562 quasi
2315 3492 2473 3544 illam
2506 3490 2563 3543 in
2594 3491 2844 3562 pueritia
2873 3492 3182 3559 didicisset,
3216 3495 3312 3548 sed
3353 3496 3422 3549 de
3454 3496 3553 3549 illa
3582 3496 3668 3550 vi-

1977 3561 2159 3617 detur,
2204 3562 2466 3615 habuisse
2527 3561 2811 3623 notitiam,
2864 3564 3026 3632 quasi
3083 3565 3152 3618 ab
3212 3566 3337 3620 aliis
3395 3566 3454 3620 in
3504 3571 3668 3621 aetate

1980 3634 2171 3686 adulta
2201 3632 2521 3685 mendicato
2553 3632 2821 3701 suffragio
2849 3634 3203 3703 acquisitam.
3236 3636 3400 3699 Quod
3423 3638 3666 3691 multum

1979 3704 2155 3777 refert
2195 3703 2255 3777 in
2303 3703 2566 3777 pluribus
2609 3719 2781 3757 sacra:
2836 3703 3141 3774 Scripturae
3190 3708 3471 3777 passibus,
3515 3713 3579 3763 ut
3609 3708 3668 3761 in

1981 3774 2094 3828 suis
2124 3774 2263 3827 locis
2288 3773 2521 3843 patebit.

2049 3842 2299 3918 Tertium
2360 3845 2652 3918 quia,_ut_
2679 3842 2801 3913 ipse
2844 3844 2979 3918 dicit
3026 3846 3101 3918 in
3127 3848 3375 3903 secundo
3407 3849 3668 3918 prologo,

1982 3915 2133 3969 inter
2165 3916 2423 3968 doctores
2455 3914 2755 3967 Hebraicos
2790 3917 3036 3970 maxime
3091 3917 3311 3972 inducit
3360 3914 3543 3973 Rabbi
3573 3914 3669 3973 Sa;

1981 3986 2296 4045 lomonem,
2330 3986 2429 4055 qui
2458 3986 2607 4037 inter
2649 4000 2746 4038 eos
2774 3986 3170 4041 rationabilius
3222 3989 3290 4041 ad
3337 3989 3670 4043 declaratio-

1982 4073 2113 4110 nem
2146 4072 2343 4129 sensus
2366 4055 2643 4129 litteralis:
2682 4059 2743 4107 ut
2771 4057 2992 4124 asserit,
3020 4057 3155 4129 Vfuit
3217 4059 3478 4112 locutus:
3513 4060 3674 4129 cujus

1984 4126 2443 4199 oppositumesh
2461 4124 2823 4199 manifestum
2882 4128 3032 4197 apud
3077 4129 3379 4182 Hebraeos:
3414 4129 3515 4199 qui
3545 4124 3675 4183 licet

1982 4195 2170 4268 ipsum
2203 4195 2383 4251 Rabbi
2415 4195 2778 4268 salomonem
2828 4195 3093 4268 reputent
3135 4195 3450 4254 solemnem
3479 4200 3672 4254 docto-

1985 4267 2113 4341 rem"
2138 4267 2611 4341 iu‘thalmudicis,
2639 4282 2756 4341 non
2787 4267 2980 4322 tamen
3012 4269 3068 4322 in
3103 4270 3190 4324 his
3235 4286 3362 4341 quae
3381 4271 3676 4341 pertinent

1987 4341 2055 4413 ad
2086 4338 2215 4393 fidei
2248 4343 2304 4392 et
2333 4353 2505 4391 sacrm.
2536 4337 2839 4413 Scriptura;
2871 4337 3307 4410 espositiOnem;
3352 4337 3449 4395 sed
3484 4343 3676 4413 potius

1984 4410 2135 4464 inter
2154 4426 2249 4463 eos
2277 4414 2615 4479 reputantur
2643 4410 2909 4478 majores,
2940 4427 3035 4463 seu
3068 4413 3441 4466 solemniores
3486 4410 3549 4465 in
3577 4413 3675 4465 hn-

1982 4479 2235 4554 jusmodi
2286 4479 2739 4554 expositionibus
2762 4481 3008 4554 quidam
3060 4483 3176 4547 alii,
3217 4488 3281 4537 ut
3304 4484 3675 4554 RabbiMoy-

1987 4550 2125 4622 ses,
2159 4550 2473 4622 Egyptius,
2533 4556 2589 4603 et
2636 4551 2817 4604 Rahbi
2873 4552 3107 4622 Moyses,
3170 4553 3571 4621 Gerundensis,
3609 4550 3680 4608 'et

1989 4621 2173 4693 Rabbi
2199 4621 2549 4693 Abenhazra,
2577 4626 2633 4674 et
2661 4622 2778 4686 alii,
2813 4621 2983 4693 prout
3004 4623 3126 4691 jam
3154 4624 3459 4678 videbitur.

2061 4693 2133 4747 Ut
2161 4691 2343 4765 igitur
2386 4691 2665 4765 praedicta
2711 4698 2767 4746 et
2811 4691 3073 4763 quaedam
3121 4693 3233 4747 alia
3272 4694 3455 4765 magis
3484 4694 3680 4765 eluce-

1991 4767 2166 4827 scant,
2200 4763 2349 4832 quod
2376 4763 2538 4816 valde
2569 4764 2707 4816 utile
2737 4770 2994 4833 putatur,
3043 4763 3410 4818 considerans
3454 4764 3679 4819 univer-

1990 4834 2271 4906 salitatem
2320 4833 2491 4902 hujus
2549 4834 2815 4904 Postillae,
2873 4836 2942 4889 ad
2994 4851 3167 4906 quam
3217 4835 3388 4890 etiam
3419 4834 3680 4890 inﬁdeles

1991 4904 2335 4975 quandoque
2365 4910 2691 4973 recurrunt,
2735 4912 2790 4958 et
2840 4904 3130 4960 multoties
3177 4923 3295 4961 non
3342 4909 3406 4960 ut
3435 4906 3673 4972 discant,

1991 4976 2089 5048 sed
2113 4975 2303 5048 potius
2335 4979 2397 5028 ut
2441 4976 2885 5048 reprehendant.
2950 4978 3090 5030 Nam
3143 4982 3208 5031 ut
3254 4977 3390 5031 dicit
3418 4978 3686 5048 Magister

1990 5046 2051 5099 in
2109 5046 2385 5115 prologo:
2448 5045 2921 5099 Dissentientibus
2979 5049 3340 5102 voluntatum
3402 5045 3678 5115 moribus,

1991 5116 2331 5189 dissentiens
2373 5132 2640 5189 quoque
2672 5116 2748 5189 tit
2787 5116 3108 5189 animorum
3171 5135 3405 5186 sensus;
3440 5118 3682 5189 cogitavi

1994 5203 2063 5240 ex
2102 5187 2221 5239 zelo
2272 5186 2478 5239 divinae
2530 5186 2781 5238 veritatis
2830 5186 2987 5240 illam
3028 5193 3439 5255 transcurrere,
3486 5186 3543 5243 et
3584 5190 3680 5243 ubi

1993 5257 2417 5330 juxtamodum
2440 5256 2846 5330 imbecillitatis
2878 5273 3019 5330 mea;
3055 5260 3270 5330 aliquid
3298 5261 3484 5314 visum
3511 5260 3685 5315 fuerit

1994 5327 2285 5399 additione
2322 5343 2510 5398 egere,
2564 5327 2621 5380 in
2652 5327 3004 5399 marginibus
3034 5327 3438 5399 superaddere,
3472 5332 3684 5385 Postil-

1994 5399 2224 5471 lamque
2256 5397 2439 5471 ipsam
2464 5397 3011 5471 cumiadditionibus
3030 5397 3155 5467 tibi,
3184 5401 3324 5453 utin
3352 5397 3686 5471 praefatione

1995 5469 2272 5534 dicebam,
2309 5470 2547 5523 donare.
2597 5470 2721 5542 Non
2743 5473 2936 5523 tamen
2982 5484 3074 5523 me
3107 5469 3370 5542 putesiut—
3394 5472 3685 5542 corrigen-

1994 5544 2134 5607 tem,
2176 5556 2292 5611 seu
2342 5540 2644 5594 temerarie
2703 5544 3094 5594 asserenteni:
3151 5541 3302 5611 quod
3368 5543 3517 5595 absit
3538 5540 3687 5607 {sed

1996 5609 2333 5683 simpliciter
2356 5611 2487 5683 tibi,
2520 5611 2779 5682 aliisque,
2812 5612 2857 5664 si
2904 5613 3011 5666 hoc
3054 5609 3320 5682 legerint,
3352 5628 3685 5683 proponen-

1996 5685 2115 5735 tem
2142 5696 2155 5734 :
2183 5680 2586 5754 difﬁnitionem
2611 5680 2796 5736 tamen
2828 5699 3027 5737 eorum
3051 5680 3180 5754 quae
3204 5698 3307 5754 per
3352 5680 3685 5754 irie'dicun-

1999 5755 2114 5819 tur,
2148 5756 2205 5804 et
2232 5751 2725 5823 approbationem,
2757 5770 2855 5807 seu
2906 5751 3390 5823 reprobationem,
3447 5753 3689 5808 humili-

2002 5826 2092 5875 ter
2138 5826 2196 5876 et
2239 5822 2439 5877 devote
2482 5823 2749 5895 relinquo
2794 5822 3263 5881 determinationi
3321 5830 3688 5881 SﬂCl‘OSilllClEB
