4086 6190
431 277 493 328 47
1331 274 1785 329 WALAFRIDUS
1823 273 2135 328 STRABUS
2177 269 2551 327 FULDENSIS
2591 269 2975 326 MONACHUS.

3858 270 3934 323 48

429 396 629 452 matris
661 395 941 462 Ecclesiae,
1000 399 1057 450 et
1101 394 1490 466 cujuscunque
1543 394 1751 466 melius
1799 393 2114 466 sentientis.
2156 399 2202 451 Α
2235 415 2262 443 ‹‹
2296 393 2449 447 aliud
2481 409 2648 466 nemo
2676 396 2864 466 potest
2887 401 3101 466 ponere
3127 395 3340 461 praeter
3379 391 3434 466 id
3485 391 3930 466 quodpositum

432 472 574 523 Cum
628 474 821 521 autem
876 467 1129 538 aliquam
1177 465 1543 538 'additionem
1577 465 2124 538 hujusmodilegere

433 541 699 605 volueris,
747 535 993 608 oportet'
1020 545 1082 591 ut
1124 539 1282 606 prius
1335 537 1519 590 videas
1549 537 1893 608 sententiam
1927 535 2126 608 Postil-

433 611 502 663 lae
530 611 586 662 in
621 607 820 662 eodem
863 625 1033 678 passu
1067 610 1136 661 ad
1171 612 1405 677 plenum
1433 624 1446 659 :
1473 623 1602 659 nam
1627 607 1896 678 qumlibet
1912 607 2125 678 additio

438 680 776 733 sententiam
813 677 1181 751 postillatoris
1215 679 1414 751 eodem
1446 679 1568 730 loco
1616 677 1887 751 supponit
1919 677 2126 751 praeiu-

436 747 834 820 telligendam:
879 751 991 804 Nec
1032 751 1232 818 ignoro
1262 748 1411 818 quod
1448 763 1563 820 non
1581 747 1865 820 omnibus.
1893 748 2128 820 scilicet,

439 823 538 891 qui
572 817 786 874 'forsan
836 821 1099 889 legerint,
1153 821 1256 871 hoc
1292 817 1560 891 placebit
1616 819 1996 891 opusculum,_
2030 817 2128 869 sed

437 888 701 954 formido,
757 896 818 943 ut
861 888 1021 959 juxta
1061 890 1410 942 Bernardum
1463 890 1685 958 loquar,
1734 903 1825 941 me
1871 889 1943 941 ob
1984 888 2131 959 hanc

439 979 559 1015 rem
587 958 897 1014 multorum
929 962 1048 1012 fore
1079 959 1461 1027 indignationi
1511 959 1842 1022 obnoxium,
1892 964 1948 1011 et
1979 958 2127 1028 quod

439 1033 749 1102 aliquando
775 1032 1121 1099 superlluus,
1152 1030 1463 1100 aliquando
1505 1029 1808 1102 judicabor
1846 1045 2127 1102 praesum-

439 1100 588 1173 ptor.
620 1102 728 1155 Sed
760 1106 893 1169 quia
920 1116 1034 1154 non
1068 1107 1127 1153 ut
1155 1117 1335 1173 novus
1383 1100 1678 1173 expositor
1721 1116 1892 1152 ausus
1923 1100 2130 1173 fuerim

440 1169 957 1240 niitterekmanum,
995 1187 1095 1224 nec
1128 1171 1444 1240 quidquam
1478 1175 1608 1238 post
1657 1171 1847 1223 Patres
1877 1170 2031 1240 quod
2060 1169 2132 1222 sit

439 1251 636 1296 contra
675 1233 910 1304 *Patres,
946 1233 1226 1310 iquinir'no
1284 1233 1384 1310 pro
1448 1233 1725 1303 P'atribus,
1769 1245 1834 1294 ut
1863 1233 2127 1304 arbitror,

442 1313 660 1384 scripsi,
691 1312 788 1384 sed
838 1312 1032 1382 potius
1070 1311 1362 1384 modicum
1397 1310 1503 1362 hoc
1529 1310 1681 1384 quod
1712 1310 1930 1384 videbis
1959 1311 2130 1384 plano

441 1380 610 1437 modo
666 1380 894 1446 tradidi,
948 1382 1364 1451 profundorum
1429 1381 1698 1450 mysteria
1767 1380 2133 1449 peritioribus

443 1455 843 1522 relinquendo,
895 1458 1095 1518 cessat,
1141 1459 1205 1505 ut
1227 1453 1468 1514 testimo,
1515 1451 1979 1520 praesumptionis
2010 1467 2131 1503 rea-

443 1532 552 1578 tus.
609 1523 1028 1592 Supertluitatis
1086 1523 1256 1575 etiam
1318 1524 1517 1574 vitium
1571 1522 1860 1574 incurrere
1893 1538 1983 1575 me
2015 1537 2132 1574 non

445 1596 634 1661 credo,
683 1610 814 1647 cum
865 1610 978 1646 uon
1030 1598 1148 1646 tam
1197 1594 1568 1646 intendissem
1603 1608 1821 1644 sacram
1849 1608 2133 1661 exponere

447 1667 710 1726 litteram,
749 1664 899 1734 quod
926 1665 1044 1733 jam
1079 1665 1243 1716 multi
1279 1666 1562 1732 majorum
1611 1669 1938 1716 nostrorum
1991 1665 2133 1716 fece-

449 1733 792 1805 runt,quam
827 1735 895 1788 de
924 1736 1125 1787 eadem
1155 1735 1438 1802 loquendo
1478 1749 1701 1805 sumere
1743 1733 2129 1786 occasionem:

449 1811 570 1858 tum
622 1804 684 1857 ut
739 1806 1085 1858 senescentis
1144 1806 1322 1857 aetatis
1370 1820 1509 1857 mea:
1539 1804 1898 1857 devotionem
1929 1805 2134 1856 excita-

449 1892 568 1928 rem
594 1892 608 1940 ;
642 1882 762 1928 tum
791 1882 850 1928 ut
879 1881 934 1927 te
962 1876 1028 1928 ad
1075 1875 1263 1928 studia
1300 1882 1494 1928 nostra
1547 1874 1830 1927 monendo
1863 1875 1921 1927 in
1943 1876 2134 1942 aliquo

449 1947 776 2014 adjuvarem
802 1963 815 2011 ;
850 1951 971 1999 tum
1001 1946 1172 1999 etiam
1203 1946 1338 2015 quia
1385 1951 1573 1998 tecum
1606 1946 1762 2015 loqui
1793 1945 2133 2008 delectabar,

450 2019 592 2070 hanc
623 2018 920 2070 materiam
955 2016 1120 2068 latius
1166 2017 1480 2085 utilemque
1511 2016 1661 2068 inter
1693 2015 2136 2085 colloquendum

448 2088 748 2140 honestam
776 2087 1090 2156 utilemque
1113 2088 1326 2155 putavi.
1357 2088 1413 2140 Si
1444 2087 1580 2156 quid
1608 2091 1798 2138 tamen
1832 2086 2135 2156 superﬂui-

449 2158 577 2210 tatis
619 2155 1176 2226 praesumptionisve,
1223 2158 1327 2210 etsi
1385 2155 1488 2225 ego
1543 2172 1654 2208 non
1679 2155 1884 2221 sentio,
1923 2161 1988 2210 tu
2016 2156 2137 2209 for-

449 2245 550 2280 san
581 2229 856 2299 repereris
891 2244 903 2281 :
937 2230 1121 2280 solent
1151 2230 1303 2281 enim
1359 2242 1774 2296 nonnunquam
1811 2229 2003 2299 aliqua
2049 2227 2136 2278 vi-

449 2300 547 2362 tia,
584 2298 903 2368 praesertim
934 2299 1272 2367 spiritualia,
1306 2316 1337 2351 a
1388 2299 1504 2350 suis
1533 2298 1953 2366 possessoribus
1978 2298 2138 2365 igno-

448 2367 747 2439 rari,’quae
779 2369 1000 2422 inlinita
1033 2370 1335 2422 clementia
1381 2369 1637 2422 Salvator
1678 2368 1950 2439 dignetur
1971 2367 2137 2437 igno-

449 2438 718 2504 scere,’tu
775 2456 909 2492 vero
941 2441 1123 2493 tolera
1164 2440 1461 2507 patienter,
1513 2439 1699 2491 zelum
1742 2438 1933 2508 potius
1963 2454 2136 2508 quam

450 2510 709 2564 eﬂ'ectum
729 2511 1110 2563 considerans.

522 2581 682 2634 Nunc
711 2585 898 2633 autem
933 2582 1001 2633 ad
1035 2578 1407 2650 quaestionem
1439 2579 1791 2651 propositam
1818 2579 2134 2646 veniamus,

447 2652 843 2721 respondendo
866 2651 933 2704 ad
961 2656 1320 2720 argumenta.

520 2719 604 2775 Ad
670 2721 944 2791 primum,
995 2719 1314 2786 dicendum,
1373 2719 1525 2790 quod
1581 2721 1885 2790 Apostolus
1943 2721 2129 2774 dicit:

450 2811 477 2841 «
513 2793 721 2846 Littera
776 2793 999 2856 occidit,
1057 2791 1288 2862 spiritus
1334 2798 1526 2844 autem
1578 2791 1821 2845 viviﬁcat
1880 2792 1944 2858 (Il
2004 2793 2130 2846 Cor.

449 2884 470 2910 ι
509 2866 608 2930 ιιι),
641 2882 666 2912 ι)
704 2880 818 2916 non
849 2863 1096 2916 intendit
1127 2863 1478 2932 distinguere
1510 2863 1657 2914 inter
1673 2878 1901 2915 sensum
1926 2863 2134 2915 littera-

447 2933 558 2986 lem
592 2939 649 2986 et
680 2934 1058 3002 spiritualem,
1085 2934 1153 2986 de
1198 2934 1404 3002 quibus
1435 2933 1524 2985 hic
1568 2933 1792 3002 agitur:
1837 2933 1936 2986 sed
1981 2933 2130 2986 inter

445 3005 631 3073 legem
683 3011 950 3071 veterem,
994 3020 1122 3073 quze
1162 3004 1348 3056 fuerat
1395 3003 1526 3056 data
1569 3003 1627 3056 in
1660 3004 1858 3057 litteris
1884 3004 2124 3073 scriptis,

444 3075 674 3132 scilicet.
722 3075 782 3126 in
831 3075 1038 3127 tabulis
1075 3074 1352 3143 decalogi,
1405 3079 1460 3126 ct
1490 3073 1546 3126 in
1583 3074 1738 3126 libris
1763 3075 2016 3128 Mosaicze
2051 3077 2127 3127 le-

441 3144 526 3212 gis
558 3164 572 3208 ;
607 3150 662 3196 et
691 3143 839 3196 inter
868 3145 1054 3213 legem
1085 3160 1310 3208 novam,
1335 3160 1464 3213 quae
1515 3143 1627 3214 fuit
1667 3144 1798 3197 data
1838 3145 1896 3197 in
1922 3145 2128 3214 spiritu

442 3215 655 3267 scilicet
680 3214 736 3266 in
787 3215 1071 3277 cordibus,
1123 3221 1292 3283 prout
1335 3215 1444 3267 fuit
1474 3213 1874 3283 prophetatum
1917 3213 2124 3268 Jerem.

440 3300 598 3348 xxxi;
640 3285 785 3336 unde
815 3286 900 3337 lex
934 3291 1089 3336 vetus
1119 3285 1328 3337 dicitur
1361 3286 1439 3336 lex
1496 3284 1716 3348 ἧπαρ,
1761 3292 1816 3338 et
1845 3287 1929 3338 lex
1964 3303 2126 3348 nova,

441 3356 527 3408 lex
574 3354 826 3424 spiritus.
884 3356 946 3407 Et
999 3354 1134 3424 quia
1172 3356 1596 3407 Testamentum
1644 3356 1814 3408 Vetus
1847 3356 2127 3424 cognitio-

440 3441 569 3478 nem
600 3426 814 3494 peccati
849 3425 1037 3489 daliat,
1075 3442 1140 3478 ex
1166 3442 1279 3494 qua
1326 3426 1642 3494 augebatur
1671 3427 2128 3496 concupiscentia

439 3497 868 3549 occasionaliter
916 3512 984 3549 ex
1025 3497 1240 3549 malitia
1278 3497 1548 3560 humana,
1580 3513 1708 3565 quae
1738 3513 1962 3566 semper
1994 3497 2124 3550 niti-

439 3572 532 3619 tur
564 3566 622 3618 in
655 3567 892 3618 vetitum
919 3584 934 3633 ;
965 3583 1075 3619 non
1099 3573 1290 3620 autem
1322 3567 1492 3619 dabat
1512 3566 1779 3634 gratiam,
1811 3583 1923 3636 qua
1954 3569 2124 3621 homo

434 3637 802 3704 adjuvaretur
843 3637 913 3690 ad
965 3637 1255 3706 implenda
1295 3637 1487 3690 divina
1532 3646 1858 3706 prmcepta:
1911 3639 2122 3692 idcirco

434 3708 616 3779 dicit;
664 3727 690 3757 «
739 3707 950 3760 Littera
984 3707 1211 3770 occidit,
1261 3727 1287 3779 ξ)
1337 3707 1570 3769 scilicet,
1619 3710 1704 3760 lex
1736 3707 1960 3773 litterae,
1993 3725 2121 3779 qua:

433 3778 874 3830 occasionaliter
905 3795 968 3831 oc
991 3779 1114 3842 idit,
1150 3777 1322 3831 modo
1355 3779 1660 3847 praedicto;
1717 3779 1813 3831 sed
1847 3780 1930 3832 lex
1956 3777 2118 3848 nova,

434 3864 563 3918 qua:
598 3849 684 3901 lex
745 3847 979 3919 spirituc
1014 3849 1242 3913 dicitur,
1300 3849 1566 3913 viviticat,
1593 3918 1596 3919 ν
1624 3849 1684 3900 iu
1728 3857 2007 3918 quantum
2038 3847 2120 3904 est

436 3920 518 3972 lex
551 3918 789 3989 gratia);
809 3937 950 3991 quas
975 3937 1103 3973 omo
1133 3919 1434 3989 adjuvatur
1472 3919 1540 3973 ad
1587 3918 1876 3990 implenda
1929 3921 2119 3974 divina

432 3997 735 4060 praecepta.

502 4061 584 4114 Ad
622 4059 962 4126 Secundum,
1004 4060 1306 4114 dicendum
1357 4059 1511 4130 quod
1563 4076 1665 4130 per
1707 4077 1935 4114 sensum
1966 4061 2117 4115 litte-

428 4131 603 4184 ralem
639 4148 751 4184 non
786 4133 966 4183 solum
1027 4132 1269 4184 habetur
1325 4131 1561 4184 historia
1613 4136 1854 4195 tantum,
1907 4133 2117 4186 scilicet

427 4215 621 4255 rerum
683 4209 1010 4270 gestarum';
1073 4202 1171 4255 sed
1226 4202 1396 4254 etiam
1438 4218 1566 4271 qua:
1617 4208 1748 4254 sunt
1778 4209 2016 4271 agenda,
2052 4210 2116 4257 ut

2236 485 2263 516 ι(
2299 471 2401 529 est,
2446 464 2598 534 quod
2644 470 2730 516 est
2771 465 3026 516 Christus
3076 463 3268 534 Iesus.
3310 483 3337 509 ››
3389 462 3550 526 Quod
3607 462 3816 516 dicitur
3843 478 3942 534 se-

2234 532 2487 589 cundum
2534 534 3009 597 similitudinem;
3054 549 3187 586 nam
3227 532 3374 586 sicut
3401 534 3841 586 fundamentum
3872 533 3941 586 in

2235 605 2626 676 corporalibus
2675 605 2915 676 sustinet
2962 603 3290 676 aediﬁcium,
3337 608 3394 676 et
3437 604 3726 676 estprius
3755 619 3843 676 eo,
3880 608 3946 676 et

2234 673 2357 746 ipso
2415 676 2711 730 deﬁciente
2773 674 3078 746 aedilicium
3135 673 3321 746 tendit
3365 675 3423 726 in
3456 674 3684 727 ruinam
3717 690 3730 726 :
3768 675 3849 726 sic
3874 675 3943 727 in

2236 744 2475 800 aediﬁcio
2532 746 2816 816 spirituali
2874 745 3126 798 Christus
3166 744 3421 816 sustinet
3471 750 3656 797 totum
3725 760 3945 813 corpus

2240 818 2517 881 Ecclesim,
2572 823 2628 869 et
2675 821 2758 869 est
2818 816 2972 885 prior
3030 832 3094 867 eo
3146 815 3424 883 dignitate
3485 821 3540 868 et
3581 816 3941 879 causalitate,

2237 888 2360 941 sine
2407 903 2520 958 quo
2560 885 3799 958 aediﬁcium_ecclesiasticumgevacuaretur.
3847 886 3944 958 Si-

2237 956 2450 1011 militer
2497 974 2598 1010 suo
2648 957 2817 1009 modo
2867 956 3176 1009 dicendum
3229 961 3313 1009 est
3361 956 3430 1009 de
3475 971 3644 1009 sensu
3673 956 3942 1021 litterali,

2238 1029 2470 1094 scilicet,
2533 1027 2683 1098 quod
2737 1032 2821 1080 est
2872 1027 3332 1091 fundamentum,
3383 1026 3621 1098 scilicet,
3673 1033 3947 1096 respectu

2237 1100 2480 1152 aliorum
2505 1097 2773 1151 sensuum
2790 1100 3100 1150 secundum
3120 1099 3428 1166 quamdam
3453 1097 3901 1150 similitudinem
3931 1117 3948 1162 ;

2240 1185 2370 1223 nam
2419 1170 2563 1222 sicut
2611 1169 2671 1221 in
2719 1167 2960 1221 aediﬁcio
2991 1168 3274 1236 corporali
3303 1167 3675 1221 fundamento
3711 1167 3946 1220 sublato

2238 1240 2540 1294 aediﬁcium
2593 1239 2778 1292 tendit
2821 1238 2882 1291 in
2933 1237 3196 1291 ruinam:
3246 1237 3326 1291 sic
3355 1241 3508 1291 totus
3535 1254 3736 1291 sensus
3771 1238 3948 1307 spiri-

2238 1313 2407 1364 tualis
2437 1325 2611 1362 sacra:
2636 1309 2943 1378 Scripturaa
2973 1314 3165 1361 rueret
3210 1324 3376 1378 sensu
3424 1309 3655 1362 litterali
3685 1308 3951 1362 totaliter

2239 1382 2482 1446 sublato,
2523 1396 2652 1433 cum
2698 1377 2897 1432 sensus
2947 1377 3259 1449 spiritualis
3303 1379 3373 1432 de
3414 1379 3504 1432 bis
3533 1394 3662 1448 quae
3689 1379 3759 1432 ad
3785 1380 3944 1433 salu-

2240 1457 2354 1505 tem
2389 1452 2698 1521 pertinent,
2730 1449 2959 1503 fundari
3005 1449 3212 1503 habeat
3255 1449 3314 1502 in
3366 1465 3533 1503 sensu
3571 1449 3824 1515 litterali,
3876 1457 3950 1505 ut

2242 1523 2456 1576 dictum
2489 1527 2588 1574 est.

2312 1594 2396 1647 Ad
2447 1597 2738 1662 quartum,
2795 1589 3100 1662 dicendum
3154 1589 3306 1660 quod
3364 1590 3422 1642 in
3464 1605 3622 1662 sacra
3647 1589 3948 1662 Scriptura

2175 1683 2214 1737 Β
2245 1665 2424 1717 multa
2457 1661 3148 1737 traduntur__parabolice
3196 1677 3295 1713 seu
3354 1661 3949 1737 m_etapll_ori_ce,'scili-

2245 1739 2354 1795 cet,
2385 1734 2489 1786 sub
2519 1732 2890 1785 similitudine
2919 1747 3110 1784 rerum
3141 1732 3542 1801 corporalium,
3576 1731 3643 1784 Et
3665 1733 3770 1785 hoc
3803 1749 3944 1803 pro-

2246 1812 2374 1874 pter
2404 1805 2535 1857 duo.
2570 1804 2760 1856 Primo
2799 1808 3036 1871 propter
3055 1803 3482 1874 necessitatem,
3505 1812 3508 1814 '
3529 1805 3779 1874 secundo
3803 1820 3944 1874 pro-

2246 1872 2375 1944 pter
2420 1874 2746 1927 utilitatem.
2787 1875 2930 1936 Quia
2972 1873 3126 1925 enim
3163 1872 3425 1925 debilitas
3453 1872 3947 1942 cognitionis'no-

2247 1953 2396 2011 strue,
2431 1960 2558 2014 quae
2601 1961 2632 1997 a
2681 1959 2848 1997 sensu
2904 1946 3076 1996 habet
3105 1945 3356 2007 initium,
3395 1944 3584 1996 divina
3615 1945 3948 2014 intelligere

2247 2032 2361 2069 non
2400 2020 2605 2084 potest,
2635 2014 2744 2068 nisi
2773 2014 3046 2067 varietate
3092 2029 3381 2084 sacrorum
3428 2014 3776 2068 velaminum
3826 2033 3945 2069 cir-

2246 2083 2582 2150 cumv’elata,
2641 2085 2954 2138 secundum
3015 2083 3349 2152 Dionysium
3404 2084 3522 2137 ini
3584 2084 3654 2138 de
3719 2087 3944 2139 caelesti

2249 2157 2596 2220 Hierarchia,
2629 2156 2836 2209 idcirco
2870 2169 3100 2209 necesse
3147 2160 3233 2208 est
3280 2155 3436 2225 quod
3481 2154 3585 2208 sub
3617 2155 3828 2209 talibus
3860 2158 3944 2210 si-

2247 2226 2668 2280 militudinibus
2698 2227 2889 2279 divina
2920 2225 3083 2278 nobis
3131 2225 3446 2278 tradantur.
3497 2226 3560 2278 ln
3603 2241 3718 2295 quo
3757 2226 3945 2282 etiam

2247 2303 2332 2351 est
2363 2297 2626 2368 quaedam
2659 2297 2890 2368 utilitas,
2935 2296 3166 2358 scilicet,
3216 2302 3280 2368 ut
3329 2295 3565 2368 rudibus
3604 2298 3703 2366 qui
3745 2298 3818 2352 ad
3847 2314 3947 2352 ca-

2247 2365 2457 2438 pienda
2487 2365 2866 2437 intelligibilia
2894 2383 3006 2438 non
3051 2370 3184 2419 sunt
3216 2366 3441 2438 idonei,
3491 2365 3689 2420 saltem
3719 2368 3825 2421 sub
3857 2369 3943 2422 si-

2249 2436 2664 2492 militudinibus
2683 2436 3085 2506 corporalibus
3141 2436 3464 2506 spiritualia
3509 2445 3940 2507 proponantur.

2250 2509 2404 2563 Unde
2435 2509 2690 2562 Salvator
2711 2509 2904 2562 Matth.
2937 2524 3055 2570 xui,
3088 2514 3393 2576 postquam
3425 2510 3724 2577 proposuit
3775 2510 3946 2563 simi-

2247 2580 2547 2633 litudinem
2577 2581 2796 2633 dicens:
2832 2601 2858 2625 ‹‹
2893 2579 3035 2631 Exiit
3055 2577 3153 2647 qui
3198 2579 3458 2642 seminat,
3513 2599 3534 2626 ιι
3567 2586 3696 2642 etc.,
3737 2586 3946 2649 postea

2246 2651 2538 2720 discipulis
2571 2651 2693 2703 ait:
2734 2672 2755 2697 ι
2814 2648 2980 2702 Vobis
3019 2649 3214 2720 datum
3264 2654 3350 2720 est
3375 2665 3557 2720 inosse
3598 2648 3942 2720 mysterium

2248 2667 2538 2720 OISClpllllS
2571 2667 2693 2703 ait:
2734 2672 2755 2697 ι
2821 2667 2980 2702 voms
3019 2667 3214 2701 uatum
3264 2667 3350 2702 est
3393 2667 3557 2702 nosse
3598 2667 3651 2702 m
3697 2667 3942 2704 sterium

2248 2739 2276 2770 α
2309 2721 2492 2790 regni,
2523 2740 2549 2770 η
2582 2719 2797 2773 caeteris
2829 2725 3019 2772 autem
3049 2719 3109 2772 in
3157 2718 3461 2788 parabolis,
3513 2724 3617 2773 etc.
3655 2667 3812 2774 Unde
3844 2738 3942 2775 se-

2244 2793 2493 2845 cundum
2533 2791 2806 2844 Thomam
2833 2790 2894 2842 in
2925 2790 3106 2859 prima
3148 2796 3332 2855 parte,
3382 2800 3584 2859 quiest.
3622 2794 3669 2851 l,
3703 2791 3940 2847 articul.

2245 2863 2455 2926 ultim.,
2486 2862 2545 2915 in
2595 2861 2961 2930 responsione
3010 2859 3077 2912 ad
3114 2861 3342 2914 tertium
3389 2866 3833 2930 argumentum:
3872 2865 3940 2917 lu

2244 2933 2451 2986 talibus
2506 2931 2846 3000 parabolicis
2876 2930 3280 2994 locutionibus,
3351 2947 3450 2984 seu
3492 2934 3931 3002 inetaphoricis,

2237 3019 2434 3056 sensus
2491 3004 2847 3072 parabolicus
2905 3002 3008 3054 sub
3068 3002 3298 3054 litterali
3355 3018 3524 3055 sensu
3581 3003 3939 3059 continetur.

2238 3074 2410 3143 Cujus
2433 3074 2574 3126 ratio
2605 3078 2726 3126 est:
2786 3087 2916 3125 nam
2963 3087 3075 3143 per
3119 3088 3280 3125 voces
3328 3072 3684 3140 signiﬁcatur
3707 3075 3938 3143 aliquid

2236 3142 2487 3213 proprie,
2521 3151 2576 3196 et
2605 3143 2818 3213 aliquid
2852 3142 3151 3212 ﬁgurative
3179 3160 3194 3204 ;
3232 3159 3332 3196 nec
3361 3144 3420 3196 in
3450 3144 3660 3196 talibus
3683 3151 3765 3197 est
3798 3142 3938 3199 sen-

2235 3231 2329 3267 sus
2362 3215 2621 3267 litteralis
2666 3214 2790 3283 ipsa
2833 3214 3043 3286 ﬁgura,
3085 3213 3180 3286 sed
3227 3214 3369 3268 illud
3413 3215 3565 3286 quod
3601 3220 3686 3267 est
3717 3215 3937 3286 ﬁgura-

2236 3290 2382 3339 tum.
2451 3286 2574 3338 Non
2635 3300 2771 3354 ergo
2830 3300 2959 3336 cum
3017 3283 3308 3353 Scriptura
3360 3283 3621 3337 nominat
3671 3283 3937 3340 Dei'bra-

2233 3355 2449 3418 chium,
2499 3360 2585 3409 est
2625 3353 2883 3408 litteralis
2931 3370 3148 3416 sensus,
3199 3354 3363 3424 quasi
3417 3355 3474 3406 in
3503 3357 3614 3408 Deo
3645 3357 3719 3408 sit
3743 3372 3931 3411 mem-

2232 3425 2398 3478 brum
2433 3426 2757 3494 hujusmodi
2787 3426 3081 3495 corporale
3107 3442 3118 3478 :
3150 3426 3250 3496 sed
3275 3425 3410 3479 illud
3433 3425 3588 3495 quod
3617 3443 3717 3496 per
3741 3443 3931 3481 mem-

2235 3497 2399 3550 brum
2434 3496 2809 3566 signiﬁcatur,
2844 3497 3076 3561 scnlicet,
3109 3495 3284 3549 virtus
3328 3495 3635 3564 operativa.
3677 3499 3737 3550 Et
3767 3498 3932 3552 idem

2231 3567 2532 3620 dicendum
2565 3572 2650 3620 est
2677 3583 2808 3620 cum
2839 3567 3066 3629 dicitur,
3098 3567 3274 3620 Deum
3325 3567 3684 3630 descendere,
3719 3574 3776 3622 et
3805 3568 3932 3622 hu—

2228 3637 2518 3706 jusmodi:
2580 3637 2810 3702 scilicet,
2865 3638 3019 3706 quod
3078 3653 3194 3690 non
3248 3642 3332 3692 est
3398 3653 3599 3690 sensus
3640 3638 3928 3705 litteralis,

2231 3711 2380 3778 quod
2411 3710 2558 3762 Deus
2586 3715 2880 3762 moveatur
2906 3708 3096 3777 aliquo
3131 3708 3320 3774 modo,
3372 3707 3469 3761 sed
3513 3711 3665 3778 quod
3697 3711 3767 3762 ad
3798 3726 3928 3764 mo-

2229 3779 2363 3832 dum
2399 3779 2791 3832 descendentis
2822 3788 3110 3847 operetur,
3164 3779 3586 3848 pnovidentiam
3636 3796 3796 3832 suam
3830 3798 3926 3833 re-

2228 3848 2334 3900 bus
2358 3849 2725 3902 inferioribus
2752 3848 3113 3918 applicando,
3145 3856 3200 3902 et
3229 3849 3307 3901 sic
3358 3854 3518 3918 patet
3547 3850 3695 3919 quod
3723 3854 3926 3906 sensui

2229 3919 2458 3972 litterali
2516 3935 2686 3973 sacras
2742 3920 3048 3989 Scripturae
3111 3936 3174 3973 ex
3237 3919 3444 3973 talibus
3534 3920 3926 3977 locutionibus

2227 4005 2524 4060 nunquam
2556 3995 2740 4060 potest
2764 3992 2995 4043 subesse
3028 3990 3254 4043 falsum.

2295 4063 2379 4114 Ad
2409 4062 2694 4131 quintum,
2724 4061 3018 4114 sciendum
3048 4061 3200 4130 quod
3232 4060 3337 4113 etsi
3367 4060 3513 4113 liber
3553 4077 3724 4115 sacrae
3763 4061 3919 4117 Scri-

2223 4135 2406 4200 ptura:
2437 4132 2529 4199 (de
2587 4148 2700 4202 quo
2767 4132 3071 4185 Ezechielis
3119 4147 3155 4184 ιι
3201 4137 3256 4185 et
3298 4131 3536 4202 iApocal.
3583 4132 3923 4202 v)dicatur

2228 4220 2254 4250 α
2286 4203 2529 4271 scriptus
2558 4201 2695 4256 foris
2723 4223 2748 4249 ››
2782 4203 3001 4255 ratione
3031 4217 3228 4255 sensus
3275 4201 3532 4254 litteralis
3573 4201 3671 4272 qui
3703 4202 3924 4258 dicitur

425 4266 709 4344 patetex'
734 4271 1032 4344 pifmceptis
1081 4272 1416 4344 charitatis,
1454 4266 1515 4323 in
1551 4273 1759 4344 quibus
1799 4266 2110 4328 secundum
2145 4266 2186 4320 Ι)
2226 4287 2346 4344 esse
2377 4266 2685 4341 potentior,
2719 4287 2786 4326 eo
2820 4273 3104 4344 quodper
3133 4288 3294 4344 voces
3355 4266 3684 4327 immediate
3730 4273 3918 4344 signi-

426 4341 741 4394 doctrinam
775 4341 978 4395 Christi
1010 4345 1124 4394 tota
1155 4343 1240 4395 lex
1271 4342 1500 4411 pendet.
1535 4343 1809 4395 Similiter
1838 4360 1939 4412 per
1981 4361 2109 4398 sen-

422 4428 549 4466 sum
603 4413 901 4466 litteralem
959 4412 1244 4465 habentur
1295 4428 1422 4482 qua:
1466 4418 1593 4464 sunt
1623 4415 1923 4475 credenda,
1949 4421 2012 4467 ut
2039 4417 2108 4468 de

421 4483 640 4536 unitate
673 4483 769 4537 Dei
800 4482 960 4536 Deut.
987 4498 1077 4535 vi:
1117 4505 1136 4530 α
1173 4483 1341 4542 Audi.
1380 4483 1569 4547 Israel,
1610 4484 1753 4536 Deus
1800 4489 1931 4536 tuus
1964 4501 2109 4538 unus

424 4560 526 4618 est,
566 4576 584 4599 η
621 4555 686 4608 Et
715 4555 784 4608 de
816 4555 1088 4606 'l‘rinitate
1128 4569 1523 4622 personarum,
1572 4560 1633 4607 ut
1675 4553 1865 4608 Matth.
1900 4571 2103 4611 XXVIII:

420 4644 446 4674 ι(
487 4627 839 4695 Baptizantes
887 4641 982 4677 eos
1013 4626 1082 4695 in
1119 4625 1352 4677 nomine
1393 4625 1591 4686 Patris,
1626 4630 1682 4678 et
1712 4624 1858 4689 Filii,
1893 4632 1945 4678 et
1978 4626 2104 4694 Spi-

420 4715 446 4746 α
478 4693 621 4749 ritus
653 4695 852 4761 sancti,
887 4714 914 4746 ι)
956 4700 1012 4748 et
1042 4693 1120 4747 sic
1149 4695 1217 4749 de
1234 4695 1358 4748 aliis
1383 4695 1650 4749 adﬁdem
1669 4703 1724 4748 et
1745 4712 1902 4764 spem
1925 4693 2102 4766 perti-

417 4767 702 4821 nentibus.
770 4767 922 4821 Unde
981 4767 1290 4838 secundum
1351 4767 1666 4838 Thomam,
1707 4783 1892 4838 prima
1920 4774 2102 4838 parte,

415 4843 612 4904 (Illtl'ﬂt.
652 4841 697 4892 l.
729 4838 888 4892 artic.
930 4839 1052 4903 ult.,
1083 4837 1140 4888 in
1185 4836 1553 4906 responsione
1601 4837 1671 4890 ad
1725 4837 1972 4905 primum
2004 4836 2101 4892 ar;

411 4911 750 4975 gumentum
781 4909 923 4961 nihil
957 4910 1061 4960 sub
1093 4907 1377 4976 spirituali
1408 4924 1575 4959 sensu
1610 4909 1934 4960 continetur
1964 4910 2096 4963 lidei

414 4977 814 5048 necessarium,
864 4979 1017 5048 quod
1069 4977 1362 5048 Scriptura
1403 4993 1506 5045 per
1552 4979 1856 5031 litteralem
1889 4980 2096 5034 alicubi

414 5046 708 5100 manifeste
738 5065 850 5102 non
880 5046 1084 5102 tradat.
1119 5046 1206 5102 Ut'
1225 5055 1308 5102 est
1341 5050 1621 5102 sententia
1674 5049 1993 5116 Augustini,
2027 5053 2095 5104 de

409 5117 674 5190 Doctrina
704 5118 1039 5190 Christiana.
1079 5119 1206 5173 Haec
1252 5121 1364 5174 ille.
1410 5119 1567 5172 Unde
1610 5134 1675 5172 ex
1709 5120 1817 5172 hoc
1849 5122 2002 5190 quod
2035 5121 2095 5175 in

406 5188 745 5258 quibusdam
797 5188 931 5241 locis
984 5205 1156 5242 sacrae
1204 5191 1511 5258 Scriptura;
1579 5205 1776 5243 sensus
1832 5188 2094 5244 litteralis

404 5261 585 5313 solum
626 5265 780 5329 gesta
821 5260 1005 5321 docet,
1040 5276 1152 5312 non
1179 5263 1437 5331 sequitur
1456 5262 1790 5330 simpliciter
1817 5261 1970 5330 quod
1989 5279 2093 5330 per

402 5345 632 5402 sensum
658 5331 956 5402 litteralem
987 5346 1100 5402 non
1130 5331 1447 5384 habeantur
1476 5348 1542 5384 ea
1572 5348 1699 5402 quae
1726 5339 1858 5384 sunt
1886 5332 1955 5385 de
1987 5349 2088 5387 ne-

400 5401 659 5456 cessitate
691 5400 889 5454 salutis
913 5401 1222 5472 credenda,
1255 5403 1474 5471 agenda
1505 5408 1562 5455 et
1588 5400 1885 5472 speranda.

470 5473 544 5528 Ad
581 5472 834 5535 tertium,
869 5471 1173 5525 dicendum
1199 5474 1352 5541 quod
1384 5473 1819 5526 fundamentum
1847 5472 1905 5526 in
1927 5472 2087 5541 spiri-

395 5544 644 5598 tualibus
671 5559 820 5614 saepe
851 5542 1058 5596 dicitur
1077 5557 1196 5614 esse
1238 5542 1484 5614 nobilius
1515 5559 1614 5596 seu
1656 5544 1884 5613 dignius
1909 5559 2081 5614 quam

394 5612 1030 5670 mdiﬁciumehristus
1080 5612 1255 5677 enim,
1307 5612 1407 5683 qui
1471 5612 2081 5684 rcmteris’suppositis

394 5685 652 5741 Ecclesiae
727 5683 1252 5754 incomparabiliter
1325 5683 1551 5753 dignior
1606 5683 2081 5751 existitffunda-

389 5764 649 5814 mentum
694 5756 928 5822 dicitur;
982 5755 1174 5810 unch
1237 5755 1361 5810 Cor.
1400 5770 1458 5808 ιιι
1497 5771 1509 5808 :
1547 5774 1573 5804 α
1622 5755 2077 5812 Fundamentum

2221 4342 2449 4408 ﬁcatur;
2483 4351 2540 4397 et
2570 4344 2790 4397 dicatur
2837 4342 2858 4391 ἆ
2897 4343 3140 4412 scriptus
3171 4343 3324 4396 intus
3365 4363 3387 4390 ι
3417 4349 3649 4414 propter
3678 4342 3917 4402 sensum

2217 4415 2542 4484 mysticum.
2603 4429 2700 4467 seu
2768 4430 2998 4467 sensum
3051 4413 3429 4483 spiritualem,
3472 4413 3572 4484 qui
3611 4419 3696 4468 est
3726 4416 3917 4470 laten-

2214 4483 2362 4536 tior:
2399 4501 2512 4537 non
2559 4489 2747 4538 tamen
2797 4501 2862 4537 ex
2910 4485 3016 4538 hoc
3058 4485 3316 4554 sequitur
3345 4483 3499 4553 quod
3527 4500 3726 4538 sensus
3751 4485 3916 4540 litte-

2212 4554 2348 4606 ralis
2378 4555 2450 4608 sit
2489 4555 2726 4609 minoris
2772 4554 3066 4624 dignitatis
3114 4556 3528 4615 universaliter,
3585 4556 3684 4609 sed
3717 4557 3915 4613 solum

2212 4625 2650 4693 particuluriter,
2715 4626 2948 4690 scilicet,
3004 4626 3064 4678 in
3124 4625 3236 4678 illis
3290 4625 3443 4689 locis,
3497 4641 3596 4678 seu
3645 4627 3916 4696 passibus

2211 4710 2384 4749 sacrm
2414 4696 2742 4766 Scripturae,
2797 4699 2853 4750 in
2900 4695 3109 4765 quibus
3150 4701 3494 4766 concurrunt
3540 4697 3653 4750 duo
3681 4713 3910 4760 sensus,

2209 4781 2378 4831 unus,
2411 4765 2643 4831 scilicet,
2703 4767 3018 4837 spiritualis
3063 4765 3171 4837 qui
3212 4769 3281 4818 de
3301 4767 3490 4820 altiori
3522 4768 3762 4820 materia
3794 4773 3915 4823 tra-

2206 4841 2342 4918 ctat,
2392 4855 2492 4892 seu
2519 4835 2796 4918 ptiliori;
2849 4837 3090 4918 et-alius
3138 4835 3420 4918 litteralis,
3470 4837 3572 4918 qui
3602 4843 3805 4918 tractat
3833 4840 3913 4894 de

2208 4907 2380 4961 rebus
2409 4908 2606 4977 gestis,
2641 4925 2770 4978 quae
2802 4912 2934 4961 snnt
2965 4905 3202 4960 minoris
3238 4905 3558 4976 dignitatis,
3590 4914 3654 4962 ut
3683 4908 3907 4966 dictum

2203 4978 2311 5031 fuit
2337 4994 2529 5048 supra.
2565 4979 2669 5050 Sed
2693 4996 2759 5032 ex
2791 4979 2896 5031 hac
2939 4978 3390 5050 consideratione
3440 4979 3702 5044 habetur,
3745 4985 3911 5050 quod

2203 5047 2692 5103 sensus’litteralis
2716 5047 3050 5118 simpliciter
3089 5049 3380 5119 loquendo
3434 5050 3506 5103 sit
3553 5047 3800 5116 dignior,
3831 5069 3907 5105 eo

2201 5119 2355 5188 quod
2396 5121 2518 5191 ejus
2561 5119 2765 5191 notitia
2804 5136 2866 5191 Asc
2909 5119 3182 5173 extendat
3204 5136 3319 5173 non
3348 5121 3534 5191 solum
3566 5123 3635 5174 ad
3669 5122 3906 5191 sapien-

2200 5195 2302 5254 tes,
2336 5190 2435 5260 qui
2497 5190 2732 5260 mystica
2799 5189 3149 5260 intelligunt,
3215 5191 3312 5244 sed
3377 5190 3550 5244 etiam
3601 5191 3671 5245 ad
3704 5189 3906 5260 rudes,

2192 5260 2355 5332 juxta
2384 5261 2523 5314 illud
2543 5261 2702 5315 Rom.
2739 5278 2754 5314 ι
2788 5277 2800 5315 :
2839 5281 2866 5311 α
2900 5261 3265 5332 Sapientibus
3285 5265 3342 5313 et
3368 5260 3773 5331 insipientibus
3801 5265 3902 5317 de-

2198 5347 2228 5381 α
2261 5331 2588 5404 bitorsum.
2619 5353 2647 5381 »
2683 5333 2762 5386 Ex
2793 5332 3238 5404 quormanifeste
3271 5346 3478 5404 sensus
3533 5348 3704 5386 sacra:
3755 5333 3905 5388 Scri-

2197 5405 2379 5470 pturaa
2410 5402 2617 5474 dicitur
2646 5401 2888 5474 scriptus
2913 5403 3068 5456 intus
3101 5407 3156 5455 et
3177 5401 3332 5464 foris,
3357 5403 3529 5474 etiam
3580 5403 3903 5474 secundum

2193 5488 2426 5526 sensum
2458 5473 2769 5528 litteralem
2797 5479 3014 5528 tantum
3040 5489 3052 5526 :
3087 5487 3243 5536 nam,
3280 5478 3340 5527 ut
3363 5473 3667 5528 deductum
3697 5473 3804 5527 fuit
3835 5476 3902 5532 in

2192 5543 2364 5596 tertio
2408 5544 2666 5615 _articulo
2703 5545 2874 5612 hujus
2930 5543 3284 5615 quaestionis,
3337 5544 3406 5597 de
3437 5544 3525 5598 his
3555 5545 3896 5615 qua3_perti-

2192 5561 2364 5596 neruo
2427 5561 2666 5598 arucuio
2703 5561 2874 5612 nuJus
2974 5561 3284 5606 uaesuoms,
3337 5561 3406 5597 ae
3438 5561 3525 5598 uis
3555 5561 3684 5615 qua:
3711 5561 3896 5613 peru-

2191 5619 2326 5668 nent
2358 5613 2713 5737 adrsensum
2762 5561 3066 5671 litterdlem
3124 5614 3389 5686 quaedam
3436 5620 3570 5668 sunt
3601 5613 3901 5672 intimiora

2191 5700 2362 5737 uuam
2394 5701 2425 5737 a
2453 5701 2527 5737 ia.

2233 5700 2362 5739 unm
2394 5700 2527 5739 alia.

2191 5701 2619 5817 ᾳυὲἓὶεῗέῗῦω,
2649 5754 2952 5810 dicendum
2997 5755 3149 5828 quod
3199 5756 3344 5811 sicut
3387 5756 3640 5812 studium
3689 5755 3896 5815 huma-
