4086 6190
194 268 260 319 49
1701 266 2233 323 I’ROLEGOMENA.
3633 274 3699 325 5'0

187 405 400 444 narum
453 389 825 443 scientiarum
876 387 1077 458 incipit
1127 405 1159 443 a
1217 388 1512 460 principiis
1557 390 1892 443 naturaliter
1931 394 1975 448 A
2006 390 2230 457 cunila).
2284 391 2391 455 Qui
2430 390 2663 460 quidem
2710 389 2961 444 defectus
3010 390 3068 444 in
3113 407 3283 445 sensu
3331 399 3561 460 accepto
3595 412 3692 447 se-

184 461 339 514 notis
371 476 387 513 :
422 460 502 513 sic
529 461 789 514 studium
820 476 992 513 sacra
1039 460 1345 528 Scriptura
1386 466 1535 514 recte
1566 460 1890 514 ordinatum

185 533 395 601 incipit
428 533 499 584 ab
534 532 789 584 articulis
820 531 954 584 lidei
988 531 1260 584 divinitus
1299 532 1357 582 in
1405 547 1561 584 sacra
1603 532 1893 600 Scriptura

184 602 481 665 revelatis,
511 602 610 673 qui
638 603 953 655 fundantur
983 602 1041 673 in
1069 618 1237 654 sensu
1281 601 1521 673 litterali
1551 618 1723 673 sacra
1755 603 1891 656 Scri-

184 680 402 739 ptura.
442 672 756 742 Ex’quibus
811 672 1063 726 articulis
1124 688 1236 724 una
1271 688 1400 724 cum
1454 672 1579 725 aliis
1632 672 1689 725 in
1735 689 1892 726 sacra

180 744 485 812 Scriptura
514 744 759 805 traditis,
793 760 895 796 seu
924 758 1028 812 per
1051 758 1245 795 veram
1276 748 1332 794 et
1364 751 1573 795 rectam
1608 743 1886 797 rationem

179 815 460 881 inventis,
522 814 850 883 proceditur
910 814 980 866 ad
1048 813 1243 882 aliqua
1322 813 1651 881 probanda:
1748 815 1892 867 sicut

177 886 500 954 Apostolus
527 882 549 937 il
584 886 711 939 Cor.
741 901 812 936 xv
859 900 925 937 ex
974 882 1385 937 resurrectione
1444 883 1652 937 Christi
1702 886 1890 953 arguit

179 957 671 1009 resurrectionem
738 970 1140 1017 communem;
1206 960 1261 1007 et
1313 970 1415 1023 per
1462 954 1635 1007 istum
1668 971 1890 1023 proces-

177 1042 309 1079 sum
346 1026 657 1079 devenitur
687 1026 759 1078 ad
788 1027 980 1078 omnia
1008 1040 1136 1094 qua
1167 1024 1226 1076 in
1256 1040 1412 1077 sacra
1450 1025 1740 1094 theologia
1788 1043 1885 1079 ve-

178 1097 398 1149 raciter
430 1097 757 1161 traduntur,
794 1113 921 1165 qua
947 1096 1141 1149 omnia
1172 1096 1524 1147 reducuntur
1557 1096 1625 1148 ad
1660 1113 1884 1149 sensum

180 1168 502 1220 litteralem
534 1168 714 1236 ipsius
744 1183 917 1220 sacra
966 1165 1290 1235 Scriptura,
1340 1170 1405 1217 ut
1429 1167 1641 1219 dictum
1675 1172 1778 1219 est.
1814 1169 1887 1220 Ex

180 1255 295 1307 quo
325 1244 491 1305 patet
524 1239 678 1307 quod
728 1238 980 1289 studium
1028 1252 1201 1307 sacra
1239 1236 1545 1305 Scriptura
1585 1236 1785 1305 incipit
1818 1238 1886 1291 ab

178 1306 479 1361 intellectu
516 1306 716 1361 sensus
770 1308 1030 1361 litterulis
1091 1306 1269 1376 ipsius
1321 1307 1590 1375 primaria
1637 1314 1880 1376 sumpto,

176 1384 233 1432 et
262 1381 624 1432 terminatur
655 1379 713 1431 in
756 1378 845 1431 his
893 1394 1019 1447 qua
1065 1378 1125 1430 in
1170 1377 1369 1430 eadem
1403 1394 1559 1430 sacra
1600 1378 1887 1447 Scriptura

180 1450 502 1502 traduntur
563 1450 650 1501 vel
712 1449 1073 1502 deducuntur
1130 1464 1198 1500 ex
1229 1449 1311 1501 eis
1368 1448 1538 1501 modo
1590 1451 1882 1516 pradicto.

177 1523 404 1574 (latera
438 1527 635 1573 autem
670 1536 797 1588 qua
828 1519 895 1573 ad
926 1534 1152 1572 sensum
1185 1519 1543 1587 spiritualem
1577 1520 1882 1587 pertinent,

177 1591 415 1645 fundari
448 1592 666 1644 habent
696 1590 755 1643 in
789 1589 1087 1655 pradictis,
1148 1595 1213 1641 ut
1261 1589 1476 1641 dictum
1507 1595 1608 1641 est.
1647 1592 1715 1642 Ex
1766 1608 1887 1658 qm-

178 1662 285 1714 bus
317 1667 483 1730 patet
509 1660 845 1713 excellentia
874 1677 1072 1713 sensus
1101 1659 1376 1723 litteralis,
1425 1660 1484 1712 in
1527 1665 1803 1729 quantum
1826 1661 1883 1713 in
1918 1677 1956 1730 Β

177 1749 243 1785 eo
276 1732 673 1785 includuntur
703 1730 851 1785 circa
880 1731 1268 1799 cognitionem
1317 1730 1590 1793 divinam,
1642 1747 1770 1801 qua
1802 1738 1887 1785 est

177 1819 283 1871 per
344 1804 547 1867 ﬁdem,
608 1807 725 1855 tam
777 1802 873 1854 illa
903 1817 1119 1872 quase
1147 1801 1360 1872 habent
1389 1801 1447 1853 in
1478 1801 1604 1853 aliis
1635 1802 1885 1854 scientiis

176 1879 241 1926 ut
287 1874 642 1937 intellectus,
699 1871 1149 1941 scilicet'prima
1198 1871 1498 1939 principia,
1559 1888 1733 1941 quam
1793 1874 1888 1925 illa

176 1960 309 2014 qua
345 1960 407 1996 se
441 1944 657 1996 habent
682 1949 745 1996 ut
776 1943 1028 2008 scientia,
1076 1942 1307 2014 scilicet,
1359 1958 1489 2012 qua
1527 1942 1887 2014 deducuntur

175 2013 209 2067 a
245 2014 581 2084 principiis,
641 2030 814 2083 quam
871 2014 1043 2066 etiam
1092 2013 1193 2084 illa
1221 2028 1349 2081 qua
1380 2018 1510 2065 sunt
1542 2013 1611 2065 de
1647 2014 1885 2067 summis

174 2083 366 2137 causis
388 2083 608 2150 rerum,
646 2100 777 2153 qua
819 2085 1105 2153 pertinent
1132 2083 1202 2136 ad
1236 2084 1596 2152 sapientiam,
1630 2092 1691 2137 ut
1739 2085 1797 2137 in
1826 2102 1883 2137 ιιι

181 2156 362 2209 Ethic.
432 2156 582 2209 Illud
630 2162 821 2207 autem
874 2155 1023 2224 quod
1081 2153 1216 2207 dicit
1271 2155 1574 2223 Apostolus
1626 2156 1790 2209 Rom.
1828 2172 1881 2208 ιε

180 2247 205 2275 ει
238 2226 698 2306 invisibiliaDei
732 2244 761 2278 a
793 2232 1052 2305 creatura
1082 2224 1301 2290 mundi,
1330 2241 1434 2294 per
1480 2241 1547 2305 ea
1597 2229 1885 2306 qua‘sunt

179 2318 204 2345 ε
239 2297 397 2350 facta
430 2297 723 2349 intellecta
753 2296 1200 2364 conspiciuntur,
1244 2314 1268 2346 ι
1330 2296 1559 2365 proprie
1609 2296 1880 2365 intelligi-

175 2376 273 2421 tur
304 2368 377 2421 de
407 2367 501 2420 his
533 2384 663 2433 qua
692 2372 1110 2435 cognoscuntur
1136 2366 1206 2418 de
1263 2367 1375 2419 Deo
1436 2382 1535 2434 per
1572 2372 1881 2430 creaturas,

174 2446 236 2492 nt
262 2438 605 2508 philosophi
627 2443 1049 2506 cognoverunt;
1075 2437 1222 2490 unde
1244 2437 1458 2489 ibidem
1483 2437 1619 2491 dicit
1644 2454 1699 2491 τί(
1722 2438 1882 2501 Quod

181 2532 205 2557 α
243 2515 454 2562 notum
488 2514 574 2561 est
608 2510 726 2573 Dei,
763 2508 1126 2561 manifestum
1149 2513 1234 2561 est
1263 2508 1399 2569 illis,
1438 2529 1458 2553 ι
1490 2513 1595 2561 etc.

248 2580 337 2634 Ad
368 2580 706 2648 septimum,
768 2579 1071 2632 dicendum
1106 2578 1259 2648 quod
1303 2594 1368 2631 ex
1412 2578 1509 2631 illa
1545 2578 1882 2632 auctoritate

176 2651 449 2719 Gregorii
482 2666 599 2703 non
630 2655 716 2702 est
744 2650 1179 2719 intelligendum
1214 2649 1365 2719 quod
1403 2664 1601 2703 sensus
1630 2650 1884 2703 litteralis

170 2738 350 2774 sacra
384 2722 718 2789 Scriptura,
753 2720 982 2783 scilicet,
1008 2721 1105 2788 qui
1133 2720 1204 2773 ab
1255 2724 1482 2773 auctore
1542 2720 1880 2785 intenditur,

169 2792 407 2845 deﬁciat
464 2792 525 2843 in
612 2791 824 2859 aliquo,
896 2791 1019 2843 loco
1046 2791 1124 2843 sic
1156 2799 1219 2842 ut
1248 2790 1334 2842 vel
1362 2790 1569 2843 falsum
1608 2791 1882 2857 includat,

173 2864 256 2915 vel
288 2862 521 2931 aliquid
556 2861 782 2931 penitus
809 2861 1048 2914 inutile:
1083 2861 1335 2931 primum
1368 2863 1521 2913 enim
1554 2868 1697 2915 esset
1724 2862 1880 2913 intir-

170 2949 328 3012 mare
360 2937 542 3012 totam
575 2932 969 3012 auctoritatem
998 2948 1169 2985 sacra
1199 2931 1540 3012 Scriptura,
1591 2937 1652 3011 ut
1682 2936 1876 3012 augu-
1914 2960 1949 3012 ε

174 3005 360 3056 stinus
391 3002 573 3067 dicit;
608 3004 922 3056 secundum
954 3008 1151 3056 contra
1182 3003 1517 3070 Apostolum
1563 3002 1642 3054 sic
1682 3003 1875 3056 dicen-

174 3082 328 3127 tem:
368 3092 397 3123 α
433 3073 805 3142 Quacunque
839 3074 1044 3141 scripta
1094 3078 1241 3133 sunt,
1278 3073 1346 3125 ad
1396 3078 1645 3125 nostram
1676 3072 1879 3126 doctri-

179 3168 196 3191 ι
234 3161 372 3198 nam
410 3144 625 3213 scripta
665 3151 818 3196 sunt.
852 3166 879 3193 »
932 3144 1038 3197 Sed
1086 3144 1222 3214 quia
1260 3159 1457 3196 sensus
1502 3144 1757 3196 litteralis
1787 3160 1877 3196 ac-

175 3221 376 3285 ceptus
406 3231 441 3267 a
515 3214 954 3281 signiﬁcatione,
982 3284 989 3285 ί
1020 3231 1133 3284 qua
1198 3230 1362 3267 voces
1410 3214 1733 3283 signiﬁcant
1766 3230 1874 3279 res,

176 3284 527 3355 quandoque
560 3285 771 3349 deﬁcit,
806 3285 865 3338 in
896 3284 995 3337 tali
1025 3301 1152 3337 casu
1204 3284 1342 3338 dicit
1381 3285 1683 3353 Gregorius
1725 3286 1876 3352 quod

175 3356 543 3410 redeundum
572 3362 658 3409 est
686 3357 754 3409 ad
786 3356 1283 3424 signiﬁcationem,
1316 3372 1426 3424 qua
1454 3372 1541 3408 res
1584 3372 1686 3423 per
1717 3372 1880 3408 voces

182 3427 522 3488 signiﬁcata
544 3426 699 3480 aliud
749 3426 988 3479 ulterius
1041 3426 1383 3488 signiﬁcant,
1434 3425 1588 3494 quod
1636 3427 1881 3495 pertinet

176 3498 245 3553 ad
281 3498 580 3566 mysticam
606 3498 1035 3567 expositionem.
1084 3498 1149 3551 Et
1204 3496 1263 3549 in
1307 3496 1511 3549 talibus
1560 3512 1756 3549 sensus
1786 3498 1877 3550 lit-

180 3571 377 3623 teralis
411 3568 805 3637 principaliter
850 3568 1105 3621 intentus
1139 3567 1209 3620 ab
1256 3573 1485 3620 auctore
1534 3583 1643 3620 non
1672 3573 1751 3620 est
1786 3568 1879 3620 ille

183 3641 285 3710 qui
313 3655 417 3709 per
446 3639 1168 3710 signiﬁcationemgvocum
1211 3638 1487 3710 primario
1534 3638 1881 3707 intelligitur

182 3708 277 3763 sed
312 3708 517 3780 potius
537 3710 632 3763 ille
663 3709 763 3780 qui
792 3708 1032 3762 ulterius
1064 3724 1166 3779 per
1187 3708 1664 3777 signiﬁcationem
1686 3725 1877 3761 rerum

222 3797 286 3834 er
335 3796 505 3834 voces
553 3781 1002 3845 signiﬁcatarum
1044 3780 1304 3833 habetur.
1354 3780 1643 3849 Contingit
1689 3785 1878 3833 autem

222 3798 286 3834 er
335 3798 505 3834 voces
553 3798 1002 3845 signincatarum
1046 3798 1304 3833 nanetur.
1354 3798 1643 3849 bODUIlglI.
1689 3798 1878 3833 autem

184 3798 294 3906 ﬁoc
324 3852 385 3904 in
408 3867 564 3904 sacra
597 3851 889 3919 Scriptura
938 3849 1352 3919 multipliciter.
1410 3850 1602 3907 Primo
1632 3850 1691 3903 in
1725 3852 1878 3903 locu-

186 3922 439 3975 tionibus
468 3921 830 3991 parabolicis,
858 3927 921 3975 ut
950 3922 1161 3974 dictum
1193 3921 1301 3974 fuit
1328 3920 1386 3973 in
1411 3921 1777 3989 responsione
1810 3921 1880 3973 ad

186 3998 459 4064 quartum
480 3998 914 4064 argumentum.
954 3994 1116 4064 Item‘
1141 4008 1271 4064 cum
1292 3991 1608 4064 Scriptura
1638 3993 1880 4060 loquens

186 4062 253 4118 de
282 4079 402 4117 uno
427 4063 496 4116 ad
529 4064 792 4130 litteram,
820 4063 1026 4116 transit
1055 4062 1121 4116 ad
1153 4062 1308 4115 aliud
1335 4063 1496 4131 cujus
1543 4067 1629 4114 est
1671 4063 1877 4131 ﬁgura,

190 4139 249 4187 ut
280 4138 437 4214 patet
458 4134 517 4186 in
540 4134 726 4214 prima
759 4134 954 4214 regula
987 4133 1275 4214 et_u|tima
1303 4133 1474 4214 beati“
1507 4132 1720 4214 lsi'dori,
1742 4149 1881 4214 qua

186 4210 484 4276 ponuntur
538 4203 594 4258 in
648 4205 893 4258 secundo
950 4204 1407 4276 prologohujus
1437 4203 1703 4256 Postilla.
1742 4206 1878 4257 Item

188 4274 316 4329 cum
338 4276 537 4345 aliqua
562 4275 817 4340 historia,
837 4274 1149 4327 secundum
1171 4274 1649 4344 signiﬁcationem
1678 4289 1878 4327 vocum

185 4344 587 4400 tantummodo
621 4346 921 4406 intellecta,
956 4361 1072 4398 non
1113 4345 1329 4398 inducit
1387 4345 1636 4415 aliquam
1668 4344 1879 4397 instru-

189 4418 441 4471 ctionem
490 4416 549 4469 in
598 4416 730 4483 ﬁde,
780 4431 881 4469 seu
924 4415 982 4469 in
1035 4415 1292 4469 moribus
1330 4416 1658 4480 utilitatem,
1695 4432 1879 4485 neque

192 4492 366 4541 etiam
402 4486 618 4540 inducit
663 4486 733 4540 ad
777 4487 1028 4556 aliquam
1079 4488 1437 4540 honestatem
1484 4486 1544 4539 in
1592 4501 1881 4539 conversa-

191 4560 347 4611 tione
393 4559 665 4621 humana,
720 4557 818 4611 sed
852 4557 1047 4627 potius
1098 4557 1322 4610 videtur
1351 4556 1600 4626 aliquam
1633 4556 1879 4625 speciem

191 4630 327 4683 mali
359 4628 631 4682 inducere
658 4644 757 4681 seu
786 4628 1124 4698 approbare,
1180 4633 1236 4681 et
1267 4627 1395 4680 ideo
1428 4628 1485 4680 in
1514 4629 1614 4680 tali
1646 4628 1881 4698 historia

190 4699 575 4769 requirendus
605 4702 689 4769 est
726 4697 1042 4753 necessario
1091 4713 1287 4751 sensus
1336 4698 1647 4751 secundum
1692 4697 1883 4769 mysti-

188 4768 311 4824 cam
368 4768 843 4838 signilicationem
899 4769 1354 4823 accommodatus
1397 4775 1451 4822 et
1491 4769 1648 4822 utilis
1675 4769 1745 4822 ad
1785 4768 1883 4820 ali-

193 4839 335 4911 quid
366 4840 770 4910 pradictorum
800 4857 814 4905 ;
840 4839 1003 4909 juxta
1046 4840 1189 4893 illud
1233 4841 1336 4893 Isa.
1372 4856 1539 4893 xvm:
1575 4860 1595 4889 ι
1632 4841 1746 4908 Ego
1783 4840 1883 4911 Do-

196 4910 225 4959 ιί
252 4912 448 4964 minus
508 4911 719 4964 docens
763 4915 820 4963 te
867 4911 1030 4963 utilia
1069 4932 1088 4957 ι»
1145 4912 1210 4964 Et
1258 4912 1360 4963 hoc
1392 4910 1683 4962 insinuant
1712 4910 1882 4961 verba

191 4981 449 5049 Gregorii
490 4981 548 5033 in
596 4980 865 5050 pradicta
917 4981 1247 5035 auctoritate
1297 4997 1427 5034 cum
1470 4980 1635 5033 dicit:
1672 4998 1697 5031 τι
1742 4981 1879 5034 Cum

192 5072 216 5100 α
249 5053 391 5106 ordo
431 5051 689 5104 historia
737 5052 956 5116 deﬁcit;
988 5070 1013 5102 ν
1074 5051 1307 5105 historia
1358 5053 1511 5104 enim
1552 5066 1707 5103 sacra
1738 5051 1884 5103 ordi-

192 5129 365 5176 natur
392 5122 463 5176 ad
490 5126 741 5175 nostram
770 5122 1087 5175 doctrinam
1120 5137 1285 5174 :cum
1312 5128 1503 5175 autem
1560 5121 1618 5173 in
1668 5120 1772 5174 hoc
1804 5137 1883 5173 se-

190 5194 440 5247 cundum
468 5192 945 5262 signiﬁcationem
972 5208 1173 5246 vocum
1205 5192 1449 5256 deﬁciat,
1479 5196 1700 5244 constat
1729 5192 1882 5261 quod

190 5264 327 5318 ordo
356 5264 615 5317 historia
645 5263 855 5325 deﬁcit,
885 5270 941 5316 et
970 5264 1048 5316 sic
1079 5263 1199 5315 sine
1234 5263 1585 5317 dubitatione
1633 5263 1882 5315 redeun-

194 5336 325 5389 dum
359 5340 446 5387 est
474 5334 543 5387 ad
569 5334 923 5403 spiritualem
955 5350 1206 5400 sensum,
1242 5333 1411 5385 modo
1457 5332 1751 5402 pracdicto,
1784 5333 1883 5401 qui

193 5406 248 5460 in
294 5406 506 5459 talibus
561 5404 855 5458 habendus
914 5410 997 5458 est
1055 5421 1158 5474 pro
1217 5403 1463 5458 litterali.
1504 5405 1674 5471 Cujus
1700 5420 1885 5456 exem-

191 5477 344 5547 plum
375 5476 629 5547 habetur
648 5476 730 5547 AIll
765 5476 985 5543 Regum
1017 5492 1054 5542 1,
1087 5474 1146 5527 in
1178 5475 1418 5528 historia
1448 5475 1516 5529 de
1548 5475 1757 5547 Abisag
1787 5475 1881 5527 ad-

191 5545 347 5602 ducta
374 5546 451 5601 ad
484 5545 664 5600 David
693 5546 752 5598 in
782 5551 1070 5600 senectute
1115 5561 1237 5611 sua,
1286 5552 1460 5615 prout
1504 5545 1882 5614 Hieronymus

193 5620 396 5674 ibidem
434 5616 767 5671 notabiliter
796 5618 1027 5689 exponit
1058 5616 1217 5683 (Vide
1242 5616 1322 5670 ibi
1354 5616 1413 5670 in
1477 5617 1775 5671 Additione
1804 5632 1883 5668 sc-

2003 464 2259 515 cundum
2289 462 2765 531 signiﬁcationem
2799 477 2997 514 vocum
3038 467 3261 515 tantum
3292 478 3441 531 sape
3471 465 3690 517 contiu-

2002 533 2085 601 git
2120 534 2173 584 in
2206 549 2364 585 sacra
2385 532 2675 599 Scriptura
2708 532 2873 584 modo
2914 533 3227 602 pradicto;
3280 534 3431 586 unde
3481 536 3538 587 in
3564 537 3691 588 tali-

1998 603 2106 656 bus
2164 603 2301 656 locis
2359 604 2770 655 recurrendum
2826 610 2911 655 est
2960 602 3031 656 ad
3092 604 3489 658 auctoritatem
3542 606 3695 659 beati

1999 674 2253 742 Gregorii
2285 674 2688 742 supradictam.
2724 690 2851 742 qua
2886 674 3045 726 valde
3075 675 3416 727 attcudenda
3448 680 3550 728 est.

2000 780 2202 868 Copia
2242 778 2583 867 cujusdam
2615 778 2869 868 ίιξίιρνίε,
2931 801 3076 865 qua
3101 792 3329 845 contra
3385 778 3692 846 determi-

2082 866 2415 933 nationem
2475 866 2810 952 praedicta
2858 868 3235 953 quaestionis
3284 892 3325 931 α
3400 868 3690 955 quodam

2084 957 2399 1041 magistro
2440 956 2507 1019 in
2537 978 2728 1020 sacra
2758 956 3014 1042 pagina
3077 955 3154 1020 (le
3212 956 3440 1021 ordine
3470 958 3689 1022 Mino-

2082 1067 2259 1115 rum,
2303 1043 2557 1108 auctori
2586 1042 2997 1108 addilionum
3035 1044 3172 1130 fuit
3201 1045 3423 1109 missa.

2066 1170 2227 1221 Alme
2274 1168 2502 1237 prasul.
2556 1173 2619 1219 ut
2655 1169 2795 1220 alter
2842 1168 3070 1221 Simeon
3119 1184 3391 1232 annosus,
3436 1169 3688 1222 famosus

1996 1240 2180 1292 studio
2229 1240 2434 1291 divina
2485 1239 2643 1301 legis,
2679 1244 2834 1290 tuam
2869 1238 3161 1291 emeritam
3201 1244 3551 1292 senectutem
3579 1242 3683 1292 ob-

1999 1311 2173 1362 tulisti
2208 1310 2369 1379 quasi
2401 1309 2739 1361 sacriﬁcium
2772 1309 3195 1376 vespertinum:
3232 1310 3289 1361 in
3339 1326 3452 1379 qua
3495 1312 3682 1363 forsan

1998 1396 2333 1446 reSponsum
2386 1380 2651 1448 accepisti
2709 1396 2739 1429 a
2795 1379 3005 1448 Spiritu
3053 1388 3264 1436 sancto.
3319 1396 3437 1433 non
3497 1381 3685 1433 videre

1998 1458 2261 1513 mortem,
2294 1450 2405 1503 nisi
2436 1451 2593 1518 prius
2620 1449 3009 1502 additionibus
3039 1450 3391 1502 declarativis
3426 1451 3682 1503 declara-

1996 1524 2178 1575 tioues
2236 1521 2507 1573 litterales
2567 1521 2863 1590 utriusque
2936 1522 3280 1572 Testamenli
3348 1521 3681 1582 elucidares,

1996 1592 2157 1661 quasi
2187 1592 2396 1644 inesset
2425 1607 2569 1643 vena
2598 1592 2727 1643 vita
2758 1597 2812 1644 et
2838 1607 2895 1642 In
2925 1590 3139 1643 lumine
3178 1597 3275 1643 tuo
3298 1592 3491 1643 lumen
3534 1592 3682 1644 illius

1996 1660 2321 1725 Videretur;
2369 1661 2579 1714 idcirco
2637 1660 2741 1714 tibi
2798 1662 2920 1713 laus
2971 1668 3028 1713 et
3089 1661 3273 1714 honor
3328 1661 3389 1714 in
3446 1663 3684 1715 Ecclesia

1996 1739 2344 1795 sanctorum,
2380 1738 2441 1784 ut
2472 1732 2693 1784 cateris
2740 1747 2956 1784 sacram
2997 1732 3347 1798 Scripturam
3396 1733 3681 1784 elucidan-

1996 1805 2147 1857 tibus
2177 1809 2261 1856 est
2293 1818 2609 1855 concessus.
2652 1804 2712 1854 Et
2741 1803 3034 1871 quoniam,
3068 1804 3215 1855 alme
3266 1803 3494 1871 prasul,
3543 1818 3682 1872 apex

1996 1880 2050 1927 et
2078 1879 2289 1943 pastor,
2326 1874 2617 1942 speculum
2649 1879 2707 1925 et
2733 1874 2956 1935 agalma
2989 1873 3307 1937 luciforme,
3341 1873 3684 1941 proamiali-

1994 1951 2079 1998 ter
2110 1945 2455 1997 introductio
2503 1945 2584 1996 tui
2633 1944 2838 2011 operis,
2891 1943 3225 1995 Additiones
3275 1944 3577 2005 nominati,
3611 1946 3678 1997 ad

1993 2031 2199 2068 manus
2234 2016 2345 2067 mei
2377 2014 2644 2083 pauperis
2676 2014 2863 2066 fratris
2896 2015 3131 2065 minoris
3146 2015 3503 2083 suspirantis,
3532 2014 3682 2067 fama

1992 2087 2203 2154 primo,
2237 2086 2482 2138 secundo
2522 2085 2800 2151 scriptura
2843 2085 3137 2153 pervenit:
3174 2085 3230 2137 in
3284 2101 3396 2153 quo
3445 2100 3681 2138 cernens

1994 2157 2201 2209 mentis
2250 2161 2362 2209 tua
2412 2156 2811 2209 rectitudinem
2857 2156 3297 2223 complantatam
3358 2156 3679 2207 ramuscqu

1993 2229 2158 2280 bona
2209 2232 2431 2280 natura
2482 2226 2622 2295 legis
2673 2226 2769 2294 (α),
2827 2241 2998 2295 quam
3048 2225 3334 2278 interserit
3375 2227 3579 2278 Paulus
3609 2227 3678 2279 ad

1991 2298 2489 2351 thesaurizandum
2523 2303 2709 2367 patres
2754 2296 2918 2360 ﬁliis;
2964 2312 3069 2367 nec
3135 2298 3323 2348 minus
3369 2297 3679 2348 terminum

1992 2368 2343 2438 quaestionis,
2372 2384 2485 2437 qua
2505 2369 2713 2437 quarit
2741 2372 2838 2420 tua
2862 2366 3163 2438 ingeniosa
3210 2366 3437 2419 solertia
3484 2366 3679 2434 digni-

1991 2437 2167 2493 tatem
2224 2438 2481 2492 litteralis
2530 2437 2946 2506 intelligentia,
2993 2438 3286 2489 abundare
3338 2438 3462 2490 aliis
3502 2453 3677 2490 sacra

1991 2510 2298 2580 Scriptura
2346 2508 2619 2580 sensibus.
2680 2508 2998 2580 progcujus
3046 2514 3205 2580 parte
3278 2513 3496 2580 contra,
3552 2514 3678 2560 octo

1992 2578 2307 2634 rationibus
2361 2579 2629 2633 Achilleis
2686 2578 3121 2631 fundamentum
3174 2578 3456 2631 ﬁrmitatis
3518 2594 3677 2647 qua-

1993 2651 2254 2704 stionata
2284 2650 2536 2702 veritatis
2566 2648 2816 2719 agitasti,
2850 2665 2965 2701 non
3015 2648 3299 2719 modicum
3349 2648 3677 2701 ﬁrmitatem

1994 2722 2247 2789 ejusdem
2279 2720 2574 2773 solidando
2602 2718 2624 2785 ζ
2652 2720 2709 2772 in
2741 2736 2807 2771 eo
2844 2719 3077 2771 honoris
3107 2718 3300 2771 virtuti
3332 2719 3507 2772 debiti
3532 2718 3679 2770 duci-

1994 2788 2213 2845 sionem
2272 2791 2613 2860 assignando
2660 2790 2763 2842 sub
2785 2805 3027 2842 numero
3081 2788 3320 2841 senario.
3378 2790 3439 2841 ln
3469 2789 3677 2857 quibus

1993 2863 2277 2925 omnibus,
2313 2866 2368 2913 et
2397 2861 2440 2913 si
2470 2876 2674 2929 magna
2703 2860 2975 2913 exuberat
3004 2859 3238 2923 utilitas,
3274 2863 3522 2911 attamen
3564 2875 3676 2910 non

1995 2933 2292 3001 ingeniosa
2345 2932 2625 2984 subtilitas
2680 2936 2927 2982 mentem
2955 3000 2959 3001 ν
2988 2930 3166 2982 reﬁcit
3206 2930 3515 3001 elevatam,
3562 2946 3676 2981 non

1992 2999 2157 3056 satiat
2198 3008 2312 3054 tua
2358 3001 2691 3072 quastionis
2724 3000 3127 3053 determinatio
3158 2999 3517 3072 afﬁrmativa,
3545 3016 3673 3072 cum

1988 3090 2089 3127 sua
2134 3070 2395 3126 solidatio
2446 3072 2638 3141 potius
2675 3071 3005 3141 oppositum
3046 3071 3362 3123 concludat.
3394 3070 3674 3133 Quoniam

1987 3144 2132 3197 sicut
2156 3143 2411 3197 adoratio
2452 3140 2722 3209 imaginis
2767 3157 2883 3195 non
2932 3146 3170 3211 propter
3200 3140 3547 3209 imaginem,
3581 3141 3672 3194 sed

1986 3214 2365 3284 imaginatum
2394 3215 2478 3278 ﬁt,
2515 3213 2593 3266 sic
2641 3212 2975 3284 reverentia
3006 3219 3063 3265 et
3100 3212 3284 3264 honor
3316 3214 3519 3284 littera
3552 3228 3677 3284 pro-

1987 3282 2127 3363 pter
2142 3285 2405 3363 spiritum
2436 3301 2448 3338 :
2484 3290 2540 3337 et
2568 3282 2983 3363 propterquod
3024 3283 3496 3363 unumquodque,
3530 3290 3585 3335 et
3615 3282 3677 3336 il-

1946 3370 1951 3375 '
1988 3353 2083 3409 lud
2108 3353 2295 3425 potius
2322 3375 2335 3417 ;
2369 3356 2554 3408 honor
2583 3354 2735 3407 enim
2769 3359 2824 3406 et
2873 3354 3189 3425 rexerantia
3220 3355 3424 3425 transit
3452 3353 3510 3406 in
3543 3369 3675 3422 pro-

1988 3424 2265 3495 totypum.
2299 3428 2422 3479 Non
2453 3442 2595 3478 urna
2616 3441 2789 3478 aurea
2814 3440 3022 3477 manna
3054 3424 3244 3493 plena,
3298 3424 3456 3491 virga
3506 3431 3562 3476 et
3592 3428 3674 3495 ta-

1987 3492 2137 3551 bulae
2166 3501 2398 3567 propter
2426 3512 2629 3567 arcam,
2650 3495 2895 3567 foederis,
2955 3492 3207 3567 sed’arca
3234 3564 3241 3567 _
3266 3499 3517 3567 propter
3542 3492 3675 3567 talia

1987 3564 2293 3621 reverenda
2323 3572 2463 3620 erat.
2492 3566 2636 3630 Quid
2668 3566 2960 3625 interiora,
2997 3565 3104 3617 nisi
3161 3564 3475 3633 spiritualis
3506 3564 3677 3617 intel-

1989 3638 2262 3703 ligentia?
2291 3637 2437 3701 Quid
2471 3653 2613 3699 arca,
2655 3636 2764 3689 nisi
2816 3636 3000 3688 littera
3044 3635 3484 3704 prospectatur?
3516 3634 3673 3697 Quod

1987 3710 2171 3763 adhuc
2202 3708 2519 3762 distinctius
2578 3707 2918 3760 Ezechielica
2962 3706 3099 3759 visio
3152 3705 3501 3771 manifestat,
3546 3720 3673 3758 cum

1989 3780 2281 3849 pulchrius
2310 3778 2417 3831 ista
2447 3778 2706 3847 depingit
2737 3778 2840 3831 sub
2872 3778 3207 3849 metaphora
3232 3783 3370 3849 rota
3393 3776 3451 3849 in
3488 3775 3675 3849 medio

1988 3847 2151 3904 rota.
2197 3852 2341 3903 [tota
2391 3849 2449 3902 in
2500 3849 2690 3902 medio
2740 3855 2900 3911 rota,
2952 3848 3140 3900 littera
3180 3848 3377 3917 gratia
3406 3847 3464 3899 in
3489 3847 3675 3917 littera

1988 3921 2169 3986 legis:
2202 3920 2407 3989 quibus
2440 3936 2555 3972 non
2584 3919 2844 3971 concedit
2892 3918 3082 3976 vitam,
3122 3915 3230 3989 sed
3277 3916 3554 3989 spirituali
3585 3915 3673 3989 in-

1989 3988 2321 4059 telligentia
2354 4006 2483 4043 cum
2516 3990 2847 4058 subjungit:
2875 4008 2901 4037 ι(
2935 3990 2996 4040 Et
3047 3988 3278 4057 spiritus
3315 3988 3440 4059 vita
3472 3992 3593 4039 erat
3618 3988 3675 4059 in

1992 4081 2017 4112 tt
2050 4058 2209 4115 rotis.
2247 4081 2274 4111 »
2308 4063 2437 4114 Hac
2463 4061 2618 4113 enim
2648 4057 2894 4113 est’vera
2926 4060 3059 4123 vita,
3090 4074 3261 4126 quam
3306 4058 3551 4109 Verbum
3590 4057 3675 4109 vi-

1989 4138 2059 4185 ta
2109 4131 2346 4185 cacitati
2383 4130 2632 4185 Judaica
2677 4129 3025 4199 pradicavit,
3075 4144 3205 4181 cum
3249 4126 3421 4199 dixit:
3458 4126 3677 4199 «Scru-

1994 4223 2019 4253 «
2054 4202 2255 4256 tamini
2280 4202 2618 4271 Scripturas,
2649 4197 2692 4251 ››“
2723 4207 2829 4253 etc.
2862 4200 2985 4252 Non
3013 4198 3179 4271 satiat
3222 4198 3393 4251 etiam
3428 4197 3676 4267 primum

1990 4273 2312 4337 decisionis,
2342 4270 2443 4325 nec
2474 4271 2808 4333 secundum,
2844 4287 2945 4323 nec
2966 4270 3220 4329 tertium,
3248 4285 3351 4322 nec
3383 4274 3672 4339 quartum,

1990 4362 2092 4399 nec
2124 4344 2411 4413 quintum,
2444 4342 2561 4395 imo
2592 4359 2705 4413 nec
2723 4346 2965 4403 sextum,
3000 4340 3097 4394 ubi
3130 4340 3318 4410 agitur
3347 4340 3415 4393 de
3445 4356 3674 4413 compa-

1990 4411 2208 4469 ratione
2238 4430 2437 4467 seusus
2487 4412 2743 4466 litteralis
2783 4413 2851 4465 ad
2905 4413 3210 4480 mysticum
3243 4426 3493 4473 sensum,
3526 4411 3677 4463 inter

1989 4502 2131 4555 quos
2153 4484 2503 4553 comparatio
2552 4499 2666 4537 non
2715 4487 2799 4537 est
2845 4481 3153 4555 p0ssibilis_
3185 4488 3423 4551 propter
3468 4481 3678 4555 gradus

1989 4550 2342 4610 diversarum
2392 4556 2730 4623 specierum,
2790 4550 2950 4606 extra
3005 4550 3331 4623 quod’non
3398 4550 3678 4623 contingit

1988 4626 2336 4695 comparatio
2364 4622 2598 4695 propter
2616 4624 2997 4695 intensinnem
3028 4622 3374 4695 gradualem
3402 4622 3677 4695 speciﬁca

1991 4692 2226 4751 natura.
2275 4692 2577 4759 Quare—ex
2626 4696 2713 4748 his
2764 4694 3155 4764 dependenter
3206 4692 3352 4764 fallit
3393 4692 3672 4764 motivum

1988 4768 2224 4838 triplicis
2276 4766 2767 4838 considerationis,
2824 4763 2932 4835 qua
2984 4763 3676 4838 sensus,litteralis___aliis

1988 4833 2249 4892 sensibus
2280 4837 2625 4906 sempliciter
2656 4833 3015 4905 comparatus
3044 4840 3126 4906 est
3150 4833 3399 4904 dignior,
3434 4833 3669 4895 scilicet,

1989 4926 2055 4963 ex
2084 4913 2241 4978 parte
2273 4905 2657 4961 extensionis:
2714 4906 2861 4959 fallit
2910 4905 3059 4959 istud
3108 4921 3237 4957 cum
3285 4909 3487 4978 cuncta
3517 4919 3674 4978 sacra

1990 4974 2219 5049 eloquia
2247 4980 2418 5047 plena
2448 4978 2561 5030 sint
2610 4977 2916 5049 Dominicis
2965 4974 3348 5049 sacramentis.
3376 4976 3529 5028 Hanc
3551 4975 3675 5049 lon-

1990 5045 2206 5118 giorem
2236 5045 2623 5102 extensionem
2656 5048 2886 5118 spiritus
2936 5062 3107 5118 supra
3136 5046 3381 5118 litteram
3414 5045 3678 5116 cognovit

1994 5116 2199 5174 Paulus
2239 5136 2368 5173 cum
2414 5120 2572 5177 dixit.
2609 5138 2637 5168 ((
2688 5116 2892 5173 Omnia
2934 5118 2989 5169 in
3020 5117 3202 5187 ﬁgura
3233 5116 3347 5170 illis
3376 5117 3671 5184 continge-

1994 5212 2018 5241 «
2054 5193 2210 5250 bant,
2246 5212 2272 5241 υ
2306 5207 2421 5243 non
2472 5191 2657 5242 solum
2700 5189 2927 5257 scripta,
2979 5189 3071 5241 sed
3114 5189 3284 5241 etiam
3332 5203 3675 5256 quocunque

1994 5262 2160 5315 modo
2192 5262 2300 5315 alio
2333 5261 2558 5315 tradita.
2590 5260 2657 5312 Et
2686 5265 2921 5328 propter
2948 5258 3054 5311 hoc
3084 5259 3255 5311 etiam
3297 5258 3441 5311 fallit
3470 5273 3678 5311 secun-

1992 5333 2153 5398 dum,
2202 5332 2479 5394 videlicet,
2559 5347 2626 5383 ex
2682 5335 2837 5400 parte
2890 5328 3351 5393 universalitatis,
3405 5329 3675 5400 quoniam

1993 5408 2207 5473 quanto
2256 5402 2470 5471 aliquid
2503 5398 2913 5473 Auuiveirsalius,
2937 5405 3092 5453 tanto
3125 5398 3674 5473 communicabilius.

1991 5470 2197 5527 Sensus
2244 5470 2434 5524 autem
2480 5471 2736 5524 litteralis
2788 5477 3024 5541 propter
3071 5486 3233 5524 suam
3276 5470 3677 5523 limitationem

1996 5560 2095 5613 per
2126 5544 2379 5596 doctores
2412 5543 2656 5595 famosos
2690 5547 2745 5595 et
2774 5540 3068 5607 signauter
3096 5557 3197 5609 per
3227 5540 3677 5613 doctoremglrre‘u

1993 5610 2346 5685 t'ragabilem,
2380 5619 2465 5667 est
2510 5613 3061 5667 incommunicabilis
3096 5629 3109 5675 ;
3145 5627 3256 5665 non
3286 5611 3439 5665 enim
3474 5610 3676 5663 dividi-

254 5760 318 5826 ζα)
354 5758 415 5814 Id
448 5761 538 5811 est
567 5756 631 5809 in
674 5757 873 5812 eadem
930 5759 1133 5813 arbore
1190 5762 1517 5813 nascentem
1571 5759 1629 5812 in
1661 5774 1773 5829 qua
1806 5758 2185 5812 ramusculus.
