4086 6190
301 219 448 302 5l\

1208 217 1671 273 WALAFRIDUS
1709 216 2019 272 STRABUS
2057 215 2433 270 FULDENSIS
2474 213 2867 271 MONACHUS.
3726 214 3793 264 52

291 337 557 416 turgt-sed
621 338 768 416 bene
831 339 1102 416 mysticus
1165 338 1596 416 multiplicatur.
1666 339 1730 416 Et
1789 354 1998 408 ponam
2029 341 2072 395 Α
2114 336 2328 416 miror:
2360 337 2532 391 verba
2556 335 2710 390 enim
2747 352 2875 416 qua:
2902 336 2961 390 in
2988 353 3188 416 sacrae
3225 335 3553 416 scripturae
3583 335 3805 416 erposi-

299 408 841 479 multiplicationem
866 409 1133 476 doctoris,
1168 411 1471 474 Quoniam,
1521 409 1725 479 inquit,
1773 415 1873 462 aut
1909 425 1996 462 re-

302 482 410 537 fert
467 496 680 545 mores,
744 486 843 534 aut
894 481 1088 534 tidem.
1152 481 1342 534 Primo
1387 481 1559 534 modo
1589 480 1998 550 tropologicus,

304 551 551 605 secundo
583 550 754 604 modo
783 550 1103 620 dupliciter,
1157 550 1430 621 quoniam
1479 550 1567 604 vel
1611 550 1785 604 ﬁdem
1819 549 2001 621 Deita-

304 622 396 688 tis,
429 622 514 674 vel
551 621 930 674 humanitatis
956 621 1039 687 ;si
1072 620 1324 687 Deitatis,
1376 622 1754 690 anagogicus;
1804 620 1850 673 si
1890 621 1997 674 hu-

309 692 622 757 manitatis,
670 692 1031 761 allegoricus.
1082 691 1334 744 Tertium
1378 696 1572 744 autem
1619 691 1791 744 etiam
1817 691 1999 745 fallit:

308 764 584 834 quoniam
623 762 871 833 dignitas
909 761 1148 815 istorum
1196 777 1468 834 sensuum
1498 761 1809 834 attenditur
1829 777 2004 834 penes

309 832 588 903 majorem
614 832 943 898 utilitatem,
976 849 1105 902 qua:
1135 833 1510 902 consequitur
1538 833 1814 900 majorem
1835 832 2001 903 certi-

311 902 593 984 tudinem,
642 909 925 984 quantum
962 907 1059 984 est
1116 918 1185 984 ei:
1234 918 1330 957 se:
1385 919 1500 984 non
1541 902 2005 984 enimcortitudo

313 974 628 1044 spiritualis
655 972 1074 1043 intelligentiae,
1101 978 1185 1026 est
1210 973 1632 1042 speculationis,
1675 972 2007 1044 sicutlitte-

313 1043 447 1099 ralis
479 1044 909 1113 intelligentiae:
944 1043 1042 1098 sed
1074 1049 1158 1097 est
1213 1043 1493 1098 certitudo
1531 1043 1924 1113 experientiae,
1951 1048 2008 1096 et

315 1115 627 1169 secundum
657 1115 944 1179 alfectum,
979 1119 1037 1167 et
1060 1129 1163 1184 per
1191 1116 1426 1168 modum
1481 1120 1701 1184 gustus,
1749 1130 1853 1184 per
1897 1113 2007 1182 spi-

317 1188 593 1239 rationem
628 1193 682 1237 et
740 1184 1133 1238 testimonium
1182 1185 1422 1254 Spiritus
1465 1185 1660 1238 sancti.
1697 1186 1768 1238 Ex
1801 1185 2008 1255 quibus

316 1273 432 1310 non
459 1255 751 1325 consurgit
777 1254 922 1309 ratio
965 1255 1479 1308 commendationis
1526 1255 1771 1309 Postillae
1819 1254 2009 1308 docto.

318 1327 394 1380 ris
452 1326 704 1392 Nicolai;
765 1325 864 1379 sed
918 1326 1255 1379 conﬁdendo
1306 1327 1374 1380 de
1430 1326 1515 1379 tui
1541 1325 1790 1396 benigna
1818 1326 2010 1378 condi-

316 1397 494 1462 tione,
547 1397 637 1448 cui
691 1412 781 1449 me
839 1396 1040 1450 devote
1073 1396 1434 1463 commendo,
1475 1397 1696 1450 aestimo
1730 1396 2009 1450 rationem

319 1484 435 1521 suae
465 1465 984 1538 commendationis
1013 1483 1357 1537 consurgere
1388 1483 1454 1520 ex
1481 1466 1751 1538 oppositis
1781 1467 2009 1537 adjecti-

320 1539 420 1601 vis,
477 1537 684 1608 quibus
743 1537 1040 1591 Nicolaum
1097 1543 1215 1591 tam
1271 1537 2010 1608 immerito’reprebendere

2109 407 2361 461 tionibus
2393 423 2658 477 magnam
2691 408 3005 461 exuberant
3048 407 3372 476 utilitatem,
3417 407 3558 478 quid
3604 407 3650 460 si
3683 421 3800 460 non

2110 478 2367 532 reﬁciant
2389 484 2641 532 mentem
2673 479 2996 532 elevatam?
3027 479 3270 542 Quidam
3301 477 3454 532 enim
3496 477 3801 548 propheta-

2109 565 2239 604 rum
2270 548 2532 619 scripsit:
2569 566 2595 599 ‹‹
2655 550 2772 619 Ego
2822 549 3096 602 Dominus
3125 548 3334 602 docens
3374 555 3427 602 te
3470 548 3629 602 utilia
3669 550 3804 617 (Isa.

2110 622 2314 684 XLVIII),
2350 643 2375 666 υ
2410 619 2560 673 unde
2591 635 2706 672 non
2737 619 2875 672 dixit
2914 619 3164 680 subtilia,
3217 636 3317 673 seu
3358 619 3685 688 ingeniosa:
3714 623 3804 672 ta-

2115 691 2186 744 lia
2217 691 2371 744 enim
2403 707 2552 760 quas,
2587 697 2649 740 ut
2680 689 2835 749 dicit,
2868 695 3119 743 mentem
3169 691 3467 760 jelevatam
3518 689 3804 760 reficiunt,

2112 761 2159 814 si
2175 767 2370 814 contra
2398 758 2557 814 utilia
2581 761 3026 825 ιῑιτιιὶιιιξυξιιὶὶυυ,
3065 758 3252 830 potius
3290 761 3578 829 pertinere
3617 759 3806 814 viden-

2114 837 2206 885 tur
2230 833 2299 885 ad
2322 832 2436 884 alta
2466 847 2664 900 sapere
2680 849 2759 902 qu
2807 848 2856 883 ιη
2891 831 2959 884 ad
2992 831 3378 884 sobrietatem.

2187 899 2614 972 Consequenter
2661 899 2803 972 dicis
2845 902 3000 972 quod
3053 917 3169 954 non
3200 901 3365 955 satiat
3394 906 3449 954 te
3472 899 3808 972 quaestionis

2115 970 2514 1026 determinatio
2545 970 2900 1038 aflirmativa,
2955 977 3061 1026 etc.
3114 973 3188 1025 Ex
3219 988 3335 1042 quo
3387 970 3810 1042 videturcquod

2117 1059 2234 1096 non
2266 1042 2473 1107 vidisti,
2525 1044 2610 1096 vel
2660 1043 2804 1096 forte
2853 1059 2967 1096 non
3010 1040 3684 1102 attente—considerasti.’
3714 1041 3812 1095 de-

2118 1113 2584 1167 terminationem
2639 1128 2848 1181 meam,
2893 1114 3215 1182 specialiter
3260 1112 3319 1166 in
3370 1117 3528 1166 sexto
3573 1111 3811 1164 articulo

2117 1185 2460 1254 responsali,
2494 1184 2588 1237 ubi
2616 1183 2910 1237 manifeste
2940 1183 3186 1237 habetur
3233 1183 3386 1252 quod
3435 1183 3815 1254 decisio,cseu

2117 1251 2518 1308 determinatio
2575 1270 2700 1307 mea
2759 1270 2876 1308 non
2932 1255 3039 1308 fuit
3085 1251 3425 1307 altirinativa
3454 1251 3812 1323 simpliciter,

2121 1325 2218 1378 sed
2251 1325 2588 1379 distinctiva.
2624 1326 2770 1380 Sunt
2797 1325 2951 1378 enim
3001 1325 3081 1378 ibi
3124 1330 3236 1377 tres
3281 1323 3690 1386 distinctiones,
3723 1340 3812 1376 se-

2121 1396 2368 1450 cundum
2401 1411 2655 1466 quarum,
2687 1411 2860 1449 unam
2906 1411 3102 1450 sensus
3135 1394 3413 1448 naturalis
3451 1394 3813 1466 praaeminet,

2121 1465 2808 1546 secundum-aliamllvero
2861 1471 2945 1546 est
3001 1465 3595 1546 aequalisndignitatis,
3645 1469 3702 1519 et
3733 1481 3817 1518 se-

2121 1537 2372 1591 cundum
2404 1537 2576 1591 aliam
2607 1537 2776 1591 etiam
2807 1536 3044 1591 minoris
3072 1535 3408 1607 dignitatis,
3455 1552 3630 1607 quam
3677 1551 3816 1589 sen-

319 1607 538 1662 niteris.
565 1607 1009 1679 Commendatur
1064 1607 1219 1662 enim
1272 1608 1400 1679 quis
1443 1625 1506 1679 ex
1539 1609 1768 1679 pr0prio
1800 1624 2004 1678 opere;
2043 1619 2084 1674 Β
2123 1624 2218 1662 sus
2241 1607 2570 1677 spiritualis.

322 1694 498 1748 quare
531 1678 842 1731 sententias
871 1679 1165 1749 doctorum
1192 1678 1516 1749 postposuit
1543 1678 1724 1749 quasi
1748 1679 2008 1749 imperti-

323 1757 545 1816 nentes,
580 1753 643 1800 ut
675 1748 1048 1804 auctorizaret
1077 1766 1219 1818 opus
1267 1748 1434 1803 suum
1485 1748 1739 1804 Ecclesiae
1771 1748 2014 1804 doctori-

323 1821 447 1891 bus,
481 1836 514 1872 a
543 1835 654 1889 qua
689 1835 826 1891 non
875 1819 1164 1891 deviavit:
1219 1820 1330 1874 Nec
1381 1820 1586 1890 probas
1643 1821 1814 1891 quod,
1853 1820 2013 1884 dicis,

324 1889 493 1942 verba
523 1889 700 1942 sancti
726 1890 957 1944 Thema:
985 1907 1106 1944 esse
1153 1890 1286 1959 igne
1316 1889 1608 1944 charitatis
1637 1889 1956 1945 examinata
1998 1907 2010 1944 :

326 1977 455 2042 cum
487 1960 546 2013 in
579 1960 838 2042 pluribus
867 1960 983 2040 suis
1038 1961 1635 2042 determinationibus.
1659 1963 1773 2015 sint
1818 1961 2015 2042 impu-

326 2035 498 2101 gnata
524 2046 625 2100 per
654 2031 847 2102 plures
875 2031 1203 2101 ingeniosos
1231 2032 1551 2102 theologos,
1587 2031 1738 2084 viros
1769 2031 2013 2086 admira-

328 2102 492 2167 biles,
523 2101 683 2174 quasi
710 2101 768 2154 in
799 2117 1037 2174 corpore
1081 2103 1166 2156 vel
1213 2107 1375 2174 extra
1419 2101 1626 2174 Corpus
1663 2103 2012 2174 scripserint,

329 2174 478 2243 Deus
502 2173 621 2226 scit.
657 2173 1102 2243 Commendatur
1147 2173 1416 2240 secundo,
1450 2179 1505 2226 et
1550 2173 1594 2226 si
1646 2173 1842 2228 nona
1891 2191 2015 2243 pro-

328 2242 569 2324 prietate
590 2242 869 2324 sermonis
903 2242 1182 2324 Hebraici,
1213 2259 1385 2324 quem
1416 2259 1532 2297 non
1577 2244 1636 2297 in
1672 2245 1813 2298 lacte
1843 2242 2012 2324 suxit,

330 2313 488 2385 seda
531 2313 788 2385 veritate
821 2313 1152 2385 sententia,
1192 2313 1340 2368 circa
1395 2330 1566 2385 quam
1626 2330 1739 2368 non
1785 2314 2012 2381 erravit,

329 2382 702 2455 immiscendo
734 2384 890 2455 illam
939 2384 1158 2438 habitui
1203 2382 1546 2454 theologico,
1589 2385 1688 2455 qui
1732 2385 1896 2440 illum
1943 2387 2018 2437 la-

329 2453 519 2526 ctavit.
555 2454 1187 2526 Commendaturtertio
1220 2456 1278 2509 in
1302 2471 1370 2508 eo
1417 2453 1578 2526 quod
1607 2453 1772 2509 inter
1816 2472 2017 2510 omnes

328 2525 584 2596 doctores
631 2525 1166 2596 Hebraicongabbi
1214 2525 1574 2580 Salomonem
1630 2527 1825 2596 elegit,
1877 2543 2015 2596 quo-

329 2595 484 2648 niam
518 2595 667 2648 inter
713 2611 910 2648 omnes
950 2595 1113 2650 illum
1149 2596 1445 2650 meliorem
1494 2595 1825 2666 theologum
1853 2595 2016 2650 inve-

330 2665 435 2718 nit.
482 2666 594 2719 Ista
620 2665 714 2737 sic,
745 2666 1028 2736 indigesta
1075 2672 1189 2720 tute
1238 2667 1471 2736 digestae
1497 2665 1834 2737 prudentiae,
1869 2670 2016 2720 alme

329 2737 563 2806 praesul,
594 2736 775 2790 scribo
803 2738 1020 2790 calamo
1057 2737 1413 2804 brevissimo,
1464 2736 1872 2793 commendans
1905 2745 2018 2792 ture

329 2807 644 2879 ingeniosa
675 2806 924 2879 scientia:
954 2807 1208 2862 defectus
1245 2809 1448 2862 calami
1490 2809 1713 2879 ignari:
1765 2815 2017 2864 attamen

334 2877 447 2959 Deo
477 2882 618 2931 teste
647 2877 767 2959 tibi
795 2894 947 2932 nunc
998 2879 1132 2959 plus
1173 2896 1347 2959 quam
1375 2877 1584 2959 viventi
1605 2880 1666 2934 in
1696 2882 1900 2959 saeculo
1930 2881 2012 2959 af:

330 2947 508 3013 ticior,
541 2965 670 3002 cum
694 2951 841 3001 inter
867 2947 1133 3003 mortales
1162 2947 1237 3003 sis
1285 2967 1436 3003 nunc
1482 2951 1808 3017 virtuosior,
1843 2956 1900 3005 et
1931 2950 2014 3004 tui

328 3019 645 3092 reverentia
673 3019 986 3092 essetmibi
1021 3036 1164 3089 opus
1193 3026 1359 3092 tuum
1390 3021 1614 3092 assidua
1644 3021 1940 3092 diligentia
1971 3021 2018 3074 si

326 3090 664 3162 occurrisset
705 3089 997 3162 mihi‘sua
1037 3091 1358 3160 praesentia.
1398 3091 1530 3145 Vive
1555 3108 1686 3146 cum
1718 3089 1920 3162 gratia,
1956 3097 2018 3145 ut

329 3159 483 3211 vivas
504 3174 730 3228 semper
754 3159 811 3212 in
827 3159 1030 3228 gloria.

335 3288 545 3376 Copia
592 3289 1028 3378 responsionis
1071 3289 1165 3356 ad
1199 3290 1592 3380 prazdictam
1639 3292 2013 3382 epistolam.

402 3439 746 3510 Veneranda:
793 3439 1090 3510 religionis
1145 3442 1250 3507 vir,
1298 3443 1472 3496 frater
1516 3448 1574 3496 et
1598 3442 1779 3497 amice
1808 3442 2018 3496 charis-

331 3508 490 3573 sime,
523 3509 737 3585 litteras
765 3513 891 3564 tuas
911 3508 1037 3585 ime
1083 3511 1361 3585 recepisse
1389 3529 1753 3584 recognosco,
1796 3513 1856 3567 in
1885 3530 2022 3585 qua-

332 3595 461 3633 rum
491 3580 724 3633 exordio
781 3597 871 3634 me
892 3581 1136 3636 alterum
1188 3580 1752 3646 Simeonem'vocas,
1813 3580 1921 3638 cui'
1960 3586 2020 3640 in

331 3651 489 3704 nullo
517 3666 605 3722 me
637 3650 803 3722 credo
827 3652 1151 3722 assimilari,
1186 3653 1295 3706 nisi
1343 3654 1485 3708 forte
1531 3654 1590 3708 in
1639 3661 1886 3722 senecta,
1917 3657 2023 3709 uti-

333 3720 681 3796 namruberi.
711 3721 814 3776 Sed
845 3721 1076 3777 illarum
1108 3739 1372 3796 processu
1421 3725 1748 3795 aliqualiter
1785 3720 2020 3796 conspe-

331 3796 438 3864 cto,
472 3795 528 3844 te
553 3792 740 3864 potius
772 3809 969 3864 vocare
1001 3792 1224 3864 pos-sem
1257 3792 1971 3850 alterumSamaritanufn
2005 3814 2018 3851 :

332 3862 523 3934 oleum
553 3862 707 3934 enim
759 3863 942 3917 laudis
981 3862 1110 3918 cum
1163 3865 1291 3918 vino
1339 3867 1802 3934 reprehensionis
1848 3867 2023 3922 artiﬁ-

333 3933 485 3986 ciose
513 3932 645 3986 satis
674 3934 936 4009 attulisti.
975 3937 1050 3989 De
1095 3941 1336 4009 utraque
1371 3932 1562 3990 autem
1608 3937 1847 3992 materia
1893 3940 2022 4009 plus

335 4019 506 4076 quam
537 4019 699 4058 casus
737 4005 1056 4076 requireret
1098 4005 1266 4060 credo
1320 4014 1370 4060 te
1401 4009 1676 4062 attulisse.
1715 4010 1836 4062 Non
1866 4005 2018 4064 enim

335 4075 517 4149 talem-
558 4091 621 4128 ac
678 4075 906 4149 tantum
958 4094 1046 4149 me
1098 4077 1279 4132 sentio
1338 4078 1565 4148 qualem
1597 4095 1686 4132 me
1712 4079 2016 4149 scripsisti;

334 4161 446 4221 nee
467 4145 794 4221 dicta_mea,
827 4147 897 4221 de
927 4148 1136 4221 quibus
1158 4145 1372 4221 agitur;
1399 4149 1455 4203 in
1490 4153 1767 4221 quantum
1801 4145 2017 4221 ingenii

335 4214 772 4289 meiumodulus
819 4214 1148 4289 intelligere
1197 4214 1372 4284 'valet,
1436 4214 1894 4289 reprehensione
1920 4228 2018 4274 tua

335 4285 618 4365 condigna
645 4287 891 4366 reperio.
921 4287 976 4341 Si
1005 4285 1196 4367 tamen
1224 4295 1378 4353 sunt,
1430 4285 1672 4343 libenter
1719 4291 2012 4367 correctio.

336 4370 468 4427 nem
499 4361 809 4427 recipiam;
841 4374 956 4410 non
991 4361 1146 4412 enim
1203 4375 1415 4413 vanum
1453 4376 1662 4414 nomen
1701 4361 2015 4427 acquirere,

337 4425 435 4502 sed
467 4425 763 4502 veritatem
791 4426 1104 4502 inquirere,
1138 4431 1413 4500 propositi
1464 4431 1575 4485 mei
1615 4435 1716 4485 est.
1770 4425 1874 4486 Sed
1921 4425 2020 4502 per

336 4497 446 4571 hoc
476 4496 644 4571 latius
679 4496 1066 4564 discurrendo,
1098 4496 1377 4569 quan—tum
1427 4502 1494 4556 ad
1549 4502 1824 4571 primum,
1855 4496 2019 4556 tuum

336 4567 677 4643 benevolum
733 4584 869 4643 erga
919 4567 1218 4640 person—am
1274 4587 1463 4625 meam
1515 4567 1798 4638 aifectum,
1839 4590 1873 4626 a
1904 4590 2018 4643 quo

339 4637 669 4713 hujusmodi
717 4637 1249 4713 oleum—emanasse
1297 4658 1594 4708 concerno,
1629 4637 1870 4713 gratiam
1913 4637 2020 4698 ha-

341 4710 465 4775 beo,
521 4715 577 4764 et
612 4709 925 4779 gratiarum
972 4711 1344 4766 retributione
1391 4713 1612 4767 aestimo
1632 4709 1780 4768 'esse
1818 4715 2018 4768 condi-

338 4796 535 4848 gnum.
567 4781 665 4854 ‘De
719 4783 968 4854 secundo
1009 4798 1142 4854 vero
1214 4784 1527 4854 amplector
1581 4785 1823 4839 libenter
1877 4786 2020 4840 eti‘e-

339 4857 523 4904 ctum:
558 4851 774 4906 ferrum
812 4853 966 4907 enim
1010 4853 1160 4907 ferro
1209 4851 1449 4920 acuitur,
1506 4861 1563 4909 et
1602 4855 2020 4910 contrariorum

338 4921 717 5000 solutionibus
770 4924 976 4979 veritas
1031 4924 1214 4996 magis
1243 4925 1525 5000 elucescit.
1568 4927 1796 4980 Decrevi
1830 4932 2022 5000 autem

338 5006 441 5061 per
469 4994 690 5065 singula
721 5000 1059 5065 argumenta
1087 4994 1184 5050 tua
1228 4995 1567 5065 discurrere,
1614 5002 1671 5051 et
1699 4997 1859 5052 omni
1891 4999 2020 5052 rhe-

341 5067 527 5143 torum
556 5061 696 5143 ilore
726 5061 1014 5143 deposito,
1041 5066 1229 5143 verbis
1264 5067 1468 5143 planis,
1506 5061 1713 5143 quibus
1733 5069 1803 5143 in
1846 5069 2022 5122 scien-

337 5133 558 5212 tiarum
578 5133 1109 5212 investigationibus
1139 5136 1224 5191 uti
1251 5133 1542 5212 solemus,—
1561 5139 1820 5212 singulis,
1853 5145 2024 5212 prout

336 5203 478 5282 mihi
508 5203 818 5282 videbitur,
861 5208 1226 5282 respondere,
1278 5203 1556 5282 objectiva
1605 5203 1775 5282 ve'rba
1809 5203 1919 5264 tua
1960 5210 2021 5264 in

336 5273 470 5353 locis
494 5273 611 5353 suis
669 5273 998 5353 repetendo,
1059 5284 1126 5353 ut
1184 5273 1365 5353 omni'
1400 5279 1728 5335 confusione
1781 5285 2018 5347 semota,

332 5344 696 5418 singulorum
718 5345 923 5418 veritas
951 5349 1201 5418 apertius
1225 5349 1558 5404 innotescat.

405 5415 586 5491 Dicis_
608 5416 790 5491 enim__
813 5415 1006 5487 primo
1050 5419 1120 5491 de
1147 5420 1462 5491 quaestione
1513 5437 1640 5475 mea
1667 5422 1723 5475 in
1766 5423 2021 5491 generali

331 5485 447 5561 sic:
489 5506 517 5536 α
566 5487 628 5540 In
673 5485 883 5557 quibus
913 5485 1184 5549 omnibus
1226 5489 1330 5544 etsi
1364 5507 1572 5561 magna
1617 5485 1888 5546 exubérat
1919 5493 2024 5546 uti.

330 5556 756 5679 li'tas,tattamen
789 5575 902 5613 non
934 5561 1233 5632 ingeniosa
1252 5556 1536 5616 subtilitas
1563 5570 1814 5617 mentem
1841 5563 2024 5617 reiicit

330 5642 356 5678 Β
382 5643 480 5679 eva
511 5645 618 5679 am.
656 5648 682 5678 »

327 5633 618 5682 elevatam.
656 5648 682 5678 »

399 5699 556 5754 Circa
588 5701 740 5771 quod
789 5718 904 5756 non
946 5701 1233 5757 modicum
1281 5703 1350 5758 de
1398 5707 1494 5757 tua
1548 5703 1890 5758 discretione
1916 5704 2019 5758 ad-

2195 1675 2616 1750 Consequenter
2652 1678 2792 1750 dicis
2831 1677 2984 1749 quod
3027 1677 3343 1731 reverentia
3390 1681 3447 1730 et
3491 1676 3674 1730 honor
3721 1675 3815 1750 lit-

2122 1752 2259 1803 tera:
2290 1754 2374 1803 est
2393 1747 2626 1819 propter
2662 1747 2951 1820 spiritum,
2984 1749 3120 1819 quia
3168 1752 3424 1820 propter,
3445 1747 3817 1820 unumquodj

2124 1836 2235 1890 que
2262 1826 2320 1874 et
2347 1818 2750 1891 illud’magis‘;
2783 1836 2848 1874 ex
2880 1818 3239 1891 quo'conaris
3271 1819 3609 1891 concludere
3657 1818 3814 1891 quod

2123 1888 2322 1944 sensus
2352 1888 2970 1944 litteralis'honoratur
3019 1895 3253 1960 propter
3308 1889 3686 1960 spiritualem.
3735 1888 3820 1942 Ad

2165 1961 2282 2033 uod
2308 1961 2540 2015 deducis
2567 1963 2891 2033 exemplum
2923 1961 2990 2015 de
3020 1959 3158 2033 arca
3186 1959 3431 2027 foederis,
3491 1959 3584 2012 cui
3637 1960 3825 2012 honor

2123 1977 2280 2085 gnua
2308 1977 2540 2015 deducis
2567 1977 2891 2033 exemplum
2923 1977 2990 2015 ue
3028 1977 3158 2014 arca
3186 1977 3431 2027 ueneris,
3491 1977 3584 2012 cui
3637 1977 3818 2012 nonor

2131 2032 2438 2112 “ebebatur
2480 2037 2715 2112 propter
2771 2037 3037 2112 contenta
3176 2048 3268 2112 ea,
3309 2037 3363 2112 et
3395 2046 3528 2112 non
3567 2035 3818 2112 econtra.

2129 2104 2320 2155 Frater
2349 2103 2426 2156 mi
2455 2100 2806 2170 charissime,
2850 2102 2993 2156 mihi
3044 2102 3265 2156 videtur
3308 2107 3362 2156 te
3393 2101 3486 2155 hic
3517 2100 3821 2154 involvisse

2125 2173 2454 2227 sententias.
2489 2173 2545 2228 Si
2579 2173 2728 2226 enim
2763 2190 2866 2243 per
2891 2175 3000 2227 hoc
3027 2172 3180 2243 quod
3219 2172 3377 2236 dicis,
3415 2173 3618 2237 littera,
3661 2170 3823 2225 intel-

2124 2243 2256 2312 ligis
2295 2245 2643 2297 characteres
2691 2244 2752 2297 in
2799 2243 3008 2298 tabulis
3065 2258 3376 2311 expressos,
3429 2247 3485 2295 et
3511 2258 3612 2312 per
3639 2243 3819 2312 spiri—

2126 2319 2237 2368 tum
2265 2313 2536 2384 intelligis
2567 2329 2794 2367 sensum
2827 2331 2926 2385 per
2957 2330 3054 2368 eos
3083 2314 3396 2383 signatum,
3449 2313 3646 2384 utique
3675 2329 3819 2385 con-

2125 2385 2343 2438 ceditur
2372 2385 2499 2453 tibi,
2535 2385 2632 2439 sed
2663 2386 2806 2438 nihil
2829 2384 2976 2454 facit,
3001 2389 3197 2438 contra
3229 2400 3320 2438 me
3369 2384 3817 2454 argumentatio.

2129 2456 2268 2526 Nam
2294 2471 2494 2526 sensus
2522 2455 2790 2510 litteralis
2820 2461 2905 2510 est
2934 2455 3032 2526 qui
3069 2455 3254 2525 primo
3292 2471 3398 2526 per
3434 2455 3686 2526 litteram
3709 2453 3824 2507 .in-

2128 2525 2420 2596 telligitur,
2456 2531 2513 2580 et
2551 2525 2604 2580 ei
2651 2526 2891 2580 debetur
2935 2525 3119 2580 lionor
3185 2525 3375 2596 potius
3417 2541 3590 2594 quam
3612 2525 3820 2579 litterae

2127 2596 2429 2650 materiali.
2461 2597 2519 2651 Si
2550 2601 2740 2650 autem
2772 2613 2874 2666 per
2903 2597 3008 2650 hoc
3035 2596 3188 2667 quod
3221 2596 3382 2664 dicis,
3413 2598 3614 2661 littera,
3650 2596 3822 2648 intel-

2127 2667 2256 2747 ligis
2285 2682 2514 2721 sensum
2545 2667 2872 2747 li_tt_eralem,
2908 2671 2966 2747 et
2993 2683 3094 2747 per
3122 2669 3401 2747 spiritum,
3439 2681 3823 2747 sensuin_rny-

2127 2737 2352 2804 sticum,
2389 2753 2488 2792 seu
2517 2737 2898 2808 spiritualem,
2925 2737 3004 2790 sic
3029 2737 3500 2808 distinguendum
3523 2742 3638 2808 est:
3673 2737 3816 2808 Nam

2127 2808 2185 2862 iu
2211 2806 2560 2879 quibusdam
2585 2808 2721 2863 locis
2747 2825 2918 2863 sacrae
2960 2809 3288 2878 Scripturaa,
3337 2813 3403 2862 ut
3444 2807 3504 2861 in
3551 2806 3821 2879 historia-

2060 2902 2097 2956 ς
2133 2877 2282 2956 libus
2339 2880 2572 2956 Veteris
2604 2879 2973 2956 Testamenti,
3029 2895 3131 2932 seu
3202 2877 3742 2956 caeremonialibus,
3776 2895 3807 2931 e

2132 2950 2484 3029 hujusmodi,
2519 2949 2881 3029 dignior_est_
2905 2966 3104 3004 sensus
3152 2949 3423 3029 mysticus
3465 2964 3636 3029 quam
3661 2949 3825 3001 litte-

2128 3021 2284 3086 ralis,
2322 3027 2380 3074 ut
2408 3021 2469 3074 in
2500 3019 2656 3075 sexto
2685 3021 2923 3075 articulo
2952 3020 3269 3090 responsali
3300 3019 3634 3090 quaestionis
3678 3035 3827 3088 prte-

2128 3091 2292 3145 dictaa
2325 3091 2435 3144 fuit
2461 3097 2750 3145 ostensum
2776 3108 2790 3156 ;
2821 3097 2878 3146 et
2925 3090 2986 3144 in
3014 3089 3221 3144 talibus
3268 3089 3456 3161 potest
3490 3089 3701 3144 habere
3734 3090 3819 3161 lo-

2128 3177 2258 3215 cum
2291 3163 2615 3231 exemplum
2644 3163 2983 3231 praedictum
3028 3162 3096 3215 de
3145 3160 3278 3215 arca
3320 3161 3565 3214 foederis.
3597 3161 3660 3214 In
3690 3160 3820 3213 aliis

2129 3247 2262 3285 vero
2288 3231 2446 3297 locis,
2479 3232 2576 3285 ubi
2610 3249 2808 3286 sensus
2855 3232 3114 3287 litteralis
3166 3232 3318 3285 solus
3366 3231 3680 3284 secundum
3710 3233 3818 3284 Au-

2131 3303 2424 3374 gustinum
2468 3301 2797 3373 inquiritur,
2839 3304 3164 3374 exemplum
3209 3303 3430 3374 nullum
3471 3303 3691 3374 videtur
3719 3301 3820 3374 ha-

2129 3373 2504 3453 berelocqm,
2525 3372 2601 3453 ut
2630 3378 2786 3453 patet
2814 3373 2872 3453 in
2903 3372 3140 3453 materia
3188 3373 3425 3453 propria
3467 3372 3538 3426 de
3587 3387 3700 3453 qua
3733 3372 3818 3425 lo-

2131 3442 2343 3524 queris.
2401 3444 2466 3497 In
2519 3442 2726 3524 tabulis
2777 3445 2931 3524 enim
2979 3442 3348 3524 Testamenti,
3400 3459 3532 3524 qua;
3586 3443 3645 3524 in
3692 3458 3826 3522 arca

2129 3513 2357 3568 foederis
2387 3514 2892 3580 concludebantur,
2935 3515 3076 3569 nihil
3115 3515 3269 3569 aliud
3289 3513 3684 3568 continebatur
3715 3513 3827 3567 nisi

2129 3590 2414 3655 pracepta
2459 3586 2751 3658 decalogi:
2803 3603 2932 3656 quin
2982 3586 3212 3658 quidem
3263 3589 3702 3658 praeceptanon
3734 3599 3827 3637 ex-

2131 3662 2426 3725 ponuntur
2458 3655 2848 3727 principaliter
2877 3673 2976 3710 seu
3001 3655 3433 3724 'commuuiter,
3456 3655 3584 3709 nisi
3615 3671 3823 3727 secun-

2130 3727 2268 3781 dum
2299 3743 2527 3780 sensum
2559 3725 2884 3795 litt'eralem,
2914 3727 2982 3782 ad
3005 3743 3178 3798 quem
3210 3743 3412 3798 omnes
3443 3725 3826 3796 expositiones

2133 3813 2355 3863 eorum,
2389 3802 2897 3869 quantumcunque
2931 3797 3292 3869 multiplices,
3322 3797 3692 3869 reducuntur.

2203 3859 2630 3938 Consequenter
2659 3859 2888 3923 deducis
2919 3859 3193 3923 visionem
3241 3859 3542 3923 Ezechielis
3595 3867 3664 3920 de
3696 3870 3825 3920 rota

2130 3937 2190 3991 in
2219 3937 2419 4011 medio
2452 3944 2592 4011 rota:
2640 3940 2732 4011 ad,
2759 3946 2922 4011 tuum
2974 3940 3331 4011 propositum
3377 3937 3818 4011 ostendendum,

2131 4009 2282 4079 quod
2342 4009 2636 4064 manifeste
2687 4010 2909 4064 videtur
2966 4008 3099 4064 non—
3132 4011 3337 4064 valere.
3397 4009 3456 4064 Si
3488 4008 3644 4064 enim
3673 4009 3820 4062 hanc

2127 4079 2405 4134 visionem
2430 4081 2640 4148 allegas
2677 4081 2989 4134 secundum
3018 4081 3321 4135 litteralem
3353 4096 3604 4144 sensum,
3635 4080 3819 4133 inter-

2057 4186 2099 4240 Β
2133 4165 2279 4230 roga.
2314 4151 2649 4240 magistru‘m
2709 4152 3021 4240 Nicolaum,
3046 4152 3182 4240 “qui
3233 4151 3538 4240 littcralem
3586 4166 3816 4240 sensum

2134 4221 2377 4292 maxime
2417 4223 2695 4291 sequitur,
2747 4227 2804 4275 et
2854 4223 3003 4276 dicet
3044 4221 3146 4275 tibi
3194 4221 3352 4292 quod
3383 4226 3815 4292 perquaterna-

2126 4291 2277 4345 rium
2329 4308 2652 4346 mumerum
2704 4292 3039 4346 animalium
3083 4297 3140 4347 et
3181 4291 3437 4346 rotarum
3486 4291 3546 4345 in
3599 4292 3814 4345 visione

2128 4363 2432 4417 Ezechielis
2461 4362 2803 4432 intelligitur
2831 4363 3231 4432 quaternarius
3279 4377 3591 4433 regnorum
3625 4378 3818 4415 succe-

2126 4433 2404 4493 dentium.
2467 4433 2683 4487 scilicet
2733 4433 3151 4499 Chaldaaorum,
3210 4436 3534 4500 Persarum,
3591 4433 3810 4488 Graeco-

2129 4519 2277 4565 rum,
2312 4511 2368 4559 et
2396 4505 2822 4560 Romanorum:
2861 4512 2918 4558 et
2945 4505 3025 4558 sic
3048 4504 3358 4558 auctoritas
3377 4508 3476 4558 tua
3501 4504 3816 4557 secundum

2129 4574 2432 4629 litteralem
2483 4591 2716 4629 sensum
2770 4575 2913 4629 nihil
2978 4575 3112 4630 facit
3168 4581 3365 4629 contra
3394 4589 3522 4640 me;
3555 4574 3816 4626 siautem

2129 4660 2254 4715 eam
2285 4646 2494 4715 allegas
2537 4646 2852 4700 secundum
2898 4661 3129 4700 sensum
3162 4646 3488 4715 mysticum,
3521 4660 3622 4715 seu
3653 4643 3817 4712 spiri-

2127 4714 2363 4789 tualem.
2409 4714 2534 4789 vide
2576 4717 2959 4789 Gregorium,
2987 4716 3086 4789 qui
3130 4714 3278 4789 hanc
3304 4715 3578 4770 visionem
3611 4714 3670 4768 in
3712 4716 3818 4789 Ho-

2128 4785 2314 4840 meliis
2360 4786 2476 4838 suis
2520 4785 2732 4856 super
2808 4785 3156 4842 Ezechielem
3179 4788 3470 4856 eleganter
3529 4785 3812 4856 exposuit,

2129 4856 2230 4924 qui
2283 4860 2464 4910 rotam
2512 4855 2571 4910 in
2614 4855 2801 4912 medio
2848 4863 2986 4912 rota:
3034 4859 3252 4912 Novum
3276 4855 3712 4912 Testamentum
3755 4855 3816 4910 in

2130 4927 2318 5000 medio
2352 4927 2567 4980 Veteris
2596 4928 2882 4998 exposuit:
2916 4932 3135 4982 constat
3165 4933 3355 5000 autem
3389 4929 3539 5000 quod
3572 4928 3629 4980 in
3659 4931 3814 4980 utro-

2130 5013 2242 5070 que
2268 4999 2650 5070 Testamento,
2679 5007 2745 5070 et
2763 5014 2863 5069 per
2891 5015 3245 5070 consequens
3293 4998 3354 5053 in
3395 4998 3636 5070 utraque
3668 5003 3814 5063 rota,

2129 5068 2420 5122 invenitur
2467 5084 2664 5122 sensus
2710 5068 2989 5125 litteralis.
3031 5068 3139 5125 Séd
3189 5069 3352 5137 dicis,
3404 5068 3624 5123 licet'in
3656 5073 3817 5121 utro-

2131 5155 2242 5209 que
2271 5140 2630 5193 Testamento
2678 5139 2968 5195 invenitur
3015 5157 3215 5195 sensus
3261 5139 3523 5195 litteralis
3565 5145 3622 5193 et
3649 5137 3818 5208 spiri-

2131 5209 2309 5281 tualis
2353 5209 2488 5281 vita,
2550 5214 2742 5264 tamen
2798 5227 2912 5265 non
2970 5212 3295 5267 conceditur
3347 5210 3456 5265 nisi
3535 5209 3820 5281 spirituali

2131 5279 2549 5352 intelligentiae,
2571 5350 2576 5352 _
2598 5296 2729 5352 cum
2769 5281 3063 5337 subditur:
3101 5302 3127 5332 ‹‹
3179 5283 3244 5336 Et
3279 5281 3514 5352 spiritus
3543 5279 3672 5335 vitae
3702 5284 3824 5334 erat

2135 5370 2171 5422 «ί
2203 5349 2260 5403 in
2283 5349 2440 5405 rotis.
2485 5370 2512 5402 ››
2549 5350 2696 5407 Audi
2721 5367 2881 5422 rogo,
2916 5351 2962 5406 si
2992 5369 3098 5422 per
3115 5349 3818 5421 spiritualemintelligen-

2131 5421 2294 5494 tiam,
2325 5422 2506 5475 solum
2567 5421 2914 5493 intelligeres
2979 5421 3681 5494 spiritualemﬂsensurm,
3717 5436 3821 5474 seu

2130 5492 2433 5561 mysticum
2461 5495 2684 5548 excluso
2715 5492 2882 5548 sensu
2912 5492 3164 5560 litterati,
3216 5493 3514 5547 manifeste
3560 5492 3818 5546 deviares

2131 5580 2159 5615 a
2189 5563 2423 5618 veritate
2454 5580 2627 5618 sacrae
2659 5565 2951 5619 doctrinm.
2987 5567 3214 5620 Constat
3243 5565 3396 5619 enim
3437 5564 3588 5634 quod
3621 5561 3817 5616 omnia

2129 5649 2259 5704 qum
2303 5634 2373 5688 de
2426 5635 2760 5689 necessitate
2807 5635 3004 5689 salutis
3049 5635 3356 5690 traduntur
3398 5633 3682 5690 credenda
3713 5648 3812 5686 seu

2129 5705 2350 5773 agenda
2393 5705 2450 5759 in
2501 5722 2656 5760 sacra
2702 5705 3008 5776 Scriptura,
3058 5705 3162 5758 sub
3193 5722 3357 5760 sensu
3387 5705 3620 5761 litterati
3651 5719 3812 5774 repe-
