4086 6190
164 286 227 335 33

1658 286 2192 343 PROLEGOMENA.

3596 288 3663 341 54

162 402 414 474 riu_utur.
478 401 803 474 Mysterium
835 403 1011 474 enim
1072 417 1313 457 summae
1362 402 1632 457 trinitatis
1653 407 1709 457 et
1728 404 1857 458 uni-
1890 405 1937 461 A
1976 420 2204 458 sensum
2250 404 2546 458 manifeste
2597 421 2711 457 non
2760 406 2965 457 tradat.
3002 405 3159 459 Unde
3213 406 3565 474 Augustinus
3595 406 3667 460 ad

162 472 312 536 tatis,
348 471 507 540 quod
544 474 692 526 inter
720 472 1003 526 credenda
1033 490 1324 526 summum
1360 479 1513 527 tenet
1548 476 1757 537 locum,
1803 477 1862 529 in

162 542 599 595 auctoritatibus
656 560 831 597 sacrae
890 544 1194 613 Scriptura:
1267 548 1576 599 secundum
1634 561 1863 599 sensum

160 614 473 666 litteralem
538 614 840 667 intellectis
907 615 1196 668 fundatur.
1272 615 1425 668 Unde
1474 616 1860 684 Augustinus,

162 690 414 736 tractans
445 685 513 737 de
551 685 751 738 ordine
807 686 1081 739 servando
1130 701 1258 738 cum
1310 686 1379 738 de
1410 686 1686 739 Trinitate
1734 687 1860 755 agi-

162 760 266 819 tur,
307 755 531 808 inlibro
562 772 611 808 iv
644 756 715 809 de
740 756 1015 809 Trinitate
1068 757 1146 808 sic
1177 756 1344 809 dicit:
1382 776 1406 806 α
1433 758 1623 809 Primo
1667 764 1863 811 contra

159 825 530 878 auctoritates
556 842 845 879 sacrarum
897 827 1349 895 Scripturarum:
1403 834 1593 879 utrum
1617 827 1755 881 ﬁdes
1783 829 1862 881 ita

157 896 455 970 se‘habeat
474 896 981 970 demonstrandum
1013 902 1117 962 est,
1158 897 1362 970 deinde
1414 898 1678 970 adversus
1729 914 1857 967 gar-

156 966 329 1026 rulos,
396 988 424 1015 υ
474 974 577 1020 etc.
641 968 875 1021 Constat
921 974 1111 1020 autem
1175 966 1856 1037 quod'auctoritates’sa-

156 1053 386 1090 crarnm
416 1038 861 1107 Scripturarum,
914 1055 1041 1107 quas
1095 1054 1197 1090 nos
1236 1038 1490 1108 obligant
1520 1039 1586 1091 ad
1628 1039 1859 1092 creden-

156 1108 290 1160 dum
322 1108 386 1161 in
436 1108 775 1177 mysterium
823 1115 1029 1162 sanctas
1075 1109 1385 1173 Trinitatis,
1418 1114 1551 1161 sunt
1578 1109 1690 1162 illae
1731 1127 1858 1179 quae

158 1178 478 1232 secundum
511 1195 742 1232 sensum
798 1180 1099 1233 litteralem
1152 1181 1257 1233 hoc
1303 1180 1540 1232 dicunt:
1598 1178 1855 1233 tantum-

158 1250 325 1301 modo
378 1250 538 1302 enim
571 1268 601 1301 a
640 1250 850 1303 talibus
900 1250 1145 1303 sumitur
1199 1249 1391 1303 efﬁcax
1428 1257 1854 1318 argumentum,

156 1320 799 1401 secundum_eumde_m
843 1321 1226 1401 Augustinum
1271 1321 1339 1373 de
1382 1321 1647 1401 Doctrina
1709 1322 1860 1401 Chri-

158 1392 358 1443 stiana.
390 1392 549 1445 Unde
593 1391 787 1444 omnia
836 1391 1163 1444 testimonia
1212 1408 1341 1461 qua:
1366 1408 1399 1443 a
1430 1392 1695 1461 Magistro
1731 1393 1853 1457 int,

156 1462 404 1514 distinct.
430 1466 484 1524 ‘2,
518 1462 590 1515 ad
622 1463 728 1516 hoc
776 1463 1108 1530 mysterium
1165 1462 1521 1516 fundendum
1560 1462 1855 1516 deducun-

157 1542 262 1593 tur,
318 1532 728 1602 intettiguntur
773 1533 1086 1585 secundum
1143 1549 1371 1585 sensum
1435 1534 1758 1595 litteralem,
1794 1538 1858 1586 ut

155 1602 368 1655 ibidem
434 1609 611 1672 patet.
695 1604 771 1656 De
834 1603 1104 1673 mysterio
1184 1610 1377 1657 autem
1450 1604 1854 1657 incarnationis

1976 476 2334 547 Vincentium
2391 475 2736 547 Donatistam
2769 491 2839 547 :c
2874 476 3009 538 Quis
3055 480 3246 547 autem
3287 492 3402 547 non
3446 475 3666 547 impru-

1974 546 2306 599 dentissime
2352 546 2564 599 nitatur
2606 546 2822 616 aliquid
2873 547 2932 600 in
2972 546 3242 615 allegoria
3285 546 3545 616 positum
3569 564 3670 616 pro

1974 632 2032 669 se
2062 617 2361 680 adducere,
2397 615 2505 669 nisi
2538 615 2741 669 habeat
2772 617 2945 669 etiam
2979 615 3294 670 manifesta
3319 615 3665 683 testimonia,

1975 703 2218 751 quorum
2260 688 2475 741 lumine
2509 686 2870 740 illustrentnr
2920 689 3240 743 obscura?»
3275 688 3379 741 Sed
3432 688 3669 741 ulterius

1973 758 2041 811 de
2072 774 2242 811 seusu
2289 759 2524 827 mystico
2574 757 2781 811 videris
2821 758 3006 811 dicere
3046 760 3158 811 sic:
3214 759 3340 811 Ilaec
3397 759 3549 811 enim
3582 767 3667 813 est

1972 844 2103 881 vera
2133 829 2264 889 vita,
2308 845 2477 898 quam
2523 829 2767 882 Verbum
2794 828 2924 881 vita:
2961 828 3196 882 czecitati
3240 829 3484 883 Iudaica:
3525 846 3665 899 praa-

1971 898 2195 963 dicavif,
2229 915 2356 951 cum
2398 898 2567 952 dixit:
2595 918 2620 948 (ι
2672 899 3014 952 Scrutamini
3074 900 3410 967 Scripturas,
3448 900 3503 951 in
3528 898 3664 969 qui-

1970 988 1997 1019 (ι
2031 970 2137 1022 bus
2169 970 2377 1037 putatis
2403 987 2499 1021 vos
2540 971 2707 1022 vitam
2758 976 3029 1022 teternam
3063 970 3269 1023 habere
3292 971 3466 1031 (Joan.
3499 971 3551 1038 ν)
3586 986 3598 1033 ;
3638 991 3659 1017 ι

1967 1056 2071 1109 per
2102 1041 2223 1093 haec
2254 1048 2352 1092 tua
2378 1040 2545 1092 verba
2576 1040 2758 1092 sentio
2790 1040 3069 1093 aestimare
3112 1041 3259 1109 quod
3297 1057 3397 1108 per
3464 1040 3665 1093 scruti-

1969 1111 2128 1163 nium
2161 1110 2598 1180 Scripturarum,
2634 1127 2666 1162 a
2701 1112 2921 1164 Christo
2945 1117 3290 1181 praeceptum
3321 1111 3661 1180 Judaaisnin-

1967 1180 2245 1253 telligitur
2272 1182 2361 1253 eis
2394 1183 2663 1235 mandare
2698 1187 2758 1234 ut
2789 1180 3060 1253 dersa’cris
3093 1182 3293 1234 litteris
3334 1181 3660 1253 educerent,

1968 1267 2064 1303 seu
2102 1252 2471 1305 extraherent
2522 1268 2749 1304 sensum
2792 1252 3145 1320 spiritualem
3179 1269 3274 1303 seu
3317 1252 3655 1319 mysticum:

1968 1322 2140 1390 quod,
2177 1323 2329 1375 salva
2359 1339 2494 1392 pace
2526 1323 2787 1380 dixerim,
2814 1322 3025 1375 nullam
3047 1323 3301 1375 continet
3326 1322 3619 1375 veritatem
3644 1340 3656 1375 :

1968 1394 2162 1445 Audeo
2214 1394 2367 1445 enim
2445 1393 2568 1456 tibi,
2610 1392 2785 1446 frater
2843 1394 3050 1457 dicere,
3122 1393 3380 1447 Scrutare
3464 1393 3661 1445 omnia

1967 1480 2123 1517 sacra
2158 1464 2455 1531 Evangelia
2487 1463 2603 1527 Dei,
2638 1475 2690 1516 et
2735 1480 3030 1532 nunquam
3078 1464 3327 1532 reperies
3372 1463 3656 1517 Christum

1968 1534 2238 1603 allegasse
2287 1534 2535 1603 aliquam
2577 1534 2969 1587 auctoritatem
3014 1550 3185 1587 sacras
3212 1532 3539 1600 Scriptura;
3571 1536 3656 1587 vel

1965 1604 2257 1673 discipulis
2321 1605 2668 1669 erudiendis,
2714 1612 2813 1657 aut
2857 1605 3068 1658 Judzeis
3116 1603 3652 1666 contradicentibus,

154 1674 343 1739 Verbi,
372 1672 431 1726 in
459 1674 623 1742 cujus
654 1672 945 1742 agnitione
979 1673 1091 1727 vita
1121 1679 1332 1727 aeterna
1370 1674 1648 1733 consistit,
1676 1675 1853 1743 unde,
1896 1690 1934 1743 Β
1965 1690 2060 1726 seu
2095 1672 2267 1727 etiam
2320 1675 2544 1729 diabolo
2592 1676 2855 1740 tentanti,
2906 1675 3011 1727 nisi
3040 1675 3143 1727 sub
3209 1690 3379 1727 sensu
3427 1674 3656 1727 titterali

156 1766 177 1790 σ
216 1745 343 1797 Haec
373 1748 461 1797 est
486 1744 600 1797 vita
632 1752 867 1807 aeterna,
898 1750 962 1797 ut
1006 1749 1349 1813 cognoscant
1404 1750 1461 1797 te
1523 1746 1719 1809 Deum,
1753 1750 1809 1798 et
1838 1789 1849 1807 ,

156 1835 179 1862 ε
238 1831 417 1883 quem
477 1815 706 1879 misisti,
760 1816 965 1868 Filium
1017 1821 1178 1868 tuum
1212 1817 1403 1879 (Joan,
1448 1818 1601 1880 xvn),
1636 1835 1663 1865 ››
1709 1820 1851 1880 etc.,

153 1885 522 1938 manifestum
553 1892 638 1938 est
666 1886 823 1956 quod
862 1886 1053 1939 omnia
1098 1886 1244 1939 circa
1292 1887 1399 1939 hoc
1419 1886 1486 1939 de
1527 1886 1854 1940 necessitate

150 1956 344 2008 salutis
377 1956 681 2022 credenda,
714 1957 776 2009 in
827 1973 990 2009 sensu
1038 1956 1263 2010 litterati
1304 1957 1692 2026 principaliter
1738 1962 1851 2010 tra-

148 2027 387 2092 duntur;
438 2032 503 2079 ut
549 2043 680 2080 cum
714 2027 783 2079 de
841 2026 1227 2080 incarnatione
1281 2027 1571 2080 dicitur:«
1608 2027 1851 2081 Verbum

154 2116 178 2145 α
224 2113 357 2149 caro
405 2097 618 2150 factum
672 2104 758 2150 est
805 2099 970 2159 (Joan.
1001 2102 1061 2163 ι),
1098 2119 1121 2145 ι
1155 2098 1309 2168 quod
1359 2098 1675 2151 secundum
1724 2115 1851 2151 sen-

153 2183 272 2219 sum
314 2169 626 2221 titteralem
684 2168 1135 2221 incarnationem
1196 2185 1387 2221 veram
1443 2168 1747 2236 signiﬁcat;
1798 2173 1853 2222 et

149 2254 273 2292 cum
309 2238 385 2291 de
420 2244 606 2292 morte
627 2238 838 2292 dicitur
866 2256 923 2291 ;‹‹
955 2240 1216 2294 Clanians
1248 2256 1381 2292 voce
1424 2255 1632 2309 magna
1666 2239 1850 2309 exspi-

150 2328 175 2357 α
206 2309 353 2362 ravit
389 2310 675 2376 (Maron)
713 2326 726 2375 ;
753 2333 773 2356 ι
810 2315 865 2362 et
892 2310 970 2363 sic
1002 2311 1071 2362 de
1091 2310 1215 2363 aliis
1244 2310 1391 2363 circa
1430 2310 1849 2363 humanitatem

146 2379 355 2433 Christi
396 2381 739 2433 credendis:
775 2397 902 2449 quae
951 2381 1144 2434 omnia
1180 2381 1239 2434 in
1290 2397 1459 2433 sensu
1491 2381 1719 2433 litterati
1759 2380 1849 2433 in-

146 2450 478 2503 veniuntur.
514 2452 667 2504 Idem
725 2452 794 2503 de
823 2452 1105 2504 creatione
1146 2451 1363 2512 mundi,
1424 2450 1550 2504 aliis
1596 2450 1850 2504 articulis

145 2521 296 2586 ﬁdei,
322 2522 423 2589 qui
458 2522 622 2574 nodis
651 2528 1048 2591 proponuntur
1075 2522 1364 2585 credendi,
1396 2522 1494 2592 qui
1518 2538 1716 2574 omnes
1745 2522 1849 2575 sub

147 2608 312 2645 sensu
338 2593 578 2645 litterati
610 2592 1014 2656 inveniuntur;
1047 2597 1103 2644 et
1132 2592 1259 2645 ideo
1306 2592 1519 2646 habent
1573 2592 1681 2645 vim
1706 2593 1845 2645 obli-

143 2664 455 2731 gatoriam,
491 2669 551 2715 ut
569 2662 785 2733 dictum
811 2667 911 2716 est.
937 2664 1011 2716 De
1032 2662 1119 2716 his
1141 2679 1273 2716 vero
1314 2679 1443 2733 quas
1468 2664 1691 2730 agenda
1715 2668 1847 2717 sunt

141 2734 204 2786 de
249 2734 594 2786 necessitate
625 2732 842 2797 salutis,
892 2734 1077 2787 solum
1130 2732 1345 2804 accipio
1374 2734 1471 2786 illa
1510 2734 1622 2786 duo
1669 2733 1845 2786 mani-

139 2804 306 2857 festa:
363 2804 424 2856 in
473 2804 684 2873 quibus
736 2808 855 2874 tota
887 2804 971 2857 lex
1032 2805 1243 2874 pendet
1289 2809 1345 2857 et
1394 2804 1710 2873 propheta),
1757 2820 1842 2857 se-

139 2876 387 2927 condum
452 2873 847 2928 testimonium
897 2873 1222 2935 Salvatoris,
1282 2875 1526 2928 scilicet:
1566 2896 1592 2923 «
1635 2874 1844 2942 Diliges

140 2968 163 2989 ‹‹
212 2945 535 2998 Dominum
601 2946 782 2999 Deum
840 2951 1003 2998 tuum
1053 2962 1121 2999 ex
1174 2950 1293 2999 toto
1371 2946 1542 3000 corde
1617 2946 1830 3014 (Matth.

140 3037 161 3064 α
196 3017 370 3083 xm,»
404 3020 514 3069 etc.
563 3021 711 3086 ;et_:
747 3033 776 3067 α
831 3016 1041 3084 Diliges
1088 3016 1414 3086 proximum
1468 3020 1632 3069 tuum
1691 3016 1837 3069 sicut

140 3109 159 3134 ι
196 3084 701 3155 teipsum(1bid.).
738 3105 764 3136 ››
810 3088 921 3140 Ista
949 3084 1105 3139 enim
1154 3088 1421 3141 mandata
1476 3103 1591 3139 non
1623 3087 1836 3140 habent

135 3157 239 3209 nisi
284 3173 525 3210 sensum
575 3157 895 3210 litteralem.
951 3159 1073 3211 Non
1124 3158 1277 3211 enim
1307 3158 1368 3211 in
1426 3158 1533 3211 hoc
1591 3158 1714 3211 loco
1745 3174 1836 3210 res

132 3228 472 3297 signiﬁcata:
502 3244 605 3298 per
633 3228 779 3281 hanc
816 3243 1030 3289 vocem,
1076 3229 1239 3291 Deus,
1276 3245 1372 3281 seu
1405 3244 1507 3298 per
1549 3228 1693 3281 hanc
1739 3245 1832 3281 vo-

129 3315 272 3355 cem.
312 3300 657 3368 proximum,
690 3303 747 3351 et
808 3314 909 3369 per
938 3299 1083 3352 hanc
1108 3315 1320 3366 vocem,
1354 3300 1572 3367 diliges,
1599 3299 1833 3352 ulterius

129 3370 266 3422 alias
294 3386 389 3422 res
441 3369 787 3439 signiﬁcant,
816 3386 848 3422 a
904 3369 1111 3439 quibus
1148 3370 1318 3423 rebus
1374 3371 1453 3422 sic
1499 3369 1834 3431 signiﬁcatis

129 3457 333 3493 sensus
355 3440 507 3493 alius
529 3439 858 3509 accipiatur,
894 3448 956 3492 ut
985 3446 1069 3494 est
1108 3441 1492 3495 manifestum.
1557 3442 1622 3494 Et
1650 3446 1833 3494 atten-

128 3510 197 3563 de
256 3511 417 3580 quod
473 3526 588 3564 non
639 3511 823 3564 solum
868 3510 1159 3580 praedicta,
1219 3527 1348 3582 quas
1371 3511 1441 3565 de
1502 3511 1832 3564 necessitate

125 3583 328 3635 salutis
357 3586 496 3652 sunt
520 3582 762 3650 agenda,
804 3581 899 3635 sed
962 3581 1132 3635 etiam
1172 3581 1271 3635 illa
1317 3598 1447 3652 quae
1503 3582 1574 3636 ad
1623 3587 1833 3635 statum

125 3651 504 3721 perfectionis
532 3652 841 3722 pertinent,
865 3657 922 3705 et
942 3657 1006 3705 ut
1049 3653 1284 3706 consilia
1337 3651 1562 3715 dantur,
1626 3652 1835 3706 haben-

125 3728 220 3775 tur
260 3738 371 3792 per
392 3739 627 3776 sensum
684 3722 1007 3785 litteralem,
1049 3729 1113 3777 ut
1156 3740 1286 3777 cum
1333 3723 1569 3777 dicitur:
1604 3745 1625 3771 ε
1665 3724 1721 3776 Si
1755 3723 1835 3775 vis

138 3812 161 3844 ι
194 3794 489 3874 perfectus
518 3808 660 3874 esse,
700 3794 928 3874 vade_et
977 3795 1155 3847 vende
1212 3794 1405 3874 omnia
1452 3811 1581 3874 qius:
1636 3794 1831 3874 habes,

129 3864 341 3946 «διάη.
360 3864 719 3933 pauperibus
776 3866 983 3946 (aferen
1031 3866 1323 3946 xux)._-_tn
1352 3864 1592 3946 “quibus
1640 3864 1835 3946 verbis

128 3936 454 3989 secundum
510 3950 744 3988 sensum
780 3935 1080 3989 litteralem
1120 3935 1419 3990 intellectis
1466 3935 1836 3989 includuntur

127 4006 325 4059 omnia
355 4006 478 4069 illa,
509 4022 638 4075 quas
661 4005 726 4058 ad
759 4010 967 4059 statum
1019 4006 1382 4076 perfectionis
1437 4007 1749 4076 pertinent.
1774 4012 1836 4059 ut

128 4082 207 4129 est
240 4075 638 4129 manifestum.
700 4077 841 4129 Item
897 4075 1153 4129 doctrina
1202 4075 1684 4130 sacramentorum
1728 4076 1833 4129 Ec-

126 4148 335 4211 etesia,
359 4147 575 4217 quibus
600 4146 782 4216 gratia
831 4147 1150 4217 justiticans
1202 4149 1371 4202 datur
1422 4164 1518 4201 seu
1570 4153 1829 4216 augetur,

166 4234 325 4271 σεξτ-ο
356 4234 466 4287 per
487 4233 661 4286 quem
699 4234 926 4271 sensum
958 4219 1123 4271 datur
1174 4218 1339 4273 nobis
1360 4218 1417 4272 in
1474 4217 1782 4287 Scripturis
1803 4218 1830 4270 ?

166 4236 325 4271 uaaro
356 4236 466 4287 per
487 4236 661 4286 quem
699 4236 926 4271 sensum
958 4236 1123 4271 uatur
1174 4236 1417 4273 nonism
1474 4236 1782 4287 scripturis
1806 4236 1829 4270 γ

124 4236 232 4342 ger
285 4288 598 4341 litteralem
665 4304 765 4341 seu
824 4288 1161 4356 mysticum?
1210 4291 1334 4343 Non
1382 4294 1467 4343 est
1517 4288 1829 4343 dubitabile

124 4361 279 4430 quod
320 4374 430 4427 per
462 4358 784 4430 litteralem.
843 4359 986 4430 Cum
1035 4360 1186 4413 enim
1243 4360 1470 4414 dicitur:
1498 4381 1523 4408 α
1566 4358 1672 4423 Qui
1702 4376 1827 4412 cre-

128 4428 428 4494 c'diderit,
474 4434 533 4483 et
587 4429 902 4498 baptizatus
965 4428 1156 4497 fuerit,
1214 4451 1236 4479 ι
1273 4434 1378 4484 etc.
1429 4432 1619 4497 (Marc.
1672 4430 1784 4498 xvi)
1814 4471 1826 4495 ,

125 4501 452 4554 secundum
503 4516 731 4553 sensum
782 4500 1085 4554 litteralem
1139 4501 1421 4555 institutio
1492 4499 1829 4554 sacramenti

128 4570 403 4641 baptismi
450 4570 813 4639 intelligitur;
877 4571 1139 4625 similiter
1189 4588 1319 4626 cum
1366 4571 1593 4625 dicitur:
1632 4594 1651 4619 ι
1689 4572 1829 4625 Caro

128 4662 151 4691 ι
183 4657 319 4696 mea
357 4656 492 4694 vere
522 4647 607 4695 est
634 4642 815 4706 cibus,
837 4646 893 4695 et
916 4641 1015 4711 qui
1038 4643 1343 4697 manducat
1368 4659 1554 4696 meam
1576 4658 1827 4707 carnem,

125 4719 178 4765 et
246 4712 400 4766 bibit
442 4727 636 4766 meum
695 4712 1057 4782 sanguinem,
1114 4734 1136 4762 ι
1187 4719 1293 4767 etc.
1356 4714 1527 4779 (Joan.
1582 4713 1691 4781 vr),
1742 4729 1827 4765 se-

126 4783 389 4836 cundum
423 4798 653 4837 sensum
672 4782 977 4854 litteralem
1014 4784 1317 4838 doctorum
1353 4783 1681 4854 hujusmodi
1729 4783 1828 4837 ha-

129 4856 302 4907 betur
336 4853 540 4919 virtus,
582 4870 679 4906 seu
738 4853 987 4907 efﬁcacia
1051 4855 1391 4909 sacramenti
1438 4853 1826 4908 'Eucharistize.

128 4924 416 5005 Similiter
465 4940 570 5005 per
620 4940 855 5005 sensum
923 4924 1227 5005 litteralem
1293 4925 1623 5005 hujusmodi
1675 4924 1829 5005 dicti:

132 4995 547 5050 «Conﬁtemini
588 4996 925 5049 alterutrum
980 5002 1211 5065 peccata
1252 5000 1434 5049 vestra
1464 4999 1595 5059 (Jac.
1670 4996 1773 5063 ιιι),
1805 5014 1829 5046 υ

130 5071 557 5121 sacramentum
627 5065 978 5135 paenitentia:
1046 5067 1437 5133 intelligimus.
1505 5066 1641 5131 Quis
1698 5083 1833 5134 ergo

130 5154 283 5191 sana:
314 5136 530 5191 mentis
591 5137 799 5191 audeat
854 5136 1039 5190 dicere
1096 5138 1343 5207 quodin
1390 5154 1561 5191 sensu
1602 5137 1833 5191 litterati

135 5225 244 5261 non
267 5213 354 5261 est
384 5207 621 5277 spiritus
683 5207 827 5273 vitae,
880 5223 1013 5261 cum
1066 5209 1126 5262 in
1190 5225 1257 5263 eo
1307 5209 1501 5262 omnia
1555 5208 1835 5261 credenda

132 5284 185 5402 at
246 5278 482 5405 pgepda
531 5279 599 5333 ad
654 5278 827 5332 vitam
883 5278 1241 5348 spiritualem
1315 5279 1663 5351 pertinentia
1724 5284 1832 5332 tra-

172 5365 243 5402 an
272 5365 343 5402 ur

172 5354 343 5402 antur

201 5420 310 5475 Sed
334 5421 481 5474 forte
511 5418 728 5474 diceres
764 5421 918 5491 quod
956 5420 1152 5475 omnia
1200 5420 1471 5490 praedicta
1526 5419 1701 5474 etiam
1741 5420 1835 5473 ba-

144 5492 344 5545 bentur
376 5491 433 5545 in
475 5506 641 5543 sensu
674 5492 933 5561 mystico,
973 5508 1104 5545 nam
1143 5508 1257 5617 (per
1310 5508 1537 5546 sensum
1577 5491 1835 5559 allegori-

144 5578 265 5615 cnm
303 5563 595 5617 habentur
623 5578 689 5615 ea
719 5578 848 5617 ante
876 5569 1009 5616 sunt
1046 5580 1138 5617 cre
1182 5563 1347 5617 enda.
1407 5569 1463 5615 et
1493 5578 1594 5617 uer
1641 5567 1834 5617 trono-

144 5578 265 5615 cum
303 5563 595 5617 habentur
623 5578 689 5615 ea
719 5578 848 5632 qua:
876 5569 1009 5616 sunt
1046 5563 1347 5628 credenda,
1407 5569 1463 5615 et
1493 5578 1594 5631 per
1641 5567 1834 5631 tropo-

147 5633 387 5756 logicum
419 5649 553 5703 quae
586 5638 733 5712 sunt
748 5634 988 5714 agenda.
1019 5634 1111 5715 Ad.
1141 5633 1294 5705 quod
1358 5633 1661 5713 dicendum
1686 5633 1835 5713 quod

148 5720 196 5756 ni
239 5705 275 5756 ιΙ
308 5704 416 5756 sub
458 5719 629 5756 sensu
651 5706 932 5756 spirituali
963 5710 1289 5756 continetur
1310 5703 1443 5756 ﬁdei
1465 5705 1550 5756 vel
1582 5703 1835 5756 moribus

148 5703 275 5757 nihil
308 5704 416 5757 sub
458 5719 629 5757 sensu
651 5703 932 5773 spirituali
963 5703 1289 5759 continetur
1310 5703 1443 5759 ﬁdei
1465 5705 1550 5757 vel
1582 5703 1836 5758 moribus

152 5774 544 5841 necessarium,
598 5775 751 5845 quod
807 5774 1098 5845 Scriptura
1135 5776 1342 5831 alicubi
1374 5792 1475 5846 per
1530 5775 1833 5829 titteralem

1872 2980 1911 3035 C

1965 1744 2334 1799 intellectam.
2387 1747 2543 1799 Unde
2588 1752 2642 1799 et
2699 1746 2961 1815 Magister
3000 1746 3261 1799 Nicotaus
3338 1744 3441 1796 hoc
3506 1749 3655 1798 recte

1965 1816 2352 1883 considerans,
2380 1816 2438 1870 in
2468 1822 2581 1869 tota
2616 1814 2841 1870 Postilla
2873 1832 2973 1869 sua
3029 1815 3242 1868 Veteris
3289 1814 3653 1877 Testamenti,

1965 1886 2061 1940 ubi
2092 1887 2336 1940 occurrit
2355 1887 2563 1957 aliquis
2592 1892 2775 1941 textus
2804 1888 3082 1949 allegatus
3112 1886 3171 1938 in
3195 1887 3345 1939 Novo
3373 1901 3405 1957 a
3435 1884 3655 1939 Christo

1964 1963 2077 2010 eta
2107 1957 2420 2027 discipulis,
2445 1974 2670 2027 semper
2724 1958 2954 2027 exponit
3004 1972 3136 2010 eum
3182 1956 3492 2009 secundum
3516 1972 3653 2027 sen-

1963 2044 2088 2081 sum
2143 2026 2465 2089 litteralem,
2537 2026 2595 2081 in
2650 2026 2874 2081 tantum
2932 2029 3085 2098 quod
3128 2027 3298 2079 etiam
3374 2027 3457 2078 vel
3510 2026 3652 2098 illud

1962 2099 2271 2154 Psalmistzn
2305 2115 2317 2151 :
2357 2120 2376 2147 ι
2425 2099 2689 2169 Lapidem
2742 2115 2914 2169 quem
2948 2096 3422 2169 improbaverunt
3470 2096 3653 2150 rediti-

1965 2188 1991 2219 «
2024 2175 2237 2235 cantes,
2262 2169 2351 2222 hic
2379 2168 2557 2223 factus
2588 2176 2671 2223 est
2699 2168 2773 2223 ini
2790 2173 2960 2238 caput
3000 2168 3197 2237 anguli
3228 2168 3586 2233 (Psal.cxvn),
3623 2187 3649 2216 »

1960 2240 2193 2308 exponit
2226 2240 2660 2309 intelligendum
2688 2257 2809 2293 esse
2850 2241 3163 2293 secundum
3221 2254 3449 2291 sensum
3487 2238 3649 2309 litte-

1958 2307 2137 2363 ralem
2182 2310 2250 2364 de
2297 2307 2538 2376 Christo,
2592 2326 2659 2365 eo
2711 2311 2865 2380 quod
2923 2310 3177 2364 Christus
3221 2308 3431 2363 Iudaeis
3483 2307 3646 2362 illum

1958 2384 2174 2452 textum
2206 2381 2275 2434 de
2330 2382 2515 2451 seipso
2562 2381 2844 2452 allegavit.
2898 2381 3173 2435 Similiter
3206 2396 3407 2452 omnes
3450 2385 3644 2452 aucto-

1958 2451 2154 2504 ritates
2201 2450 2429 2505 Veteris
2462 2450 2828 2515 Testamenti,
2889 2469 3030 2522 quas
3076 2451 3384 2522 Apostolus
3439 2450 3648 2522 allegat

1957 2522 2022 2574 ad
2064 2522 2362 2578 Hebraeo“
2394 2523 2461 2576 ad
2505 2523 2862 2592 probandum
2906 2520 3273 2575 divinitatem
3332 2520 3561 2592 Christi,
3591 2526 3647 2573 et

1957 2592 2066 2645 alia
2105 2592 2227 2662 ejus
2254 2591 2542 2663 mysteria,
2573 2600 2811 2647 conatur
2860 2611 2954 2646 eos
2992 2591 3379 2663 reducereiad
3400 2607 3643 2663 sensum

1954 2661 2857 2734 litteralem,quantumcunque
2924 2663 3110 2733 prima
3188 2662 3327 2734 facie
3400 2661 3648 2734 habeant

1955 2733 2127 2805 aliam
2186 2731 2597 2805 apparentiam;
2660 2731 2813 2805 quod
2869 2731 2953 2787 est
2993 2733 3369 2805 necessarium
3402 2731 3470 2784 ad
3512 2731 3640 2793 hoc,

1956 2804 2108 2872 quod
2167 2804 2281 2858 sint
2328 2805 2581 2858 efﬁcaces
2620 2803 2693 2858 ad
2728 2804 3182 2858 concludendum
3242 2803 3544 2865 intentum;
3587 2810 3643 2853 et

1954 2875 2119 2928 sicin
2171 2875 2297 2927 aliis
2348 2876 2785 2945 quibuscunque
2837 2876 2971 2928 locis
3020 2874 3193 2945 totius
3249 2872 3516 2926 Postillaa.
3569 2872 3641 2924 Ex

1954 2961 2068 3014 quo
2099 2944 2453 2999 concluditur
2479 2953 2677 2999 contra
2705 2952 2758 2999 te
2788 2963 2800 2999 :
2838 2947 2986 3015 ipsos
3018 2944 3170 2997 enim
3230 2958 3640 3015 sensusdman-

1950 3012 2118 3069 dabat
2157 3016 2412 3069 Christus
2443 3016 2711 3081 scrutari;
2736 3016 2804 3070 de
2844 3012 3049 3085 quibus
3079 3015 3199 3084 ipse
3255 3013 3509 3084 quotidie
3538 3012 3640 3065 do-

1943 3085 2125 3149 cebat,
2176 3087 2537 3155 praedicabat,
2594 3104 2688 3141 seu
2745 3084 3097 3156 disputabat:
3157 3084 3255 3155 qui
3324 3088 3459 3156 sunt
3503 3088 3633 3156 tan:

1942 3153 2242 3211 tummodo
2303 3158 2593 3223 litterales,
2652 3162 2713 3211 ut
2769 3153 2981 3211 dictum
3050 3160 3129 3209 est
3154 3153 3189 3220 ί
3218 3160 3273 3209 et
3319 3154 3449 3207 ideo
3498 3153 3638 3207 illud

1943 3228 2181 3281 verbum
2233 3228 2526 3282 Christiu
2601 3228 2944 3283 Scrutamiui
3002 3227 3340 3296 Scripturas,
3395 3245 3421 3275 ι)
3483 3225 3634 3295 quod

1942 3315 2046 3368 pro
2075 3304 2128 3350 te
2159 3298 2390 3369 allegas,
2411 3300 2722 3353 secundum
2766 3299 3099 3369 magistrum
3157 3296 3514 3369 praedictum,
3549 3311 3636 3347 ex-

1944 3366 2174 3445 ponitur
2200 3366 2585 3445 de'mysteriis
2636 3366 3026 3445 Christi;un
3071 3367 3323 3445 insacris
3374 3366 3628 3445 Scriptu-

1943 3438 2020 3493 ris
2050 3438 2373 3494 secundum
2398 3457 2627 3495 sensum
2665 3438 2969 3495 litteralem
3000 3438 3297 3493 intellectis
3328 3438 3632 3505 reperiun-

1943 3516 2053 3563 tur.
2109 3510 2254 3564 Dicit
2300 3510 2451 3582 euim
2504 3527 2675 3580 super
2746 3511 3016 3582 praadicto
3058 3511 3275 3582 (verbo,
3333 3507 3544 3582 scilicet
3590 3523 3629 3582 ,ε

1946 3600 1972 3632 α
2021 3581 2363 3635 Scrutamini
2418 3576 2777 3652 Scripturas':
2814 3603 2840 3632 ι)
2908 3582 2997 3636 Sic
3049 3580 3338 3652 Scriptura
3420 3576 3634 3652 Veteris

1942 3652 2287 3706 Testamenti
2352 3649 2615 3724 designat
2670 3659 2897 3724 tempus
2953 3652 3229 3724 adventus
3268 3649 3442 3724 ejus;
3491 3649 3628 3702 Gen.

1942 3724 2145 3792 penult
2194 3739 2205 3776 :
2236 3745 2257 3771 ι
2285 3724 2407 3777 Non
2464 3719 2753 3777 auferetur
2794 3719 3092 3793 sceptrum
3157 3722 3225 3774 de
3262 3719 3584 3793 J_uda,‘etc.
3616 3734 3628 3781 ;

1944 3790 2001 3847 et
2032 3794 2168 3847 Dan.
2210 3810 2280 3855 Ix,
2337 3794 2434 3847 ubi
2476 3790 2917 3848 determinatur'
2946 3794 3218 3847 adventus
3275 3790 3459 3845 Sancti
3503 3805 3630 3842 san-

1942 3869 2163 3917 ctorum
2194 3865 2298 3917 sub
2338 3881 2578 3919 numero
2607 3872 2760 3919 certo
2787 3864 3296 3918 hebdomadarum.
3356 3860 3629 3914 Determi-

1946 3939 2042 3987 nat
2087 3935 2259 3988 etiam
2309 3936 2495 3988 locum
2535 3936 2847 3989 nativitatis
2908 3935 3068 3989 Mich.
3095 3951 3125 3983 v
3151 3950 3163 3986 :
3191 3952 3217 3982 ί(
3266 3934 3321 3985 Et
3353 3935 3417 3984 tu
3473 3932 3631 3984 Beth-

1947 4024 1973 4055 α
2008 4005 2235 4060 lehem‘?
2267 4027 2292 4053 κ
2326 4007 2678 4059 Determinat
2711 4006 2880 4059 etiam
2942 4004 3177 4058 modum
3222 4000 3487 4055 nascendi
3520 4002 3625 4057 Isa.

1943 4092 2055 4129 vn:
2111 4096 2137 4125 ιι
2182 4078 2315 4129 Ecce
2366 4076 2525 4143 virgo
2578 4076 2907 4146 concipiet?
2934 4096 2959 4125 ι)
2997 4076 3064 4128 Et
3102 4074 3338 4146 modum
3369 4087 3627 4146 conver-

1944 4146 2123 4209 sandi,
2156 4149 2319 4200 Zach.
2380 4142 2530 4200 υἱέι(
2592 4142 2867 4200 ΕεοθΤθλ
2921 4152 3054 4199 tuus
3107 4143 3261 4196 venit
3282 4143 3384 4196 tibi
3438 4143 3465 4194 ?
3502 4162 3523 4188 ι
3559 4142 3631 4196 Et

1943 4218 2175 4272 modum
2210 4217 2512 4282 moriendi,
2550 4219 2653 4272 Isa.
2703 4234 2826 4272 Liv:
2864 4237 2890 4267 (ι
2941 4217 3093 4271 Sicut
3140 4214 3257 4268 ovis
3294 4213 3366 4266 ad
3396 4212 3630 4266 occisio-

1862 4265 1908 4321 Ι)
1943 4265 2175 4341 7328i—
2194 4265 2671 4353 (ῖιὶὲἱδὶῖἱῖοζἾ-’ἑῖᾲ
2703 4265 3095 4349 iamsi-1's};
3149 4265 3363 4337 sana
3411 4265 3631 4338 Christi

1942 4358 2209 4428 mysteria
2264 4359 2323 4412 in
2384 4360 2573 4413 Veteri
2646 4361 3007 4413 Testamento
3083 4357 3454 4428 inveniuntur
3531 4371 3629 4407 ex-

1940 4426 2154 4499 pressa,
2198 4433 2253 4482 et
2310 4429 2365 4482 in
2426 4430 2622 4484 Chriso
2691 4432 2990 4500 completa.
3053 4429 3183 4500 Haec
3240 4427 3353 4479 ille.
3402 4426 3634 4500 Constat

1939 4496 2313 4569 autemquod
2355 4516 2554 4554 omnes
2597 4496 2961 4554 auctoritates
3010 4498 3332 4569 praedictae,‘
3373 4496 3631 4564 allegatus

1938 4586 2040 4641 per
2069 4567 2485 4624 Postillatorem
2518 4573 2828 4625 secundum
2855 4567 3079 4641 sensum
3133 4567 3434 4641 litteralem
3483 4582 3632 4636 pras-

1938 4637 2087 4695 dicta
2135 4641 2403 4710 mysteria
2462 4642 2806 4711 signiﬁcant.
2850 4643 2916 4695 Et
2964 4640 3042 4693 sic
3098 4642 3253 4711 patet
3284 4637 3439 4711 quod
3501 4652 3630 4689 cum

1939 4712 2149 4765 dicitur
2196 4707 2265 4764 Ξα
2313 4707 2655 4766 Scrutamini
2708 4712 3045 4781 Scripturas,
3083 4707 3112 4757 ἰ
3153 4707 3512 4762 referendum
3548 4711 3633 4759 est

1939 4783 2269 4856 adsensum
2302 4782 2644 4856 litteralem,,
2667 4784 2817 4853 quod
2842 4782 3269 4856 estuintcntum.
3418 4847 3428 4856 .
3496 4846 3530 4856 υ

2011 4853 2117 4927 Sed
2150 4853 2293 4927 forte
2320 4853 2469 4907 dices
2500 4855 2650 4927 quod
2682 4847 2878 4927 sensus
2932 4850 3187 4905 litteratis
3236 4864 3350 4902 non
3415 4847 3634 4927 indiget

1940 4923 2235 4998 scrutinio,
2270 4940 2399 4998 cum
2461 4923 2911 4998 ex‘_signiﬁcatis
2966 4939 3069 4992 per
3098 4936 3290 4998 vocem
3338 4923 3630 4998 accipitur.

1941 4996 2019 5048 sic
2049 4994 2239 5069 statim
2268 4996 2434 5069 etfert
2458 5014 2529 5069 se
2549 4992 2877 5069 intellectui,
2908 5009 3037 5047 cum
3062 4992 3286 5069 modico
3334 4992 3629 5069 scrutinio,

1942 5082 2037 5120 seu
2062 5065 2321 5139 rationis
2344 5067 2648 5139 indagine:
2687 5067 2834 5120 unde
2864 5066 2981 5139 hoc
3008 5063 3361 5139 superﬂuum
3409 5060 3633 5139 videtur

1942 5136 2183 5209 caecitati
2210 5137 2459 5191 Judaicze
2491 5138 2777 5209 Christum
2808 5136 3142 5209 praedicasse
3168 5150 3179 5187 :
3218 5152 3245 5182 (ι
3289 5132 3633 5209 Scrutamini

1944 5207 2300 5280 scripturas;
2343 5230 2364 5256 ι
2406 5224 2537 5280 cum
2585 5207 2697 5280 ipsi
2733 5201 2823 5261 de'
2860 5208 2968 5280 hoc
3027 5222 3194 5280 sensu
3248 5203 3382 5256 satis
3447 5201 3633 5280 edocti

1945 5279 2207 5333 fuissent.
2253 5280 2374 5333 Non
2421 5278 2517 5341 sic,
2574 5279 2747 5331 frater
2800 5278 2877 5331 mi
2907 5292 3022 5331 non
3049 5276 3167 5329 sic:
3230 5289 3427 5327 sensus
3482 5276 3635 5325 enim

1943 5349 2203 5403 litteratis
2257 5366 2429 5423 sacrae
2486 5348 2810 5423 Scriptura},
2863 5349 3103 5423 licetex
3163 5343 3493 5423 signiﬁcatis
3535 5357 3638 5423 per

1944 5436 2140 5493 vocem
2198 5414 2807 5493 accipiatur,gut‘dicis,
2858 5418 3023 5473 multi
3077 5414 3365 5493 tamenin
3398 5414 3638 5493 ejus-in:

1947 5490 2209 5544 ventione
2257 5491 2341 5543 vel
2388 5485 2759 5557 acquisitione
2803 5494 3153 5551 erraverunt,
3204 5493 3320 5539 tam
3345 5485 3407 5539 in
3453 5485 3640 5557 veteri

1945 5578 2119 5631 quam
2157 5562 2216 5615 in
2276 5562 2428 5615 Novo
2474 5555 2858 5615 Testamento.
2924 5560 3098 5629 Cujus
3148 5558 3294 5612 ratio
3340 5560 3461 5609 est:
3497 5555 3641 5609 Nam

1944 5631 2180 5704 sicutde
2232 5632 2629 5704 viisiDomini,
2678 5648 2805 5703 quae
2869 5636 3003 5684 sunt
3026 5631 3169 5704 ejus_
3198 5632 3506 5704 praecepta,
3541 5639 3641 5704 seu

1944 5701 2197 5775 consilia,
2239 5703 2466 5775 legitur
2504 5719 2607 5775 per
2657 5700 2996 5775 prophetam
3022 5718 3034 5775 ς
3060 5700 3086 5747 ιι
3146 5700 3333 5775 ῌροιω
3381 5700 3640 5775 suntviaa

1948 5792 1972 5821 «
2024 5774 2273 5838 Domini,
2315 5780 2369 5827 et
2415 5770 2556 5843 justi
2598 5770 2972 5827 ambulabunt
3023 5773 3078 5825 in
3131 5770 3252 5836 eis;
3302 5770 3638 5838 praevarica-
