  <div class='ocr_page' id='page_1' title='image "/cluster/home/n/w/nwhite01/storage/ocr_20150623/113/hvd.32044054759782/033.png"; bbox 0 0 4086 6190; ppageno 0'>
   <div class='ocr_carea' id='block_1_1' title="bbox 378 285 2943 349">
    <p class='ocr_par' dir='ltr' id='par_1_1' title="bbox 378 285 2943 349">
     <span class='ocr_line' id='line_1_1' title="bbox 378 285 2943 349; baseline -0.003 0"><span class='ocrx_word' id='word_1_1' title='bbox 1277 291 1738 348; x_wconf 82' lang='lat' dir='ltr'><strong>WALAFRIDUS</strong></span> <span class='ocrx_word' id='word_1_2' title='bbox 1777 287 2088 346; x_wconf 78' lang='lat' dir='ltr'><strong>STRABUS</strong></span> <span class='ocrx_word' id='word_1_3' title='bbox 2128 285 2508 344; x_wconf 80' lang='lat' dir='ltr'><strong>FULDENSIS</strong></span> <span class='ocrx_word' id='word_1_4' title='bbox 2546 285 2943 344; x_wconf 78' lang='lat' dir='ltr'><strong>MONACHUS.</strong></span> 
     </span>
    </p>
   </div>
   <div class='ocr_carea' id='block_1_2' title="bbox 3817 289 3887 338">
    <p class='ocr_par' dir='ltr' id='par_1_2' title="bbox 3817 289 3887 338">
     <span class='ocr_line' id='line_1_2' title="bbox 3817 289 3887 338; baseline -0.014 -1"><span class='ocrx_word' id='word_1_5' title='bbox 3817 289 3887 338; x_wconf 62' lang='lat' dir='ltr'><strong>iiii</strong></span> 
     </span>
    </p>
   </div>
   <div class='ocr_carea' id='block_1_3' title="bbox 370 409 3888 492">
    <p class='ocr_par' dir='ltr' id='par_1_3' title="bbox 370 409 3888 492">
     <span class='ocr_line' id='line_1_3' title="bbox 370 409 3888 492; baseline -0.001 -25"><span class='ocrx_word' id='word_1_6' title='bbox 370 437 397 468; x_wconf 86' lang='lat'>«</span> <span class='ocrx_word' id='word_1_7' title='bbox 420 420 802 492; x_wconf 74' lang='lat' dir='ltr'><strong>toresautem</strong></span> <span class='ocrx_word' id='word_1_8' title='bbox 846 417 1192 492; x_wconf 77' lang='lat' dir='ltr'><strong>corruerunt</strong></span> <span class='ocrx_word' id='word_1_9' title='bbox 1330 413 1410 492; x_wconf 83' lang='lat' dir='ltr'><strong>eis</strong></span> <span class='ocrx_word' id='word_1_10' title='bbox 1464 415 1758 492; x_wconf 46' lang='lat' dir='ltr'><strong>(Ose_,“xiv)</strong></span> <span class='ocrx_word' id='word_1_11' title='bbox 1782 431 1852 492; x_wconf 37' lang='lat' dir='ltr'><strong>;I»</strong></span> <span class='ocrx_word' id='word_1_12' title='bbox 1910 412 1988 492; x_wconf 85' lang='lat' dir='ltr'><strong>sic</strong></span> <span class='ocrx_word' id='word_1_13' title='bbox 2026 411 2086 467; x_wconf 91' lang='lat' dir='ltr'><strong>in</strong></span> <span class='ocrx_word' id='word_1_14' title='bbox 2111 413 2156 468; x_wconf 85' lang='lat' dir='ltr'><strong>A</strong></span> <span class='ocrx_word' id='word_1_15' title='bbox 2193 409 2550 492; x_wconf 76' lang='lat' dir='ltr'><strong>insatietatis,</strong></span> <span class='ocrx_word' id='word_1_16' title='bbox 2573 409 2716 465; x_wconf 85' lang='lat' dir='ltr'><strong>forte</strong></span> <span class='ocrx_word' id='word_1_17' title='bbox 2743 409 3044 492; x_wconf 32' lang='lat' dir='ltr'><strong>saotisﬁeret</strong></span> <span class='ocrx_word' id='word_1_18' title='bbox 3080 410 3205 492; x_wconf 76' lang='lat' dir='ltr'><strong>tibi.</strong></span> <span class='ocrx_word' id='word_1_19' title='bbox 3238 409 3508 492; x_wconf 75' lang='lat' dir='ltr'><strong>Sedquia</strong></span> <span class='ocrx_word' id='word_1_20' title='bbox 3554 410 3888 491; x_wconf 65' lang='lat' dir='ltr'><strong>praetermi-</strong></span> 
     </span>
    </p>
   </div>
   <div class='ocr_carea' id='block_1_4' title="bbox 377 483 2078 556">
    <p class='ocr_par' dir='ltr' id='par_1_4' title="bbox 377 483 2078 556">
     <span class='ocr_line' id='line_1_4' title="bbox 377 483 2078 556; baseline -0.004 -14"><span class='ocrx_word' id='word_1_21' title='bbox 377 503 548 542; x_wconf 91' lang='lat' dir='ltr'><strong>sensu</strong></span> <span class='ocrx_word' id='word_1_22' title='bbox 573 485 807 540; x_wconf 90' lang='lat' dir='ltr'><strong>litterali</strong></span> <span class='ocrx_word' id='word_1_23' title='bbox 836 485 1158 556; x_wconf 86' lang='lat' dir='ltr'><strong>contingit;</strong></span> <span class='ocrx_word' id='word_1_24' title='bbox 1189 484 1419 551; x_wconf 84' lang='lat' dir='ltr'><strong>scilicet,</strong></span> <span class='ocrx_word' id='word_1_25' title='bbox 1438 485 1590 556; x_wconf 92' lang='lat' dir='ltr'><strong>quod</strong></span> <span class='ocrx_word' id='word_1_26' title='bbox 1610 483 1745 556; x_wconf 83' lang='lat' dir='ltr'><strong>licet</strong></span> <span class='ocrx_word' id='word_1_27' title='bbox 1773 483 1845 537; x_wconf 90' lang='lat' dir='ltr'><strong>sit</strong></span> <span class='ocrx_word' id='word_1_28' title='bbox 1867 489 2078 556; x_wconf 87' lang='lat' dir='ltr'><strong>rectus,</strong></span> 
     </span>
    </p>
   </div>
   <div class='ocr_carea' id='block_1_5' title="bbox 381 555 2081 626">
    <p class='ocr_par' dir='ltr' id='par_1_5' title="bbox 381 555 2081 626">
     <span class='ocr_line' id='line_1_5' title="bbox 381 555 2081 626; baseline -0.004 -13"><span class='ocrx_word' id='word_1_29' title='bbox 381 560 441 614; x_wconf 92' lang='lat' dir='ltr'><strong>id</strong></span> <span class='ocrx_word' id='word_1_30' title='bbox 469 562 553 611; x_wconf 90' lang='lat' dir='ltr'><strong>est</strong></span> <span class='ocrx_word' id='word_1_31' title='bbox 581 556 843 626; x_wconf 87' lang='lat' dir='ltr'><strong>planior;</strong></span> <span class='ocrx_word' id='word_1_32' title='bbox 877 561 933 610; x_wconf 89' lang='lat' dir='ltr'><strong>et</strong></span> <span class='ocrx_word' id='word_1_33' title='bbox 953 555 1114 626; x_wconf 83' lang='lat' dir='ltr'><strong>justi,</strong></span> <span class='ocrx_word' id='word_1_34' title='bbox 1147 555 1204 610; x_wconf 93' lang='lat' dir='ltr'><strong>id</strong></span> <span class='ocrx_word' id='word_1_35' title='bbox 1234 561 1318 609; x_wconf 90' lang='lat' dir='ltr'><strong>est</strong></span> <span class='ocrx_word' id='word_1_36' title='bbox 1361 556 1636 626; x_wconf 85' lang='lat' dir='ltr'><strong>habentes</strong></span> <span class='ocrx_word' id='word_1_37' title='bbox 1686 555 1890 626; x_wconf 84' lang='lat' dir='ltr'><strong>lumen</strong></span> <span class='ocrx_word' id='word_1_38' title='bbox 1922 555 2081 626; x_wconf 83' lang='lat' dir='ltr'><strong>ﬁdei,</strong></span> 
     </span>
    </p>
   </div>
   <div class='ocr_carea' id='block_1_6' title="bbox 384 624 2083 695">
    <p class='ocr_par' dir='ltr' id='par_1_6' title="bbox 384 624 2083 695">
     <span class='ocr_line' id='line_1_6' title="bbox 384 624 2083 695; baseline -0.004 -11"><span class='ocrx_word' id='word_1_39' title='bbox 384 624 762 684; x_wconf 81' lang='lat' dir='ltr'><strong>ambulabunt</strong></span> <span class='ocrx_word' id='word_1_40' title='bbox 819 627 878 680; x_wconf 93' lang='lat' dir='ltr'><strong>in</strong></span> <span class='ocrx_word' id='word_1_41' title='bbox 940 624 1041 694; x_wconf 79' lang='lat' dir='ltr'><strong>eis,</strong></span> <span class='ocrx_word' id='word_1_42' title='bbox 1119 627 1331 681; x_wconf 84' lang='lat' dir='ltr'><strong>scilicet</strong></span> <span class='ocrx_word' id='word_1_43' title='bbox 1389 624 1625 679; x_wconf 72' lang='lat' dir='ltr'><strong>intentis</strong></span> <span class='ocrx_word' id='word_1_44' title='bbox 1654 629 1711 678; x_wconf 92' lang='lat' dir='ltr'><strong>et</strong></span> <span class='ocrx_word' id='word_1_45' title='bbox 1750 624 2083 695; x_wconf 88' lang='lat' dir='ltr'><strong>signiﬁcatis</strong></span> 
     </span>
    </p>
   </div>
   <div class='ocr_carea' id='block_1_7' title="bbox 387 696 2085 772">
    <p class='ocr_par' dir='ltr' id='par_1_7' title="bbox 387 696 2085 772">
     <span class='ocr_line' id='line_1_7' title="bbox 387 696 2085 772; baseline -0.002 -19"><span class='ocrx_word' id='word_1_46' title='bbox 387 715 490 772; x_wconf 91' lang='lat' dir='ltr'><strong>per</strong></span> <span class='ocrx_word' id='word_1_47' title='bbox 511 713 742 752; x_wconf 82' lang='lat' dir='ltr'><strong>sensum</strong></span> <span class='ocrx_word' id='word_1_48' title='bbox 791 697 1096 772; x_wconf 76' lang='lat' dir='ltr'><strong>litteralem</strong></span> <span class='ocrx_word' id='word_1_49' title='bbox 1141 697 1275 751; x_wconf 87' lang='lat' dir='ltr'><strong>ﬁdei</strong></span> <span class='ocrx_word' id='word_1_50' title='bbox 1321 696 1697 772; x_wconf 63' lang='lat' dir='ltr'><strong>adhaerendo:</strong></span> <span class='ocrx_word' id='word_1_51' title='bbox 1752 696 2085 772; x_wconf 60' lang='lat' dir='ltr'><strong>pragvarica-</strong></span> 
     </span>
    </p>
   </div>
   <div class='ocr_carea' id='block_1_8' title="bbox 392 766 2082 836">
    <p class='ocr_par' dir='ltr' id='par_1_8' title="bbox 392 766 2082 836">
     <span class='ocr_line' id='line_1_8' title="bbox 392 766 2082 836; baseline -0.004 -11"><span class='ocrx_word' id='word_1_52' title='bbox 392 766 542 826; x_wconf 82' lang='lat' dir='ltr'><strong>tores</strong></span> <span class='ocrx_word' id='word_1_53' title='bbox 613 775 826 836; x_wconf 89' lang='lat' dir='ltr'><strong>tamen,</strong></span> <span class='ocrx_word' id='word_1_54' title='bbox 881 769 1094 822; x_wconf 88' lang='lat' dir='ltr'><strong>scilicet</strong></span> <span class='ocrx_word' id='word_1_55' title='bbox 1136 772 1390 820; x_wconf 82' lang='lat' dir='ltr'><strong>carentes</strong></span> <span class='ocrx_word' id='word_1_56' title='bbox 1459 766 1791 836; x_wconf 89' lang='lat' dir='ltr'><strong>hujusmodi</strong></span> <span class='ocrx_word' id='word_1_57' title='bbox 1844 766 2082 831; x_wconf 85' lang='lat' dir='ltr'><strong>lumine,</strong></span> 
     </span>
    </p>
   </div>
   <div class='ocr_carea' id='block_1_9' title="bbox 393 837 2086 905">
    <p class='ocr_par' dir='ltr' id='par_1_9' title="bbox 393 837 2086 905">
     <span class='ocr_line' id='line_1_9' title="bbox 393 837 2086 905; baseline -0.004 -11"><span class='ocrx_word' id='word_1_58' title='bbox 393 841 608 894; x_wconf 86' lang='lat' dir='ltr'><strong>scilicet</strong></span> <span class='ocrx_word' id='word_1_59' title='bbox 627 838 780 905; x_wconf 83' lang='lat' dir='ltr'><strong>ﬁdei,</strong></span> <span class='ocrx_word' id='word_1_60' title='bbox 804 845 1074 893; x_wconf 89' lang='lat' dir='ltr'><strong>corrueut</strong></span> <span class='ocrx_word' id='word_1_61' title='bbox 1105 837 1164 891; x_wconf 93' lang='lat' dir='ltr'><strong>in</strong></span> <span class='ocrx_word' id='word_1_62' title='bbox 1219 837 1326 890; x_wconf 91' lang='lat' dir='ltr'><strong>eis.</strong></span> <span class='ocrx_word' id='word_1_63' title='bbox 1385 839 1447 890; x_wconf 88' lang='lat' dir='ltr'><strong>In</strong></span> <span class='ocrx_word' id='word_1_64' title='bbox 1497 837 1686 890; x_wconf 89' lang='lat' dir='ltr'><strong>Veteri</strong></span> <span class='ocrx_word' id='word_1_65' title='bbox 1725 839 2086 891; x_wconf 84' lang='lat' dir='ltr'><strong>Testamento</strong></span> 
     </span>
    </p>
   </div>
   <div class='ocr_carea' id='block_1_10' title="bbox 393 907 2086 978">
    <p class='ocr_par' dir='ltr' id='par_1_10' title="bbox 393 907 2086 978">
     <span class='ocr_line' id='line_1_10' title="bbox 393 907 2086 978; baseline -0.004 -11"><span class='ocrx_word' id='word_1_66' title='bbox 393 912 575 967; x_wconf 70' lang='lat' dir='ltr'><strong>Judaai</strong></span> <span class='ocrx_word' id='word_1_67' title='bbox 602 910 808 966; x_wconf 84' lang='lat' dir='ltr'><strong>Christi</strong></span> <span class='ocrx_word' id='word_1_68' title='bbox 827 907 1291 978; x_wconf 87' lang='lat' dir='ltr'><strong>contemporanei</strong></span> <span class='ocrx_word' id='word_1_69' title='bbox 1308 907 1458 960; x_wconf 81' lang='lat' dir='ltr'><strong>circa</strong></span> <span class='ocrx_word' id='word_1_70' title='bbox 1496 907 1825 977; x_wconf 87' lang='lat' dir='ltr'><strong>hujusmodi</strong></span> <span class='ocrx_word' id='word_1_71' title='bbox 1857 923 2086 961; x_wconf 89' lang='lat' dir='ltr'><strong>sensum</strong></span> 
     </span>
    </p>
   </div>
   <div class='ocr_carea' id='block_1_11' title="bbox 396 977 2088 1049">
    <p class='ocr_par' dir='ltr' id='par_1_11' title="bbox 396 977 2088 1049">
     <span class='ocr_line' id='line_1_11' title="bbox 396 977 2088 1049; baseline -0.004 -13"><span class='ocrx_word' id='word_1_72' title='bbox 396 983 704 1037; x_wconf 88' lang='lat' dir='ltr'><strong>litteralem</strong></span> <span class='ocrx_word' id='word_1_73' title='bbox 743 977 1134 1049; x_wconf 72' lang='lat' dir='ltr'><strong>multipliciter</strong></span> <span class='ocrx_word' id='word_1_74' title='bbox 1189 978 1491 1033; x_wconf 82' lang='lat' dir='ltr'><strong>errabant:</strong></span> <span class='ocrx_word' id='word_1_75' title='bbox 1534 979 1678 1032; x_wconf 91' lang='lat' dir='ltr'><strong>slcut</strong></span> <span class='ocrx_word' id='word_1_76' title='bbox 1726 983 1782 1032; x_wconf 90' lang='lat' dir='ltr'><strong>et</strong></span> <span class='ocrx_word' id='word_1_77' title='bbox 1829 977 2088 1032; x_wconf 87' lang='lat' dir='ltr'><strong>moderni</strong></span> 
     </span>
    </p>
   </div>
   <div class='ocr_carea' id='block_1_12' title="bbox 443 1049 2091 1120">
    <p class='ocr_par' dir='ltr' id='par_1_12' title="bbox 443 1049 2091 1120">
     <span class='ocr_line' id='line_1_12' title="bbox 443 1049 2091 1120; baseline -0.003 -14"><span class='ocrx_word' id='word_1_78' title='bbox 443 1053 657 1106; x_wconf 89' lang='lat' dir='ltr'><strong>riorum</strong></span> <span class='ocrx_word' id='word_1_79' title='bbox 711 1066 946 1105; x_wconf 88' lang='lat' dir='ltr'><strong>suorum</strong></span> <span class='ocrx_word' id='word_1_80' title='bbox 1000 1065 1250 1104; x_wconf 89' lang='lat' dir='ltr'><strong>errorem</strong></span> <span class='ocrx_word' id='word_1_81' title='bbox 1299 1053 1621 1120; x_wconf 86' lang='lat' dir='ltr'><strong>sequentes,</strong></span> <span class='ocrx_word' id='word_1_82' title='bbox 1680 1054 1744 1120; x_wconf 86' lang='lat' dir='ltr'><strong>ut</strong></span> <span class='ocrx_word' id='word_1_83' title='bbox 1773 1049 1839 1120; x_wconf 13' lang='lat' dir='ltr'><strong>in,</strong></span> <span class='ocrx_word' id='word_1_84' title='bbox 1896 1049 2091 1102; x_wconf 88' lang='lat' dir='ltr'><strong>multis</strong></span> 
     </span>
    </p>
   </div>
   <div class='ocr_carea' id='block_1_13' title="bbox 398 1070 2089 1192">
    <p class='ocr_par' dir='ltr' id='par_1_13' title="bbox 398 1070 2089 1192">
     <span class='ocr_line' id='line_1_13' title="bbox 443 1070 2089 1120; baseline -0.003 -14"><span class='ocrx_word' id='word_1_85' title='bbox 443 1070 657 1106; x_wconf 82' lang='lat' dir='ltr'><strong>norum</strong></span> <span class='ocrx_word' id='word_1_86' title='bbox 711 1070 946 1105; x_wconf 84' lang='lat' dir='ltr'><strong>suorum</strong></span> <span class='ocrx_word' id='word_1_87' title='bbox 1000 1070 1250 1104; x_wconf 81' lang='lat' dir='ltr'><strong>errorem</strong></span> <span class='ocrx_word' id='word_1_88' title='bbox 1299 1070 1621 1120; x_wconf 77' lang='lat' dir='ltr'><strong>sequentes,</strong></span> <span class='ocrx_word' id='word_1_89' title='bbox 1681 1070 1744 1103; x_wconf 78' lang='grc' dir='ltr'><strong>υῐ</strong></span> <span class='ocrx_word' id='word_1_90' title='bbox 1773 1070 1832 1102; x_wconf 80' lang='grc'><strong>111</strong></span> <span class='ocrx_word' id='word_1_91' title='bbox 1896 1070 2089 1102; x_wconf 80' lang='lat' dir='ltr'><strong>IDUIUS</strong></span> 
     </span>
     <span class='ocr_line' id='line_1_14' title="bbox 398 1070 2089 1192; baseline -0.004 -14"><span class='ocrx_word' id='word_1_92' title='bbox 398 1070 537 1178; x_wconf 59' lang='lat' dir='ltr'><strong>Focis</strong></span> <span class='ocrx_word' id='word_1_93' title='bbox 599 1121 897 1192; x_wconf 84' lang='lat' dir='ltr'><strong>Evangelii</strong></span> <span class='ocrx_word' id='word_1_94' title='bbox 936 1125 1110 1192; x_wconf 85' lang='lat' dir='ltr'><strong>patet.</strong></span> <span class='ocrx_word' id='word_1_95' title='bbox 1166 1120 1324 1192; x_wconf 82' lang='lat' dir='ltr'><strong>Unde</strong></span> <span class='ocrx_word' id='word_1_96' title='bbox 1362 1121 1423 1192; x_wconf 90' lang='lat' dir='ltr'><strong>in</strong></span> <span class='ocrx_word' id='word_1_97' title='bbox 1475 1119 1788 1192; x_wconf 64' lang='lat' dir='ltr'><strong>praeceptis</strong></span> <span class='ocrx_word' id='word_1_98' title='bbox 1812 1119 2089 1189; x_wconf 89' lang='lat' dir='ltr'><strong>decalogi,</strong></span> 
     </span>
    </p>
   </div>
   <div class='ocr_carea' id='block_1_14' title="bbox 401 1190 2090 1264">
    <p class='ocr_par' dir='ltr' id='par_1_14' title="bbox 401 1190 2090 1264">
     <span class='ocr_line' id='line_1_15' title="bbox 401 1190 2090 1264; baseline -0.004 -16"><span class='ocrx_word' id='word_1_99' title='bbox 401 1210 530 1264; x_wconf 72' lang='lat' dir='ltr'><strong>quae</strong></span> <span class='ocrx_word' id='word_1_100' title='bbox 561 1197 694 1246; x_wconf 89' lang='lat' dir='ltr'><strong>sunt</strong></span> <span class='ocrx_word' id='word_1_101' title='bbox 721 1190 1058 1264; x_wconf 79' lang='lat' dir='ltr'><strong>principalia</strong></span> <span class='ocrx_word' id='word_1_102' title='bbox 1089 1191 1240 1244; x_wconf 89' lang='lat' dir='ltr'><strong>inter</strong></span> <span class='ocrx_word' id='word_1_103' title='bbox 1267 1191 1410 1264; x_wconf 83' lang='lat' dir='ltr'><strong>legis</strong></span> <span class='ocrx_word' id='word_1_104' title='bbox 1440 1197 1742 1264; x_wconf 45' lang='lat' dir='ltr'><strong>praecepta,</strong></span> <span class='ocrx_word' id='word_1_105' title='bbox 1776 1190 1834 1243; x_wconf 93' lang='lat' dir='ltr'><strong>in</strong></span> <span class='ocrx_word' id='word_1_106' title='bbox 1867 1195 2090 1264; x_wconf 81' lang='lat' dir='ltr'><strong>tantum</strong></span> 
     </span>
    </p>
   </div>
   <div class='ocr_carea' id='block_1_15' title="bbox 401 1261 2094 1333">
    <p class='ocr_par' dir='ltr' id='par_1_15' title="bbox 401 1261 2094 1333">
     <span class='ocr_line' id='line_1_16' title="bbox 401 1261 2094 1333; baseline -0.002 -16"><span class='ocrx_word' id='word_1_107' title='bbox 401 1261 686 1329; x_wconf 75' lang='lat' dir='ltr'><strong>errabant,</strong></span> <span class='ocrx_word' id='word_1_108' title='bbox 713 1261 868 1332; x_wconf 93' lang='lat' dir='ltr'><strong>quod</strong></span> <span class='ocrx_word' id='word_1_109' title='bbox 901 1278 1003 1333; x_wconf 89' lang='lat' dir='ltr'><strong>per</strong></span> <span class='ocrx_word' id='word_1_110' title='bbox 1031 1261 1408 1333; x_wconf 68' lang='lat' dir='ltr'><strong>praeceptade</strong></span> <span class='ocrx_word' id='word_1_111' title='bbox 1438 1261 1831 1333; x_wconf 83' lang='lat' dir='ltr'><strong>observatione</strong></span> <span class='ocrx_word' id='word_1_112' title='bbox 1871 1261 2094 1333; x_wconf 81' lang='lat' dir='ltr'><strong>sabbati</strong></span> 
     </span>
    </p>
   </div>
   <div class='ocr_carea' id='block_1_16' title="bbox 401 1331 2094 1403">
    <p class='ocr_par' dir='ltr' id='par_1_16' title="bbox 401 1331 2094 1403">
     <span class='ocr_line' id='line_1_17' title="bbox 401 1331 2094 1403; baseline -0.004 -14"><span class='ocrx_word' id='word_1_113' title='bbox 401 1331 801 1403; x_wconf 76' lang='lat' dir='ltr'><strong>iutelligebaht</strong></span> <span class='ocrx_word' id='word_1_114' title='bbox 841 1331 1137 1402; x_wconf 74' lang='lat' dir='ltr'><strong>prohiberi</strong></span> <span class='ocrx_word' id='word_1_115' title='bbox 1195 1332 1262 1385; x_wconf 90' lang='lat' dir='ltr'><strong>ad</strong></span> <span class='ocrx_word' id='word_1_116' title='bbox 1311 1331 1581 1403; x_wconf 86' lang='lat' dir='ltr'><strong>litteram,</strong></span> <span class='ocrx_word' id='word_1_117' title='bbox 1617 1348 1700 1403; x_wconf 90' lang='lat' dir='ltr'><strong>ne</strong></span> <span class='ocrx_word' id='word_1_118' title='bbox 1731 1332 1858 1403; x_wconf 86' lang='lat' dir='ltr'><strong>quis</strong></span> <span class='ocrx_word' id='word_1_119' title='bbox 1890 1333 1949 1384; x_wconf 91' lang='lat' dir='ltr'><strong>in</strong></span> <span class='ocrx_word' id='word_1_120' title='bbox 1971 1332 2094 1384; x_wconf 85' lang='lat' dir='ltr'><strong>sab-</strong></span> 
     </span>
    </p>
   </div>
   <div class='ocr_carea' id='block_1_17' title="bbox 401 1402 2092 1475">
    <p class='ocr_par' dir='ltr' id='par_1_17' title="bbox 401 1402 2092 1475">
     <span class='ocr_line' id='line_1_18' title="bbox 401 1402 2092 1475; baseline -0.003 -16"><span class='ocrx_word' id='word_1_121' title='bbox 401 1405 531 1459; x_wconf 90' lang='lat' dir='ltr'><strong>bato</strong></span> <span class='ocrx_word' id='word_1_122' title='bbox 562 1402 893 1475; x_wconf 84' lang='lat' dir='ltr'><strong>proximum</strong></span> <span class='ocrx_word' id='word_1_123' title='bbox 927 1419 1094 1456; x_wconf 91' lang='lat' dir='ltr'><strong>suum</strong></span> <span class='ocrx_word' id='word_1_124' title='bbox 1119 1406 1361 1475; x_wconf 74' lang='lat' dir='ltr'><strong>curaret,</strong></span> <span class='ocrx_word' id='word_1_125' title='bbox 1403 1402 1555 1473; x_wconf 89' lang='lat' dir='ltr'><strong>quod</strong></span> <span class='ocrx_word' id='word_1_126' title='bbox 1587 1406 1670 1475; x_wconf 83' lang='lat' dir='ltr'><strong>est</strong></span> <span class='ocrx_word' id='word_1_127' title='bbox 1689 1402 2092 1475; x_wconf 77' lang='lat' dir='ltr'><strong>inhumanum,-</strong></span> 
     </span>
    </p>
   </div>
   <div class='ocr_carea' id='block_1_18' title="bbox 401 1473 2098 1545">
    <p class='ocr_par' dir='ltr' id='par_1_18' title="bbox 401 1473 2098 1545">
     <span class='ocr_line' id='line_1_19' title="bbox 401 1473 2098 1545; baseline -0.002 -16"><span class='ocrx_word' id='word_1_128' title='bbox 401 1478 472 1529; x_wconf 92' lang='lat' dir='ltr'><strong>de</strong></span> <span class='ocrx_word' id='word_1_129' title='bbox 505 1473 622 1545; x_wconf 80' lang='lat' dir='ltr'><strong>quo</strong></span> <span class='ocrx_word' id='word_1_130' title='bbox 652 1473 978 1545; x_wconf 82' lang='lat' dir='ltr'><strong>confutabat</strong></span> <span class='ocrx_word' id='word_1_131' title='bbox 1000 1490 1098 1527; x_wconf 91' lang='lat' dir='ltr'><strong>eos</strong></span> <span class='ocrx_word' id='word_1_132' title='bbox 1131 1473 1402 1545; x_wconf 82' lang='lat' dir='ltr'><strong>Christus,</strong></span> <span class='ocrx_word' id='word_1_133' title='bbox 1429 1473 1736 1545; x_wconf 81' lang='lat' dir='ltr'><strong>ostendens</strong></span> <span class='ocrx_word' id='word_1_134' title='bbox 1769 1475 1921 1545; x_wconf 83' lang='lat' dir='ltr'><strong>quod</strong></span> <span class='ocrx_word' id='word_1_135' title='bbox 1970 1473 2098 1545; x_wconf 88' lang='lat' dir='ltr'><strong>licet</strong></span> 
     </span>
    </p>
   </div>
   <div class='ocr_carea' id='block_1_19' title="bbox 403 1542 2096 1614">
    <p class='ocr_par' dir='ltr' id='par_1_19' title="bbox 403 1542 2096 1614">
     <span class='ocr_line' id='line_1_20' title="bbox 403 1542 2096 1614; baseline -0.002 -15"><span class='ocrx_word' id='word_1_136' title='bbox 403 1547 461 1600; x_wconf 90' lang='lat' dir='ltr'><strong>in</strong></span> <span class='ocrx_word' id='word_1_137' title='bbox 494 1542 742 1599; x_wconf 77' lang='lat' dir='ltr'><strong>sabbatis</strong></span> <span class='ocrx_word' id='word_1_138' title='bbox 762 1545 910 1597; x_wconf 90' lang='lat' dir='ltr'><strong>bona</strong></span> <span class='ocrx_word' id='word_1_139' title='bbox 939 1544 1143 1609; x_wconf 88' lang='lat' dir='ltr'><strong>facere,</strong></span> <span class='ocrx_word' id='word_1_140' title='bbox 1179 1542 1370 1596; x_wconf 91' lang='lat' dir='ltr'><strong>dicens</strong></span> <span class='ocrx_word' id='word_1_141' title='bbox 1403 1559 1465 1596; x_wconf 70' lang='grc' dir='ltr'><strong>τι(</strong></span> <span class='ocrx_word' id='word_1_142' title='bbox 1497 1543 1633 1606; x_wconf 88' lang='lat' dir='ltr'><strong>Quis</strong></span> <span class='ocrx_word' id='word_1_143' title='bbox 1665 1560 1729 1597; x_wconf 87' lang='lat' dir='ltr'><strong>ex</strong></span> <span class='ocrx_word' id='word_1_144' title='bbox 1788 1542 1947 1614; x_wconf 73' lang='lat' dir='ltr'><strong>vobis</strong></span> <span class='ocrx_word' id='word_1_145' title='bbox 1996 1544 2096 1614; x_wconf 90' lang='lat' dir='ltr'><strong>qui</strong></span> 
     </span>
    </p>
   </div>
   <div class='ocr_carea' id='block_1_20' title="bbox 409 1613 2098 1681">
    <p class='ocr_par' dir='ltr' id='par_1_20' title="bbox 409 1613 2098 1681">
     <span class='ocr_line' id='line_1_21' title="bbox 409 1613 2098 1681; baseline -0.001 -13"><span class='ocrx_word' id='word_1_146' title='bbox 409 1617 638 1670; x_wconf 66' lang='lat' dir='ltr'><strong>«habet</strong></span> <span class='ocrx_word' id='word_1_147' title='bbox 673 1631 849 1668; x_wconf 87' lang='lat' dir='ltr'><strong>unam</strong></span> <span class='ocrx_word' id='word_1_148' title='bbox 921 1630 1106 1681; x_wconf 87' lang='lat' dir='ltr'><strong>ovem,</strong></span> <span class='ocrx_word' id='word_1_149' title='bbox 1183 1620 1240 1667; x_wconf 91' lang='lat' dir='ltr'><strong>et</strong></span> <span class='ocrx_word' id='word_1_150' title='bbox 1299 1614 1346 1666; x_wconf 91' lang='lat' dir='ltr'><strong>si</strong></span> <span class='ocrx_word' id='word_1_151' title='bbox 1403 1615 1671 1668; x_wconf 82' lang='lat' dir='ltr'><strong>ceciderit</strong></span> <span class='ocrx_word' id='word_1_152' title='bbox 1725 1615 1784 1668; x_wconf 90' lang='lat' dir='ltr'><strong>in</strong></span> <span class='ocrx_word' id='word_1_153' title='bbox 1850 1613 2098 1667; x_wconf 84' lang='lat' dir='ltr'><strong>sabbatis</strong></span> 
     </span>
    </p>
   </div>
   <div class='ocr_carea' id='block_1_21' title="bbox 2188 481 3892 552">
    <p class='ocr_par' dir='ltr' id='par_1_21' title="bbox 2188 481 3892 552">
     <span class='ocr_line' id='line_1_22' title="bbox 2188 481 3892 552; baseline -0.001 -17"><span class='ocrx_word' id='word_1_154' title='bbox 2188 481 2310 535; x_wconf 87' lang='lat' dir='ltr'><strong>sisti</strong></span> <span class='ocrx_word' id='word_1_155' title='bbox 2358 481 2650 552; x_wconf 84' lang='lat' dir='ltr'><strong>assignare</strong></span> <span class='ocrx_word' id='word_1_156' title='bbox 2707 481 3008 544; x_wconf 81' lang='lat' dir='ltr'><strong>rationem,</strong></span> <span class='ocrx_word' id='word_1_157' title='bbox 3050 482 3270 536; x_wconf 90' lang='lat' dir='ltr'><strong>nullam</strong></span> <span class='ocrx_word' id='word_1_158' title='bbox 3310 481 3416 536; x_wconf 84' lang='lat' dir='ltr'><strong>tibi</strong></span> <span class='ocrx_word' id='word_1_159' title='bbox 3439 482 3511 536; x_wconf 89' lang='lat' dir='ltr'><strong>do</strong></span> <span class='ocrx_word' id='word_1_160' title='bbox 3557 481 3892 552; x_wconf 85' lang='lat' dir='ltr'><strong>responsio-</strong></span> 
     </span>
    </p>
   </div>
   <div class='ocr_carea' id='block_1_22' title="bbox 2189 551 3894 623">
    <p class='ocr_par' dir='ltr' id='par_1_22' title="bbox 2189 551 3894 623">
     <span class='ocr_line' id='line_1_23' title="bbox 2189 551 3894 623; baseline -0.001 -17"><span class='ocrx_word' id='word_1_161' title='bbox 2189 568 2344 622; x_wconf 84' lang='lat' dir='ltr'><strong>nem;</strong></span> <span class='ocrx_word' id='word_1_162' title='bbox 2377 551 2495 606; x_wconf 79' lang='lat' dir='ltr'><strong>nisi</strong></span> <span class='ocrx_word' id='word_1_163' title='bbox 2518 551 2674 623; x_wconf 88' lang='lat' dir='ltr'><strong>quod</strong></span> <span class='ocrx_word' id='word_1_164' title='bbox 2694 553 3007 606; x_wconf 89' lang='lat' dir='ltr'><strong>cavendum</strong></span> <span class='ocrx_word' id='word_1_165' title='bbox 3030 557 3113 606; x_wconf 89' lang='lat' dir='ltr'><strong>est</strong></span> <span class='ocrx_word' id='word_1_166' title='bbox 3141 553 3210 606; x_wconf 90' lang='lat' dir='ltr'><strong>ab</strong></span> <span class='ocrx_word' id='word_1_167' title='bbox 3231 551 3659 606; x_wconf 85' lang='lat' dir='ltr'><strong>insatiabilitate</strong></span> <span class='ocrx_word' id='word_1_168' title='bbox 3695 552 3894 607; x_wconf 89' lang='lat' dir='ltr'><strong>cordis</strong></span> 
     </span>
    </p>
   </div>
   <div class='ocr_carea' id='block_1_23' title="bbox 2192 622 3347 694">
    <p class='ocr_par' dir='ltr' id='par_1_23' title="bbox 2192 622 3347 694">
     <span class='ocr_line' id='line_1_24' title="bbox 2192 622 3347 694; baseline 0 -18"><span class='ocrx_word' id='word_1_169' title='bbox 2192 639 2320 694; x_wconf 66' lang='lat' dir='ltr'><strong>qua:</strong></span> <span class='ocrx_word' id='word_1_170' title='bbox 2353 623 2412 677; x_wconf 91' lang='lat' dir='ltr'><strong>in</strong></span> <span class='ocrx_word' id='word_1_171' title='bbox 2443 622 2614 676; x_wconf 87' lang='lat' dir='ltr'><strong>sacris</strong></span> <span class='ocrx_word' id='word_1_172' title='bbox 2643 622 2948 694; x_wconf 84' lang='lat' dir='ltr'><strong>Scripturis</strong></span> <span class='ocrx_word' id='word_1_173' title='bbox 2987 624 3347 693; x_wconf 88' lang='lat' dir='ltr'><strong>reprobatur.</strong></span> 
     </span>
    </p>
   </div>
   <div class='ocr_carea' id='block_1_24' title="bbox 2263 693 3891 759">
    <p class='ocr_par' dir='ltr' id='par_1_24' title="bbox 2263 693 3891 759">
     <span class='ocr_line' id='line_1_25' title="bbox 2263 693 3891 759; baseline -0.001 -11"><span class='ocrx_word' id='word_1_174' title='bbox 2263 695 2420 749; x_wconf 87' lang='lat' dir='ltr'><strong>Circa</strong></span> <span class='ocrx_word' id='word_1_175' title='bbox 2441 699 2682 758; x_wconf 80' lang='lat' dir='ltr'><strong>sextum,</strong></span> <span class='ocrx_word' id='word_1_176' title='bbox 2749 693 2886 759; x_wconf 89' lang='lat' dir='ltr'><strong>quia</strong></span> <span class='ocrx_word' id='word_1_177' title='bbox 2935 693 3014 747; x_wconf 91' lang='lat' dir='ltr'><strong>ibi</strong></span> <span class='ocrx_word' id='word_1_178' title='bbox 3063 693 3363 748; x_wconf 88' lang='lat' dir='ltr'><strong>declarasti</strong></span> <span class='ocrx_word' id='word_1_179' title='bbox 3411 696 3661 747; x_wconf 88' lang='lat' dir='ltr'><strong>mentem</strong></span> <span class='ocrx_word' id='word_1_180' title='bbox 3703 697 3891 759; x_wconf 88' lang='lat' dir='ltr'><strong>tuam,</strong></span> 
     </span>
    </p>
   </div>
   <div class='ocr_carea' id='block_1_25' title="bbox 2197 763 3895 834">
    <p class='ocr_par' dir='ltr' id='par_1_25' title="bbox 2197 763 3895 834">
     <span class='ocr_line' id='line_1_26' title="bbox 2197 763 3895 834; baseline 0 -16"><span class='ocrx_word' id='word_1_181' title='bbox 2197 765 2398 818; x_wconf 90' lang='lat' dir='ltr'><strong>merito</strong></span> <span class='ocrx_word' id='word_1_182' title='bbox 2432 763 2897 834; x_wconf 70' lang='lat' dir='ltr'><strong>respondendum</strong></span> <span class='ocrx_word' id='word_1_183' title='bbox 2944 769 3030 818; x_wconf 89' lang='lat' dir='ltr'><strong>est</strong></span> <span class='ocrx_word' id='word_1_184' title='bbox 3086 764 3210 817; x_wconf 89' lang='lat' dir='ltr'><strong>tibi.</strong></span> <span class='ocrx_word' id='word_1_185' title='bbox 3284 763 3431 818; x_wconf 89' lang='lat' dir='ltr'><strong>Dicis</strong></span> <span class='ocrx_word' id='word_1_186' title='bbox 3497 764 3684 834; x_wconf 88' lang='lat' dir='ltr'><strong>primo</strong></span> <span class='ocrx_word' id='word_1_187' title='bbox 3733 765 3895 834; x_wconf 90' lang='lat' dir='ltr'><strong>quod</strong></span> 
     </span>
    </p>
   </div>
   <div class='ocr_carea' id='block_1_26' title="bbox 2194 834 3896 904">
    <p class='ocr_par' dir='ltr' id='par_1_26' title="bbox 2194 834 3896 904">
     <span class='ocr_line' id='line_1_27' title="bbox 2194 834 3896 904; baseline -0.001 -16"><span class='ocrx_word' id='word_1_188' title='bbox 2194 836 2344 888; x_wconf 86' lang='lat' dir='ltr'><strong>inter</strong></span> <span class='ocrx_word' id='word_1_189' title='bbox 2371 851 2600 888; x_wconf 90' lang='lat' dir='ltr'><strong>sensum</strong></span> <span class='ocrx_word' id='word_1_190' title='bbox 2640 836 2944 888; x_wconf 68' lang='lat' dir='ltr'><strong>litteralem</strong></span> <span class='ocrx_word' id='word_1_191' title='bbox 2975 839 3032 887; x_wconf 89' lang='lat' dir='ltr'><strong>et</strong></span> <span class='ocrx_word' id='word_1_192' title='bbox 3060 835 3358 904; x_wconf 83' lang='lat' dir='ltr'><strong>mysticum</strong></span> <span class='ocrx_word' id='word_1_193' title='bbox 3412 851 3526 887; x_wconf 90' lang='lat' dir='ltr'><strong>non</strong></span> <span class='ocrx_word' id='word_1_194' title='bbox 3587 839 3672 888; x_wconf 90' lang='lat' dir='ltr'><strong>est</strong></span> <span class='ocrx_word' id='word_1_195' title='bbox 3709 834 3896 904; x_wconf 89' lang='lat' dir='ltr'><strong>possi-</strong></span> 
     </span>
    </p>
   </div>
   <div class='ocr_carea' id='block_1_27' title="bbox 2196 905 3895 975">
    <p class='ocr_par' dir='ltr' id='par_1_27' title="bbox 2196 905 3895 975">
     <span class='ocr_line' id='line_1_28' title="bbox 2196 905 3895 975; baseline -0.001 -15"><span class='ocrx_word' id='word_1_196' title='bbox 2196 905 2326 960; x_wconf 85' lang='lat' dir='ltr'><strong>bilis</strong></span> <span class='ocrx_word' id='word_1_197' title='bbox 2355 905 2721 975; x_wconf 88' lang='lat' dir='ltr'><strong>comparatio.</strong></span> <span class='ocrx_word' id='word_1_198' title='bbox 2748 907 2904 970; x_wconf 80' lang='lat' dir='ltr'><strong>Quod</strong></span> <span class='ocrx_word' id='word_1_199' title='bbox 2946 905 3102 959; x_wconf 84' lang='lat' dir='ltr'><strong>valde</strong></span> <span class='ocrx_word' id='word_1_200' title='bbox 3152 905 3616 959; x_wconf 88' lang='lat' dir='ltr'><strong>irrationabiliter</strong></span> <span class='ocrx_word' id='word_1_201' title='bbox 3674 905 3895 960; x_wconf 88' lang='lat' dir='ltr'><strong>dictum</strong></span> 
     </span>
    </p>
   </div>
   <div class='ocr_carea' id='block_1_28' title="bbox 2196 975 3897 1047">
    <p class='ocr_par' dir='ltr' id='par_1_28' title="bbox 2196 975 3897 1047">
     <span class='ocr_line' id='line_1_29' title="bbox 2196 975 3897 1047; baseline -0.001 -17"><span class='ocrx_word' id='word_1_202' title='bbox 2196 981 2399 1046; x_wconf 89' lang='lat' dir='ltr'><strong>reputo</strong></span> <span class='ocrx_word' id='word_1_203' title='bbox 2437 992 2450 1028; x_wconf 89' lang='lat'><strong>:</strong></span> <span class='ocrx_word' id='word_1_204' title='bbox 2481 982 2603 1041; x_wconf 82' lang='lat' dir='ltr'><strong>tum</strong></span> <span class='ocrx_word' id='word_1_205' title='bbox 2635 975 2769 1047; x_wconf 90' lang='lat' dir='ltr'><strong>quia</strong></span> <span class='ocrx_word' id='word_1_206' title='bbox 2799 981 2861 1029; x_wconf 92' lang='lat' dir='ltr'><strong>tu</strong></span> <span class='ocrx_word' id='word_1_207' title='bbox 2893 975 3013 1047; x_wconf 89' lang='lat' dir='ltr'><strong>ipse</strong></span> <span class='ocrx_word' id='word_1_208' title='bbox 3043 977 3342 1047; x_wconf 71' lang='lat' dir='ltr'><strong>praedictos</strong></span> <span class='ocrx_word' id='word_1_209' title='bbox 3369 992 3566 1029; x_wconf 87' lang='lat' dir='ltr'><strong>sensus</strong></span> <span class='ocrx_word' id='word_1_210' title='bbox 3589 992 3897 1046; x_wconf 83' lang='lat' dir='ltr'><strong>comparas</strong></span> 
     </span>
    </p>
   </div>
   <div class='ocr_carea' id='block_1_29' title="bbox 2198 1046 3897 1116">
    <p class='ocr_par' dir='ltr' id='par_1_29' title="bbox 2198 1046 3897 1116">
     <span class='ocr_line' id='line_1_30' title="bbox 2198 1046 3897 1116; baseline -0.001 -15"><span class='ocrx_word' id='word_1_211' title='bbox 2198 1049 2270 1101; x_wconf 88' lang='lat' dir='ltr'><strong>ad</strong></span> <span class='ocrx_word' id='word_1_212' title='bbox 2320 1047 2601 1100; x_wconf 80' lang='lat' dir='ltr'><strong>invicem:</strong></span> <span class='ocrx_word' id='word_1_213' title='bbox 2658 1046 2958 1100; x_wconf 32' lang='lat' dir='ltr'><strong>’asseruisti</strong></span> <span class='ocrx_word' id='word_1_214' title='bbox 3013 1046 3166 1100; x_wconf 89' lang='lat' dir='ltr'><strong>enim</strong></span> <span class='ocrx_word' id='word_1_215' title='bbox 3221 1047 3370 1116; x_wconf 91' lang='lat' dir='ltr'><strong>quod</strong></span> <span class='ocrx_word' id='word_1_216' title='bbox 3437 1062 3635 1100; x_wconf 90' lang='lat' dir='ltr'><strong>sensus</strong></span> <span class='ocrx_word' id='word_1_217' title='bbox 3682 1047 3897 1116; x_wconf 84' lang='lat' dir='ltr'><strong>mysti—</strong></span> 
     </span>
    </p>
   </div>
   <div class='ocr_carea' id='block_1_30' title="bbox 2199 1117 3898 1188">
    <p class='ocr_par' dir='ltr' id='par_1_30' title="bbox 2199 1117 3898 1188">
     <span class='ocr_line' id='line_1_31' title="bbox 2199 1117 3898 1188; baseline -0.001 -18"><span class='ocrx_word' id='word_1_218' title='bbox 2199 1133 2298 1170; x_wconf 92' lang='lat' dir='ltr'><strong>cus</strong></span> <span class='ocrx_word' id='word_1_219' title='bbox 2331 1122 2415 1171; x_wconf 92' lang='lat' dir='ltr'><strong>est</strong></span> <span class='ocrx_word' id='word_1_220' title='bbox 2458 1117 2706 1186; x_wconf 83' lang='lat' dir='ltr'><strong>dignior,</strong></span> <span class='ocrx_word' id='word_1_221' title='bbox 2736 1122 2792 1170; x_wconf 90' lang='lat' dir='ltr'><strong>et</strong></span> <span class='ocrx_word' id='word_1_222' title='bbox 2812 1133 2912 1188; x_wconf 90' lang='lat' dir='ltr'><strong>per</strong></span> <span class='ocrx_word' id='word_1_223' title='bbox 2932 1132 3288 1187; x_wconf 89' lang='lat' dir='ltr'><strong>consequens</strong></span> <span class='ocrx_word' id='word_1_224' title='bbox 3309 1123 3440 1170; x_wconf 90' lang='lat' dir='ltr'><strong>sunt</strong></span> <span class='ocrx_word' id='word_1_225' title='bbox 3474 1118 3898 1187; x_wconf 88' lang='lat' dir='ltr'><strong>comparabiles</strong></span> 
     </span>
    </p>
   </div>
   <div class='ocr_carea' id='block_1_31' title="bbox 2202 1187 3902 1258">
    <p class='ocr_par' dir='ltr' id='par_1_31' title="bbox 2202 1187 3902 1258">
     <span class='ocr_line' id='line_1_32' title="bbox 2202 1187 3902 1258; baseline -0.001 -17"><span class='ocrx_word' id='word_1_226' title='bbox 2202 1203 2304 1258; x_wconf 90' lang='lat' dir='ltr'><strong>per</strong></span> <span class='ocrx_word' id='word_1_227' title='bbox 2326 1193 2380 1241; x_wconf 90' lang='lat' dir='ltr'><strong>te</strong></span> <span class='ocrx_word' id='word_1_228' title='bbox 2412 1193 2570 1253; x_wconf 87' lang='lat' dir='ltr'><strong>;tum</strong></span> <span class='ocrx_word' id='word_1_229' title='bbox 2602 1187 2738 1258; x_wconf 89' lang='lat' dir='ltr'><strong>quia</strong></span> <span class='ocrx_word' id='word_1_230' title='bbox 2769 1187 2958 1241; x_wconf 90' lang='lat' dir='ltr'><strong>nullus</strong></span> <span class='ocrx_word' id='word_1_231' title='bbox 3009 1187 3424 1241; x_wconf 86' lang='lat' dir='ltr'><strong>rationabiliter</strong></span> <span class='ocrx_word' id='word_1_232' title='bbox 3441 1203 3649 1258; x_wconf 90' lang='lat' dir='ltr'><strong>negare</strong></span> <span class='ocrx_word' id='word_1_233' title='bbox 3697 1193 3902 1258; x_wconf 85' lang='lat' dir='ltr'><strong>posset</strong></span> 
     </span>
    </p>
   </div>
   <div class='ocr_carea' id='block_1_32' title="bbox 2201 1258 3902 1329">
    <p class='ocr_par' dir='ltr' id='par_1_32' title="bbox 2201 1258 3902 1329">
     <span class='ocr_line' id='line_1_33' title="bbox 2201 1258 3902 1329; baseline 0 -17"><span class='ocrx_word' id='word_1_234' title='bbox 2201 1262 2515 1312; x_wconf 88' lang='lat' dir='ltr'><strong>creatorem</strong></span> <span class='ocrx_word' id='word_1_235' title='bbox 2546 1274 2666 1312; x_wconf 90' lang='lat' dir='ltr'><strong>esse</strong></span> <span class='ocrx_word' id='word_1_236' title='bbox 2696 1258 3019 1329; x_wconf 88' lang='lat' dir='ltr'><strong>digniorem</strong></span> <span class='ocrx_word' id='word_1_237' title='bbox 3067 1263 3344 1323; x_wconf 88' lang='lat' dir='ltr'><strong>creatura,</strong></span> <span class='ocrx_word' id='word_1_238' title='bbox 3399 1258 3666 1312; x_wconf 88' lang='lat' dir='ltr'><strong>distantia</strong></span> <span class='ocrx_word' id='word_1_239' title='bbox 3698 1265 3902 1312; x_wconf 82' lang='lat' dir='ltr'><strong>autem</strong></span> 
     </span>
    </p>
   </div>
   <div class='ocr_carea' id='block_1_33' title="bbox 2203 1329 3902 1398">
    <p class='ocr_par' dir='ltr' id='par_1_33' title="bbox 2203 1329 3902 1398">
     <span class='ocr_line' id='line_1_34' title="bbox 2203 1329 3902 1398; baseline -0.001 -16"><span class='ocrx_word' id='word_1_240' title='bbox 2203 1330 2353 1382; x_wconf 86' lang='lat' dir='ltr'><strong>inter</strong></span> <span class='ocrx_word' id='word_1_241' title='bbox 2381 1333 2694 1382; x_wconf 86' lang='lat' dir='ltr'><strong>creatorem</strong></span> <span class='ocrx_word' id='word_1_242' title='bbox 2743 1335 2800 1383; x_wconf 90' lang='lat' dir='ltr'><strong>et</strong></span> <span class='ocrx_word' id='word_1_243' title='bbox 2851 1334 3169 1383; x_wconf 89' lang='lat' dir='ltr'><strong>creaturam</strong></span> <span class='ocrx_word' id='word_1_244' title='bbox 3215 1329 3436 1383; x_wconf 84' lang='lat' dir='ltr'><strong>excedit</strong></span> <span class='ocrx_word' id='word_1_245' title='bbox 3487 1345 3902 1398; x_wconf 84' lang='lat' dir='ltr'><strong>quamcunque</strong></span> 
     </span>
    </p>
   </div>
   <div class='ocr_carea' id='block_1_34' title="bbox 2203 1399 3903 1466">
    <p class='ocr_par' dir='ltr' id='par_1_34' title="bbox 2203 1399 3903 1466">
     <span class='ocr_line' id='line_1_35' title="bbox 2203 1399 3903 1466; baseline 0 -13"><span class='ocrx_word' id='word_1_246' title='bbox 2203 1400 2529 1454; x_wconf 82' lang='lat' dir='ltr'><strong>distantiam</strong></span> <span class='ocrx_word' id='word_1_247' title='bbox 2558 1401 2706 1453; x_wconf 90' lang='lat' dir='ltr'><strong>inter</strong></span> <span class='ocrx_word' id='word_1_248' title='bbox 2731 1416 2822 1453; x_wconf 90' lang='lat' dir='ltr'><strong>res</strong></span> <span class='ocrx_word' id='word_1_249' title='bbox 2851 1405 3082 1466; x_wconf 89' lang='lat' dir='ltr'><strong>creatas,</strong></span> <span class='ocrx_word' id='word_1_250' title='bbox 3116 1404 3177 1453; x_wconf 90' lang='lat' dir='ltr'><strong>ut</strong></span> <span class='ocrx_word' id='word_1_251' title='bbox 3203 1405 3289 1452; x_wconf 91' lang='lat' dir='ltr'><strong>est</strong></span> <span class='ocrx_word' id='word_1_252' title='bbox 3331 1399 3697 1453; x_wconf 86' lang='lat' dir='ltr'><strong>manifestum</strong></span> <span class='ocrx_word' id='word_1_253' title='bbox 3726 1415 3740 1466; x_wconf 92' lang='lat'><strong>;</strong></span> <span class='ocrx_word' id='word_1_254' title='bbox 3773 1406 3903 1453; x_wconf 90' lang='lat' dir='ltr'><strong>tum</strong></span> 
     </span>
    </p>
   </div>
   <div class='ocr_carea' id='block_1_35' title="bbox 2204 1469 3908 1550">
    <p class='ocr_par' dir='ltr' id='par_1_35' title="bbox 2204 1469 3908 1550">
     <span class='ocr_line' id='line_1_36' title="bbox 2204 1469 3908 1550; baseline -0.001 -26"><span class='ocrx_word' id='word_1_255' title='bbox 2204 1471 2375 1550; x_wconf 83' lang='lat' dir='ltr'><strong>etiam</strong></span> <span class='ocrx_word' id='word_1_256' title='bbox 2407 1471 2544 1541; x_wconf 89' lang='lat' dir='ltr'><strong>quia</strong></span> <span class='ocrx_word' id='word_1_257' title='bbox 2575 1469 2669 1550; x_wconf 79' lang='lat' dir='ltr'><strong>isti</strong></span> <span class='ocrx_word' id='word_1_258' title='bbox 2710 1471 2823 1524; x_wconf 91' lang='lat' dir='ltr'><strong>duo</strong></span> <span class='ocrx_word' id='word_1_259' title='bbox 2853 1487 3072 1538; x_wconf 91' lang='lat' dir='ltr'><strong>seusus,</strong></span> <span class='ocrx_word' id='word_1_260' title='bbox 3105 1471 3174 1550; x_wconf 77' lang='lat' dir='ltr'><strong>de</strong></span> <span class='ocrx_word' id='word_1_261' title='bbox 3231 1471 3438 1550; x_wconf 85' lang='lat' dir='ltr'><strong>quibus</strong></span> <span class='ocrx_word' id='word_1_262' title='bbox 3483 1470 3728 1550; x_wconf 74' lang='lat' dir='ltr'><strong>agimus,</strong></span> <span class='ocrx_word' id='word_1_263' title='bbox 3765 1476 3908 1523; x_wconf 90' lang='lat' dir='ltr'><strong>sunt</strong></span> 
     </span>
    </p>
   </div>
   <div class='ocr_carea' id='block_1_36' title="bbox 2206 1541 3908 1611">
    <p class='ocr_par' dir='ltr' id='par_1_36' title="bbox 2206 1541 3908 1611">
     <span class='ocr_line' id='line_1_37' title="bbox 2206 1541 3908 1611; baseline -0.001 -17"><span class='ocrx_word' id='word_1_264' title='bbox 2206 1542 2424 1611; x_wconf 86' lang='lat' dir='ltr'><strong>species</strong></span> <span class='ocrx_word' id='word_1_265' title='bbox 2489 1541 2590 1594; x_wconf 89' lang='lat' dir='ltr'><strong>sud</strong></span> <span class='ocrx_word' id='word_1_266' title='bbox 2652 1557 2860 1607; x_wconf 77' lang='lat' dir='ltr'><strong>genere</strong></span> <span class='ocrx_word' id='word_1_267' title='bbox 2926 1541 3298 1610; x_wconf 85' lang='lat' dir='ltr'><strong>expositionis</strong></span> <span class='ocrx_word' id='word_1_268' title='bbox 3361 1557 3534 1595; x_wconf 70' lang='lat' dir='ltr'><strong>sacra:</strong></span> <span class='ocrx_word' id='word_1_269' title='bbox 3589 1541 3908 1611; x_wconf 80' lang='lat' dir='ltr'><strong>Scripturae</strong></span> 
     </span>
    </p>
   </div>
   <div class='ocr_carea' id='block_1_37' title="bbox 2206 1612 3911 1683">
    <p class='ocr_par' dir='ltr' id='par_1_37' title="bbox 2206 1612 3911 1683">
     <span class='ocr_line' id='line_1_38' title="bbox 2206 1612 3911 1683; baseline -0.001 -18"><span class='ocrx_word' id='word_1_270' title='bbox 2206 1617 2507 1678; x_wconf 70' lang='lat' dir='ltr'><strong>CUlllcnth,</strong></span> <span class='ocrx_word' id='word_1_271' title='bbox 2541 1617 2603 1664; x_wconf 91' lang='lat' dir='ltr'><strong>ut</strong></span> <span class='ocrx_word' id='word_1_272' title='bbox 2656 1617 2812 1683; x_wconf 90' lang='lat' dir='ltr'><strong>patet</strong></span> <span class='ocrx_word' id='word_1_273' title='bbox 2857 1627 2959 1682; x_wconf 83' lang='lat' dir='ltr'><strong>per</strong></span> <span class='ocrx_word' id='word_1_274' title='bbox 3004 1627 3202 1665; x_wconf 89' lang='lat' dir='ltr'><strong>omnes</strong></span> <span class='ocrx_word' id='word_1_275' title='bbox 3261 1613 3516 1666; x_wconf 90' lang='lat' dir='ltr'><strong>doctores</strong></span> <span class='ocrx_word' id='word_1_276' title='bbox 3555 1612 3626 1665; x_wconf 90' lang='lat' dir='ltr'><strong>de</strong></span> <span class='ocrx_word' id='word_1_277' title='bbox 3680 1614 3790 1665; x_wconf 90' lang='lat' dir='ltr'><strong>hoc</strong></span> <span class='ocrx_word' id='word_1_278' title='bbox 3827 1613 3911 1664; x_wconf 85' lang='lat' dir='ltr'><strong>lo-</strong></span> 
     </span>
    </p>
   </div>
   <div class='ocr_carea' id='block_1_38' title="bbox 407 1682 3912 1755">
    <p class='ocr_par' dir='ltr' id='par_1_38' title="bbox 407 1682 3912 1755">
     <span class='ocr_line' id='line_1_39' title="bbox 407 1682 3912 1755; baseline -0.001 -17"><span class='ocrx_word' id='word_1_279' title='bbox 407 1687 674 1755; x_wconf 77' lang='lat' dir='ltr'><strong>«(Matth.</strong></span> <span class='ocrx_word' id='word_1_280' title='bbox 710 1686 870 1753; x_wconf 78' lang='lat' dir='ltr'><strong>xu),n</strong></span> <span class='ocrx_word' id='word_1_281' title='bbox 905 1689 1009 1738; x_wconf 89' lang='lat' dir='ltr'><strong>etc.</strong></span> <span class='ocrx_word' id='word_1_282' title='bbox 1039 1684 1314 1755; x_wconf 87' lang='lat' dir='ltr'><strong>Similiter</strong></span> <span class='ocrx_word' id='word_1_283' title='bbox 1340 1684 1400 1738; x_wconf 91' lang='lat' dir='ltr'><strong>in</strong></span> <span class='ocrx_word' id='word_1_284' title='bbox 1420 1685 1728 1738; x_wconf 88' lang='lat' dir='ltr'><strong>homicidio</strong></span> <span class='ocrx_word' id='word_1_285' title='bbox 1778 1701 1895 1739; x_wconf 91' lang='lat' dir='ltr'><strong>non</strong></span> <span class='ocrx_word' id='word_1_286' title='bbox 1931 1684 2098 1738; x_wconf 87' lang='lat' dir='ltr'><strong>intel-</strong></span> <span class='ocrx_word' id='word_1_287' title='bbox 2140 1693 2181 1748; x_wconf 82' lang='grc' dir='ltr'>Β</span> <span class='ocrx_word' id='word_1_288' title='bbox 2206 1687 2465 1755; x_wconf 79' lang='lat' dir='ltr'><strong>quentes,</strong></span> <span class='ocrx_word' id='word_1_289' title='bbox 2501 1687 2561 1735; x_wconf 90' lang='lat' dir='ltr'><strong>ut</strong></span> <span class='ocrx_word' id='word_1_290' title='bbox 2591 1682 2822 1755; x_wconf 31' lang='lat' dir='ltr'><strong>Be’dam,</strong></span> <span class='ocrx_word' id='word_1_291' title='bbox 2855 1683 3236 1755; x_wconf 73' lang='lat' dir='ltr'><strong>Augustinum</strong></span> <span class='ocrx_word' id='word_1_292' title='bbox 3259 1687 3314 1755; x_wconf 83' lang='lat' dir='ltr'><strong>et</strong></span> <span class='ocrx_word' id='word_1_293' title='bbox 3341 1683 3501 1755; x_wconf 82' lang='lat' dir='ltr'><strong>alios.</strong></span> <span class='ocrx_word' id='word_1_294' title='bbox 3561 1683 3717 1736; x_wconf 81' lang='lat' dir='ltr'><strong>Nihil</strong></span> <span class='ocrx_word' id='word_1_295' title='bbox 3746 1683 3912 1736; x_wconf 90' lang='lat' dir='ltr'><strong>enim</strong></span> 
     </span>
    </p>
   </div>
   <div class='ocr_carea' id='block_1_39' title="bbox 403 1754 2096 1828">
    <p class='ocr_par' dir='ltr' id='par_1_39' title="bbox 403 1754 2096 1828">
     <span class='ocr_line' id='line_1_40' title="bbox 403 1754 2096 1828; baseline -0.001 -17"><span class='ocrx_word' id='word_1_296' title='bbox 403 1754 657 1828; x_wconf 87' lang='lat' dir='ltr'><strong>ligebant</strong></span> <span class='ocrx_word' id='word_1_297' title='bbox 676 1756 988 1828; x_wconf 88' lang='lat' dir='ltr'><strong>prohiberi,</strong></span> <span class='ocrx_word' id='word_1_298' title='bbox 1022 1755 1132 1828; x_wconf 85' lang='lat' dir='ltr'><strong>nisi</strong></span> <span class='ocrx_word' id='word_1_299' title='bbox 1162 1754 1501 1809; x_wconf 88' lang='lat' dir='ltr'><strong>occisionem</strong></span> <span class='ocrx_word' id='word_1_300' title='bbox 1540 1757 1790 1826; x_wconf 89' lang='lat' dir='ltr'><strong>corporis</strong></span> <span class='ocrx_word' id='word_1_301' title='bbox 1839 1755 2096 1810; x_wconf 92' lang='lat' dir='ltr'><strong>humani:</strong></span> 
     </span>
    </p>
   </div>
   <div class='ocr_carea' id='block_1_40' title="bbox 405 1825 2100 1898">
    <p class='ocr_par' dir='ltr' id='par_1_40' title="bbox 405 1825 2100 1898">
     <span class='ocr_line' id='line_1_41' title="bbox 405 1825 2100 1898; baseline -0.001 -17"><span class='ocrx_word' id='word_1_302' title='bbox 405 1825 613 1898; x_wconf 78' lang='lat' dir='ltr'><strong>quibus</strong></span> <span class='ocrx_word' id='word_1_303' title='bbox 659 1825 882 1897; x_wconf 90' lang='lat' dir='ltr'><strong>aperuit</strong></span> <span class='ocrx_word' id='word_1_304' title='bbox 939 1825 1214 1898; x_wconf 84' lang='lat' dir='ltr'><strong>Dominus</strong></span> <span class='ocrx_word' id='word_1_305' title='bbox 1263 1842 1512 1898; x_wconf 84' lang='lat' dir='ltr'><strong>sensum,</strong></span> <span class='ocrx_word' id='word_1_306' title='bbox 1567 1825 1821 1898; x_wconf 78' lang='lat' dir='ltr'><strong>asserens</strong></span> <span class='ocrx_word' id='word_1_307' title='bbox 1868 1842 2100 1898; x_wconf 86' lang='lat' dir='ltr'><strong>omnem</strong></span> 
     </span>
    </p>
   </div>
   <div class='ocr_carea' id='block_1_41' title="bbox 403 1896 2102 1968">
    <p class='ocr_par' dir='ltr' id='par_1_41' title="bbox 403 1896 2102 1968">
     <span class='ocr_line' id='line_1_42' title="bbox 403 1896 2102 1968; baseline -0.001 -17"><span class='ocrx_word' id='word_1_308' title='bbox 403 1896 671 1968; x_wconf 75' lang='lat' dir='ltr'><strong>iniquum</strong></span> <span class='ocrx_word' id='word_1_309' title='bbox 697 1896 936 1950; x_wconf 15' lang='lat' dir='ltr'><strong>inlotum</strong></span> <span class='ocrx_word' id='word_1_310' title='bbox 985 1896 1056 1950; x_wconf 90' lang='lat' dir='ltr'><strong>ad</strong></span> <span class='ocrx_word' id='word_1_311' title='bbox 1109 1897 1430 1968; x_wconf 87' lang='lat' dir='ltr'><strong>nocendum</strong></span> <span class='ocrx_word' id='word_1_312' title='bbox 1456 1967 1461 1968; x_wconf 17' lang='grc' dir='ltr'><em>ν</em></span> <span class='ocrx_word' id='word_1_313' title='bbox 1489 1897 1650 1950; x_wconf 89' lang='lat' dir='ltr'><strong>fratri</strong></span> <span class='ocrx_word' id='word_1_314' title='bbox 1677 1897 1738 1950; x_wconf 90' lang='lat' dir='ltr'><strong>in</strong></span> <span class='ocrx_word' id='word_1_315' title='bbox 1803 1897 2102 1952; x_wconf 87' lang='lat' dir='ltr'><strong>homicidii</strong></span> 
     </span>
    </p>
   </div>
   <div class='ocr_carea' id='block_1_42' title="bbox 406 1967 2105 2037">
    <p class='ocr_par' dir='ltr' id='par_1_42' title="bbox 406 1967 2105 2037">
     <span class='ocr_line' id='line_1_43' title="bbox 406 1967 2105 2037; baseline -0.001 -16"><span class='ocrx_word' id='word_1_316' title='bbox 406 1967 616 2037; x_wconf 77' lang='lat' dir='ltr'><strong>genere</strong></span> <span class='ocrx_word' id='word_1_317' title='bbox 645 1967 851 2021; x_wconf 89' lang='lat' dir='ltr'><strong>debere</strong></span> <span class='ocrx_word' id='word_1_318' title='bbox 899 1967 1178 2037; x_wconf 89' lang='lat' dir='ltr'><strong>deputari.</strong></span> <span class='ocrx_word' id='word_1_319' title='bbox 1250 1968 1363 2020; x_wconf 87' lang='lat' dir='ltr'><strong>Hoc</strong></span> <span class='ocrx_word' id='word_1_320' title='bbox 1413 1967 1567 2021; x_wconf 92' lang='lat' dir='ltr'><strong>idem</strong></span> <span class='ocrx_word' id='word_1_321' title='bbox 1607 1968 1856 2022; x_wconf 87' lang='lat' dir='ltr'><strong>declarat</strong></span> <span class='ocrx_word' id='word_1_322' title='bbox 1890 1972 2105 2036; x_wconf 83' lang='lat' dir='ltr'><strong>Augus-</strong></span> 
     </span>
    </p>
   </div>
   <div class='ocr_carea' id='block_1_43' title="bbox 406 2037 2104 2109">
    <p class='ocr_par' dir='ltr' id='par_1_43' title="bbox 406 2037 2104 2109">
     <span class='ocr_line' id='line_1_44' title="bbox 406 2037 2104 2109; baseline -0.001 -16"><span class='ocrx_word' id='word_1_323' title='bbox 406 2039 587 2094; x_wconf 88' lang='lat' dir='ltr'><strong>stiuus</strong></span> <span class='ocrx_word' id='word_1_324' title='bbox 608 2043 801 2092; x_wconf 72' lang='lat' dir='ltr'><strong>contra</strong></span> <span class='ocrx_word' id='word_1_325' title='bbox 845 2039 1110 2091; x_wconf 83' lang='lat' dir='ltr'><strong>Faustum</strong></span> <span class='ocrx_word' id='word_1_326' title='bbox 1155 2038 1224 2091; x_wconf 90' lang='lat' dir='ltr'><strong>de</strong></span> <span class='ocrx_word' id='word_1_327' title='bbox 1274 2037 1539 2091; x_wconf 88' lang='lat' dir='ltr'><strong>omnibus</strong></span> <span class='ocrx_word' id='word_1_328' title='bbox 1593 2038 1725 2104; x_wconf 87' lang='lat' dir='ltr'><strong>illis,</strong></span> <span class='ocrx_word' id='word_1_329' title='bbox 1773 2039 1842 2092; x_wconf 92' lang='lat' dir='ltr'><strong>de</strong></span> <span class='ocrx_word' id='word_1_330' title='bbox 1897 2039 2104 2109; x_wconf 89' lang='lat' dir='ltr'><strong>quibus</strong></span> 
     </span>
    </p>
   </div>
   <div class='ocr_carea' id='block_1_44' title="bbox 409 2108 2106 2179">
    <p class='ocr_par' dir='ltr' id='par_1_44' title="bbox 409 2108 2106 2179">
     <span class='ocr_line' id='line_1_45' title="bbox 409 2108 2106 2179; baseline -0.002 -15"><span class='ocrx_word' id='word_1_331' title='bbox 409 2110 619 2164; x_wconf 85' lang='lat' dir='ltr'><strong>dicitur</strong></span> <span class='ocrx_word' id='word_1_332' title='bbox 659 2109 718 2162; x_wconf 94' lang='lat' dir='ltr'><strong>in</strong></span> <span class='ocrx_word' id='word_1_333' title='bbox 769 2109 1110 2178; x_wconf 82' lang='lat' dir='ltr'><strong>Evangelio:</strong></span> <span class='ocrx_word' id='word_1_334' title='bbox 1149 2131 1170 2157; x_wconf 79' lang='grc' dir='ltr'>ι</span> <span class='ocrx_word' id='word_1_335' title='bbox 1224 2108 1474 2162; x_wconf 84' lang='lat' dir='ltr'><strong>Audistis</strong></span> <span class='ocrx_word' id='word_1_336' title='bbox 1543 2111 1677 2179; x_wconf 87' lang='lat' dir='ltr'><strong>quia</strong></span> <span class='ocrx_word' id='word_1_337' title='bbox 1758 2108 1970 2164; x_wconf 87' lang='lat' dir='ltr'><strong>dictum</strong></span> <span class='ocrx_word' id='word_1_338' title='bbox 2022 2113 2106 2162; x_wconf 91' lang='lat' dir='ltr'><strong>est</strong></span> 
     </span>
    </p>
   </div>
   <div class='ocr_carea' id='block_1_45' title="bbox 411 2178 2104 2250">
    <p class='ocr_par' dir='ltr' id='par_1_45' title="bbox 411 2178 2104 2250">
     <span class='ocr_line' id='line_1_46' title="bbox 411 2178 2104 2250; baseline 0.001 -19"><span class='ocrx_word' id='word_1_339' title='bbox 411 2200 438 2231; x_wconf 87' lang='grc'><strong>‹‹</strong></span> <span class='ocrx_word' id='word_1_340' title='bbox 471 2179 742 2250; x_wconf 88' lang='lat' dir='ltr'><strong>antiquis.</strong></span> <span class='ocrx_word' id='word_1_341' title='bbox 779 2199 805 2229; x_wconf 72' lang='grc' dir='ltr'><strong>ι)</strong></span> <span class='ocrx_word' id='word_1_342' title='bbox 857 2179 1134 2233; x_wconf 86' lang='lat' dir='ltr'><strong>Errabant</strong></span> <span class='ocrx_word' id='word_1_343' title='bbox 1186 2181 1366 2250; x_wconf 84' lang='lat' dir='ltr'><strong>etiam</strong></span> <span class='ocrx_word' id='word_1_344' title='bbox 1441 2178 1587 2233; x_wconf 84' lang='lat' dir='ltr'><strong>circa</strong></span> <span class='ocrx_word' id='word_1_345' title='bbox 1641 2185 1993 2249; x_wconf 71' lang='lat' dir='ltr'><strong>praeceptum</strong></span> <span class='ocrx_word' id='word_1_346' title='bbox 2035 2179 2104 2233; x_wconf 92' lang='lat' dir='ltr'><strong>de</strong></span> 
     </span>
    </p>
   </div>
   <div class='ocr_carea' id='block_1_46' title="bbox 409 2248 2104 2320">
    <p class='ocr_par' dir='ltr' id='par_1_46' title="bbox 409 2248 2104 2320">
     <span class='ocr_line' id='line_1_47' title="bbox 409 2248 2104 2320; baseline -0.002 -14"><span class='ocrx_word' id='word_1_347' title='bbox 409 2248 785 2306; x_wconf 78' lang='lat' dir='ltr'><strong>honoratione</strong></span> <span class='ocrx_word' id='word_1_348' title='bbox 811 2254 1130 2320; x_wconf 86' lang='lat' dir='ltr'><strong>parentum,</strong></span> <span class='ocrx_word' id='word_1_349' title='bbox 1181 2248 1408 2303; x_wconf 89' lang='lat' dir='ltr'><strong>irritum</strong></span> <span class='ocrx_word' id='word_1_350' title='bbox 1468 2250 1737 2304; x_wconf 89' lang='lat' dir='ltr'><strong>facientes</strong></span> <span class='ocrx_word' id='word_1_351' title='bbox 1781 2248 1883 2305; x_wconf 83' lang='lat' dir='ltr'><strong>Dei</strong></span> <span class='ocrx_word' id='word_1_352' title='bbox 1940 2266 2104 2303; x_wconf 91' lang='lat' dir='ltr'><strong>man-</strong></span> 
     </span>
    </p>
   </div>
   <div class='ocr_carea' id='block_1_47' title="bbox 411 2319 2108 2391">
    <p class='ocr_par' dir='ltr' id='par_1_47' title="bbox 411 2319 2108 2391">
     <span class='ocr_line' id='line_1_48' title="bbox 411 2319 2108 2391; baseline -0.002 -15"><span class='ocrx_word' id='word_1_353' title='bbox 411 2323 609 2376; x_wconf 91' lang='lat' dir='ltr'><strong>datum</strong></span> <span class='ocrx_word' id='word_1_354' title='bbox 645 2319 907 2391; x_wconf 86' lang='lat' dir='ltr'><strong>propter</strong></span> <span class='ocrx_word' id='word_1_355' title='bbox 969 2319 1335 2374; x_wconf 88' lang='lat' dir='ltr'><strong>traditionem</strong></span> <span class='ocrx_word' id='word_1_356' title='bbox 1422 2326 1693 2386; x_wconf 91' lang='lat' dir='ltr'><strong>suam,ut</strong></span> <span class='ocrx_word' id='word_1_357' title='bbox 1773 2321 2108 2375; x_wconf 85' lang='lat' dir='ltr'><strong>testiﬁcatur</strong></span> 
     </span>
    </p>
   </div>
   <div class='ocr_carea' id='block_1_48' title="bbox 412 2390 2107 2461">
    <p class='ocr_par' dir='ltr' id='par_1_48' title="bbox 412 2390 2107 2461">
     <span class='ocr_line' id='line_1_49' title="bbox 412 2390 2107 2461; baseline -0.002 -14"><span class='ocrx_word' id='word_1_358' title='bbox 412 2390 657 2447; x_wconf 67' lang='lat' dir='ltr'><strong>lllatthaei</strong></span> <span class='ocrx_word' id='word_1_359' title='bbox 680 2407 747 2445; x_wconf 87' lang='lat' dir='ltr'><strong>xv</strong></span> <span class='ocrx_word' id='word_1_360' title='bbox 775 2390 832 2445; x_wconf 84' lang='lat' dir='ltr'><strong>et</strong></span> <span class='ocrx_word' id='word_1_361' title='bbox 865 2391 1033 2445; x_wconf 83' lang='lat' dir='ltr'><strong>Marci</strong></span> <span class='ocrx_word' id='word_1_362' title='bbox 1062 2407 1134 2444; x_wconf 84' lang='lat' dir='ltr'><strong>vn</strong></span> <span class='ocrx_word' id='word_1_363' title='bbox 1161 2407 1174 2457; x_wconf 92' lang='lat'><strong>;</strong></span> <span class='ocrx_word' id='word_1_364' title='bbox 1200 2407 1314 2461; x_wconf 90' lang='lat' dir='ltr'><strong>qna</strong></span> <span class='ocrx_word' id='word_1_365' title='bbox 1369 2393 1584 2445; x_wconf 88' lang='lat' dir='ltr'><strong>ratione</strong></span> <span class='ocrx_word' id='word_1_366' title='bbox 1633 2392 1882 2446; x_wconf 88' lang='lat' dir='ltr'><strong>ostendit</strong></span> <span class='ocrx_word' id='word_1_367' title='bbox 1938 2392 2006 2445; x_wconf 92' lang='lat' dir='ltr'><strong>de</strong></span> <span class='ocrx_word' id='word_1_368' title='bbox 2027 2391 2107 2445; x_wconf 91' lang='lat' dir='ltr'><strong>eis</strong></span> 
     </span>
    </p>
   </div>
   <div class='ocr_carea' id='block_1_49' title="bbox 410 2461 2106 2532">
    <p class='ocr_par' dir='ltr' id='par_1_49' title="bbox 410 2461 2106 2532">
     <span class='ocr_line' id='line_1_50' title="bbox 410 2461 2106 2532; baseline -0.002 -14"><span class='ocrx_word' id='word_1_369' title='bbox 410 2463 625 2518; x_wconf 88' lang='lat' dir='ltr'><strong>dictum</strong></span> <span class='ocrx_word' id='word_1_370' title='bbox 654 2462 826 2516; x_wconf 83' lang='lat' dir='ltr'><strong>fuisse</strong></span> <span class='ocrx_word' id='word_1_371' title='bbox 877 2478 981 2532; x_wconf 88' lang='lat' dir='ltr'><strong>per</strong></span> <span class='ocrx_word' id='word_1_372' title='bbox 1022 2461 1255 2515; x_wconf 85' lang='lat' dir='ltr'><strong>Isaiam:</strong></span> <span class='ocrx_word' id='word_1_373' title='bbox 1313 2463 1612 2532; x_wconf 77' lang='lat' dir='ltr'><strong>«Populus</strong></span> <span class='ocrx_word' id='word_1_374' title='bbox 1663 2462 1755 2515; x_wconf 89' lang='lat' dir='ltr'><strong>hic</strong></span> <span class='ocrx_word' id='word_1_375' title='bbox 1815 2461 1976 2516; x_wconf 91' lang='lat' dir='ltr'><strong>labiis</strong></span> <span class='ocrx_word' id='word_1_376' title='bbox 2016 2477 2106 2515; x_wconf 90' lang='lat' dir='ltr'><strong>me</strong></span> 
     </span>
    </p>
   </div>
   <div class='ocr_carea' id='block_1_50' title="bbox 414 2532 2108 2602">
    <p class='ocr_par' dir='ltr' id='par_1_50' title="bbox 414 2532 2108 2602">
     <span class='ocr_line' id='line_1_51' title="bbox 414 2532 2108 2602; baseline 0.002 -20"><span class='ocrx_word' id='word_1_377' title='bbox 414 2555 436 2582; x_wconf 80' lang='grc' dir='ltr'>ι</span> <span class='ocrx_word' id='word_1_378' title='bbox 474 2534 737 2595; x_wconf 90' lang='lat' dir='ltr'><strong>honorat,</strong></span> <span class='ocrx_word' id='word_1_379' title='bbox 766 2553 787 2580; x_wconf 73' lang='grc' dir='ltr'><strong>ε</strong></span> <span class='ocrx_word' id='word_1_380' title='bbox 824 2537 928 2586; x_wconf 91' lang='lat' dir='ltr'><strong>etc.</strong></span> <span class='ocrx_word' id='word_1_381' title='bbox 964 2533 1147 2601; x_wconf 92' lang='lat' dir='ltr'><strong>Super</strong></span> <span class='ocrx_word' id='word_1_382' title='bbox 1176 2548 1291 2602; x_wconf 91' lang='lat' dir='ltr'><strong>quo</strong></span> <span class='ocrx_word' id='word_1_383' title='bbox 1333 2536 1388 2585; x_wconf 92' lang='lat' dir='ltr'><strong>et</strong></span> <span class='ocrx_word' id='word_1_384' title='bbox 1417 2532 1540 2586; x_wconf 89' lang='lat' dir='ltr'><strong>aliis</strong></span> <span class='ocrx_word' id='word_1_385' title='bbox 1579 2532 1869 2586; x_wconf 89' lang='lat' dir='ltr'><strong>erroribus</strong></span> <span class='ocrx_word' id='word_1_386' title='bbox 1900 2532 2108 2602; x_wconf 87' lang='lat' dir='ltr'><strong>quibus</strong></span> 
     </span>
    </p>
   </div>
   <div class='ocr_carea' id='block_1_51' title="bbox 412 2601 2107 2674">
    <p class='ocr_par' dir='ltr' id='par_1_51' title="bbox 412 2601 2107 2674">
     <span class='ocr_line' id='line_1_52' title="bbox 412 2601 2107 2674; baseline 0 -18"><span class='ocrx_word' id='word_1_387' title='bbox 412 2602 780 2674; x_wconf 74' lang='lat' dir='ltr'><strong>adhaerebant</strong></span> <span class='ocrx_word' id='word_1_388' title='bbox 839 2603 899 2674; x_wconf 86' lang='lat' dir='ltr'><strong>in</strong></span> <span class='ocrx_word' id='word_1_389' title='bbox 955 2619 1124 2674; x_wconf 85' lang='lat' dir='ltr'><strong>sensu</strong></span> <span class='ocrx_word' id='word_1_390' title='bbox 1192 2601 1417 2656; x_wconf 88' lang='lat' dir='ltr'><strong>litterali</strong></span> <span class='ocrx_word' id='word_1_391' title='bbox 1454 2619 1627 2674; x_wconf 65' lang='lat' dir='ltr'><strong>sacra:</strong></span> <span class='ocrx_word' id='word_1_392' title='bbox 1668 2601 1972 2674; x_wconf 72' lang='lat' dir='ltr'><strong>Scripturae</strong></span> <span class='ocrx_word' id='word_1_393' title='bbox 2010 2603 2107 2657; x_wconf 88' lang='lat' dir='ltr'><strong>de-</strong></span> 
     </span>
    </p>
   </div>
   <div class='ocr_carea' id='block_1_52' title="bbox 413 2672 2110 2738">
    <p class='ocr_par' dir='ltr' id='par_1_52' title="bbox 413 2672 2110 2738">
     <span class='ocr_line' id='line_1_53' title="bbox 413 2672 2110 2738; baseline -0.001 -10"><span class='ocrx_word' id='word_1_394' title='bbox 413 2673 688 2738; x_wconf 87' lang='lat' dir='ltr'><strong>ﬁcientes,</strong></span> <span class='ocrx_word' id='word_1_395' title='bbox 719 2673 789 2728; x_wconf 90' lang='lat' dir='ltr'><strong>de</strong></span> <span class='ocrx_word' id='word_1_396' title='bbox 829 2673 910 2726; x_wconf 91' lang='lat' dir='ltr'><strong>eis</strong></span> <span class='ocrx_word' id='word_1_397' title='bbox 966 2672 1183 2726; x_wconf 87' lang='lat' dir='ltr'><strong>ibidem</strong></span> <span class='ocrx_word' id='word_1_398' title='bbox 1232 2673 1520 2727; x_wconf 89' lang='lat' dir='ltr'><strong>concludit</strong></span> <span class='ocrx_word' id='word_1_399' title='bbox 1553 2690 1564 2728; x_wconf 89' lang='lat'><strong>:</strong></span> <span class='ocrx_word' id='word_1_400' title='bbox 1602 2695 1628 2724; x_wconf 77' lang='grc' dir='ltr'><strong>ι(</strong></span> <span class='ocrx_word' id='word_1_401' title='bbox 1661 2672 1806 2730; x_wconf 69' lang='grc' dir='ltr'><strong>(ἶεεὶ</strong></span> <span class='ocrx_word' id='word_1_402' title='bbox 1859 2679 2010 2738; x_wconf 91' lang='lat' dir='ltr'><strong>sunt,</strong></span> <span class='ocrx_word' id='word_1_403' title='bbox 2053 2677 2110 2727; x_wconf 91' lang='lat' dir='ltr'><strong>et</strong></span> 
     </span>
    </p>
   </div>
   <div class='ocr_carea' id='block_1_53' title="bbox 417 2743 2106 2814">
    <p class='ocr_par' dir='ltr' id='par_1_53' title="bbox 417 2743 2106 2814">
     <span class='ocr_line' id='line_1_54' title="bbox 417 2743 2106 2814; baseline -0.001 -16"><span class='ocrx_word' id='word_1_404' title='bbox 417 2745 631 2798; x_wconf 71' lang='lat' dir='ltr'><strong>«duces</strong></span> <span class='ocrx_word' id='word_1_405' title='bbox 677 2759 976 2797; x_wconf 58' lang='lat' dir='ltr'><strong>caecorum.</strong></span> <span class='ocrx_word' id='word_1_406' title='bbox 1041 2743 1246 2797; x_wconf 70' lang='lat' dir='ltr'><strong>nUnde</strong></span> <span class='ocrx_word' id='word_1_407' title='bbox 1323 2745 1545 2798; x_wconf 72' lang='lat' dir='ltr'><strong>caecitas</strong></span> <span class='ocrx_word' id='word_1_408' title='bbox 1623 2745 1873 2810; x_wconf 81' lang='lat' dir='ltr'><strong>Judaica,</strong></span> <span class='ocrx_word' id='word_1_409' title='bbox 1935 2759 2106 2814; x_wconf 88' lang='lat' dir='ltr'><strong>quam</strong></span> 
     </span>
    </p>
   </div>
   <div class='ocr_carea' id='block_1_54' title="bbox 415 2814 2108 2884">
    <p class='ocr_par' dir='ltr' id='par_1_54' title="bbox 415 2814 2108 2884">
     <span class='ocr_line' id='line_1_55' title="bbox 415 2814 2108 2884; baseline -0.002 -14"><span class='ocrx_word' id='word_1_410' title='bbox 415 2815 667 2870; x_wconf 86' lang='lat' dir='ltr'><strong>Christus</strong></span> <span class='ocrx_word' id='word_1_411' title='bbox 724 2815 1010 2884; x_wconf 83' lang='lat' dir='ltr'><strong>reprobat,</strong></span> <span class='ocrx_word' id='word_1_412' title='bbox 1044 2814 1190 2868; x_wconf 90' lang='lat' dir='ltr'><strong>circa</strong></span> <span class='ocrx_word' id='word_1_413' title='bbox 1249 2814 1454 2868; x_wconf 85' lang='lat' dir='ltr'><strong>falsum</strong></span> <span class='ocrx_word' id='word_1_414' title='bbox 1506 2815 1860 2869; x_wconf 90' lang='lat' dir='ltr'><strong>intellectum</strong></span> <span class='ocrx_word' id='word_1_415' title='bbox 1911 2831 2108 2868; x_wconf 88' lang='lat' dir='ltr'><strong>sensus</strong></span> 
     </span>
    </p>
   </div>
   <div class='ocr_carea' id='block_1_55' title="bbox 414 2885 2109 2956">
    <p class='ocr_par' dir='ltr' id='par_1_55' title="bbox 414 2885 2109 2956">
     <span class='ocr_line' id='line_1_56' title="bbox 414 2885 2109 2956; baseline -0.001 -17"><span class='ocrx_word' id='word_1_416' title='bbox 414 2885 678 2956; x_wconf 88' lang='lat' dir='ltr'><strong>litteralis</strong></span> <span class='ocrx_word' id='word_1_417' title='bbox 719 2885 1011 2956; x_wconf 71' lang='lat' dir='ltr'><strong>consistit.</strong></span> <span class='ocrx_word' id='word_1_418' title='bbox 1069 2887 1227 2938; x_wconf 87' lang='lat' dir='ltr'><strong>Patet</strong></span> <span class='ocrx_word' id='word_1_419' title='bbox 1252 2885 1424 2939; x_wconf 91' lang='lat' dir='ltr'><strong>etiam</strong></span> <span class='ocrx_word' id='word_1_420' title='bbox 1488 2885 1596 2939; x_wconf 90' lang='lat' dir='ltr'><strong>hoc</strong></span> <span class='ocrx_word' id='word_1_421' title='bbox 1653 2903 1758 2956; x_wconf 90' lang='lat' dir='ltr'><strong>per</strong></span> <span class='ocrx_word' id='word_1_422' title='bbox 1811 2886 2109 2956; x_wconf 70' lang='lat' dir='ltr'><strong>praedictas</strong></span> 
     </span>
    </p>
   </div>
   <div class='ocr_carea' id='block_1_56' title="bbox 2207 1752 3914 1824">
    <p class='ocr_par' dir='ltr' id='par_1_56' title="bbox 2207 1752 3914 1824">
     <span class='ocr_line' id='line_1_57' title="bbox 2207 1752 3914 1824; baseline 0 -18"><span class='ocrx_word' id='word_1_423' title='bbox 2207 1752 2471 1824; x_wconf 86' lang='lat' dir='ltr'><strong>prohibet</strong></span> <span class='ocrx_word' id='word_1_424' title='bbox 2501 1754 2655 1823; x_wconf 93' lang='lat' dir='ltr'><strong>quod</strong></span> <span class='ocrx_word' id='word_1_425' title='bbox 2681 1753 2830 1807; x_wconf 90' lang='lat' dir='ltr'><strong>sicut</strong></span> <span class='ocrx_word' id='word_1_426' title='bbox 2858 1753 3111 1806; x_wconf 85' lang='lat' dir='ltr'><strong>dicemus</strong></span> <span class='ocrx_word' id='word_1_427' title='bbox 3139 1752 3386 1824; x_wconf 85' lang='lat' dir='ltr'><strong>speciem</strong></span> <span class='ocrx_word' id='word_1_428' title='bbox 3427 1753 3742 1824; x_wconf 88' lang='lat' dir='ltr'><strong>humanam</strong></span> <span class='ocrx_word' id='word_1_429' title='bbox 3785 1769 3914 1806; x_wconf 88' lang='lat' dir='ltr'><strong>esse</strong></span> 
     </span>
    </p>
   </div>
   <div class='ocr_carea' id='block_1_57' title="bbox 2208 1823 3914 1894">
    <p class='ocr_par' dir='ltr' id='par_1_57' title="bbox 2208 1823 3914 1894">
     <span class='ocr_line' id='line_1_58' title="bbox 2208 1823 3914 1894; baseline 0 -17"><span class='ocrx_word' id='word_1_430' title='bbox 2208 1823 2529 1893; x_wconf 85' lang='lat' dir='ltr'><strong>digniorem</strong></span> <span class='ocrx_word' id='word_1_431' title='bbox 2571 1823 2791 1894; x_wconf 88' lang='lat' dir='ltr'><strong>brutali</strong></span> <span class='ocrx_word' id='word_1_432' title='bbox 2837 1839 2940 1878; x_wconf 83' lang='lat' dir='ltr'><strong>seu</strong></span> <span class='ocrx_word' id='word_1_433' title='bbox 2999 1823 3337 1888; x_wconf 89' lang='lat' dir='ltr'><strong>irrationali,</strong></span> <span class='ocrx_word' id='word_1_434' title='bbox 3411 1823 3491 1877; x_wconf 90' lang='lat' dir='ltr'><strong>sic</strong></span> <span class='ocrx_word' id='word_1_435' title='bbox 3542 1824 3695 1894; x_wconf 90' lang='lat' dir='ltr'><strong>quod</strong></span> <span class='ocrx_word' id='word_1_436' title='bbox 3753 1840 3914 1877; x_wconf 88' lang='lat' dir='ltr'><strong>unus</strong></span> 
     </span>
    </p>
   </div>
   <div class='ocr_carea' id='block_1_58' title="bbox 2208 1893 3912 1964">
    <p class='ocr_par' dir='ltr' id='par_1_58' title="bbox 2208 1893 3912 1964">
     <span class='ocr_line' id='line_1_59' title="bbox 2208 1893 3912 1964; baseline 0.001 -17"><span class='ocrx_word' id='word_1_437' title='bbox 2208 1911 2406 1948; x_wconf 89' lang='lat' dir='ltr'><strong>sensus</strong></span> <span class='ocrx_word' id='word_1_438' title='bbox 2474 1893 2799 1964; x_wconf 81' lang='lat' dir='ltr'><strong>exponendi</strong></span> <span class='ocrx_word' id='word_1_439' title='bbox 2870 1910 3085 1948; x_wconf 89' lang='lat' dir='ltr'><strong>sacram</strong></span> <span class='ocrx_word' id='word_1_440' title='bbox 3168 1894 3519 1964; x_wconf 88' lang='lat' dir='ltr'><strong>Scripturam</strong></span> <span class='ocrx_word' id='word_1_441' title='bbox 3561 1893 3669 1948; x_wconf 21' lang='lat' dir='ltr'><strong>isit</strong></span> <span class='ocrx_word' id='word_1_442' title='bbox 3722 1895 3912 1948; x_wconf 88' lang='lat' dir='ltr'><strong>altero</strong></span> 
     </span>
    </p>
   </div>
   <div class='ocr_carea' id='block_1_59' title="bbox 2211 1965 2456 2034">
    <p class='ocr_par' dir='ltr' id='par_1_59' title="bbox 2211 1965 2456 2034">
     <span class='ocr_line' id='line_1_60' title="bbox 2211 1965 2456 2034; baseline -0.004 -16"><span class='ocrx_word' id='word_1_443' title='bbox 2211 1965 2456 2034; x_wconf 83' lang='lat' dir='ltr'><strong>dignior.</strong></span> 
     </span>
    </p>
   </div>
   <div class='ocr_carea' id='block_1_60' title="bbox 2281 2034 3911 2106">
    <p class='ocr_par' dir='ltr' id='par_1_60' title="bbox 2281 2034 3911 2106">
     <span class='ocr_line' id='line_1_61' title="bbox 2281 2034 3911 2106; baseline -0.001 -16"><span class='ocrx_word' id='word_1_444' title='bbox 2281 2039 2726 2105; x_wconf 88' lang='lat' dir='ltr'><strong>Consequenter,</strong></span> <span class='ocrx_word' id='word_1_445' title='bbox 2763 2035 2898 2106; x_wconf 89' lang='lat' dir='ltr'><strong>quia</strong></span> <span class='ocrx_word' id='word_1_446' title='bbox 2927 2035 3180 2106; x_wconf 82' lang='lat' dir='ltr'><strong>dixeram</strong></span> <span class='ocrx_word' id='word_1_447' title='bbox 3210 2035 3270 2088; x_wconf 90' lang='lat' dir='ltr'><strong>in</strong></span> <span class='ocrx_word' id='word_1_448' title='bbox 3327 2034 3692 2088; x_wconf 91' lang='lat' dir='ltr'><strong>conclusione</strong></span> <span class='ocrx_word' id='word_1_449' title='bbox 3748 2035 3911 2105; x_wconf 93' lang='lat' dir='ltr'><strong>quod</strong></span> 
     </span>
    </p>
   </div>
   <div class='ocr_carea' id='block_1_61' title="bbox 2211 2105 3910 2176">
    <p class='ocr_par' dir='ltr' id='par_1_61' title="bbox 2211 2105 3910 2176">
     <span class='ocr_line' id='line_1_62' title="bbox 2211 2105 3910 2176; baseline -0.001 -16"><span class='ocrx_word' id='word_1_450' title='bbox 2211 2107 2687 2160; x_wconf 88' lang='lat' dir='ltr'><strong>sensuslitteralis</strong></span> <span class='ocrx_word' id='word_1_451' title='bbox 2717 2105 2862 2160; x_wconf 77' lang='lat' dir='ltr'><strong>esset</strong></span> <span class='ocrx_word' id='word_1_452' title='bbox 2912 2105 3141 2176; x_wconf 89' lang='lat' dir='ltr'><strong>dignior</strong></span> <span class='ocrx_word' id='word_1_453' title='bbox 3196 2122 3263 2159; x_wconf 89' lang='lat' dir='ltr'><strong>ex</strong></span> <span class='ocrx_word' id='word_1_454' title='bbox 3322 2112 3484 2176; x_wconf 91' lang='lat' dir='ltr'><strong>parte</strong></span> <span class='ocrx_word' id='word_1_455' title='bbox 3523 2106 3910 2171; x_wconf 85' lang='lat' dir='ltr'><strong>extensionis,</strong></span> 
     </span>
    </p>
   </div>
   <div class='ocr_carea' id='block_1_62' title="bbox 2211 2176 3916 2247">
    <p class='ocr_par' dir='ltr' id='par_1_62' title="bbox 2211 2176 3916 2247">
     <span class='ocr_line' id='line_1_63' title="bbox 2211 2176 3916 2247; baseline 0 -17"><span class='ocrx_word' id='word_1_456' title='bbox 2211 2193 2278 2230; x_wconf 90' lang='lat' dir='ltr'><strong>eo</strong></span> <span class='ocrx_word' id='word_1_457' title='bbox 2314 2177 2468 2247; x_wconf 89' lang='lat' dir='ltr'><strong>quod</strong></span> <span class='ocrx_word' id='word_1_458' title='bbox 2499 2177 2773 2247; x_wconf 65' lang='lat' dir='ltr'><strong>quaelibet</strong></span> <span class='ocrx_word' id='word_1_459' title='bbox 2808 2176 3124 2246; x_wconf 88' lang='lat' dir='ltr'><strong>propositio</strong></span> <span class='ocrx_word' id='word_1_460' title='bbox 3153 2192 3326 2230; x_wconf 64' lang='lat' dir='ltr'><strong>sacrae</strong></span> <span class='ocrx_word' id='word_1_461' title='bbox 3369 2176 3677 2247; x_wconf 55' lang='lat' dir='ltr'><strong>Scriptura}</strong></span> <span class='ocrx_word' id='word_1_462' title='bbox 3731 2177 3916 2230; x_wconf 87' lang='lat' dir='ltr'><strong>habet</strong></span> 
     </span>
    </p>
   </div>
   <div class='ocr_carea' id='block_1_63' title="bbox 2212 2246 3915 2318">
    <p class='ocr_par' dir='ltr' id='par_1_63' title="bbox 2212 2246 3915 2318">
     <span class='ocr_line' id='line_1_64' title="bbox 2212 2246 3915 2318; baseline -0.001 -17"><span class='ocrx_word' id='word_1_463' title='bbox 2212 2246 2441 2301; x_wconf 88' lang='lat' dir='ltr'><strong>sensum</strong></span> <span class='ocrx_word' id='word_1_464' title='bbox 2475 2246 2776 2301; x_wconf 86' lang='lat' dir='ltr'><strong>lttteralem</strong></span> <span class='ocrx_word' id='word_1_465' title='bbox 2800 2263 2995 2301; x_wconf 86' lang='lat' dir='ltr'><strong>verum</strong></span> <span class='ocrx_word' id='word_1_466' title='bbox 3031 2263 3044 2300; x_wconf 93' lang='lat'><strong>:</strong></span> <span class='ocrx_word' id='word_1_467' title='bbox 3088 2263 3285 2301; x_wconf 85' lang='lat' dir='ltr'><strong>sensus</strong></span> <span class='ocrx_word' id='word_1_468' title='bbox 3331 2263 3464 2300; x_wconf 88' lang='lat' dir='ltr'><strong>vero</strong></span> <span class='ocrx_word' id='word_1_469' title='bbox 3516 2246 3737 2318; x_wconf 89' lang='lat' dir='ltr'><strong>mystici</strong></span> <span class='ocrx_word' id='word_1_470' title='bbox 3787 2262 3915 2300; x_wconf 86' lang='lat' dir='ltr'><strong>non</strong></span> 
     </span>
    </p>
   </div>
   <div class='ocr_carea' id='block_1_64' title="bbox 2213 2318 3917 2388">
    <p class='ocr_par' dir='ltr' id='par_1_64' title="bbox 2213 2318 3917 2388">
     <span class='ocr_line' id='line_1_65' title="bbox 2213 2318 3917 2388; baseline -0.001 -16"><span class='ocrx_word' id='word_1_471' title='bbox 2213 2335 2272 2372; x_wconf 89' lang='lat' dir='ltr'><strong>se</strong></span> <span class='ocrx_word' id='word_1_472' title='bbox 2302 2318 2612 2372; x_wconf 87' lang='lat' dir='ltr'><strong>extendunt</strong></span> <span class='ocrx_word' id='word_1_473' title='bbox 2657 2319 2724 2371; x_wconf 89' lang='lat' dir='ltr'><strong>ad</strong></span> <span class='ocrx_word' id='word_1_474' title='bbox 2784 2323 2960 2371; x_wconf 92' lang='lat' dir='ltr'><strong>totam</strong></span> <span class='ocrx_word' id='word_1_475' title='bbox 3015 2334 3229 2371; x_wconf 90' lang='lat' dir='ltr'><strong>sacram</strong></span> <span class='ocrx_word' id='word_1_476' title='bbox 3279 2318 3668 2388; x_wconf 90' lang='lat' dir='ltr'><strong>Scripturam;</strong></span> <span class='ocrx_word' id='word_1_477' title='bbox 3709 2323 3917 2371; x_wconf 90' lang='lat' dir='ltr'><strong>contra</strong></span> 
     </span>
    </p>
   </div>
   <div class='ocr_carea' id='block_1_65' title="bbox 2214 2388 3915 2460">
    <p class='ocr_par' dir='ltr' id='par_1_65' title="bbox 2214 2388 3915 2460">
     <span class='ocr_line' id='line_1_66' title="bbox 2214 2388 3915 2460; baseline 0 -18"><span class='ocrx_word' id='word_1_478' title='bbox 2214 2389 2365 2460; x_wconf 81' lang='lat' dir='ltr'><strong>quod</strong></span> <span class='ocrx_word' id='word_1_479' title='bbox 2383 2389 2520 2442; x_wconf 91' lang='lat' dir='ltr'><strong>dicis</strong></span> <span class='ocrx_word' id='word_1_480' title='bbox 2551 2389 2656 2460; x_wconf 88' lang='lat' dir='ltr'><strong>sic:</strong></span> <span class='ocrx_word' id='word_1_481' title='bbox 2698 2389 2862 2443; x_wconf 87' lang='lat' dir='ltr'><strong>Fallit</strong></span> <span class='ocrx_word' id='word_1_482' title='bbox 2900 2388 3100 2460; x_wconf 12' lang='lat' dir='ltr'><strong>iistud,</strong></span> <span class='ocrx_word' id='word_1_483' title='bbox 3163 2404 3292 2442; x_wconf 91' lang='lat' dir='ltr'><strong>cum</strong></span> <span class='ocrx_word' id='word_1_484' title='bbox 3351 2392 3554 2442; x_wconf 90' lang='lat' dir='ltr'><strong>cuncta</strong></span> <span class='ocrx_word' id='word_1_485' title='bbox 3600 2404 3757 2460; x_wconf 84' lang='lat' dir='ltr'><strong>sacra</strong></span> <span class='ocrx_word' id='word_1_486' title='bbox 3785 2389 3915 2460; x_wconf 83' lang='lat' dir='ltr'><strong>elo-</strong></span> 
     </span>
    </p>
   </div>
   <div class='ocr_carea' id='block_1_66' title="bbox 2215 2454 3920 2530">
    <p class='ocr_par' dir='ltr' id='par_1_66' title="bbox 2215 2454 3920 2530">
     <span class='ocr_line' id='line_1_67' title="bbox 2215 2454 3920 2530; baseline 0 -18"><span class='ocrx_word' id='word_1_487' title='bbox 2215 2454 2350 2530; x_wconf 76' lang='lat' dir='ltr'><strong>quia</strong></span> <span class='ocrx_word' id='word_1_488' title='bbox 2380 2460 2548 2530; x_wconf 91' lang='lat' dir='ltr'><strong>plena</strong></span> <span class='ocrx_word' id='word_1_489' title='bbox 2579 2459 2691 2512; x_wconf 90' lang='lat' dir='ltr'><strong>sint</strong></span> <span class='ocrx_word' id='word_1_490' title='bbox 2750 2459 3057 2514; x_wconf 90' lang='lat' dir='ltr'><strong>Dominicis</strong></span> <span class='ocrx_word' id='word_1_491' title='bbox 3086 2454 3488 2513; x_wconf 85' lang='lat' dir='ltr'><strong>sacramentis.</strong></span> <span class='ocrx_word' id='word_1_492' title='bbox 3553 2459 3650 2513; x_wconf 83' lang='lat' dir='ltr'><strong>llic</strong></span> <span class='ocrx_word' id='word_1_493' title='bbox 3695 2459 3920 2530; x_wconf 88' lang='lat' dir='ltr'><strong>videris</strong></span> 
     </span>
    </p>
   </div>
   <div class='ocr_carea' id='block_1_67' title="bbox 2214 2529 3920 2600">
    <p class='ocr_par' dir='ltr' id='par_1_67' title="bbox 2214 2529 3920 2600">
     <span class='ocr_line' id='line_1_68' title="bbox 2214 2529 3920 2600; baseline -0.001 -16"><span class='ocrx_word' id='word_1_494' title='bbox 2214 2529 2500 2584; x_wconf 79' lang='lat' dir='ltr'><strong>involvere</strong></span> <span class='ocrx_word' id='word_1_495' title='bbox 2552 2530 2858 2584; x_wconf 84' lang='lat' dir='ltr'><strong>sententias</strong></span> <span class='ocrx_word' id='word_1_496' title='bbox 2937 2545 3041 2600; x_wconf 89' lang='lat' dir='ltr'><strong>per</strong></span> <span class='ocrx_word' id='word_1_497' title='bbox 3106 2530 3495 2599; x_wconf 86' lang='lat' dir='ltr'><strong>acceptionem</strong></span> <span class='ocrx_word' id='word_1_498' title='bbox 3555 2529 3726 2598; x_wconf 89' lang='lat' dir='ltr'><strong>hujus</strong></span> <span class='ocrx_word' id='word_1_499' title='bbox 3771 2529 3920 2583; x_wconf 86' lang='lat' dir='ltr'><strong>dicti</strong></span> 
     </span>
    </p>
   </div>
   <div class='ocr_carea' id='block_1_68' title="bbox 2215 2599 3921 2670">
    <p class='ocr_par' dir='ltr' id='par_1_68' title="bbox 2215 2599 3921 2670">
     <span class='ocr_line' id='line_1_69' title="bbox 2215 2599 3921 2670; baseline -0.001 -16"><span class='ocrx_word' id='word_1_500' title='bbox 2215 2605 2611 2654; x_wconf 79' lang='lat' dir='ltr'><strong>sacramentum</strong></span> <span class='ocrx_word' id='word_1_501' title='bbox 2633 2600 2716 2666; x_wconf 85' lang='lat' dir='ltr'><strong>;si</strong></span> <span class='ocrx_word' id='word_1_502' title='bbox 2770 2599 3260 2670; x_wconf 29' lang='lat' dir='ltr'><strong>enim’acciperes</strong></span> <span class='ocrx_word' id='word_1_503' title='bbox 3309 2606 3725 2654; x_wconf 88' lang='lat' dir='ltr'><strong>sacramentum</strong></span> <span class='ocrx_word' id='word_1_504' title='bbox 3775 2616 3921 2670; x_wconf 87' lang='lat' dir='ltr'><strong>pro-</strong></span> 
     </span>
    </p>
   </div>
   <div class='ocr_carea' id='block_1_69' title="bbox 2215 2671 3917 2742">
    <p class='ocr_par' dir='ltr' id='par_1_69' title="bbox 2215 2671 3917 2742">
     <span class='ocr_line' id='line_1_70' title="bbox 2215 2671 3917 2742; baseline 0.001 -18"><span class='ocrx_word' id='word_1_505' title='bbox 2215 2671 2458 2742; x_wconf 13' lang='lat' dir='ltr'><strong>prie,iut</strong></span> <span class='ocrx_word' id='word_1_506' title='bbox 2508 2671 2789 2742; x_wconf 89' lang='lat' dir='ltr'><strong>signiﬁcet</strong></span> <span class='ocrx_word' id='word_1_507' title='bbox 2833 2676 3183 2724; x_wconf 89' lang='lat' dir='ltr'><strong>sacramenta</strong></span> <span class='ocrx_word' id='word_1_508' title='bbox 3233 2687 3393 2725; x_wconf 73' lang='lat' dir='ltr'><strong>novae</strong></span> <span class='ocrx_word' id='word_1_509' title='bbox 3452 2671 3592 2741; x_wconf 85' lang='lat' dir='ltr'><strong>legis</strong></span> <span class='ocrx_word' id='word_1_510' title='bbox 3621 2675 3677 2724; x_wconf 89' lang='lat' dir='ltr'><strong>et</strong></span> <span class='ocrx_word' id='word_1_511' title='bbox 3730 2671 3917 2725; x_wconf 90' lang='lat' dir='ltr'><strong>etiam</strong></span> 
     </span>
    </p>
   </div>
   <div class='ocr_carea' id='block_1_70' title="bbox 2217 2741 3923 2809">
    <p class='ocr_par' dir='ltr' id='par_1_70' title="bbox 2217 2741 3923 2809">
     <span class='ocr_line' id='line_1_71' title="bbox 2217 2741 3923 2809; baseline 0 -14"><span class='ocrx_word' id='word_1_512' title='bbox 2217 2741 2443 2809; x_wconf 68' lang='lat' dir='ltr'><strong>Veteris,</strong></span> <span class='ocrx_word' id='word_1_513' title='bbox 2475 2741 2554 2794; x_wconf 92' lang='lat' dir='ltr'><strong>sic</strong></span> <span class='ocrx_word' id='word_1_514' title='bbox 2575 2743 2781 2795; x_wconf 89' lang='lat' dir='ltr'><strong>falsum</strong></span> <span class='ocrx_word' id='word_1_515' title='bbox 2834 2757 3166 2795; x_wconf 88' lang='lat' dir='ltr'><strong>assumeres.</strong></span> <span class='ocrx_word' id='word_1_516' title='bbox 3225 2743 3393 2796; x_wconf 84' lang='lat' dir='ltr'><strong>Multa</strong></span> <span class='ocrx_word' id='word_1_517' title='bbox 3423 2742 3576 2794; x_wconf 90' lang='lat' dir='ltr'><strong>enim</strong></span> <span class='ocrx_word' id='word_1_518' title='bbox 3638 2746 3773 2794; x_wconf 90' lang='lat' dir='ltr'><strong>sunt</strong></span> <span class='ocrx_word' id='word_1_519' title='bbox 3795 2743 3923 2795; x_wconf 91' lang='lat' dir='ltr'><strong>elo-</strong></span> 
     </span>
    </p>
   </div>
   <div class='ocr_carea' id='block_1_71' title="bbox 2217 2812 3923 2882">
    <p class='ocr_par' dir='ltr' id='par_1_71' title="bbox 2217 2812 3923 2882">
     <span class='ocr_line' id='line_1_72' title="bbox 2217 2812 3923 2882; baseline 0 -17"><span class='ocrx_word' id='word_1_520' title='bbox 2217 2812 2353 2882; x_wconf 88' lang='lat' dir='ltr'><strong>quia</strong></span> <span class='ocrx_word' id='word_1_521' title='bbox 2384 2812 2444 2865; x_wconf 92' lang='lat' dir='ltr'><strong>in</strong></span> <span class='ocrx_word' id='word_1_522' title='bbox 2475 2813 2684 2882; x_wconf 89' lang='lat' dir='ltr'><strong>quibus</strong></span> <span class='ocrx_word' id='word_1_523' title='bbox 2737 2814 2892 2865; x_wconf 90' lang='lat' dir='ltr'><strong>nulla</strong></span> <span class='ocrx_word' id='word_1_524' title='bbox 2948 2813 3012 2866; x_wconf 84' lang='lat' dir='ltr'><strong>tit</strong></span> <span class='ocrx_word' id='word_1_525' title='bbox 3042 2812 3256 2865; x_wconf 90' lang='lat' dir='ltr'><strong>mentio</strong></span> <span class='ocrx_word' id='word_1_526' title='bbox 3312 2813 3381 2866; x_wconf 89' lang='lat' dir='ltr'><strong>de</strong></span> <span class='ocrx_word' id='word_1_527' title='bbox 3429 2812 3822 2879; x_wconf 85' lang='lat' dir='ltr'><strong>sacramentis,</strong></span> <span class='ocrx_word' id='word_1_528' title='bbox 3859 2813 3923 2865; x_wconf 90' lang='lat' dir='ltr'><strong>in</strong></span> 
     </span>
    </p>
   </div>
   <div class='ocr_carea' id='block_1_72' title="bbox 2217 2883 3925 2954">
    <p class='ocr_par' dir='ltr' id='par_1_72' title="bbox 2217 2883 3925 2954">
     <span class='ocr_line' id='line_1_73' title="bbox 2217 2883 3925 2954; baseline 0 -18"><span class='ocrx_word' id='word_1_529' title='bbox 2217 2893 2558 2954; x_wconf 80' lang='lat' dir='ltr'><strong>quoCunque</strong></span> <span class='ocrx_word' id='word_1_530' title='bbox 2597 2899 2764 2936; x_wconf 89' lang='lat' dir='ltr'><strong>sensu</strong></span> <span class='ocrx_word' id='word_1_531' title='bbox 2807 2883 2942 2954; x_wconf 87' lang='lat' dir='ltr'><strong>talia</strong></span> <span class='ocrx_word' id='word_1_532' title='bbox 2981 2883 3209 2954; x_wconf 90' lang='lat' dir='ltr'><strong>eloquia</strong></span> <span class='ocrx_word' id='word_1_533' title='bbox 3259 2888 3578 2936; x_wconf 88' lang='lat' dir='ltr'><strong>sumantur.</strong></span> <span class='ocrx_word' id='word_1_534' title='bbox 3629 2883 3685 2937; x_wconf 89' lang='lat' dir='ltr'><strong>Si</strong></span> <span class='ocrx_word' id='word_1_535' title='bbox 3718 2889 3925 2936; x_wconf 88' lang='lat' dir='ltr'><strong>autem</strong></span> 
     </span>
    </p>
   </div>
   <div class='ocr_carea' id='block_1_73' title="bbox 414 2953 3930 3035">
    <p class='ocr_par' dir='ltr' id='par_1_73' title="bbox 414 2953 3930 3035">
     <span class='ocr_line' id='line_1_74' title="bbox 414 2953 3930 3035; baseline -0.001 -25"><span class='ocrx_word' id='word_1_536' title='bbox 414 2955 776 3035; x_wconf 73' lang='lat' dir='ltr'><strong>auctoritates</strong></span> <span class='ocrx_word' id='word_1_537' title='bbox 833 2955 1047 3035; x_wconf 71' lang='lat' dir='ltr'><strong>Veteris</strong></span> <span class='ocrx_word' id='word_1_538' title='bbox 1088 2956 1494 3035; x_wconf 81' lang='lat' dir='ltr'><strong>_Test_amenti,</strong></span> <span class='ocrx_word' id='word_1_539' title='bbox 1551 2953 1713 3035; x_wconf 37' lang='lat' dir='ltr'><strong>Aquas</strong></span> <span class='ocrx_word' id='word_1_540' title='bbox 1789 2953 2112 3035; x_wconf 56' lang='lat' dir='ltr'><strong>Postillator</strong></span> <span class='ocrx_word' id='word_1_541' title='bbox 2151 2953 2783 3035; x_wconf 65' lang='lat' dir='ltr'><strong>cpersacramentum</strong></span> <span class='ocrx_word' id='word_1_542' title='bbox 2843 2953 3128 3023; x_wconf 87' lang='lat' dir='ltr'><strong>intelligas</strong></span> <span class='ocrx_word' id='word_1_543' title='bbox 3189 2969 3410 3035; x_wconf 72' lang='lat' dir='ltr'><strong>sacrum</strong></span> <span class='ocrx_word' id='word_1_544' title='bbox 3481 2959 3786 3035; x_wconf 73' lang='lat' dir='ltr'><strong>secretum,</strong></span> <span class='ocrx_word' id='word_1_545' title='bbox 3859 2959 3930 3007; x_wconf 86' lang='lat' dir='ltr'><strong>ut</strong></span> 
     </span>
    </p>
   </div>
   <div class='ocr_carea' id='block_1_74' title="bbox 414 3025 2101 3095">
    <p class='ocr_par' dir='ltr' id='par_1_74' title="bbox 414 3025 2101 3095">
     <span class='ocr_line' id='line_1_75' title="bbox 414 3025 2101 3095; baseline -0.002 -15"><span class='ocrx_word' id='word_1_546' title='bbox 414 3025 698 3095; x_wconf 78' lang='lat' dir='ltr'><strong>allegavit,</strong></span> <span class='ocrx_word' id='word_1_547' title='bbox 732 3041 903 3094; x_wconf 87' lang='lat' dir='ltr'><strong>super</strong></span> <span class='ocrx_word' id='word_1_548' title='bbox 964 3025 1107 3079; x_wconf 91' lang='lat' dir='ltr'><strong>illud</strong></span> <span class='ocrx_word' id='word_1_549' title='bbox 1153 3027 1425 3080; x_wconf 89' lang='lat' dir='ltr'><strong>verbum:</strong></span> <span class='ocrx_word' id='word_1_550' title='bbox 1464 3047 1490 3077; x_wconf 74' lang='grc' dir='ltr'><strong>(ι</strong></span> <span class='ocrx_word' id='word_1_551' title='bbox 1549 3025 1897 3081; x_wconf 68' lang='grc' dir='ltr'><strong>δὲτιιῖδωὶηἱ</strong></span> <span class='ocrx_word' id='word_1_552' title='bbox 1955 3027 2101 3082; x_wconf 85' lang='lat' dir='ltr'><strong>Scri-</strong></span> 
     </span>
    </p>
   </div>
   <div class='ocr_carea' id='block_1_75' title="bbox 413 3095 2105 3167">
    <p class='ocr_par' dir='ltr' id='par_1_75' title="bbox 413 3095 2105 3167">
     <span class='ocr_line' id='line_1_76' title="bbox 413 3095 2105 3167; baseline -0.001 -16"><span class='ocrx_word' id='word_1_553' title='bbox 413 3103 610 3167; x_wconf 89' lang='lat' dir='ltr'><strong>pturas</strong></span> <span class='ocrx_word' id='word_1_554' title='bbox 644 3112 657 3161; x_wconf 91' lang='lat'><strong>;</strong></span> <span class='ocrx_word' id='word_1_555' title='bbox 692 3115 726 3167; x_wconf 52' lang='lat'><strong>9</strong></span> <span class='ocrx_word' id='word_1_556' title='bbox 748 3112 876 3165; x_wconf 68' lang='lat' dir='ltr'><strong>qua:</strong></span> <span class='ocrx_word' id='word_1_557' title='bbox 905 3095 1137 3166; x_wconf 88' lang='lat' dir='ltr'><strong>quidem</strong></span> <span class='ocrx_word' id='word_1_558' title='bbox 1160 3099 1520 3150; x_wconf 85' lang='lat' dir='ltr'><strong>auctoritates</strong></span> <span class='ocrx_word' id='word_1_559' title='bbox 1550 3100 1864 3151; x_wconf 86' lang='lat' dir='ltr'><strong>secundum</strong></span> <span class='ocrx_word' id='word_1_560' title='bbox 1903 3113 2105 3151; x_wconf 84' lang='lat' dir='ltr'><strong>verum</strong></span> 
     </span>
    </p>
   </div>
   <div class='ocr_carea' id='block_1_76' title="bbox 415 3165 2109 3238">
    <p class='ocr_par' dir='ltr' id='par_1_76' title="bbox 415 3165 2109 3238">
     <span class='ocr_line' id='line_1_77' title="bbox 415 3165 2109 3238; baseline 0 -18"><span class='ocrx_word' id='word_1_561' title='bbox 415 3165 996 3238; x_wconf 77' lang='lat' dir='ltr'><strong>sensum_litteralem</strong></span> <span class='ocrx_word' id='word_1_562' title='bbox 1045 3167 1325 3238; x_wconf 9' lang='lat' dir='ltr'><strong>mysteria,</strong></span> <span class='ocrx_word' id='word_1_563' title='bbox 1374 3168 1585 3222; x_wconf 84' lang='lat' dir='ltr'><strong>Christi</strong></span> <span class='ocrx_word' id='word_1_564' title='bbox 1642 3168 1986 3238; x_wconf 89' lang='lat' dir='ltr'><strong>signiﬁcant,</strong></span> <span class='ocrx_word' id='word_1_565' title='bbox 2045 3174 2109 3220; x_wconf 91' lang='lat' dir='ltr'><strong>ut</strong></span> 
     </span>
    </p>
   </div>
   <div class='ocr_carea' id='block_1_77' title="bbox 415 3235 2105 3306">
    <p class='ocr_par' dir='ltr' id='par_1_77' title="bbox 415 3235 2105 3306">
     <span class='ocr_line' id='line_1_78' title="bbox 415 3235 2105 3306; baseline 0 -16"><span class='ocrx_word' id='word_1_566' title='bbox 415 3253 589 3306; x_wconf 88' lang='lat' dir='ltr'><strong>supra</strong></span> <span class='ocrx_word' id='word_1_567' title='bbox 612 3235 828 3289; x_wconf 91' lang='lat' dir='ltr'><strong>dictum</strong></span> <span class='ocrx_word' id='word_1_568' title='bbox 861 3241 972 3291; x_wconf 92' lang='lat' dir='ltr'><strong>est:</strong></span> <span class='ocrx_word' id='word_1_569' title='bbox 1031 3235 1203 3306; x_wconf 86' lang='lat' dir='ltr'><strong>quem</strong></span> <span class='ocrx_word' id='word_1_570' title='bbox 1237 3237 1466 3306; x_wconf 87' lang='lat' dir='ltr'><strong>quidem</strong></span> <span class='ocrx_word' id='word_1_571' title='bbox 1517 3235 1748 3292; x_wconf 77' lang='lat' dir='ltr'><strong>sensum</strong></span> <span class='ocrx_word' id='word_1_572' title='bbox 1803 3239 2105 3292; x_wconf 87' lang='lat' dir='ltr'><strong>litteralem</strong></span> 
     </span>
    </p>
   </div>
   <div class='ocr_carea' id='block_1_78' title="bbox 414 3306 2110 3379">
    <p class='ocr_par' dir='ltr' id='par_1_78' title="bbox 414 3306 2110 3379">
     <span class='ocr_line' id='line_1_79' title="bbox 414 3306 2110 3379; baseline 0 -18"><span class='ocrx_word' id='word_1_573' title='bbox 414 3306 599 3361; x_wconf 71' lang='lat' dir='ltr'><strong>Judaei</strong></span> <span class='ocrx_word' id='word_1_574' title='bbox 631 3306 943 3360; x_wconf 80' lang='lat' dir='ltr'><strong>multifaria</strong></span> <span class='ocrx_word' id='word_1_575' title='bbox 995 3313 1404 3376; x_wconf 86' lang='lat' dir='ltr'><strong>pervertentes,</strong></span> <span class='ocrx_word' id='word_1_576' title='bbox 1459 3308 1756 3362; x_wconf 86' lang='lat' dir='ltr'><strong>veritatem</strong></span> <span class='ocrx_word' id='word_1_577' title='bbox 1815 3309 1948 3362; x_wconf 87' lang='lat' dir='ltr'><strong>ﬁdei</strong></span> <span class='ocrx_word' id='word_1_578' title='bbox 2007 3325 2110 3379; x_wconf 85' lang='lat' dir='ltr'><strong>per</strong></span> 
     </span>
    </p>
   </div>
   <div class='ocr_carea' id='block_1_79' title="bbox 414 3378 2110 3448">
    <p class='ocr_par' dir='ltr' id='par_1_79' title="bbox 414 3378 2110 3448">
     <span class='ocr_line' id='line_1_80' title="bbox 414 3378 2110 3448; baseline 0 -16"><span class='ocrx_word' id='word_1_579' title='bbox 414 3395 508 3432; x_wconf 90' lang='lat' dir='ltr'><strong>eas</strong></span> <span class='ocrx_word' id='word_1_580' title='bbox 531 3393 857 3446; x_wconf 89' lang='lat' dir='ltr'><strong>expressam</strong></span> <span class='ocrx_word' id='word_1_581' title='bbox 878 3393 994 3430; x_wconf 89' lang='lat' dir='ltr'><strong>non</strong></span> <span class='ocrx_word' id='word_1_582' title='bbox 1039 3382 1321 3448; x_wconf 85' lang='lat' dir='ltr'><strong>verentur</strong></span> <span class='ocrx_word' id='word_1_583' title='bbox 1374 3394 1582 3448; x_wconf 86' lang='lat' dir='ltr'><strong>negare</strong></span> <span class='ocrx_word' id='word_1_584' title='bbox 1617 3398 1632 3444; x_wconf 89' lang='lat'><strong>;</strong></span> <span class='ocrx_word' id='word_1_585' title='bbox 1658 3380 1809 3432; x_wconf 91' lang='lat' dir='ltr'><strong>unde</strong></span> <span class='ocrx_word' id='word_1_586' title='bbox 1839 3384 1988 3432; x_wconf 91' lang='lat' dir='ltr'><strong>recte</strong></span> <span class='ocrx_word' id='word_1_587' title='bbox 2011 3378 2110 3432; x_wconf 82' lang='lat' dir='ltr'><strong>eis</strong></span> 
     </span>
    </p>
   </div>
   <div class='ocr_carea' id='block_1_80' title="bbox 415 3447 2111 3519">
    <p class='ocr_par' dir='ltr' id='par_1_80' title="bbox 415 3447 2111 3519">
     <span class='ocr_line' id='line_1_81' title="bbox 415 3447 2111 3519; baseline -0.001 -17"><span class='ocrx_word' id='word_1_588' title='bbox 415 3448 662 3503; x_wconf 83' lang='lat' dir='ltr'><strong>dicitur:</strong></span> <span class='ocrx_word' id='word_1_589' title='bbox 691 3465 718 3498; x_wconf 72' lang='grc' dir='ltr'><strong>ι(</strong></span> <span class='ocrx_word' id='word_1_590' title='bbox 769 3447 1114 3502; x_wconf 88' lang='lat' dir='ltr'><strong>Scrutamini</strong></span> <span class='ocrx_word' id='word_1_591' title='bbox 1165 3449 1570 3518; x_wconf 81' lang='lat' dir='ltr'><strong>Scripturas;»</strong></span> <span class='ocrx_word' id='word_1_592' title='bbox 1604 3449 1660 3504; x_wconf 93' lang='lat' dir='ltr'><strong>id</strong></span> <span class='ocrx_word' id='word_1_593' title='bbox 1692 3456 1774 3503; x_wconf 91' lang='lat' dir='ltr'><strong>est</strong></span> <span class='ocrx_word' id='word_1_594' title='bbox 1805 3450 2111 3519; x_wconf 89' lang='lat' dir='ltr'><strong>diligenter</strong></span> 
     </span>
    </p>
   </div>
   <div class='ocr_carea' id='block_1_81' title="bbox 418 3519 2104 3574">
    <p class='ocr_par' dir='ltr' id='par_1_81' title="bbox 418 3519 2104 3574">
     <span class='ocr_line' id='line_1_82' title="bbox 418 3519 2104 3574; baseline -0.001 -1"><span class='ocrx_word' id='word_1_595' title='bbox 418 3519 695 3573; x_wconf 90' lang='lat' dir='ltr'><strong>attendite</strong></span> <span class='ocrx_word' id='word_1_596' title='bbox 720 3534 918 3572; x_wconf 85' lang='lat' dir='ltr'><strong>verum</strong></span> <span class='ocrx_word' id='word_1_597' title='bbox 939 3534 1167 3572; x_wconf 89' lang='lat' dir='ltr'><strong>sensum</strong></span> <span class='ocrx_word' id='word_1_598' title='bbox 1203 3520 1508 3573; x_wconf 88' lang='lat' dir='ltr'><strong>litteralem</strong></span> <span class='ocrx_word' id='word_1_599' title='bbox 1541 3519 1598 3572; x_wconf 91' lang='lat' dir='ltr'><strong>in</strong></span> <span class='ocrx_word' id='word_1_600' title='bbox 1619 3519 1698 3573; x_wconf 90' lang='lat' dir='ltr'><strong>eis</strong></span> <span class='ocrx_word' id='word_1_601' title='bbox 1756 3525 2104 3574; x_wconf 87' lang='lat' dir='ltr'><strong>contentum.</strong></span> 
     </span>
    </p>
   </div>
   <div class='ocr_carea' id='block_1_82' title="bbox 420 3589 2112 3661">
    <p class='ocr_par' dir='ltr' id='par_1_82' title="bbox 420 3589 2112 3661">
     <span class='ocr_line' id='line_1_83' title="bbox 420 3589 2112 3661; baseline -0.001 -17"><span class='ocrx_word' id='word_1_602' title='bbox 420 3593 560 3644; x_wconf 91' lang='lat' dir='ltr'><strong>ltem</strong></span> <span class='ocrx_word' id='word_1_603' title='bbox 591 3589 999 3661; x_wconf 83' lang='lat' dir='ltr'><strong>attendendum</strong></span> <span class='ocrx_word' id='word_1_604' title='bbox 1030 3589 1181 3660; x_wconf 76' lang='lat' dir='ltr'><strong>quod</strong></span> <span class='ocrx_word' id='word_1_605' title='bbox 1215 3590 1349 3660; x_wconf 91' lang='lat' dir='ltr'><strong>quia</strong></span> <span class='ocrx_word' id='word_1_606' title='bbox 1368 3589 1518 3643; x_wconf 90' lang='lat' dir='ltr'><strong>inter</strong></span> <span class='ocrx_word' id='word_1_607' title='bbox 1547 3591 1847 3661; x_wconf 63' lang='lat' dir='ltr'><strong>praedictos</strong></span> <span class='ocrx_word' id='word_1_608' title='bbox 1893 3606 2112 3644; x_wconf 89' lang='lat' dir='ltr'><strong>errores</strong></span> 
     </span>
    </p>
   </div>
   <div class='ocr_carea' id='block_1_83' title="bbox 419 3660 2110 3731">
    <p class='ocr_par' dir='ltr' id='par_1_83' title="bbox 419 3660 2110 3731">
     <span class='ocr_line' id='line_1_84' title="bbox 419 3660 2110 3731; baseline -0.001 -17"><span class='ocrx_word' id='word_1_609' title='bbox 419 3660 793 3731; x_wconf 88' lang='lat' dir='ltr'><strong>periculosior</strong></span> <span class='ocrx_word' id='word_1_610' title='bbox 857 3666 977 3713; x_wconf 90' lang='lat' dir='ltr'><strong>erat</strong></span> <span class='ocrx_word' id='word_1_611' title='bbox 1027 3676 1188 3714; x_wconf 90' lang='lat' dir='ltr'><strong>error</strong></span> <span class='ocrx_word' id='word_1_612' title='bbox 1258 3661 1405 3714; x_wconf 89' lang='lat' dir='ltr'><strong>circa</strong></span> <span class='ocrx_word' id='word_1_613' title='bbox 1449 3660 1836 3731; x_wconf 85' lang='lat' dir='ltr'><strong>cognitionem</strong></span> <span class='ocrx_word' id='word_1_614' title='bbox 1886 3661 2110 3727; x_wconf 89' lang='lat' dir='ltr'><strong>Christi,</strong></span> 
     </span>
    </p>
   </div>
   <div class='ocr_carea' id='block_1_84' title="bbox 421 3731 2117 3800">
    <p class='ocr_par' dir='ltr' id='par_1_84' title="bbox 421 3731 2117 3800">
     <span class='ocr_line' id='line_1_85' title="bbox 421 3731 2117 3800; baseline -0.001 -15"><span class='ocrx_word' id='word_1_615' title='bbox 421 3731 570 3785; x_wconf 88' lang='lat' dir='ltr'><strong>circa</strong></span> <span class='ocrx_word' id='word_1_616' title='bbox 626 3746 798 3800; x_wconf 91' lang='lat' dir='ltr'><strong>quam</strong></span> <span class='ocrx_word' id='word_1_617' title='bbox 847 3731 1296 3800; x_wconf 85' lang='lat' dir='ltr'><strong>pertinacissime</strong></span> <span class='ocrx_word' id='word_1_618' title='bbox 1342 3747 1400 3784; x_wconf 89' lang='lat' dir='ltr'><strong>se</strong></span> <span class='ocrx_word' id='word_1_619' title='bbox 1472 3732 1805 3798; x_wconf 88' lang='lat' dir='ltr'><strong>habebant;</strong></span> <span class='ocrx_word' id='word_1_620' title='bbox 1874 3737 2117 3785; x_wconf 87' lang='lat' dir='ltr'><strong>testatur</strong></span> 
     </span>
    </p>
   </div>
   <div class='ocr_carea' id='block_1_85' title="bbox 423 3801 2117 3873">
    <p class='ocr_par' dir='ltr' id='par_1_85' title="bbox 423 3801 2117 3873">
     <span class='ocr_line' id='line_1_86' title="bbox 423 3801 2117 3873; baseline 0 -18"><span class='ocrx_word' id='word_1_621' title='bbox 423 3801 579 3873; x_wconf 88' lang='lat' dir='ltr'><strong>enim</strong></span> <span class='ocrx_word' id='word_1_622' title='bbox 611 3801 784 3854; x_wconf 88' lang='lat' dir='ltr'><strong>Lucas</strong></span> <span class='ocrx_word' id='word_1_623' title='bbox 812 3801 966 3871; x_wconf 89' lang='lat' dir='ltr'><strong>quod</strong></span> <span class='ocrx_word' id='word_1_624' title='bbox 995 3818 1122 3873; x_wconf 88' lang='lat' dir='ltr'><strong>cum</strong></span> <span class='ocrx_word' id='word_1_625' title='bbox 1172 3803 1252 3856; x_wconf 87' lang='lat' dir='ltr'><strong>eis</strong></span> <span class='ocrx_word' id='word_1_626' title='bbox 1302 3803 1478 3856; x_wconf 91' lang='lat' dir='ltr'><strong>semel</strong></span> <span class='ocrx_word' id='word_1_627' title='bbox 1537 3802 1596 3856; x_wconf 89' lang='lat' dir='ltr'><strong>in</strong></span> <span class='ocrx_word' id='word_1_628' title='bbox 1626 3819 1914 3873; x_wconf 85' lang='lat' dir='ltr'><strong>synagoga</strong></span> <span class='ocrx_word' id='word_1_629' title='bbox 1971 3803 2117 3856; x_wconf 92' lang='lat' dir='ltr'><strong>illud</strong></span> 
     </span>
    </p>
   </div>
   <div class='ocr_carea' id='block_1_86' title="bbox 427 3872 2118 3945">
    <p class='ocr_par' dir='ltr' id='par_1_86' title="bbox 427 3872 2118 3945">
     <span class='ocr_line' id='line_1_87' title="bbox 427 3872 2118 3945; baseline -0.001 -18"><span class='ocrx_word' id='word_1_630' title='bbox 427 3872 586 3927; x_wconf 72' lang='lat' dir='ltr'><strong>Isaiae</strong></span> <span class='ocrx_word' id='word_1_631' title='bbox 628 3886 729 3945; x_wconf 82' lang='lat' dir='ltr'><strong>_LXI</strong></span> <span class='ocrx_word' id='word_1_632' title='bbox 766 3887 777 3926; x_wconf 94' lang='lat'><strong>:</strong></span> <span class='ocrx_word' id='word_1_633' title='bbox 817 3893 837 3945; x_wconf 55' lang='grc' dir='ltr'>ρ</span> <span class='ocrx_word' id='word_1_634' title='bbox 913 3872 1155 3941; x_wconf 88' lang='lat' dir='ltr'><strong>Spiritus</strong></span> <span class='ocrx_word' id='word_1_635' title='bbox 1213 3875 1439 3927; x_wconf 89' lang='lat' dir='ltr'><strong>Domini</strong></span> <span class='ocrx_word' id='word_1_636' title='bbox 1492 3872 1664 3943; x_wconf 88' lang='lat' dir='ltr'><strong>super</strong></span> <span class='ocrx_word' id='word_1_637' title='bbox 1712 3891 1843 3945; x_wconf 83' lang='lat' dir='ltr'><strong>me;</strong></span> <span class='ocrx_word' id='word_1_638' title='bbox 1881 3885 2118 3945; x_wconf 84' lang='lat' dir='ltr'><strong>propter</strong></span> 
     </span>
    </p>
   </div>
   <div class='ocr_carea' id='block_1_87' title="bbox 429 3942 2116 4014">
    <p class='ocr_par' dir='ltr' id='par_1_87' title="bbox 429 3942 2116 4014">
     <span class='ocr_line' id='line_1_88' title="bbox 429 3942 2116 4014; baseline 0.001 -18"><span class='ocrx_word' id='word_1_639' title='bbox 429 3965 456 3992; x_wconf 87' lang='grc'><strong>‹‹</strong></span> <span class='ocrx_word' id='word_1_640' title='bbox 488 3942 644 4013; x_wconf 90' lang='lat' dir='ltr'><strong>quod</strong></span> <span class='ocrx_word' id='word_1_641' title='bbox 694 3943 856 3996; x_wconf 90' lang='lat' dir='ltr'><strong>unxit</strong></span> <span class='ocrx_word' id='word_1_642' title='bbox 897 3959 986 3997; x_wconf 90' lang='lat' dir='ltr'><strong>me</strong></span> <span class='ocrx_word' id='word_1_643' title='bbox 1045 3945 1433 4013; x_wconf 86' lang='lat' dir='ltr'><strong>evangelizare</strong></span> <span class='ocrx_word' id='word_1_644' title='bbox 1487 3942 1856 4014; x_wconf 81' lang='lat' dir='ltr'><strong>pauperibus,</strong></span> <span class='ocrx_word' id='word_1_645' title='bbox 1882 3942 1932 3991; x_wconf 75' lang='grc' dir='ltr'><strong>“ι</strong></span> <span class='ocrx_word' id='word_1_646' title='bbox 1960 3942 2062 3997; x_wconf 85' lang='lat' dir='ltr'><strong>etc.</strong></span> <span class='ocrx_word' id='word_1_647' title='bbox 2101 3983 2116 4010; x_wconf 93' lang='lat'><strong>,</strong></span> 
     </span>
    </p>
   </div>
   <div class='ocr_carea' id='block_1_88' title="bbox 429 4014 2120 4086">
    <p class='ocr_par' dir='ltr' id='par_1_88' title="bbox 429 4014 2120 4086">
     <span class='ocr_line' id='line_1_89' title="bbox 429 4014 2120 4086; baseline -0.001 -18"><span class='ocrx_word' id='word_1_648' title='bbox 429 4017 755 4084; x_wconf 85' lang='lat' dir='ltr'><strong>exponeret,</strong></span> <span class='ocrx_word' id='word_1_649' title='bbox 777 4015 851 4086; x_wconf 85' lang='lat' dir='ltr'><strong>de</strong></span> <span class='ocrx_word' id='word_1_650' title='bbox 872 4014 1059 4086; x_wconf 90' lang='lat' dir='ltr'><strong>seipso</strong></span> <span class='ocrx_word' id='word_1_651' title='bbox 1091 4015 1262 4069; x_wconf 86' lang='lat' dir='ltr'><strong>fuisse</strong></span> <span class='ocrx_word' id='word_1_652' title='bbox 1283 4015 1517 4074; x_wconf 91' lang='lat' dir='ltr'><strong>dictum.</strong></span> <span class='ocrx_word' id='word_1_653' title='bbox 1548 4015 1795 4068; x_wconf 86' lang='lat' dir='ltr'><strong>ﬁnaliter</strong></span> <span class='ocrx_word' id='word_1_654' title='bbox 1811 4016 2120 4086; x_wconf 84' lang='lat' dir='ltr'><strong>ejecerumt</strong></span> 
     </span>
    </p>
   </div>
   <div class='ocr_carea' id='block_1_89' title="bbox 429 4085 2120 4154">
    <p class='ocr_par' dir='ltr' id='par_1_89' title="bbox 429 4085 2120 4154">
     <span class='ocr_line' id='line_1_90' title="bbox 429 4085 2120 4154; baseline 0 -16"><span class='ocrx_word' id='word_1_655' title='bbox 429 4085 588 4139; x_wconf 91' lang='lat' dir='ltr'><strong>illum</strong></span> <span class='ocrx_word' id='word_1_656' title='bbox 621 4089 780 4137; x_wconf 88' lang='lat' dir='ltr'><strong>extra</strong></span> <span class='ocrx_word' id='word_1_657' title='bbox 809 4085 1114 4150; x_wconf 86' lang='lat' dir='ltr'><strong>civitatem,</strong></span> <span class='ocrx_word' id='word_1_658' title='bbox 1151 4091 1214 4139; x_wconf 93' lang='lat' dir='ltr'><strong>ut</strong></span> <span class='ocrx_word' id='word_1_659' title='bbox 1254 4086 1676 4154; x_wconf 66' lang='lat' dir='ltr'><strong>praecipitarent</strong></span> <span class='ocrx_word' id='word_1_660' title='bbox 1705 4085 1851 4140; x_wconf 85' lang='lat' dir='ltr'><strong>eum</strong></span> <span class='ocrx_word' id='word_1_661' title='bbox 1886 4085 2120 4152; x_wconf 84' lang='lat' dir='ltr'><strong>;merito</strong></span> 
     </span>
    </p>
   </div>
   <div class='ocr_carea' id='block_1_90' title="bbox 429 4155 2122 4225">
    <p class='ocr_par' dir='ltr' id='par_1_90' title="bbox 429 4155 2122 4225">
     <span class='ocr_line' id='line_1_91' title="bbox 429 4155 2122 4225; baseline 0.001 -18"><span class='ocrx_word' id='word_1_662' title='bbox 429 4156 606 4225; x_wconf 88' lang='lat' dir='ltr'><strong>igitur</strong></span> <span class='ocrx_word' id='word_1_663' title='bbox 653 4155 863 4208; x_wconf 90' lang='lat' dir='ltr'><strong>talibus</strong></span> <span class='ocrx_word' id='word_1_664' title='bbox 908 4155 1163 4209; x_wconf 91' lang='lat' dir='ltr'><strong>Christus</strong></span> <span class='ocrx_word' id='word_1_665' title='bbox 1219 4157 1480 4217; x_wconf 85' lang='lat' dir='ltr'><strong>dicebat;</strong></span> <span class='ocrx_word' id='word_1_666' title='bbox 1517 4176 1542 4207; x_wconf 81' lang='lat'><strong>»</strong></span> <span class='ocrx_word' id='word_1_667' title='bbox 1587 4157 1928 4212; x_wconf 90' lang='lat' dir='ltr'><strong>Scrutamini</strong></span> <span class='ocrx_word' id='word_1_668' title='bbox 1973 4156 2122 4211; x_wconf 88' lang='lat' dir='ltr'><strong>Scri-</strong></span> 
     </span>
    </p>
   </div>
   <div class='ocr_carea' id='block_1_91' title="bbox 433 4226 2124 4296">
    <p class='ocr_par' dir='ltr' id='par_1_91' title="bbox 433 4226 2124 4296">
     <span class='ocr_line' id='line_1_92' title="bbox 433 4226 2124 4296; baseline 0.001 -18"><span class='ocrx_word' id='word_1_669' title='bbox 433 4231 626 4296; x_wconf 88' lang='lat' dir='ltr'><strong>pturas</strong></span> <span class='ocrx_word' id='word_1_670' title='bbox 659 4241 721 4291; x_wconf 85' lang='lat'><strong>;»</strong></span> <span class='ocrx_word' id='word_1_671' title='bbox 746 4226 883 4294; x_wconf 87' lang='lat' dir='ltr'><strong>quia</strong></span> <span class='ocrx_word' id='word_1_672' title='bbox 912 4226 958 4277; x_wconf 88' lang='lat' dir='ltr'><strong>si</strong></span> <span class='ocrx_word' id='word_1_673' title='bbox 985 4227 1183 4280; x_wconf 89' lang='lat' dir='ltr'><strong>talium</strong></span> <span class='ocrx_word' id='word_1_674' title='bbox 1223 4227 1644 4296; x_wconf 88' lang='lat' dir='ltr'><strong>Scripturarum</strong></span> <span class='ocrx_word' id='word_1_675' title='bbox 1701 4243 1927 4280; x_wconf 89' lang='lat' dir='ltr'><strong>sensum</strong></span> <span class='ocrx_word' id='word_1_676' title='bbox 1979 4228 2124 4281; x_wconf 88' lang='lat' dir='ltr'><strong>litte-</strong></span> 
     </span>
    </p>
   </div>
   <div class='ocr_carea' id='block_1_92' title="bbox 433 4295 2132 4362">
    <p class='ocr_par' dir='ltr' id='par_1_92' title="bbox 433 4295 2132 4362">
     <span class='ocr_line' id='line_1_93' title="bbox 433 4295 2132 4362; baseline 0.002 -15"><span class='ocrx_word' id='word_1_677' title='bbox 433 4295 610 4348; x_wconf 89' lang='lat' dir='ltr'><strong>ralem</strong></span> <span class='ocrx_word' id='word_1_678' title='bbox 640 4311 836 4348; x_wconf 90' lang='lat' dir='ltr'><strong>verum</strong></span> <span class='ocrx_word' id='word_1_679' title='bbox 893 4296 1246 4362; x_wconf 89' lang='lat' dir='ltr'><strong>habuissent,</strong></span> <span class='ocrx_word' id='word_1_680' title='bbox 1289 4295 1681 4351; x_wconf 77' lang='lat' dir='ltr'><strong>testimonium</strong></span> <span class='ocrx_word' id='word_1_681' title='bbox 1735 4315 1932 4351; x_wconf 90' lang='lat' dir='ltr'><strong>verum</strong></span> <span class='ocrx_word' id='word_1_682' title='bbox 1980 4298 2132 4351; x_wconf 90' lang='lat' dir='ltr'><strong>inve-</strong></span> 
     </span>
    </p>
   </div>
   <div class='ocr_carea' id='block_1_93' title="bbox 435 4365 2132 4436">
    <p class='ocr_par' dir='ltr' id='par_1_93' title="bbox 435 4365 2132 4436">
     <span class='ocr_line' id='line_1_94' title="bbox 435 4365 2132 4436; baseline 0.001 -18"><span class='ocrx_word' id='word_1_683' title='bbox 435 4366 654 4418; x_wconf 88' lang='lat' dir='ltr'><strong>nissent</strong></span> <span class='ocrx_word' id='word_1_684' title='bbox 689 4365 1036 4436; x_wconf 15' lang='lat' dir='ltr'><strong>derChristo,</strong></span> <span class='ocrx_word' id='word_1_685' title='bbox 1089 4373 1146 4420; x_wconf 88' lang='lat' dir='ltr'><strong>et</strong></span> <span class='ocrx_word' id='word_1_686' title='bbox 1199 4367 1329 4419; x_wconf 87' lang='lat' dir='ltr'><strong>ideo</strong></span> <span class='ocrx_word' id='word_1_687' title='bbox 1367 4368 1702 4436; x_wconf 85' lang='lat' dir='ltr'><strong>subjungit:</strong></span> <span class='ocrx_word' id='word_1_688' title='bbox 1742 4390 1761 4416; x_wconf 85' lang='grc'><strong><em>‹</em></strong></span> <span class='ocrx_word' id='word_1_689' title='bbox 1827 4369 1942 4422; x_wconf 57' lang='lat' dir='ltr'><strong>Illas</strong></span> <span class='ocrx_word' id='word_1_690' title='bbox 1999 4373 2132 4421; x_wconf 89' lang='lat' dir='ltr'><strong>sunt</strong></span> 
     </span>
    </p>
   </div>
   <div class='ocr_carea' id='block_1_94' title="bbox 440 4435 2130 4506">
    <p class='ocr_par' dir='ltr' id='par_1_94' title="bbox 440 4435 2130 4506">
     <span class='ocr_line' id='line_1_95' title="bbox 440 4435 2130 4506; baseline 0.004 -22"><span class='ocrx_word' id='word_1_691' title='bbox 440 4458 459 4483; x_wconf 79' lang='grc' dir='ltr'>ι</span> <span class='ocrx_word' id='word_1_692' title='bbox 497 4451 624 4506; x_wconf 76' lang='lat' dir='ltr'><strong>quae</strong></span> <span class='ocrx_word' id='word_1_693' title='bbox 655 4435 1048 4489; x_wconf 89' lang='lat' dir='ltr'><strong>testimonium</strong></span> <span class='ocrx_word' id='word_1_694' title='bbox 1077 4437 1380 4506; x_wconf 89' lang='lat' dir='ltr'><strong>perhibent</strong></span> <span class='ocrx_word' id='word_1_695' title='bbox 1409 4435 1483 4490; x_wconf 89' lang='lat' dir='ltr'><strong>de</strong></span> <span class='ocrx_word' id='word_1_696' title='bbox 1509 4435 1618 4491; x_wconf 89' lang='lat' dir='ltr'><strong>me.</strong></span> <span class='ocrx_word' id='word_1_697' title='bbox 1649 4458 1675 4487; x_wconf 84' lang='lat'>»</span> <span class='ocrx_word' id='word_1_698' title='bbox 1716 4437 2130 4492; x_wconf 90' lang='lat' dir='ltr'><strong>Testimonium</strong></span> 
     </span>
    </p>
   </div>
   <div class='ocr_carea' id='block_1_95' title="bbox 435 4507 2129 4577">
    <p class='ocr_par' dir='ltr' id='par_1_95' title="bbox 435 4507 2129 4577">
     <span class='ocr_line' id='line_1_96' title="bbox 435 4507 2129 4577; baseline 0.001 -18"><span class='ocrx_word' id='word_1_699' title='bbox 435 4513 627 4559; x_wconf 87' lang='lat' dir='ltr'><strong>autem</strong></span> <span class='ocrx_word' id='word_1_700' title='bbox 683 4523 716 4559; x_wconf 91' lang='lat' dir='ltr'><strong>a</strong></span> <span class='ocrx_word' id='word_1_701' title='bbox 763 4523 918 4560; x_wconf 90' lang='lat' dir='ltr'><strong>sacra</strong></span> <span class='ocrx_word' id='word_1_702' title='bbox 957 4507 1246 4577; x_wconf 88' lang='lat' dir='ltr'><strong>Scriptura</strong></span> <span class='ocrx_word' id='word_1_703' title='bbox 1300 4524 1411 4560; x_wconf 92' lang='lat' dir='ltr'><strong>non</strong></span> <span class='ocrx_word' id='word_1_704' title='bbox 1468 4509 1712 4562; x_wconf 86' lang='lat' dir='ltr'><strong>habetur</strong></span> <span class='ocrx_word' id='word_1_705' title='bbox 1753 4514 1969 4562; x_wconf 87' lang='lat' dir='ltr'><strong>certum</strong></span> <span class='ocrx_word' id='word_1_706' title='bbox 2021 4508 2129 4562; x_wconf 73' lang='lat' dir='ltr'><strong>nisi</strong></span> 
     </span>
    </p>
   </div>
   <div class='ocr_carea' id='block_1_96' title="bbox 437 4577 2130 4648">
    <p class='ocr_par' dir='ltr' id='par_1_96' title="bbox 437 4577 2130 4648">
     <span class='ocr_line' id='line_1_97' title="bbox 437 4577 2130 4648; baseline 0.002 -19"><span class='ocrx_word' id='word_1_707' title='bbox 437 4593 503 4630; x_wconf 89' lang='lat' dir='ltr'><strong>ex</strong></span> <span class='ocrx_word' id='word_1_708' title='bbox 545 4593 717 4630; x_wconf 86' lang='lat' dir='ltr'><strong>sensu</strong></span> <span class='ocrx_word' id='word_1_709' title='bbox 787 4577 1038 4642; x_wconf 88' lang='lat' dir='ltr'><strong>litterali,</strong></span> <span class='ocrx_word' id='word_1_710' title='bbox 1094 4583 1156 4632; x_wconf 90' lang='lat' dir='ltr'><strong>ut</strong></span> <span class='ocrx_word' id='word_1_711' title='bbox 1232 4580 1586 4648; x_wconf 81' lang='lat' dir='ltr'><strong>Augustinus</strong></span> <span class='ocrx_word' id='word_1_712' title='bbox 1628 4579 1688 4632; x_wconf 93' lang='lat' dir='ltr'><strong>in</strong></span> <span class='ocrx_word' id='word_1_713' title='bbox 1737 4579 1932 4633; x_wconf 73' lang='lat' dir='ltr'><strong>muttis</strong></span> <span class='ocrx_word' id='word_1_714' title='bbox 1992 4580 2130 4632; x_wconf 75' lang='lat' dir='ltr'><strong>locis</strong></span> 
     </span>
    </p>
   </div>
   <div class='ocr_carea' id='block_1_97' title="bbox 434 4651 691 4714">
    <p class='ocr_par' dir='ltr' id='par_1_97' title="bbox 434 4651 691 4714">
     <span class='ocr_line' id='line_1_98' title="bbox 434 4651 691 4714; baseline -0.008 -11"><span class='ocrx_word' id='word_1_715' title='bbox 434 4651 691 4714; x_wconf 87' lang='lat' dir='ltr'><strong>testatur,</strong></span> 
     </span>
    </p>
   </div>
   <div class='ocr_carea' id='block_1_98' title="bbox 509 4719 2130 4790">
    <p class='ocr_par' dir='ltr' id='par_1_98' title="bbox 509 4719 2130 4790">
     <span class='ocr_line' id='line_1_99' title="bbox 509 4719 2130 4790; baseline -0.001 -17"><span class='ocrx_word' id='word_1_716' title='bbox 509 4719 664 4773; x_wconf 91' lang='lat' dir='ltr'><strong>Idem</strong></span> <span class='ocrx_word' id='word_1_717' title='bbox 713 4723 868 4790; x_wconf 86' lang='lat' dir='ltr'><strong>patet</strong></span> <span class='ocrx_word' id='word_1_718' title='bbox 917 4719 977 4773; x_wconf 91' lang='lat' dir='ltr'><strong>in</strong></span> <span class='ocrx_word' id='word_1_719' title='bbox 1051 4720 1206 4774; x_wconf 86' lang='lat' dir='ltr'><strong>Novo</strong></span> <span class='ocrx_word' id='word_1_720' title='bbox 1255 4720 1637 4786; x_wconf 85' lang='lat' dir='ltr'><strong>Testamento,</strong></span> <span class='ocrx_word' id='word_1_721' title='bbox 1693 4720 1833 4774; x_wconf 84' lang='lat' dir='ltr'><strong>Nam</strong></span> <span class='ocrx_word' id='word_1_722' title='bbox 1893 4720 1940 4774; x_wconf 92' lang='lat' dir='ltr'><strong>si</strong></span> <span class='ocrx_word' id='word_1_723' title='bbox 1966 4720 2130 4774; x_wconf 85' lang='lat' dir='ltr'><strong>Arius</strong></span> 
     </span>
    </p>
   </div>
   <div class='ocr_carea' id='block_1_99' title="bbox 437 4790 2126 4862">
    <p class='ocr_par' dir='ltr' id='par_1_99' title="bbox 437 4790 2126 4862">
     <span class='ocr_line' id='line_1_100' title="bbox 437 4790 2126 4862; baseline 0.002 -20"><span class='ocrx_word' id='word_1_724' title='bbox 437 4805 634 4862; x_wconf 70' lang='lat' dir='ltr'><strong>verum</strong></span> <span class='ocrx_word' id='word_1_725' title='bbox 689 4790 991 4844; x_wconf 90' lang='lat' dir='ltr'><strong>litteralem</strong></span> <span class='ocrx_word' id='word_1_726' title='bbox 1044 4805 1271 4844; x_wconf 89' lang='lat' dir='ltr'><strong>sensum</strong></span> <span class='ocrx_word' id='word_1_727' title='bbox 1324 4790 1615 4862; x_wconf 82' lang='lat' dir='ltr'><strong>habuisset</strong></span> <span class='ocrx_word' id='word_1_728' title='bbox 1692 4791 1865 4862; x_wconf 90' lang='lat' dir='ltr'><strong>hujus</strong></span> <span class='ocrx_word' id='word_1_729' title='bbox 1928 4792 2062 4846; x_wconf 91' lang='lat' dir='ltr'><strong>dicti</strong></span> <span class='ocrx_word' id='word_1_730' title='bbox 2113 4808 2126 4846; x_wconf 92' lang='lat'><strong>:</strong></span> 
     </span>
    </p>
   </div>
   <div class='ocr_carea' id='block_1_100' title="bbox 440 4860 2127 4928">
    <p class='ocr_par' dir='ltr' id='par_1_100' title="bbox 440 4860 2127 4928">
     <span class='ocr_line' id='line_1_101' title="bbox 440 4860 2127 4928; baseline 0.004 -19"><span class='ocrx_word' id='word_1_731' title='bbox 440 4878 466 4908; x_wconf 78' lang='grc' dir='ltr'><strong>(ι</strong></span> <span class='ocrx_word' id='word_1_732' title='bbox 498 4861 610 4928; x_wconf 89' lang='lat' dir='ltr'><strong>Ego</strong></span> <span class='ocrx_word' id='word_1_733' title='bbox 643 4866 698 4913; x_wconf 91' lang='lat' dir='ltr'><strong>et</strong></span> <span class='ocrx_word' id='word_1_734' title='bbox 727 4862 892 4915; x_wconf 89' lang='lat' dir='ltr'><strong>Pater</strong></span> <span class='ocrx_word' id='word_1_735' title='bbox 922 4877 1101 4914; x_wconf 90' lang='lat' dir='ltr'><strong>unum</strong></span> <span class='ocrx_word' id='word_1_736' title='bbox 1142 4876 1356 4927; x_wconf 90' lang='lat' dir='ltr'><strong>sumus,</strong></span> <span class='ocrx_word' id='word_1_737' title='bbox 1385 4880 1410 4911; x_wconf 70' lang='grc' dir='ltr'><strong>ι)</strong></span> <span class='ocrx_word' id='word_1_738' title='bbox 1454 4860 1599 4915; x_wconf 88' lang='lat' dir='ltr'><strong>hanc</strong></span> <span class='ocrx_word' id='word_1_739' title='bbox 1622 4860 1811 4915; x_wconf 87' lang='lat' dir='ltr'><strong>autem</strong></span> <span class='ocrx_word' id='word_1_740' title='bbox 1851 4863 2127 4916; x_wconf 83' lang='lat' dir='ltr'><strong>unitatem</strong></span> 
     </span>
    </p>
   </div>
   <div class='ocr_carea' id='block_1_101' title="bbox 436 4930 2132 5003">
    <p class='ocr_par' dir='ltr' id='par_1_101' title="bbox 436 4930 2132 5003">
     <span class='ocr_line' id='line_1_102' title="bbox 436 4930 2132 5003; baseline 0.003 -21"><span class='ocrx_word' id='word_1_741' title='bbox 436 4930 812 5003; x_wconf 76' lang='lat' dir='ltr'><strong>intelligendo</strong></span> <span class='ocrx_word' id='word_1_742' title='bbox 875 4933 936 4985; x_wconf 91' lang='lat' dir='ltr'><strong>in</strong></span> <span class='ocrx_word' id='word_1_743' title='bbox 977 4932 1166 4986; x_wconf 87' lang='lat' dir='ltr'><strong>divina</strong></span> <span class='ocrx_word' id='word_1_744' title='bbox 1232 4936 1482 4997; x_wconf 90' lang='lat' dir='ltr'><strong>natura;</strong></span> <span class='ocrx_word' id='word_1_745' title='bbox 1533 4932 1796 4986; x_wconf 90' lang='lat' dir='ltr'><strong>similiter</strong></span> <span class='ocrx_word' id='word_1_746' title='bbox 1849 4937 1902 4986; x_wconf 89' lang='lat' dir='ltr'><strong>et</strong></span> <span class='ocrx_word' id='word_1_747' title='bbox 1958 4933 2132 5003; x_wconf 85' lang='lat' dir='ltr'><strong>hujus</strong></span> 
     </span>
    </p>
   </div>
   <div class='ocr_carea' id='block_1_102' title="bbox 438 4999 2129 5072">
    <p class='ocr_par' dir='ltr' id='par_1_102' title="bbox 438 4999 2129 5072">
     <span class='ocr_line' id='line_1_103' title="bbox 438 4999 2129 5072; baseline 0.004 -21"><span class='ocrx_word' id='word_1_748' title='bbox 438 4999 575 5072; x_wconf 78' lang='lat' dir='ltr'><strong>dicti</strong></span> <span class='ocrx_word' id='word_1_749' title='bbox 598 5016 624 5072; x_wconf 86' lang='lat'><strong>_:</strong></span> <span class='ocrx_word' id='word_1_750' title='bbox 651 5021 678 5050; x_wconf 71' lang='grc' dir='ltr'><strong>η</strong></span> <span class='ocrx_word' id='word_1_751' title='bbox 738 5004 906 5056; x_wconf 91' lang='lat' dir='ltr'><strong>Pater</strong></span> <span class='ocrx_word' id='word_1_752' title='bbox 967 5004 1150 5072; x_wconf 88' lang='lat' dir='ltr'><strong>major</strong></span> <span class='ocrx_word' id='word_1_753' title='bbox 1191 5018 1281 5056; x_wconf 89' lang='lat' dir='ltr'><strong>me</strong></span> <span class='ocrx_word' id='word_1_754' title='bbox 1321 5008 1422 5066; x_wconf 87' lang='lat' dir='ltr'><strong>est,</strong></span> <span class='ocrx_word' id='word_1_755' title='bbox 1451 5021 1479 5053; x_wconf 67' lang='grc' dir='ltr'><strong>η</strong></span> <span class='ocrx_word' id='word_1_756' title='bbox 1516 5019 1714 5057; x_wconf 90' lang='lat' dir='ltr'><strong>verum</strong></span> <span class='ocrx_word' id='word_1_757' title='bbox 1774 4999 2129 5058; x_wconf 83' lang='lat' dir='ltr'><strong>intellectum</strong></span> 
     </span>
    </p>
   </div>
   <div class='ocr_carea' id='block_1_103' title="bbox 436 5069 2130 5146">
    <p class='ocr_par' dir='ltr' id='par_1_103' title="bbox 436 5069 2130 5146">
     <span class='ocr_line' id='line_1_104' title="bbox 436 5069 2130 5146; baseline 0.003 -22"><span class='ocrx_word' id='word_1_758' title='bbox 436 5069 744 5136; x_wconf 83' lang='lat' dir='ltr'><strong>habuisset,</strong></span> <span class='ocrx_word' id='word_1_759' title='bbox 785 5069 1158 5146; x_wconf 80' lang='lat' dir='ltr'><strong>intelligendo</strong></span> <span class='ocrx_word' id='word_1_760' title='bbox 1209 5074 1586 5146; x_wconf 86' lang='lat' dir='ltr'><strong>majoritatem</strong></span> <span class='ocrx_word' id='word_1_761' title='bbox 1622 5079 1876 5146; x_wconf 87' lang='lat' dir='ltr'><strong>respectu</strong></span> <span class='ocrx_word' id='word_1_762' title='bbox 1906 5081 2130 5146; x_wconf 57' lang='lat' dir='ltr'><strong>natura;</strong></span> 
     </span>
    </p>
   </div>
   <div class='ocr_carea' id='block_1_104' title="bbox 438 5145 2126 5210">
    <p class='ocr_par' dir='ltr' id='par_1_104' title="bbox 438 5145 2126 5210">
     <span class='ocr_line' id='line_1_105' title="bbox 438 5145 2126 5210; baseline 0.002 -16"><span class='ocrx_word' id='word_1_763' title='bbox 438 5146 764 5210; x_wconf 62' lang='lat' dir='ltr'><strong>assumptus,</strong></span> <span class='ocrx_word' id='word_1_764' title='bbox 797 5159 912 5197; x_wconf 89' lang='lat' dir='ltr'><strong>non</strong></span> <span class='ocrx_word' id='word_1_765' title='bbox 942 5145 1248 5198; x_wconf 90' lang='lat' dir='ltr'><strong>corruisset</strong></span> <span class='ocrx_word' id='word_1_766' title='bbox 1276 5145 1335 5198; x_wconf 90' lang='lat' dir='ltr'><strong>in</strong></span> <span class='ocrx_word' id='word_1_767' title='bbox 1360 5145 1622 5199; x_wconf 64' lang='lat' dir='ltr'><strong>heresim</strong></span> <span class='ocrx_word' id='word_1_768' title='bbox 1665 5145 1825 5200; x_wconf 90' lang='lat' dir='ltr'><strong>suam</strong></span> <span class='ocrx_word' id='word_1_769' title='bbox 1889 5145 2126 5199; x_wconf 85' lang='lat' dir='ltr'><strong>damna-</strong></span> 
     </span>
    </p>
   </div>
   <div class='ocr_carea' id='block_1_105' title="bbox 435 5211 2129 5336">
    <p class='ocr_par' dir='ltr' id='par_1_105' title="bbox 435 5211 2129 5336">
     <span class='ocr_line' id='line_1_106' title="bbox 435 5211 2129 5336; baseline 0.005 -72"><span class='ocrx_word' id='word_1_770' title='bbox 435 5217 573 5266; x_wconf 90' lang='lat' dir='ltr'><strong>tam.</strong></span> <span class='ocrx_word' id='word_1_771' title='bbox 606 5211 709 5266; x_wconf 90' lang='lat' dir='ltr'><strong>Sed</strong></span> <span class='ocrx_word' id='word_1_772' title='bbox 743 5212 878 5336; x_wconf 66' lang='lat' dir='ltr'><strong>qluia</strong></span> <span class='ocrx_word' id='word_1_773' title='bbox 910 5215 1179 5296; x_wconf 62' lang='lat' dir='ltr'><strong>praedicta</strong></span> <span class='ocrx_word' id='word_1_774' title='bbox 1209 5215 1373 5270; x_wconf 88' lang='lat' dir='ltr'><strong>aliter</strong></span> <span class='ocrx_word' id='word_1_775' title='bbox 1425 5215 1705 5298; x_wconf 75' lang='lat' dir='ltr'><strong>intellexit</strong></span> <span class='ocrx_word' id='word_1_776' title='bbox 1751 5217 1846 5298; x_wconf 77' lang='lat' dir='ltr'><strong>ad_</strong></span> <span class='ocrx_word' id='word_1_777' title='bbox 1881 5216 2129 5272; x_wconf 88' lang='lat' dir='ltr'><strong>litteram</strong></span> 
     </span>
     <span class='ocr_line' id='line_1_107' title="bbox 438 5283 2127 5336; baseline 0 0"><span class='ocrx_word' id='word_1_778' title='bbox 438 5298 609 5336; x_wconf 83' lang='lat' dir='ltr'><strong>uuam</strong></span> <span class='ocrx_word' id='word_1_779' title='bbox 665 5288 752 5336; x_wconf 90' lang='lat' dir='ltr'><strong>cat</strong></span> <span class='ocrx_word' id='word_1_780' title='bbox 798 5283 928 5336; x_wconf 76' lang='lat' dir='ltr'><strong>oltc1</strong></span> <span class='ocrx_word' id='word_1_781' title='bbox 961 5284 1178 5336; x_wconf 81' lang='lat' dir='ltr'><strong>Smrltu</strong></span> <span class='ocrx_word' id='word_1_782' title='bbox 1223 5293 1418 5336; x_wconf 87' lang='lat' dir='ltr'><strong>sancto</strong></span> <span class='ocrx_word' id='word_1_783' title='bbox 1467 5287 1777 5336; x_wconf 81' lang='lat' dir='ltr'><strong>illuminati</strong></span> <span class='ocrx_word' id='word_1_784' title='bbox 1832 5287 2127 5336; x_wconf 83' lang='lat' dir='ltr'><strong>intellexe-</strong></span> 
     </span>
    </p>
   </div>
   <div class='ocr_carea' id='block_1_106' title="bbox 438 5282 2127 5353">
    <p class='ocr_par' dir='ltr' id='par_1_106' title="bbox 438 5282 2127 5353">
     <span class='ocr_line' id='line_1_108' title="bbox 438 5282 2127 5353; baseline 0.004 -19"><span class='ocrx_word' id='word_1_785' title='bbox 438 5298 609 5352; x_wconf 90' lang='lat' dir='ltr'><strong>quam</strong></span> <span class='ocrx_word' id='word_1_786' title='bbox 665 5282 928 5337; x_wconf 89' lang='lat' dir='ltr'><strong>catholici</strong></span> <span class='ocrx_word' id='word_1_787' title='bbox 961 5284 1178 5353; x_wconf 90' lang='lat' dir='ltr'><strong>Spiritu</strong></span> <span class='ocrx_word' id='word_1_788' title='bbox 1223 5293 1418 5340; x_wconf 90' lang='lat' dir='ltr'><strong>sancto</strong></span> <span class='ocrx_word' id='word_1_789' title='bbox 1467 5287 1777 5342; x_wconf 89' lang='lat' dir='ltr'><strong>illuminati</strong></span> <span class='ocrx_word' id='word_1_790' title='bbox 1832 5286 2127 5341; x_wconf 89' lang='lat' dir='ltr'><strong>intellexe-</strong></span> 
     </span>
    </p>
   </div>
   <div class='ocr_carea' id='block_1_107' title="bbox 438 5354 2130 5430">
    <p class='ocr_par' dir='ltr' id='par_1_107' title="bbox 438 5354 2130 5430">
     <span class='ocr_line' id='line_1_109' title="bbox 438 5354 2130 5430; baseline 0.004 -25"><span class='ocrx_word' id='word_1_791' title='bbox 438 5357 589 5412; x_wconf 87' lang='lat' dir='ltr'><strong>runt,</strong></span> <span class='ocrx_word' id='word_1_792' title='bbox 622 5354 924 5430; x_wconf 67' lang='lat' dir='ltr'><strong>lapsusest</strong></span> <span class='ocrx_word' id='word_1_793' title='bbox 945 5354 1004 5408; x_wconf 92' lang='lat' dir='ltr'><strong>in</strong></span> <span class='ocrx_word' id='word_1_794' title='bbox 1034 5356 1324 5430; x_wconf 85' lang='lat' dir='ltr'><strong>laqueum.</strong></span> <span class='ocrx_word' id='word_1_795' title='bbox 1355 5359 1417 5411; x_wconf 87' lang='lat' dir='ltr'><strong>Et</strong></span> <span class='ocrx_word' id='word_1_796' title='bbox 1445 5358 1524 5430; x_wconf 82' lang='lat' dir='ltr'><strong>sic</strong></span> <span class='ocrx_word' id='word_1_797' title='bbox 1563 5363 1753 5430; x_wconf 16' lang='lat' dir='ltr'><strong>patetd</strong></span> <span class='ocrx_word' id='word_1_798' title='bbox 1777 5357 1932 5430; x_wconf 92' lang='lat' dir='ltr'><strong>quod</strong></span> <span class='ocrx_word' id='word_1_799' title='bbox 1962 5358 2130 5430; x_wconf 65' lang='lat' dir='ltr'><strong>circa</strong></span> 
     </span>
    </p>
   </div>
   <div class='ocr_carea' id='block_1_108' title="bbox 437 5425 2128 5500">
    <p class='ocr_par' dir='ltr' id='par_1_108' title="bbox 437 5425 2128 5500">
     <span class='ocr_line' id='line_1_110' title="bbox 437 5425 2128 5500; baseline 0.005 -25"><span class='ocrx_word' id='word_1_800' title='bbox 437 5439 632 5477; x_wconf 88' lang='lat' dir='ltr'><strong>verum</strong></span> <span class='ocrx_word' id='word_1_801' title='bbox 682 5425 1036 5500; x_wconf 81' lang='lat' dir='ltr'><strong>intellectum</strong></span> <span class='ocrx_word' id='word_1_802' title='bbox 1067 5425 1407 5500; x_wconf 80' lang='lat' dir='ltr'><strong>_litteralem</strong></span> <span class='ocrx_word' id='word_1_803' title='bbox 1467 5425 1760 5500; x_wconf 74' lang='lat' dir='ltr'><strong>Evangelii</strong></span> <span class='ocrx_word' id='word_1_804' title='bbox 1795 5425 2128 5500; x_wconf 54' lang='lat' dir='ltr'><strong>&#39;praedictus</strong></span> 
     </span>
    </p>
   </div>
   <div class='ocr_carea' id='block_1_109' title="bbox 434 5495 2128 5569">
    <p class='ocr_par' dir='ltr' id='par_1_109' title="bbox 434 5495 2128 5569">
     <span class='ocr_line' id='line_1_111' title="bbox 434 5495 2128 5569; baseline 0.004 -22"><span class='ocrx_word' id='word_1_805' title='bbox 434 5509 594 5548; x_wconf 91' lang='lat' dir='ltr'><strong>error</strong></span> <span class='ocrx_word' id='word_1_806' title='bbox 623 5495 907 5569; x_wconf 80' lang='lat' dir='ltr'><strong>consistit:</strong></span> <span class='ocrx_word' id='word_1_807' title='bbox 960 5502 1016 5549; x_wconf 90' lang='lat' dir='ltr'><strong>et</strong></span> <span class='ocrx_word' id='word_1_808' title='bbox 1035 5496 1114 5552; x_wconf 90' lang='lat' dir='ltr'><strong>sic</strong></span> <span class='ocrx_word' id='word_1_809' title='bbox 1150 5497 1592 5569; x_wconf 87' lang='lat' dir='ltr'><strong>intelligendum</strong></span> <span class='ocrx_word' id='word_1_810' title='bbox 1628 5495 1728 5556; x_wconf 61' lang='lat' dir='ltr'><strong>&#39;est</strong></span> <span class='ocrx_word' id='word_1_811' title='bbox 1759 5495 1842 5555; x_wconf 54' lang='lat' dir='ltr'><strong>de&#39;</strong></span> <span class='ocrx_word' id='word_1_812' title='bbox 1863 5499 2006 5554; x_wconf 87' lang='lat' dir='ltr'><strong>aliis.</strong></span> <span class='ocrx_word' id='word_1_813' title='bbox 2050 5501 2128 5554; x_wconf 83' lang='lat' dir='ltr'><strong>Ex</strong></span> 
     </span>
    </p>
   </div>
   <div class='ocr_carea' id='block_1_110' title="bbox 435 5567 1066 5638">
    <p class='ocr_par' dir='ltr' id='par_1_110' title="bbox 435 5567 1066 5638">
     <span class='ocr_line' id='line_1_112' title="bbox 435 5567 1066 5638; baseline 0.008 -21"><span class='ocrx_word' id='word_1_814' title='bbox 435 5581 549 5636; x_wconf 92' lang='lat' dir='ltr'><strong>quo</strong></span> <span class='ocrx_word' id='word_1_815' title='bbox 579 5572 733 5638; x_wconf 90' lang='lat' dir='ltr'><strong>patet</strong></span> <span class='ocrx_word' id='word_1_816' title='bbox 759 5567 1066 5622; x_wconf 89' lang='lat' dir='ltr'><strong>intentum.</strong></span> 
     </span>
    </p>
   </div>
   <div class='ocr_carea' id='block_1_111' title="bbox 509 5638 2128 5712">
    <p class='ocr_par' dir='ltr' id='par_1_111' title="bbox 509 5638 2128 5712">
     <span class='ocr_line' id='line_1_113' title="bbox 509 5638 2128 5712; baseline 0.002 -20"><span class='ocrx_word' id='word_1_817' title='bbox 509 5638 751 5692; x_wconf 89' lang='lat' dir='ltr'><strong>Ulterius</strong></span> <span class='ocrx_word' id='word_1_818' title='bbox 778 5638 920 5693; x_wconf 89' lang='lat' dir='ltr'><strong>dicis</strong></span> <span class='ocrx_word' id='word_1_819' title='bbox 955 5639 1110 5712; x_wconf 87' lang='lat' dir='ltr'><strong>quod</strong></span> <span class='ocrx_word' id='word_1_820' title='bbox 1142 5655 1256 5694; x_wconf 92' lang='lat' dir='ltr'><strong>non</strong></span> <span class='ocrx_word' id='word_1_821' title='bbox 1305 5639 1474 5693; x_wconf 87' lang='lat' dir='ltr'><strong>satiat</strong></span> <span class='ocrx_word' id='word_1_822' title='bbox 1500 5645 1563 5712; x_wconf 82' lang='lat' dir='ltr'><strong>te</strong></span> <span class='ocrx_word' id='word_1_823' title='bbox 1610 5641 1845 5712; x_wconf 91' lang='lat' dir='ltr'><strong>primun</strong></span> <span class='ocrx_word' id='word_1_824' title='bbox 1885 5640 2128 5696; x_wconf 87' lang='lat' dir='ltr'><strong>decisio-</strong></span> 
     </span>
    </p>
   </div>
   <div class='ocr_carea' id='block_1_112' title="bbox 434 5709 2127 5783">
    <p class='ocr_par' dir='ltr' id='par_1_112' title="bbox 434 5709 2127 5783">
     <span class='ocr_line' id='line_1_114' title="bbox 434 5709 2127 5783; baseline 0.003 -21"><span class='ocrx_word' id='word_1_825' title='bbox 434 5709 522 5762; x_wconf 91' lang='lat' dir='ltr'><strong>nis</strong></span> <span class='ocrx_word' id='word_1_826' title='bbox 551 5725 716 5783; x_wconf 64' lang='lat' dir='ltr'><strong>mete,</strong></span> <span class='ocrx_word' id='word_1_827' title='bbox 741 5727 846 5766; x_wconf 89' lang='lat' dir='ltr'><strong>nec</strong></span> <span class='ocrx_word' id='word_1_828' title='bbox 876 5711 1209 5783; x_wconf 87' lang='lat' dir='ltr'><strong>secundum,</strong></span> <span class='ocrx_word' id='word_1_829' title='bbox 1241 5727 1347 5783; x_wconf 84' lang='lat' dir='ltr'><strong>nec</strong></span> <span class='ocrx_word' id='word_1_830' title='bbox 1381 5709 1636 5783; x_wconf 66' lang='lat' dir='ltr'><strong>tertium,</strong></span> <span class='ocrx_word' id='word_1_831' title='bbox 1683 5728 1787 5765; x_wconf 91' lang='lat' dir='ltr'><strong>nec</strong></span> <span class='ocrx_word' id='word_1_832' title='bbox 1834 5717 2127 5783; x_wconf 88' lang='lat' dir='ltr'><strong>quartum,</strong></span> 
     </span>
    </p>
   </div>
   <div class='ocr_carea' id='block_1_113' title="bbox 434 5781 2128 5856">
    <p class='ocr_par' dir='ltr' id='par_1_113' title="bbox 434 5781 2128 5856">
     <span class='ocr_line' id='line_1_115' title="bbox 434 5781 2128 5856; baseline 0.002 -22"><span class='ocrx_word' id='word_1_833' title='bbox 434 5796 538 5836; x_wconf 89' lang='lat' dir='ltr'><strong>nec</strong></span> <span class='ocrx_word' id='word_1_834' title='bbox 565 5782 854 5854; x_wconf 88' lang='lat' dir='ltr'><strong>quintum.</strong></span> <span class='ocrx_word' id='word_1_835' title='bbox 897 5782 1056 5838; x_wconf 89' lang='lat' dir='ltr'><strong>Circa</strong></span> <span class='ocrx_word' id='word_1_836' title='bbox 1084 5783 1238 5856; x_wconf 92' lang='lat' dir='ltr'><strong>quod</strong></span> <span class='ocrx_word' id='word_1_837' title='bbox 1258 5782 1303 5837; x_wconf 91' lang='lat' dir='ltr'><strong>si</strong></span> <span class='ocrx_word' id='word_1_838' title='bbox 1335 5781 1679 5837; x_wconf 87' lang='lat' dir='ltr'><strong>ostendisses</strong></span> <span class='ocrx_word' id='word_1_839' title='bbox 1702 5781 1983 5838; x_wconf 81' lang='lat' dir='ltr'><strong>rationem</strong></span> <span class='ocrx_word' id='word_1_840' title='bbox 2014 5788 2128 5838; x_wconf 77' lang='lat' dir='ltr'><strong>tuae</strong></span> 
     </span>
    </p>
   </div>
   <div class='ocr_carea' id='block_1_114' title="bbox 2216 3023 3928 3095">
    <p class='ocr_par' dir='ltr' id='par_1_114' title="bbox 2216 3023 3928 3095">
     <span class='ocr_line' id='line_1_116' title="bbox 2216 3023 3928 3095; baseline 0 -18"><span class='ocrx_word' id='word_1_841' title='bbox 2216 3023 2319 3095; x_wconf 85' lang='lat' dir='ltr'><strong>per</strong></span> <span class='ocrx_word' id='word_1_842' title='bbox 2351 3024 2456 3077; x_wconf 91' lang='lat' dir='ltr'><strong>hoc</strong></span> <span class='ocrx_word' id='word_1_843' title='bbox 2499 3023 2856 3095; x_wconf 87' lang='lat' dir='ltr'><strong>intelligatur</strong></span> <span class='ocrx_word' id='word_1_844' title='bbox 2895 3040 3090 3077; x_wconf 89' lang='lat' dir='ltr'><strong>sensus</strong></span> <span class='ocrx_word' id='word_1_845' title='bbox 3149 3023 3438 3094; x_wconf 89' lang='lat' dir='ltr'><strong>mysticus,</strong></span> <span class='ocrx_word' id='word_1_846' title='bbox 3496 3024 3574 3077; x_wconf 90' lang='lat' dir='ltr'><strong>sic</strong></span> <span class='ocrx_word' id='word_1_847' title='bbox 3630 3023 3805 3078; x_wconf 85' lang='lat' dir='ltr'><strong>etiam</strong></span> <span class='ocrx_word' id='word_1_848' title='bbox 3830 3041 3928 3077; x_wconf 88' lang='lat' dir='ltr'><strong>as-</strong></span> 
     </span>
    </p>
   </div>
   <div class='ocr_carea' id='block_1_115' title="bbox 2217 3094 3926 3149">
    <p class='ocr_par' dir='ltr' id='par_1_115' title="bbox 2217 3094 3926 3149">
     <span class='ocr_line' id='line_1_117' title="bbox 2217 3094 3926 3149; baseline -0.001 -1"><span class='ocrx_word' id='word_1_849' title='bbox 2217 3094 2469 3148; x_wconf 88' lang='lat' dir='ltr'><strong>sumeres</strong></span> <span class='ocrx_word' id='word_1_850' title='bbox 2490 3094 3035 3149; x_wconf 83' lang='lat' dir='ltr'><strong>falsum.05tensum</strong></span> <span class='ocrx_word' id='word_1_851' title='bbox 3085 3100 3170 3148; x_wconf 92' lang='lat' dir='ltr'><strong>est</strong></span> <span class='ocrx_word' id='word_1_852' title='bbox 3217 3095 3370 3148; x_wconf 90' lang='lat' dir='ltr'><strong>enim</strong></span> <span class='ocrx_word' id='word_1_853' title='bbox 3401 3095 3461 3148; x_wconf 91' lang='lat' dir='ltr'><strong>in</strong></span> <span class='ocrx_word' id='word_1_854' title='bbox 3517 3095 3765 3149; x_wconf 88' lang='lat' dir='ltr'><strong>secundo</strong></span> <span class='ocrx_word' id='word_1_855' title='bbox 3821 3111 3926 3148; x_wconf 91' lang='lat' dir='ltr'><strong>ar-</strong></span> 
     </span>
    </p>
   </div>
   <div class='ocr_carea' id='block_1_116' title="bbox 2217 3165 3929 3236">
    <p class='ocr_par' dir='ltr' id='par_1_116' title="bbox 2217 3165 3929 3236">
     <span class='ocr_line' id='line_1_118' title="bbox 2217 3165 3929 3236; baseline -0.001 -17"><span class='ocrx_word' id='word_1_856' title='bbox 2217 3167 2392 3219; x_wconf 90' lang='lat' dir='ltr'><strong>ticulo</strong></span> <span class='ocrx_word' id='word_1_857' title='bbox 2415 3165 2762 3236; x_wconf 85' lang='lat' dir='ltr'><strong>quaestionis,</strong></span> <span class='ocrx_word' id='word_1_858' title='bbox 2797 3166 2866 3219; x_wconf 87' lang='lat' dir='ltr'><strong>de</strong></span> <span class='ocrx_word' id='word_1_859' title='bbox 2897 3181 3008 3236; x_wconf 90' lang='lat' dir='ltr'><strong>qua</strong></span> <span class='ocrx_word' id='word_1_860' title='bbox 3044 3166 3254 3235; x_wconf 90' lang='lat' dir='ltr'><strong>agitur,</strong></span> <span class='ocrx_word' id='word_1_861' title='bbox 3285 3165 3436 3236; x_wconf 90' lang='lat' dir='ltr'><strong>quod</strong></span> <span class='ocrx_word' id='word_1_862' title='bbox 3485 3171 3618 3218; x_wconf 90' lang='lat' dir='ltr'><strong>sunt</strong></span> <span class='ocrx_word' id='word_1_863' title='bbox 3655 3167 3842 3218; x_wconf 87' lang='lat' dir='ltr'><strong>multa</strong></span> <span class='ocrx_word' id='word_1_864' title='bbox 3864 3167 3929 3218; x_wconf 91' lang='lat' dir='ltr'><strong>in</strong></span> 
     </span>
    </p>
   </div>
   <div class='ocr_carea' id='block_1_117' title="bbox 2219 3235 3932 3306">
    <p class='ocr_par' dir='ltr' id='par_1_117' title="bbox 2219 3235 3932 3306">
     <span class='ocr_line' id='line_1_119' title="bbox 2219 3235 3932 3306; baseline 0.001 -18"><span class='ocrx_word' id='word_1_865' title='bbox 2219 3252 2376 3289; x_wconf 87' lang='lat' dir='ltr'><strong>sacra</strong></span> <span class='ocrx_word' id='word_1_866' title='bbox 2413 3235 2703 3305; x_wconf 89' lang='lat' dir='ltr'><strong>Scriptura</strong></span> <span class='ocrx_word' id='word_1_867' title='bbox 2732 3236 2792 3288; x_wconf 92' lang='lat' dir='ltr'><strong>in</strong></span> <span class='ocrx_word' id='word_1_868' title='bbox 2839 3236 3046 3306; x_wconf 82' lang='lat' dir='ltr'><strong>quibus</strong></span> <span class='ocrx_word' id='word_1_869' title='bbox 3076 3237 3228 3290; x_wconf 91' lang='lat' dir='ltr'><strong>solus</strong></span> <span class='ocrx_word' id='word_1_870' title='bbox 3267 3235 3466 3289; x_wconf 88' lang='lat' dir='ltr'><strong>sensus</strong></span> <span class='ocrx_word' id='word_1_871' title='bbox 3523 3236 3785 3289; x_wconf 89' lang='lat' dir='ltr'><strong>litteralis</strong></span> <span class='ocrx_word' id='word_1_872' title='bbox 3837 3241 3932 3290; x_wconf 89' lang='lat' dir='ltr'><strong>est</strong></span> 
     </span>
    </p>
   </div>
   <div class='ocr_carea' id='block_1_118' title="bbox 2220 3306 3932 3376">
    <p class='ocr_par' dir='ltr' id='par_1_118' title="bbox 2220 3306 3932 3376">
     <span class='ocr_line' id='line_1_120' title="bbox 2220 3306 3932 3376; baseline 0.002 -18"><span class='ocrx_word' id='word_1_873' title='bbox 2220 3306 2606 3376; x_wconf 65' lang='lat' dir='ltr'><strong>quaerendus:</strong></span> <span class='ocrx_word' id='word_1_874' title='bbox 2641 3311 2698 3359; x_wconf 89' lang='lat' dir='ltr'><strong>et</strong></span> <span class='ocrx_word' id='word_1_875' title='bbox 2727 3311 2810 3359; x_wconf 89' lang='lat' dir='ltr'><strong>est</strong></span> <span class='ocrx_word' id='word_1_876' title='bbox 2830 3307 3109 3360; x_wconf 88' lang='lat' dir='ltr'><strong>sententia</strong></span> <span class='ocrx_word' id='word_1_877' title='bbox 3148 3306 3456 3373; x_wconf 80' lang='lat' dir='ltr'><strong>Augustini</strong></span> <span class='ocrx_word' id='word_1_878' title='bbox 3497 3322 3670 3375; x_wconf 88' lang='lat' dir='ltr'><strong>super</strong></span> <span class='ocrx_word' id='word_1_879' title='bbox 3711 3307 3932 3361; x_wconf 87' lang='lat' dir='ltr'><strong>Genesi</strong></span> 
     </span>
    </p>
   </div>
   <div class='ocr_carea' id='block_1_119' title="bbox 2219 3376 3933 3448">
    <p class='ocr_par' dir='ltr' id='par_1_119' title="bbox 2219 3376 3933 3448">
     <span class='ocr_line' id='line_1_121' title="bbox 2219 3376 3933 3448; baseline 0 -18"><span class='ocrx_word' id='word_1_880' title='bbox 2219 3378 2288 3431; x_wconf 91' lang='lat' dir='ltr'><strong>ad</strong></span> <span class='ocrx_word' id='word_1_881' title='bbox 2339 3377 2606 3430; x_wconf 89' lang='lat' dir='ltr'><strong>litteram.</strong></span> <span class='ocrx_word' id='word_1_882' title='bbox 2669 3376 2726 3430; x_wconf 91' lang='lat' dir='ltr'><strong>Si</strong></span> <span class='ocrx_word' id='word_1_883' title='bbox 2775 3382 2964 3430; x_wconf 91' lang='lat' dir='ltr'><strong>autem</strong></span> <span class='ocrx_word' id='word_1_884' title='bbox 3016 3393 3118 3446; x_wconf 93' lang='lat' dir='ltr'><strong>per</strong></span> <span class='ocrx_word' id='word_1_885' title='bbox 3171 3381 3586 3430; x_wconf 88' lang='lat' dir='ltr'><strong>sacramentum</strong></span> <span class='ocrx_word' id='word_1_886' title='bbox 3644 3377 3933 3448; x_wconf 83' lang='lat' dir='ltr'><strong>intelligis</strong></span> 
     </span>
    </p>
   </div>
   <div class='ocr_carea' id='block_1_120' title="bbox 2221 3448 3932 3518">
    <p class='ocr_par' dir='ltr' id='par_1_120' title="bbox 2221 3448 3932 3518">
     <span class='ocr_line' id='line_1_122' title="bbox 2221 3448 3932 3518; baseline 0.001 -18"><span class='ocrx_word' id='word_1_887' title='bbox 2221 3463 2622 3518; x_wconf 85' lang='lat' dir='ltr'><strong>quamcunque</strong></span> <span class='ocrx_word' id='word_1_888' title='bbox 2652 3463 2868 3501; x_wconf 87' lang='lat' dir='ltr'><strong>sacram</strong></span> <span class='ocrx_word' id='word_1_889' title='bbox 2907 3448 3241 3518; x_wconf 88' lang='lat' dir='ltr'><strong>doctrinam,</strong></span> <span class='ocrx_word' id='word_1_890' title='bbox 3274 3448 3353 3501; x_wconf 90' lang='lat' dir='ltr'><strong>sic</strong></span> <span class='ocrx_word' id='word_1_891' title='bbox 3373 3464 3569 3501; x_wconf 88' lang='lat' dir='ltr'><strong>verum</strong></span> <span class='ocrx_word' id='word_1_892' title='bbox 3617 3448 3779 3514; x_wconf 91' lang='lat' dir='ltr'><strong>dicis,</strong></span> <span class='ocrx_word' id='word_1_893' title='bbox 3824 3449 3932 3502; x_wconf 90' lang='lat' dir='ltr'><strong>sed</strong></span> 
     </span>
    </p>
   </div>
   <div class='ocr_carea' id='block_1_121' title="bbox 2223 3517 3934 3589">
    <p class='ocr_par' dir='ltr' id='par_1_121' title="bbox 2223 3517 3934 3589">
     <span class='ocr_line' id='line_1_123' title="bbox 2223 3517 3934 3589; baseline 0 -17"><span class='ocrx_word' id='word_1_894' title='bbox 2223 3517 2365 3572; x_wconf 83' lang='lat' dir='ltr'><strong>nihil</strong></span> <span class='ocrx_word' id='word_1_895' title='bbox 2395 3517 2752 3589; x_wconf 31' lang='lat' dir='ltr'><strong>facit’contra</strong></span> <span class='ocrx_word' id='word_1_896' title='bbox 2785 3534 2894 3584; x_wconf 92' lang='lat' dir='ltr'><strong>me,</strong></span> <span class='ocrx_word' id='word_1_897' title='bbox 2922 3517 3057 3589; x_wconf 91' lang='lat' dir='ltr'><strong>quia</strong></span> <span class='ocrx_word' id='word_1_898' title='bbox 3096 3519 3155 3572; x_wconf 93' lang='lat' dir='ltr'><strong>in</strong></span> <span class='ocrx_word' id='word_1_899' title='bbox 3185 3518 3295 3572; x_wconf 91' lang='lat' dir='ltr'><strong>illis</strong></span> <span class='ocrx_word' id='word_1_900' title='bbox 3324 3519 3581 3589; x_wconf 91' lang='lat' dir='ltr'><strong>passibus</strong></span> <span class='ocrx_word' id='word_1_901' title='bbox 3611 3519 3670 3572; x_wconf 92' lang='lat' dir='ltr'><strong>in</strong></span> <span class='ocrx_word' id='word_1_902' title='bbox 3707 3518 3934 3588; x_wconf 89' lang='lat' dir='ltr'><strong>quibus</strong></span> 
     </span>
    </p>
   </div>
   <div class='ocr_carea' id='block_1_122' title="bbox 2224 3588 3933 3658">
    <p class='ocr_par' dir='ltr' id='par_1_122' title="bbox 2224 3588 3933 3658">
     <span class='ocr_line' id='line_1_124' title="bbox 2224 3588 3933 3658; baseline 0.001 -16"><span class='ocrx_word' id='word_1_903' title='bbox 2224 3589 2376 3642; x_wconf 83' lang='lat' dir='ltr'><strong>solus</strong></span> <span class='ocrx_word' id='word_1_904' title='bbox 2434 3605 2632 3642; x_wconf 90' lang='lat' dir='ltr'><strong>sensus</strong></span> <span class='ocrx_word' id='word_1_905' title='bbox 2681 3588 2952 3642; x_wconf 42' lang='lat' dir='ltr'><strong>litteralis&quot;</strong></span> <span class='ocrx_word' id='word_1_906' title='bbox 2989 3588 3342 3658; x_wconf 66' lang='lat' dir='ltr'><strong>quaerendus</strong></span> <span class='ocrx_word' id='word_1_907' title='bbox 3397 3595 3498 3655; x_wconf 87' lang='lat' dir='ltr'><strong>est,</strong></span> <span class='ocrx_word' id='word_1_908' title='bbox 3563 3593 3695 3642; x_wconf 91' lang='lat' dir='ltr'><strong>sunt</strong></span> <span class='ocrx_word' id='word_1_909' title='bbox 3739 3591 3933 3643; x_wconf 90' lang='lat' dir='ltr'><strong>multa</strong></span> 
     </span>
    </p>
   </div>
   <div class='ocr_carea' id='block_1_123' title="bbox 2224 3660 3933 3731">
    <p class='ocr_par' dir='ltr' id='par_1_123' title="bbox 2224 3660 3933 3731">
     <span class='ocr_line' id='line_1_125' title="bbox 2224 3660 3933 3731; baseline 0.001 -19"><span class='ocrx_word' id='word_1_910' title='bbox 2224 3676 2379 3713; x_wconf 88' lang='lat' dir='ltr'><strong>sacra</strong></span> <span class='ocrx_word' id='word_1_911' title='bbox 2399 3660 2740 3731; x_wconf 86' lang='lat' dir='ltr'><strong>documenta</strong></span> <span class='ocrx_word' id='word_1_912' title='bbox 2777 3660 2846 3714; x_wconf 88' lang='lat' dir='ltr'><strong>de</strong></span> <span class='ocrx_word' id='word_1_913' title='bbox 2905 3660 3014 3713; x_wconf 86' lang='lat' dir='ltr'><strong>ﬁde</strong></span> <span class='ocrx_word' id='word_1_914' title='bbox 3053 3676 3155 3714; x_wconf 91' lang='lat' dir='ltr'><strong>seu</strong></span> <span class='ocrx_word' id='word_1_915' title='bbox 3203 3660 3474 3726; x_wconf 86' lang='lat' dir='ltr'><strong>moribus,</strong></span> <span class='ocrx_word' id='word_1_916' title='bbox 3533 3665 3704 3731; x_wconf 87' lang='lat' dir='ltr'><strong>prout</strong></span> <span class='ocrx_word' id='word_1_917' title='bbox 3731 3661 3933 3714; x_wconf 87' lang='lat' dir='ltr'><strong>dedu-</strong></span> 
     </span>
    </p>
   </div>
   <div class='ocr_carea' id='block_1_124' title="bbox 2226 3730 3935 3800">
    <p class='ocr_par' dir='ltr' id='par_1_124' title="bbox 2226 3730 3935 3800">
     <span class='ocr_line' id='line_1_126' title="bbox 2226 3730 3935 3800; baseline 0 -16"><span class='ocrx_word' id='word_1_918' title='bbox 2226 3736 2379 3784; x_wconf 89' lang='lat' dir='ltr'><strong>ctum</strong></span> <span class='ocrx_word' id='word_1_919' title='bbox 2410 3730 2517 3783; x_wconf 84' lang='lat' dir='ltr'><strong>fuit</strong></span> <span class='ocrx_word' id='word_1_920' title='bbox 2545 3746 2749 3799; x_wconf 88' lang='lat' dir='ltr'><strong>supra;</strong></span> <span class='ocrx_word' id='word_1_921' title='bbox 2783 3735 2838 3784; x_wconf 92' lang='lat' dir='ltr'><strong>et</strong></span> <span class='ocrx_word' id='word_1_922' title='bbox 2874 3731 2952 3783; x_wconf 89' lang='lat' dir='ltr'><strong>sic</strong></span> <span class='ocrx_word' id='word_1_923' title='bbox 2993 3736 3151 3800; x_wconf 86' lang='lat' dir='ltr'><strong>patet</strong></span> <span class='ocrx_word' id='word_1_924' title='bbox 3205 3731 3355 3800; x_wconf 91' lang='lat' dir='ltr'><strong>quod</strong></span> <span class='ocrx_word' id='word_1_925' title='bbox 3413 3730 3664 3784; x_wconf 88' lang='lat' dir='ltr'><strong>extensio</strong></span> <span class='ocrx_word' id='word_1_926' title='bbox 3719 3747 3935 3784; x_wconf 82' lang='lat' dir='ltr'><strong>sensus</strong></span> 
     </span>
    </p>
   </div>
   <div class='ocr_carea' id='block_1_125' title="bbox 2226 3747 3938 3871">
    <p class='ocr_par' dir='ltr' id='par_1_125' title="bbox 2226 3747 3938 3871">
     <span class='ocr_line' id='line_1_127' title="bbox 2226 3747 3935 3800; baseline 0 -16"><span class='ocrx_word' id='word_1_927' title='bbox 2226 3747 2379 3784; x_wconf 77' lang='lat' dir='ltr'><strong>ctum</strong></span> <span class='ocrx_word' id='word_1_928' title='bbox 2410 3747 2517 3783; x_wconf 78' lang='lat' dir='ltr'><strong>ruit</strong></span> <span class='ocrx_word' id='word_1_929' title='bbox 2545 3747 2749 3799; x_wconf 89' lang='lat' dir='ltr'><strong>supra;</strong></span> <span class='ocrx_word' id='word_1_930' title='bbox 2783 3747 2838 3784; x_wconf 79' lang='lat' dir='ltr'><strong>et</strong></span> <span class='ocrx_word' id='word_1_931' title='bbox 2874 3747 2952 3783; x_wconf 73' lang='grc' dir='ltr'><strong>διο</strong></span> <span class='ocrx_word' id='word_1_932' title='bbox 2993 3747 3151 3800; x_wconf 79' lang='lat' dir='ltr'><strong>patet</strong></span> <span class='ocrx_word' id='word_1_933' title='bbox 3246 3747 3355 3784; x_wconf 86' lang='lat' dir='ltr'><strong>uou</strong></span> <span class='ocrx_word' id='word_1_934' title='bbox 3413 3747 3664 3784; x_wconf 76' lang='lat' dir='ltr'><strong>extensto</strong></span> <span class='ocrx_word' id='word_1_935' title='bbox 3719 3747 3935 3784; x_wconf 81' lang='lat' dir='ltr'><strong>sensus</strong></span> 
     </span>
     <span class='ocr_line' id='line_1_128' title="bbox 2226 3747 3938 3871; baseline 0.001 -17"><span class='ocrx_word' id='word_1_936' title='bbox 2226 3801 2496 3871; x_wconf 86' lang='lat' dir='ltr'><strong>litteralis</strong></span> <span class='ocrx_word' id='word_1_937' title='bbox 2529 3805 2637 3854; x_wconf 89' lang='lat' dir='ltr'><strong>stat</strong></span> <span class='ocrx_word' id='word_1_938' title='bbox 2666 3801 2726 3854; x_wconf 90' lang='lat' dir='ltr'><strong>in</strong></span> <span class='ocrx_word' id='word_1_939' title='bbox 2749 3817 2850 3854; x_wconf 92' lang='lat' dir='ltr'><strong>suo</strong></span> <span class='ocrx_word' id='word_1_940' title='bbox 2871 3801 3103 3871; x_wconf 89' lang='lat' dir='ltr'><strong>vigore;</strong></span> <span class='ocrx_word' id='word_1_941' title='bbox 3147 3747 3246 3856; x_wconf 51' lang='lat' dir='ltr'><strong>sea</strong></span> <span class='ocrx_word' id='word_1_942' title='bbox 3276 3802 3343 3856; x_wconf 89' lang='lat' dir='ltr'><strong>ad</strong></span> <span class='ocrx_word' id='word_1_943' title='bbox 3394 3802 3796 3871; x_wconf 85' lang='lat' dir='ltr'><strong>probationem</strong></span> <span class='ocrx_word' id='word_1_944' title='bbox 3844 3805 3938 3855; x_wconf 89' lang='lat' dir='ltr'><strong>tui</strong></span> 
     </span>
    </p>
   </div>
   <div class='ocr_carea' id='block_1_126' title="bbox 2227 3870 3940 3942">
    <p class='ocr_par' dir='ltr' id='par_1_126' title="bbox 2227 3870 3940 3942">
     <span class='ocr_line' id='line_1_129' title="bbox 2227 3870 3940 3942; baseline 0.002 -18"><span class='ocrx_word' id='word_1_945' title='bbox 2227 3870 2524 3940; x_wconf 87' lang='lat' dir='ltr'><strong>assumpti,</strong></span> <span class='ocrx_word' id='word_1_946' title='bbox 2557 3871 2770 3925; x_wconf 90' lang='lat' dir='ltr'><strong>scilicet</strong></span> <span class='ocrx_word' id='word_1_947' title='bbox 2799 3870 2951 3942; x_wconf 86' lang='lat' dir='ltr'><strong>quod</strong></span> <span class='ocrx_word' id='word_1_948' title='bbox 3004 3888 3200 3926; x_wconf 88' lang='lat' dir='ltr'><strong>sensus</strong></span> <span class='ocrx_word' id='word_1_949' title='bbox 3255 3872 3474 3941; x_wconf 77' lang='lat' dir='ltr'><strong>mystici</strong></span> <span class='ocrx_word' id='word_1_950' title='bbox 3540 3872 3940 3927; x_wconf 77' lang='lat' dir='ltr'><strong>extendantur</strong></span> 
     </span>
    </p>
   </div>
   <div class='ocr_carea' id='block_1_127' title="bbox 2230 3943 3939 4013">
    <p class='ocr_par' dir='ltr' id='par_1_127' title="bbox 2230 3943 3939 4013">
     <span class='ocr_line' id='line_1_130' title="bbox 2230 3943 3939 4013; baseline 0.001 -18"><span class='ocrx_word' id='word_1_951' title='bbox 2230 3943 2298 3996; x_wconf 91' lang='lat' dir='ltr'><strong>ad</strong></span> <span class='ocrx_word' id='word_1_952' title='bbox 2330 3947 2508 3995; x_wconf 88' lang='lat' dir='ltr'><strong>totam</strong></span> <span class='ocrx_word' id='word_1_953' title='bbox 2539 3957 2754 3995; x_wconf 89' lang='lat' dir='ltr'><strong>sacram</strong></span> <span class='ocrx_word' id='word_1_954' title='bbox 2795 3943 3170 4012; x_wconf 80' lang='lat' dir='ltr'><strong>Scripturam,</strong></span> <span class='ocrx_word' id='word_1_955' title='bbox 3203 3943 3282 3996; x_wconf 88' lang='lat' dir='ltr'><strong>sic</strong></span> <span class='ocrx_word' id='word_1_956' title='bbox 3320 3944 3530 4013; x_wconf 87' lang='lat' dir='ltr'><strong>allegas</strong></span> <span class='ocrx_word' id='word_1_957' title='bbox 3561 3960 3578 3996; x_wconf 89' lang='lat'><strong>:</strong></span> <span class='ocrx_word' id='word_1_958' title='bbox 3637 3945 3789 3996; x_wconf 82' lang='lat' dir='ltr'><strong>Hanc</strong></span> <span class='ocrx_word' id='word_1_959' title='bbox 3830 3960 3939 3997; x_wconf 86' lang='lat' dir='ltr'><strong>ex-</strong></span> 
     </span>
    </p>
   </div>
   <div class='ocr_carea' id='block_1_128' title="bbox 2231 4013 3941 4083">
    <p class='ocr_par' dir='ltr' id='par_1_128' title="bbox 2231 4013 3941 4083">
     <span class='ocr_line' id='line_1_131' title="bbox 2231 4013 3941 4083; baseline 0.001 -17"><span class='ocrx_word' id='word_1_960' title='bbox 2231 4013 2551 4066; x_wconf 88' lang='lat' dir='ltr'><strong>tensionem</strong></span> <span class='ocrx_word' id='word_1_961' title='bbox 2609 4013 2842 4082; x_wconf 87' lang='lat' dir='ltr'><strong>spiritus</strong></span> <span class='ocrx_word' id='word_1_962' title='bbox 2890 4029 3062 4080; x_wconf 87' lang='lat' dir='ltr'><strong>supra</strong></span> <span class='ocrx_word' id='word_1_963' title='bbox 3110 4015 3354 4066; x_wconf 87' lang='lat' dir='ltr'><strong>litteram</strong></span> <span class='ocrx_word' id='word_1_964' title='bbox 3401 4014 3666 4083; x_wconf 84' lang='lat' dir='ltr'><strong>cognovit</strong></span> <span class='ocrx_word' id='word_1_965' title='bbox 3716 4015 3941 4068; x_wconf 88' lang='lat' dir='ltr'><strong>Paulus</strong></span> 
     </span>
    </p>
   </div>
   <div class='ocr_carea' id='block_1_129' title="bbox 2232 4083 3943 4153">
    <p class='ocr_par' dir='ltr' id='par_1_129' title="bbox 2232 4083 3943 4153">
     <span class='ocr_line' id='line_1_132' title="bbox 2232 4083 3943 4153; baseline 0.001 -16"><span class='ocrx_word' id='word_1_966' title='bbox 2232 4100 2361 4137; x_wconf 90' lang='lat' dir='ltr'><strong>cum</strong></span> <span class='ocrx_word' id='word_1_967' title='bbox 2411 4084 2596 4138; x_wconf 86' lang='lat' dir='ltr'><strong>dixit:</strong></span> <span class='ocrx_word' id='word_1_968' title='bbox 2632 4102 2658 4135; x_wconf 72' lang='grc' dir='ltr'><strong>ε(</strong></span> <span class='ocrx_word' id='word_1_969' title='bbox 2699 4083 2902 4138; x_wconf 89' lang='lat' dir='ltr'><strong>Omnia</strong></span> <span class='ocrx_word' id='word_1_970' title='bbox 2958 4085 3017 4136; x_wconf 89' lang='lat' dir='ltr'><strong>iu</strong></span> <span class='ocrx_word' id='word_1_971' title='bbox 3091 4084 3289 4153; x_wconf 90' lang='lat' dir='ltr'><strong>ﬁguris</strong></span> <span class='ocrx_word' id='word_1_972' title='bbox 3355 4084 3760 4153; x_wconf 88' lang='lat' dir='ltr'><strong>contingebant</strong></span> <span class='ocrx_word' id='word_1_973' title='bbox 3816 4085 3943 4139; x_wconf 92' lang='lat' dir='ltr'><strong>illis</strong></span> 
     </span>
    </p>
   </div>
   <div class='ocr_carea' id='block_1_130' title="bbox 2239 4154 3938 4224">
    <p class='ocr_par' dir='ltr' id='par_1_130' title="bbox 2239 4154 3938 4224">
     <span class='ocr_line' id='line_1_133' title="bbox 2239 4154 3938 4224; baseline 0.001 -17"><span class='ocrx_word' id='word_1_974' title='bbox 2239 4178 2259 4203; x_wconf 72' lang='grc' dir='ltr'><strong>εί</strong></span> <span class='ocrx_word' id='word_1_975' title='bbox 2295 4156 2340 4222; x_wconf 68' lang='lat' dir='ltr'><strong>tl</strong></span> <span class='ocrx_word' id='word_1_976' title='bbox 2369 4155 2488 4211; x_wconf 86' lang='lat' dir='ltr'><strong>Cor.</strong></span> <span class='ocrx_word' id='word_1_977' title='bbox 2521 4154 2594 4220; x_wconf 85' lang='lat' dir='ltr'><strong>x),</strong></span> <span class='ocrx_word' id='word_1_978' title='bbox 2635 4176 2655 4202; x_wconf 76' lang='grc' dir='ltr'><strong>ι</strong></span> <span class='ocrx_word' id='word_1_979' title='bbox 2709 4171 2824 4208; x_wconf 92' lang='lat' dir='ltr'><strong>non</strong></span> <span class='ocrx_word' id='word_1_980' title='bbox 2882 4155 3063 4209; x_wconf 92' lang='lat' dir='ltr'><strong>solum</strong></span> <span class='ocrx_word' id='word_1_981' title='bbox 3122 4154 3349 4224; x_wconf 88' lang='lat' dir='ltr'><strong>scripta,</strong></span> <span class='ocrx_word' id='word_1_982' title='bbox 3401 4156 3497 4208; x_wconf 88' lang='lat' dir='ltr'><strong>sed</strong></span> <span class='ocrx_word' id='word_1_983' title='bbox 3551 4155 3722 4208; x_wconf 90' lang='lat' dir='ltr'><strong>etiam</strong></span> <span class='ocrx_word' id='word_1_984' title='bbox 3779 4171 3938 4224; x_wconf 84' lang='lat' dir='ltr'><strong>quo-</strong></span> 
     </span>
    </p>
   </div>
   <div class='ocr_carea' id='block_1_131' title="bbox 2170 4225 3941 4320">
    <p class='ocr_par' dir='ltr' id='par_1_131' title="bbox 2170 4225 3941 4320">
     <span class='ocr_line' id='line_1_134' title="bbox 2170 4225 3941 4320; baseline 0.002 -43"><span class='ocrx_word' id='word_1_985' title='bbox 2170 4240 2463 4320; x_wconf 59' lang='lat' dir='ltr'><strong>l)eunque</strong></span> <span class='ocrx_word' id='word_1_986' title='bbox 2511 4225 2618 4320; x_wconf 67' lang='lat' dir='ltr'><strong>alip</strong></span> <span class='ocrx_word' id='word_1_987' title='bbox 2649 4226 2820 4320; x_wconf 72' lang='lat' dir='ltr'><strong>modp</strong></span> <span class='ocrx_word' id='word_1_988' title='bbox 2851 4226 3076 4320; x_wconf 52' lang='lat' dir='ltr'><strong>tr‘adita.</strong></span> <span class='ocrx_word' id='word_1_989' title='bbox 3132 4227 3259 4279; x_wconf 75' lang='lat' dir='ltr'><strong>Hzec</strong></span> <span class='ocrx_word' id='word_1_990' title='bbox 3317 4226 3621 4320; x_wconf 72' lang='lat' dir='ltr'><strong>auctpritas</strong></span> <span class='ocrx_word' id='word_1_991' title='bbox 3664 4226 3850 4291; x_wconf 81' lang='lat' dir='ltr'><strong>Pauli,</strong></span> <span class='ocrx_word' id='word_1_992' title='bbox 3891 4228 3941 4281; x_wconf 90' lang='lat' dir='ltr'><strong>si</strong></span> 
     </span>
     <span class='ocr_line' id='line_1_135' title="bbox 2281 4296 3936 4320; baseline 0 0"><span class='ocrx_word' id='word_1_993' title='bbox 2281 4311 2379 4320; x_wconf 68' lang='grc' dir='ltr'><strong>-..Α</strong></span> <span class='ocrx_word' id='word_1_994' title='bbox 2415 4300 2563 4320; x_wconf 61' lang='grc' dir='ltr'><strong>-.ΔΑ-ι</strong></span> <span class='ocrx_word' id='word_1_995' title='bbox 2614 4313 2667 4320; x_wconf 60' lang='grc' dir='ltr'><strong>η..</strong></span> <span class='ocrx_word' id='word_1_996' title='bbox 2722 4297 2776 4320; x_wconf 66' lang='grc' dir='ltr'><strong>..ιζ</strong></span> <span class='ocrx_word' id='word_1_997' title='bbox 2803 4296 2839 4320; x_wconf 69' lang='lat'><strong>-1</strong></span> <span class='ocrx_word' id='word_1_998' title='bbox 2922 4296 3026 4320; x_wconf 68' lang='grc' dir='ltr'><strong>..-ει</strong></span> <span class='ocrx_word' id='word_1_999' title='bbox 3061 4303 3248 4320; x_wconf 52' lang='grc' dir='ltr'><strong>--.αι-..ι</strong></span> <span class='ocrx_word' id='word_1_1000' title='bbox 3285 4312 3371 4320; x_wconf 60' lang='grc' dir='ltr'><strong>...Α</strong></span> <span class='ocrx_word' id='word_1_1001' title='bbox 3493 4297 3721 4320; x_wconf 63' lang='grc' dir='ltr'><strong>...η-ει--.-</strong></span> <span class='ocrx_word' id='word_1_1002' title='bbox 3772 4297 3936 4320; x_wconf 58' lang='grc' dir='ltr'><strong>-..ζμ</strong></span> 
     </span>
    </p>
   </div>
   <div class='ocr_carea' id='block_1_132' title="bbox 2237 4296 3942 4366">
    <p class='ocr_par' dir='ltr' id='par_1_132' title="bbox 2237 4296 3942 4366">
     <span class='ocr_line' id='line_1_136' title="bbox 2237 4296 3942 4366; baseline 0.001 -16"><span class='ocrx_word' id='word_1_1003' title='bbox 2237 4296 2381 4350; x_wconf 89' lang='lat' dir='ltr'><strong>bene</strong></span> <span class='ocrx_word' id='word_1_1004' title='bbox 2414 4296 2690 4361; x_wconf 87' lang='lat' dir='ltr'><strong>attendas,</strong></span> <span class='ocrx_word' id='word_1_1005' title='bbox 2722 4296 2864 4349; x_wconf 89' lang='lat' dir='ltr'><strong>nihil</strong></span> <span class='ocrx_word' id='word_1_1006' title='bbox 2898 4296 3031 4349; x_wconf 88' lang='lat' dir='ltr'><strong>facit</strong></span> <span class='ocrx_word' id='word_1_1007' title='bbox 3057 4303 3256 4350; x_wconf 87' lang='lat' dir='ltr'><strong>contra</strong></span> <span class='ocrx_word' id='word_1_1008' title='bbox 3285 4312 3395 4349; x_wconf 89' lang='lat' dir='ltr'><strong>me.</strong></span> <span class='ocrx_word' id='word_1_1009' title='bbox 3449 4297 3721 4366; x_wconf 86' lang='lat' dir='ltr'><strong>Loquitur</strong></span> <span class='ocrx_word' id='word_1_1010' title='bbox 3769 4297 3942 4352; x_wconf 89' lang='lat' dir='ltr'><strong>enim</strong></span> 
     </span>
    </p>
   </div>
   <div class='ocr_carea' id='block_1_133' title="bbox 2240 4366 3940 4445">
    <p class='ocr_par' dir='ltr' id='par_1_133' title="bbox 2240 4366 3940 4445">
     <span class='ocr_line' id='line_1_137' title="bbox 2240 4366 3940 4445; baseline 0.002 -26"><span class='ocrx_word' id='word_1_1011' title='bbox 2240 4367 2320 4445; x_wconf 68' lang='lat' dir='ltr'><strong>ibi</strong></span> <span class='ocrx_word' id='word_1_1012' title='bbox 2343 4367 2410 4420; x_wconf 88' lang='lat' dir='ltr'><strong>de</strong></span> <span class='ocrx_word' id='word_1_1013' title='bbox 2429 4366 2612 4445; x_wconf 78' lang='lat' dir='ltr'><strong>gestis</strong></span> <span class='ocrx_word' id='word_1_1014' title='bbox 2662 4367 3112 4445; x_wconf 39' lang='lat' dir='ltr'><strong>populi-tantum</strong></span> <span class='ocrx_word' id='word_1_1015' title='bbox 3136 4367 3514 4445; x_wconf 71' lang='lat' dir='ltr'><strong>subantiquo</strong></span> <span class='ocrx_word' id='word_1_1016' title='bbox 3563 4368 3940 4445; x_wconf 83' lang='lat' dir='ltr'><strong>Testamento</strong></span> 
     </span>
    </p>
   </div>
   <div class='ocr_carea' id='block_1_134' title="bbox 2239 4437 3940 4508">
    <p class='ocr_par' dir='ltr' id='par_1_134' title="bbox 2239 4437 3940 4508">
     <span class='ocr_line' id='line_1_138' title="bbox 2239 4437 3940 4508; baseline 0.001 -18"><span class='ocrx_word' id='word_1_1017' title='bbox 2239 4437 2514 4506; x_wconf 87' lang='lat' dir='ltr'><strong>degentis,</strong></span> <span class='ocrx_word' id='word_1_1018' title='bbox 2549 4453 2793 4506; x_wconf 86' lang='lat' dir='ltr'><strong>quorum</strong></span> <span class='ocrx_word' id='word_1_1019' title='bbox 2816 4438 2928 4491; x_wconf 91' lang='lat' dir='ltr'><strong>vita</strong></span> <span class='ocrx_word' id='word_1_1020' title='bbox 2958 4443 3078 4491; x_wconf 88' lang='lat' dir='ltr'><strong>erat</strong></span> <span class='ocrx_word' id='word_1_1021' title='bbox 3108 4437 3439 4508; x_wconf 90' lang='lat' dir='ltr'><strong>prophetica</strong></span> <span class='ocrx_word' id='word_1_1022' title='bbox 3475 4455 3486 4491; x_wconf 90' lang='lat'><strong>:</strong></span> <span class='ocrx_word' id='word_1_1023' title='bbox 3520 4438 3670 4491; x_wconf 86' lang='lat' dir='ltr'><strong>unde</strong></span> <span class='ocrx_word' id='word_1_1024' title='bbox 3724 4454 3940 4492; x_wconf 89' lang='lat' dir='ltr'><strong>narra-</strong></span> 
     </span>
    </p>
   </div>
   <div class='ocr_carea' id='block_1_135' title="bbox 2241 4507 3940 4579">
    <p class='ocr_par' dir='ltr' id='par_1_135' title="bbox 2241 4507 3940 4579">
     <span class='ocr_line' id='line_1_139' title="bbox 2241 4507 3940 4579; baseline 0.002 -19"><span class='ocrx_word' id='word_1_1025' title='bbox 2241 4507 2313 4560; x_wconf 90' lang='lat' dir='ltr'><strong>tis</strong></span> <span class='ocrx_word' id='word_1_1026' title='bbox 2345 4509 2399 4560; x_wconf 91' lang='lat' dir='ltr'><strong>in</strong></span> <span class='ocrx_word' id='word_1_1027' title='bbox 2430 4509 2631 4561; x_wconf 90' lang='lat' dir='ltr'><strong>eodem</strong></span> <span class='ocrx_word' id='word_1_1028' title='bbox 2664 4509 2910 4578; x_wconf 89' lang='lat' dir='ltr'><strong>capitulo</strong></span> <span class='ocrx_word' id='word_1_1029' title='bbox 2936 4507 3275 4579; x_wconf 81' lang='lat' dir='ltr'><strong>quibusdam</strong></span> <span class='ocrx_word' id='word_1_1030' title='bbox 3319 4525 3518 4562; x_wconf 92' lang='lat' dir='ltr'><strong>eorum</strong></span> <span class='ocrx_word' id='word_1_1031' title='bbox 3550 4509 3746 4579; x_wconf 89' lang='lat' dir='ltr'><strong>gestis,</strong></span> <span class='ocrx_word' id='word_1_1032' title='bbox 3809 4514 3940 4564; x_wconf 87' lang='lat' dir='ltr'><strong>tam</strong></span> 
     </span>
    </p>
   </div>
   <div class='ocr_carea' id='block_1_136' title="bbox 2240 4579 3939 4650">
    <p class='ocr_par' dir='ltr' id='par_1_136' title="bbox 2240 4579 3939 4650">
     <span class='ocr_line' id='line_1_140' title="bbox 2240 4579 3939 4650; baseline 0.002 -19"><span class='ocrx_word' id='word_1_1033' title='bbox 2240 4579 2296 4632; x_wconf 89' lang='lat' dir='ltr'><strong>in</strong></span> <span class='ocrx_word' id='word_1_1034' title='bbox 2347 4579 2584 4632; x_wconf 84' lang='lat' dir='ltr'><strong>transitu</strong></span> <span class='ocrx_word' id='word_1_1035' title='bbox 2645 4579 2818 4632; x_wconf 89' lang='lat' dir='ltr'><strong>maris</strong></span> <span class='ocrx_word' id='word_1_1036' title='bbox 2874 4595 3043 4650; x_wconf 90' lang='lat' dir='ltr'><strong>quam</strong></span> <span class='ocrx_word' id='word_1_1037' title='bbox 3073 4580 3175 4634; x_wconf 88' lang='lat' dir='ltr'><strong>sub</strong></span> <span class='ocrx_word' id='word_1_1038' title='bbox 3227 4579 3399 4642; x_wconf 92' lang='lat' dir='ltr'><strong>nube,</strong></span> <span class='ocrx_word' id='word_1_1039' title='bbox 3451 4584 3508 4633; x_wconf 89' lang='lat' dir='ltr'><strong>et</strong></span> <span class='ocrx_word' id='word_1_1040' title='bbox 3570 4579 3939 4650; x_wconf 86' lang='lat' dir='ltr'><strong>hujusmodi,</strong></span> 
     </span>
    </p>
   </div>
   <div class='ocr_carea' id='block_1_137' title="bbox 2240 4649 3944 4721">
    <p class='ocr_par' dir='ltr' id='par_1_137' title="bbox 2240 4649 3944 4721">
     <span class='ocr_line' id='line_1_141' title="bbox 2240 4649 3944 4721; baseline 0.003 -20"><span class='ocrx_word' id='word_1_1041' title='bbox 2240 4650 2559 4703; x_wconf 91' lang='lat' dir='ltr'><strong>concludit:</strong></span> <span class='ocrx_word' id='word_1_1042' title='bbox 2588 4669 2615 4698; x_wconf 87' lang='lat'><strong>«</strong></span> <span class='ocrx_word' id='word_1_1043' title='bbox 2649 4651 2776 4703; x_wconf 67' lang='lat' dir='ltr'><strong>Haec</strong></span> <span class='ocrx_word' id='word_1_1044' title='bbox 2803 4649 2994 4702; x_wconf 83' lang='lat' dir='ltr'><strong>autem</strong></span> <span class='ocrx_word' id='word_1_1045' title='bbox 3029 4653 3219 4704; x_wconf 88' lang='lat' dir='ltr'><strong>omnia</strong></span> <span class='ocrx_word' id='word_1_1046' title='bbox 3263 4650 3669 4721; x_wconf 85' lang='lat' dir='ltr'><strong>contingebant</strong></span> <span class='ocrx_word' id='word_1_1047' title='bbox 3722 4649 3838 4702; x_wconf 92' lang='lat' dir='ltr'><strong>illis</strong></span> <span class='ocrx_word' id='word_1_1048' title='bbox 3873 4652 3944 4706; x_wconf 89' lang='lat' dir='ltr'><strong>in</strong></span> 
     </span>
    </p>
   </div>
   <div class='ocr_carea' id='block_1_138' title="bbox 2243 4721 3945 4791">
    <p class='ocr_par' dir='ltr' id='par_1_138' title="bbox 2243 4721 3945 4791">
     <span class='ocr_line' id='line_1_142' title="bbox 2243 4721 3945 4791; baseline 0.003 -21"><span class='ocrx_word' id='word_1_1049' title='bbox 2243 4738 2269 4791; x_wconf 64' lang='grc' dir='ltr'><strong>ς(</strong></span> <span class='ocrx_word' id='word_1_1050' title='bbox 2303 4721 2521 4791; x_wconf 88' lang='lat' dir='ltr'><strong>ﬁgura:</strong></span> <span class='ocrx_word' id='word_1_1051' title='bbox 2555 4738 2582 4771; x_wconf 87' lang='lat'><strong>»</strong></span> <span class='ocrx_word' id='word_1_1052' title='bbox 2617 4721 2738 4774; x_wconf 87' lang='lat' dir='ltr'><strong>Non</strong></span> <span class='ocrx_word' id='word_1_1053' title='bbox 2769 4721 2922 4773; x_wconf 90' lang='lat' dir='ltr'><strong>enim</strong></span> <span class='ocrx_word' id='word_1_1054' title='bbox 2954 4721 3097 4774; x_wconf 83' lang='lat' dir='ltr'><strong>dixit</strong></span> <span class='ocrx_word' id='word_1_1055' title='bbox 3135 4723 3340 4787; x_wconf 90' lang='lat' dir='ltr'><strong>solum,</strong></span> <span class='ocrx_word' id='word_1_1056' title='bbox 3397 4721 3590 4774; x_wconf 90' lang='lat' dir='ltr'><strong>omnia</strong></span> <span class='ocrx_word' id='word_1_1057' title='bbox 3636 4721 3945 4791; x_wconf 86' lang='lat' dir='ltr'><strong>continge-</strong></span> 
     </span>
    </p>
   </div>
   <div class='ocr_carea' id='block_1_139' title="bbox 2240 4790 3938 4857">
    <p class='ocr_par' dir='ltr' id='par_1_139' title="bbox 2240 4790 3938 4857">
     <span class='ocr_line' id='line_1_143' title="bbox 2240 4790 3938 4857; baseline -0.002 -13"><span class='ocrx_word' id='word_1_1058' title='bbox 2240 4790 2398 4856; x_wconf 90' lang='lat' dir='ltr'><strong>bant,</strong></span> <span class='ocrx_word' id='word_1_1059' title='bbox 2431 4791 2526 4845; x_wconf 88' lang='lat' dir='ltr'><strong>sed</strong></span> <span class='ocrx_word' id='word_1_1060' title='bbox 2559 4807 2687 4845; x_wconf 91' lang='lat' dir='ltr'><strong>cum</strong></span> <span class='ocrx_word' id='word_1_1061' title='bbox 2720 4791 2823 4844; x_wconf 90' lang='lat' dir='ltr'><strong>hac</strong></span> <span class='ocrx_word' id='word_1_1062' title='bbox 2846 4791 3152 4857; x_wconf 86' lang='lat' dir='ltr'><strong>additione,</strong></span> <span class='ocrx_word' id='word_1_1063' title='bbox 3191 4810 3217 4842; x_wconf 86' lang='lat'><strong>«</strong></span> <span class='ocrx_word' id='word_1_1064' title='bbox 3247 4793 3374 4845; x_wconf 77' lang='lat' dir='ltr'><strong>Haec</strong></span> <span class='ocrx_word' id='word_1_1065' title='bbox 3404 4797 3594 4846; x_wconf 88' lang='lat' dir='ltr'><strong>autem</strong></span> <span class='ocrx_word' id='word_1_1066' title='bbox 3645 4790 3865 4855; x_wconf 86' lang='lat' dir='ltr'><strong>omnia,</strong></span> <span class='ocrx_word' id='word_1_1067' title='bbox 3914 4815 3938 4839; x_wconf 75' lang='grc' dir='ltr'>ι</span> 
     </span>
    </p>
   </div>
   <div class='ocr_carea' id='block_1_140' title="bbox 2240 4861 3945 4917">
    <p class='ocr_par' dir='ltr' id='par_1_140' title="bbox 2240 4861 3945 4917">
     <span class='ocr_line' id='line_1_144' title="bbox 2240 4861 3945 4917; baseline 0.001 -2"><span class='ocrx_word' id='word_1_1068' title='bbox 2240 4867 2305 4915; x_wconf 92' lang='lat' dir='ltr'><strong>ut</strong></span> <span class='ocrx_word' id='word_1_1069' title='bbox 2333 4861 2661 4915; x_wconf 89' lang='lat' dir='ltr'><strong>ostenderet</strong></span> <span class='ocrx_word' id='word_1_1070' title='bbox 2717 4877 2776 4916; x_wconf 91' lang='lat' dir='ltr'><strong>se</strong></span> <span class='ocrx_word' id='word_1_1071' title='bbox 2824 4861 2892 4914; x_wconf 91' lang='lat' dir='ltr'><strong>de</strong></span> <span class='ocrx_word' id='word_1_1072' title='bbox 2951 4861 3062 4915; x_wconf 91' lang='lat' dir='ltr'><strong>illis</strong></span> <span class='ocrx_word' id='word_1_1073' title='bbox 3091 4867 3146 4915; x_wconf 90' lang='lat' dir='ltr'><strong>et</strong></span> <span class='ocrx_word' id='word_1_1074' title='bbox 3201 4862 3483 4916; x_wconf 90' lang='lat' dir='ltr'><strong>similibus</strong></span> <span class='ocrx_word' id='word_1_1075' title='bbox 3530 4863 3945 4917; x_wconf 89' lang='lat' dir='ltr'><strong>tantummodo</strong></span> 
     </span>
    </p>
   </div>
   <div class='ocr_carea' id='block_1_141' title="bbox 2239 4932 3948 5003">
    <p class='ocr_par' dir='ltr' id='par_1_141' title="bbox 2239 4932 3948 5003">
     <span class='ocr_line' id='line_1_145' title="bbox 2239 4932 3948 5003; baseline 0.002 -18"><span class='ocrx_word' id='word_1_1076' title='bbox 2239 4932 2419 5003; x_wconf 90' lang='lat' dir='ltr'><strong>loqui.</strong></span> <span class='ocrx_word' id='word_1_1077' title='bbox 2445 4932 2716 4987; x_wconf 88' lang='lat' dir='ltr'><strong>Similiter</strong></span> <span class='ocrx_word' id='word_1_1078' title='bbox 2771 4948 2885 4986; x_wconf 91' lang='lat' dir='ltr'><strong>non</strong></span> <span class='ocrx_word' id='word_1_1079' title='bbox 2923 4932 3134 4985; x_wconf 91' lang='lat' dir='ltr'><strong>dicitur</strong></span> <span class='ocrx_word' id='word_1_1080' title='bbox 3173 4933 3324 5003; x_wconf 92' lang='lat' dir='ltr'><strong>quod</strong></span> <span class='ocrx_word' id='word_1_1081' title='bbox 3353 4933 3553 4993; x_wconf 84' lang='lat' dir='ltr'><strong>omnia</strong></span> <span class='ocrx_word' id='word_1_1082' title='bbox 3592 4932 3948 4988; x_wconf 82' lang='lat' dir='ltr'><strong>dicebantur</strong></span> 
     </span>
    </p>
   </div>
   <div class='ocr_carea' id='block_1_142' title="bbox 2239 5002 3944 5074">
    <p class='ocr_par' dir='ltr' id='par_1_142' title="bbox 2239 5002 3944 5074">
     <span class='ocr_line' id='line_1_146' title="bbox 2239 5002 3944 5074; baseline 0.002 -19"><span class='ocrx_word' id='word_1_1083' title='bbox 2239 5002 2353 5056; x_wconf 86' lang='lat' dir='ltr'><strong>illis</strong></span> <span class='ocrx_word' id='word_1_1084' title='bbox 2401 5002 2461 5057; x_wconf 92' lang='lat' dir='ltr'><strong>in</strong></span> <span class='ocrx_word' id='word_1_1085' title='bbox 2518 5003 2722 5072; x_wconf 84' lang='lat' dir='ltr'><strong>ﬁgura,</strong></span> <span class='ocrx_word' id='word_1_1086' title='bbox 2768 5003 2864 5057; x_wconf 90' lang='lat' dir='ltr'><strong>sed</strong></span> <span class='ocrx_word' id='word_1_1087' title='bbox 2891 5021 2917 5053; x_wconf 74' lang='grc' dir='ltr'><strong>(ι</strong></span> <span class='ocrx_word' id='word_1_1088' title='bbox 2959 5002 3397 5074; x_wconf 83' lang='lat' dir='ltr'><strong>contingebant;</strong></span> <span class='ocrx_word' id='word_1_1089' title='bbox 3431 5023 3458 5053; x_wconf 86' lang='grc'><strong>››</strong></span> <span class='ocrx_word' id='word_1_1090' title='bbox 3490 5002 3548 5056; x_wconf 90' lang='lat' dir='ltr'><strong>in</strong></span> <span class='ocrx_word' id='word_1_1091' title='bbox 3582 5019 3707 5074; x_wconf 88' lang='lat' dir='ltr'><strong>quo</strong></span> <span class='ocrx_word' id='word_1_1092' title='bbox 3742 5004 3944 5059; x_wconf 90' lang='lat' dir='ltr'><strong>mani-</strong></span> 
     </span>
    </p>
   </div>
   <div class='ocr_carea' id='block_1_143' title="bbox 2239 5073 3942 5145">
    <p class='ocr_par' dir='ltr' id='par_1_143' title="bbox 2239 5073 3942 5145">
     <span class='ocr_line' id='line_1_147' title="bbox 2239 5073 3942 5145; baseline 0.001 -17"><span class='ocrx_word' id='word_1_1093' title='bbox 2239 5075 2378 5128; x_wconf 77' lang='lat' dir='ltr'><strong>feste</strong></span> <span class='ocrx_word' id='word_1_1094' title='bbox 2411 5074 2660 5128; x_wconf 80' lang='lat' dir='ltr'><strong>ostendit</strong></span> <span class='ocrx_word' id='word_1_1095' title='bbox 2689 5074 2841 5145; x_wconf 89' lang='lat' dir='ltr'><strong>quod</strong></span> <span class='ocrx_word' id='word_1_1096' title='bbox 2865 5073 3118 5145; x_wconf 87' lang='lat' dir='ltr'><strong>loquitur</strong></span> <span class='ocrx_word' id='word_1_1097' title='bbox 3143 5075 3213 5128; x_wconf 90' lang='lat' dir='ltr'><strong>de</strong></span> <span class='ocrx_word' id='word_1_1098' title='bbox 3239 5074 3411 5145; x_wconf 88' lang='lat' dir='ltr'><strong>gestis</strong></span> <span class='ocrx_word' id='word_1_1099' title='bbox 3443 5073 3942 5145; x_wconf 88' lang='lat' dir='ltr'><strong>contingentibus,</strong></span> 
     </span>
    </p>
   </div>
   <div class='ocr_carea' id='block_1_144' title="bbox 2240 5144 3946 5215">
    <p class='ocr_par' dir='ltr' id='par_1_144' title="bbox 2240 5144 3946 5215">
     <span class='ocr_line' id='line_1_148' title="bbox 2240 5144 3946 5215; baseline 0.002 -17"><span class='ocrx_word' id='word_1_1100' title='bbox 2240 5160 2356 5199; x_wconf 89' lang='lat' dir='ltr'><strong>non</strong></span> <span class='ocrx_word' id='word_1_1101' title='bbox 2379 5149 2568 5198; x_wconf 87' lang='lat' dir='ltr'><strong>antem</strong></span> <span class='ocrx_word' id='word_1_1102' title='bbox 2608 5144 2871 5200; x_wconf 86' lang='lat' dir='ltr'><strong>revelatis</strong></span> <span class='ocrx_word' id='word_1_1103' title='bbox 2909 5144 3008 5198; x_wconf 85' lang='lat' dir='ltr'><strong>seu</strong></span> <span class='ocrx_word' id='word_1_1104' title='bbox 3039 5144 3335 5215; x_wconf 65' lang='lat' dir='ltr'><strong>prmeeptis</strong></span> <span class='ocrx_word' id='word_1_1105' title='bbox 3373 5144 3605 5198; x_wconf 83' lang='lat' dir='ltr'><strong>eisdem.</strong></span> <span class='ocrx_word' id='word_1_1106' title='bbox 3643 5145 3946 5214; x_wconf 81' lang='lat' dir='ltr'><strong>Numquid</strong></span> 
     </span>
    </p>
   </div>
   <div class='ocr_carea' id='block_1_145' title="bbox 2241 5215 3948 5286">
    <p class='ocr_par' dir='ltr' id='par_1_145' title="bbox 2241 5215 3948 5286">
     <span class='ocr_line' id='line_1_149' title="bbox 2241 5215 3948 5286; baseline 0.002 -17"><span class='ocrx_word' id='word_1_1107' title='bbox 2241 5215 2388 5285; x_wconf 87' lang='lat' dir='ltr'><strong>quod</strong></span> <span class='ocrx_word' id='word_1_1108' title='bbox 2444 5215 2655 5269; x_wconf 89' lang='lat' dir='ltr'><strong>dicitur</strong></span> <span class='ocrx_word' id='word_1_1109' title='bbox 2709 5215 2768 5269; x_wconf 91' lang='lat' dir='ltr'><strong>in</strong></span> <span class='ocrx_word' id='word_1_1110' title='bbox 2824 5215 2999 5270; x_wconf 85' lang='lat' dir='ltr'><strong>veteri</strong></span> <span class='ocrx_word' id='word_1_1111' title='bbox 3052 5217 3266 5286; x_wconf 83' lang='lat' dir='ltr'><strong>legez»</strong></span> <span class='ocrx_word' id='word_1_1112' title='bbox 3315 5215 3484 5282; x_wconf 84' lang='lat' dir='ltr'><strong>Audi,</strong></span> <span class='ocrx_word' id='word_1_1113' title='bbox 3552 5216 3745 5277; x_wconf 84' lang='lat' dir='ltr'><strong>Israel,</strong></span> <span class='ocrx_word' id='word_1_1114' title='bbox 3783 5217 3948 5272; x_wconf 88' lang='lat' dir='ltr'><strong>Deus</strong></span> 
     </span>
    </p>
   </div>
   <div class='ocr_carea' id='block_1_146' title="bbox 2238 5287 3948 5357">
    <p class='ocr_par' dir='ltr' id='par_1_146' title="bbox 2238 5287 3948 5357">
     <span class='ocr_line' id='line_1_150' title="bbox 2238 5287 3948 5357; baseline 0.001 -17"><span class='ocrx_word' id='word_1_1115' title='bbox 2238 5292 2370 5340; x_wconf 89' lang='lat' dir='ltr'><strong>tuus</strong></span> <span class='ocrx_word' id='word_1_1116' title='bbox 2391 5302 2539 5357; x_wconf 91' lang='lat' dir='ltr'><strong>unus</strong></span> <span class='ocrx_word' id='word_1_1117' title='bbox 2577 5290 2662 5340; x_wconf 87' lang='lat' dir='ltr'><strong>est</strong></span> <span class='ocrx_word' id='word_1_1118' title='bbox 2689 5288 2865 5355; x_wconf 79' lang='lat' dir='ltr'><strong>(Deut.</strong></span> <span class='ocrx_word' id='word_1_1119' title='bbox 2899 5288 2999 5352; x_wconf 80' lang='lat' dir='ltr'><strong>vr),</strong></span> <span class='ocrx_word' id='word_1_1120' title='bbox 3036 5307 3058 5334; x_wconf 73' lang='grc' dir='ltr'>ι</span> <span class='ocrx_word' id='word_1_1121' title='bbox 3093 5287 3459 5357; x_wconf 90' lang='lat' dir='ltr'><strong>contingebat</strong></span> <span class='ocrx_word' id='word_1_1122' title='bbox 3497 5287 3578 5340; x_wconf 86' lang='lat' dir='ltr'><strong>eis</strong></span> <span class='ocrx_word' id='word_1_1123' title='bbox 3611 5287 3669 5340; x_wconf 92' lang='lat' dir='ltr'><strong>in</strong></span> <span class='ocrx_word' id='word_1_1124' title='bbox 3697 5287 3895 5356; x_wconf 88' lang='lat' dir='ltr'><strong>ﬁgura</strong></span> <span class='ocrx_word' id='word_1_1125' title='bbox 3916 5289 3948 5342; x_wconf 84' lang='lat'><strong>‘?</strong></span> 
     </span>
    </p>
   </div>
   <div class='ocr_carea' id='block_1_147' title="bbox 2237 5356 3947 5429">
    <p class='ocr_par' dir='ltr' id='par_1_147' title="bbox 2237 5356 3947 5429">
     <span class='ocr_line' id='line_1_151' title="bbox 2237 5356 3947 5429; baseline 0.001 -19"><span class='ocrx_word' id='word_1_1126' title='bbox 2237 5357 2323 5410; x_wconf 89' lang='lat' dir='ltr'><strong>vel</strong></span> <span class='ocrx_word' id='word_1_1127' title='bbox 2377 5356 2534 5429; x_wconf 88' lang='lat' dir='ltr'><strong>quod</strong></span> <span class='ocrx_word' id='word_1_1128' title='bbox 2567 5357 2824 5429; x_wconf 78' lang='lat' dir='ltr'><strong>dicitur:</strong></span> <span class='ocrx_word' id='word_1_1129' title='bbox 2861 5377 2889 5409; x_wconf 76' lang='grc' dir='ltr'><strong>α</strong></span> <span class='ocrx_word' id='word_1_1130' title='bbox 2940 5357 3168 5429; x_wconf 83' lang='lat' dir='ltr'><strong>Diliges</strong></span> <span class='ocrx_word' id='word_1_1131' title='bbox 3234 5356 3539 5429; x_wconf 86' lang='lat' dir='ltr'><strong>Dominum</strong></span> <span class='ocrx_word' id='word_1_1132' title='bbox 3611 5358 3798 5429; x_wconf 69' lang='lat' dir='ltr'><strong>Deum</strong></span> <span class='ocrx_word' id='word_1_1133' title='bbox 3871 5375 3947 5412; x_wconf 78' lang='lat' dir='ltr'><strong>ex</strong></span> 
     </span>
    </p>
   </div>
   <div class='ocr_carea' id='block_1_148' title="bbox 2242 5427 3947 5508">
    <p class='ocr_par' dir='ltr' id='par_1_148' title="bbox 2242 5427 3947 5508">
     <span class='ocr_line' id='line_1_152' title="bbox 2242 5427 3947 5508; baseline 0.003 -31"><span class='ocrx_word' id='word_1_1134' title='bbox 2242 5449 2270 5508; x_wconf 61' lang='grc' dir='ltr'><strong>‹ς</strong></span> <span class='ocrx_word' id='word_1_1135' title='bbox 2291 5427 2420 5508; x_wconf 64' lang='lat' dir='ltr'><strong>toto</strong></span> <span class='ocrx_word' id='word_1_1136' title='bbox 2449 5427 2618 5508; x_wconf 71' lang='lat' dir='ltr'><strong>corde</strong></span> <span class='ocrx_word' id='word_1_1137' title='bbox 2637 5433 2757 5508; x_wconf 80' lang='lat' dir='ltr'><strong>tuo,</strong></span> <span class='ocrx_word' id='word_1_1138' title='bbox 2793 5434 2911 5508; x_wconf 46' lang='lat' dir='ltr'><strong>set</strong></span> <span class='ocrx_word' id='word_1_1139' title='bbox 2939 5427 3266 5508; x_wconf 76' lang='lat' dir='ltr'><strong>hujusmodi</strong></span> <span class='ocrx_word' id='word_1_1140' title='bbox 3298 5434 3352 5482; x_wconf 88' lang='lat' dir='ltr'><strong>et</strong></span> <span class='ocrx_word' id='word_1_1141' title='bbox 3383 5428 3461 5508; x_wconf 85' lang='lat' dir='ltr'><strong>sic</strong></span> <span class='ocrx_word' id='word_1_1142' title='bbox 3493 5429 3561 5482; x_wconf 88' lang='lat' dir='ltr'><strong>de</strong></span> <span class='ocrx_word' id='word_1_1143' title='bbox 3608 5427 3947 5508; x_wconf 74' lang='lat' dir='ltr'><strong>similibus?</strong></span> 
     </span>
    </p>
   </div>
   <div class='ocr_carea' id='block_1_149' title="bbox 2239 5499 3943 5570">
    <p class='ocr_par' dir='ltr' id='par_1_149' title="bbox 2239 5499 3943 5570">
     <span class='ocr_line' id='line_1_153' title="bbox 2239 5499 3943 5570; baseline 0.001 -17"><span class='ocrx_word' id='word_1_1144' title='bbox 2239 5499 2440 5570; x_wconf 85' lang='lat' dir='ltr'><strong>Absit:</strong></span> <span class='ocrx_word' id='word_1_1145' title='bbox 2475 5499 2554 5553; x_wconf 91' lang='lat' dir='ltr'><strong>ibi</strong></span> <span class='ocrx_word' id='word_1_1146' title='bbox 2611 5500 2764 5554; x_wconf 87' lang='lat' dir='ltr'><strong>solus</strong></span> <span class='ocrx_word' id='word_1_1147' title='bbox 2801 5499 3059 5553; x_wconf 89' lang='lat' dir='ltr'><strong>litteralis</strong></span> <span class='ocrx_word' id='word_1_1148' title='bbox 3099 5514 3298 5570; x_wconf 90' lang='lat' dir='ltr'><strong>sensus</strong></span> <span class='ocrx_word' id='word_1_1149' title='bbox 3335 5505 3421 5553; x_wconf 89' lang='lat' dir='ltr'><strong>est</strong></span> <span class='ocrx_word' id='word_1_1150' title='bbox 3465 5499 3943 5570; x_wconf 65' lang='lat' dir='ltr'><strong>quaerendusse-</strong></span> 
     </span>
    </p>
   </div>
   <div class='ocr_carea' id='block_1_150' title="bbox 2239 5569 3943 5640">
    <p class='ocr_par' dir='ltr' id='par_1_150' title="bbox 2239 5569 3943 5640">
     <span class='ocr_line' id='line_1_154' title="bbox 2239 5569 3943 5640; baseline 0 -16"><span class='ocrx_word' id='word_1_1151' title='bbox 2239 5569 2492 5624; x_wconf 91' lang='lat' dir='ltr'><strong>cundum</strong></span> <span class='ocrx_word' id='word_1_1152' title='bbox 2551 5570 2892 5624; x_wconf 87' lang='lat' dir='ltr'><strong>sententiam</strong></span> <span class='ocrx_word' id='word_1_1153' title='bbox 2937 5569 3262 5640; x_wconf 87' lang='lat' dir='ltr'><strong>Augustini.</strong></span> <span class='ocrx_word' id='word_1_1154' title='bbox 3316 5571 3387 5640; x_wconf 87' lang='lat' dir='ltr'><strong>Et</strong></span> <span class='ocrx_word' id='word_1_1155' title='bbox 3416 5569 3617 5624; x_wconf 34' lang='lat' dir='ltr'><strong>ex’hac</strong></span> <span class='ocrx_word' id='word_1_1156' title='bbox 3667 5569 3943 5640; x_wconf 79' lang='lat' dir='ltr'><strong>conside-</strong></span> 
     </span>
    </p>
   </div>
   <div class='ocr_carea' id='block_1_151' title="bbox 2238 5639 3946 5714">
    <p class='ocr_par' dir='ltr' id='par_1_151' title="bbox 2238 5639 3946 5714">
     <span class='ocr_line' id='line_1_155' title="bbox 2238 5639 3946 5714; baseline 0.002 -20"><span class='ocrx_word' id='word_1_1157' title='bbox 2238 5640 2459 5714; x_wconf 79' lang='lat' dir='ltr'><strong>ratione</strong></span> <span class='ocrx_word' id='word_1_1158' title='bbox 2488 5640 2696 5695; x_wconf 88' lang='lat' dir='ltr'><strong>clarius</strong></span> <span class='ocrx_word' id='word_1_1159' title='bbox 2725 5645 2883 5714; x_wconf 84' lang='lat' dir='ltr'><strong>patet</strong></span> <span class='ocrx_word' id='word_1_1160' title='bbox 2927 5639 3364 5714; x_wconf 30' lang='lat' dir='ltr'><strong>praz’eminentia</strong></span> <span class='ocrx_word' id='word_1_1161' title='bbox 3416 5657 3614 5714; x_wconf 82' lang='lat' dir='ltr'><strong>sensus</strong></span> <span class='ocrx_word' id='word_1_1162' title='bbox 3652 5639 3946 5714; x_wconf 67' lang='lat' dir='ltr'><strong>litteralis</strong></span> 
     </span>
    </p>
   </div>
   <div class='ocr_carea' id='block_1_152' title="bbox 2237 5710 3946 5767">
    <p class='ocr_par' dir='ltr' id='par_1_152' title="bbox 2237 5710 3946 5767">
     <span class='ocr_line' id='line_1_156' title="bbox 2237 5710 3946 5767; baseline -0.001 0"><span class='ocrx_word' id='word_1_1163' title='bbox 2237 5712 2551 5767; x_wconf 87' lang='lat' dir='ltr'><strong>secundum</strong></span> <span class='ocrx_word' id='word_1_1164' title='bbox 2581 5710 2970 5766; x_wconf 77' lang='lat' dir='ltr'><strong>extensionem</strong></span> <span class='ocrx_word' id='word_1_1165' title='bbox 2996 5728 3009 5764; x_wconf 92' lang='lat'><strong>:</strong></span> <span class='ocrx_word' id='word_1_1166' title='bbox 3051 5710 3305 5765; x_wconf 84' lang='lat' dir='ltr'><strong>extendit</strong></span> <span class='ocrx_word' id='word_1_1167' title='bbox 3341 5711 3494 5766; x_wconf 89' lang='lat' dir='ltr'><strong>enim</strong></span> <span class='ocrx_word' id='word_1_1168' title='bbox 3515 5728 3573 5764; x_wconf 87' lang='lat' dir='ltr'><strong>se</strong></span> <span class='ocrx_word' id='word_1_1169' title='bbox 3601 5711 3672 5764; x_wconf 88' lang='lat' dir='ltr'><strong>ad</strong></span> <span class='ocrx_word' id='word_1_1170' title='bbox 3729 5716 3946 5766; x_wconf 86' lang='lat' dir='ltr'><strong>aucto-</strong></span> 
     </span>
    </p>
   </div>
   <div class='ocr_carea' id='block_1_153' title="bbox 2236 5780 3946 5854">
    <p class='ocr_par' dir='ltr' id='par_1_153' title="bbox 2236 5780 3946 5854">
     <span class='ocr_line' id='line_1_157' title="bbox 2236 5780 3946 5854; baseline 0.002 -17"><span class='ocrx_word' id='word_1_1171' title='bbox 2236 5783 2434 5838; x_wconf 85' lang='lat' dir='ltr'><strong>ritates</strong></span> <span class='ocrx_word' id='word_1_1172' title='bbox 2457 5783 2829 5838; x_wconf 88' lang='lat' dir='ltr'><strong>notabiliores</strong></span> <span class='ocrx_word' id='word_1_1173' title='bbox 2855 5787 2910 5836; x_wconf 89' lang='lat' dir='ltr'><strong>et</strong></span> <span class='ocrx_word' id='word_1_1174' title='bbox 2955 5782 3384 5837; x_wconf 87' lang='lat' dir='ltr'><strong>excellentiores</strong></span> <span class='ocrx_word' id='word_1_1175' title='bbox 3413 5799 3584 5837; x_wconf 67' lang='lat' dir='ltr'><strong>sacrae</strong></span> <span class='ocrx_word' id='word_1_1176' title='bbox 3623 5780 3946 5854; x_wconf 68' lang='lat' dir='ltr'><strong>Scripturtn</strong></span> 
     </span>
    </p>
   </div>
  </div>
