4086 6190
241 325 304 377 ὅτ
1733 320 2280 379 PBOLEGOMENA.
3678 321 3745 374 38

244 448 316 502 de
344 446 559 519 quibus
587 447 803 501 dictum
835 450 921 501 est
936 461 1141 519 supra,
1170 445 1230 500 in
1272 443 1479 517 quibus
1516 444 1944 500 auctoritatibus
1968 448 2012 503 A
2050 461 2178 499 cum
2204 461 2223 519 ελ
2264 460 2381 519 non
2419 443 2581 519 enim,
2622 444 2691 499 de
2726 442 2946 519 ratione
2985 458 3185 519 sensus
3232 441 3564 519 spiritualis,
3638 458 3738 519 seu

245 516 526 590 mysticus
557 534 758 572 sensus
788 534 905 573 non
934 516 1105 571 habet
1129 516 1341 590 locum.

320 592 758 660 Consequenter
806 589 947 643 dicis
995 589 1148 659 quod
1198 604 1397 660 sersus
1434 587 1692 660 litteralis
1724 603 1839 660 non
1870 591 1954 641 est

245 658 656 725 universalior,
716 660 851 732 quia
904 660 973 713 de
1007 658 1241 732 :quantu
1288 658 1507 732 aliquid
1555 664 1638 712 est
1665 659 1953 732 universa-

247 733 385 797 lins,
422 738 582 784 tanto
613 738 697 785 est
727 730 1300 784 communicabilius:
1347 731 1445 783 sed
1492 746 1689 783 sensus
1732 730 1953 783 littera-

248 804 319 857 lis
380 807 620 873 propter
678 819 842 855 suam
890 800 1325 873 limitationem,
1403 806 1458 853 et
1518 799 1810 873 signantur
1852 815 1955 870 per

246 870 549 927 doctorem
602 872 1080 942 Irret'ragabilem,
1133 878 1217 925 est
1255 870 1831 937 incommunicabilis,
1885 887 1952 924 eo

248 946 409 1015 quod
470 960 583 997 non
642 944 935 1010 dividitur,
993 942 1089 996 sed
1150 943 1295 996 bene
1352 942 1624 1012 mysticus
1672 943 1951 1013 multipli-

249 1020 437 1068 catur.

323 1085 590 1147 Attende,
653 1084 847 1147 frater,
906 1099 1068 1153 rogo,
1112 1082 1159 1137 si
1216 1099 1509 1153 comparas
1548 1100 1746 1137 sensus
1782 1099 1953 1136 sacrae

251 1156 568 1225 Scriptura
599 1155 668 1208 ad
700 1154 945 1208 invicem
985 1155 1296 1209 secundum
1320 1170 1519 1207 eorum
1558 1154 1954 1207 limitationem

255 1227 323 1278 ad
359 1226 631 1278 materias
664 1226 732 1278 de
774 1226 981 1295 quibus
1035 1231 1232 1294 agunt,
1278 1225 1641 1278 manifestum
1690 1229 1774 1277 est
1800 1225 1954 1295 quod

256 1297 513 1367 quilibet
543 1312 741 1349 sensus
773 1296 1042 1366 mysticus
1072 1296 1353 1351 limitatur
1398 1297 1466 1348 ad
1505 1301 1715 1367 certam
1770 1302 1953 1349 rnate-

258 1366 435 1421 riam.
472 1367 882 1436 Tropologicus
913 1367 1066 1421 enim
1093 1383 1290 1420 sensus
1311 1367 1495 1419 solum
1526 1366 1645 1436 agit
1669 1368 1738 1420 de
1781 1382 1954 1435 agen-

259 1439 349 1491 dis
382 1438 700 1491 secundum
733 1454 943 1505 mores,
993 1438 1329 1507 allegoricus
1375 1453 1508 1490 vero
1548 1437 1616 1490 de
1642 1437 1949 1501 credendis,

260 1511 618 1578 anagogicus
650 1510 718 1560 de
750 1508 1079 1577 sperandis;
1117 1525 1312 1561 sensus
1360 1512 1548 1560 autem
1602 1508 1858 1561 litteralis
1886 1508 1955 1561 de

260 1579 510 1649 singulis
541 1578 844 1649 praedictis,
879 1584 934 1632 et
962 1579 1134 1632 etiam
1181 1579 1248 1633 de
1291 1580 1413 1648 jam
1458 1579 1628 1649 gestis
1657 1578 1956 1631 manifeste

259 1654 497 1728 tractat,
542 1651 653 1703 Nec
684 1650 853 1728 credo
893 1650 1043 1728 quod
1080 1650 1275 1728 doctor
1326 1650 1732 1728 lrret'ragabilis
1786 1650 1958 1728 hujus

262 1721 600 1791 oppositum
649 1725 882 1787 asserat,
912 1719 1011 1774 tet
1077 1720 1157 1773 sic
1207 1719 1557 1789 comparatio
1620 1726 1719 1775 tua
1766 1719 1958 1790 potius

259 1792 403 1846 facit
431 1807 538 1860 pro
571 1808 681 1845 me.

336 1863 485 1915 ltem
519 1862 565 1913 si
614 1861 901 1915 attendisti
938 1860 1443 1926 universalitatem,
1492 1876 1664 1931 quam
1706 1860 1959 1914 attribuo

262 1932 459 1983 sensui
512 1932 741 1987 litterali
796 1932 929 1986 satis
977 1932 1275 1985 manifesta
1323 1936 1408 1985 est
1437 1948 1449 1985 :
1483 1932 1741 1986 consistit
1770 1937 1959 1985 autem

264 2005 325 2055 in
360 2003 473 2055 hoc
506 2004 656 2072 quod
683 2020 803 2057 non
846 2007 1029 2056 solum
1080 2002 1331 2067 litterati,
1386 2019 1482 2056 seu
1519 2002 1828 2072 sapientes,
1862 2003 1961 2056 sed

264 2072 444 2127 etiam
469 2073 659 2138 rudes,
705 2074 807 2144 qui
846 2075 913 2127 ad
970 2073 1357 2144 intelligibilia
1393 2073 1662 2144 sapienda
1683 2089 1799 2126 non
1830 2077 1963 2126 sunt

266 2144 493 2211 idonei,
540 2148 734 2197 tamen
792 2160 896 2213 per
930 2160 1159 2198 sensum
1193 2145 1493 2198 litteralem
1525 2144 1758 2214 capiunt
1788 2144 1959 2214 spiri-

266 2214 472 2277 tualia,
509 2215 707 2268 saltem
739 2216 843 2267 sub
873 2214 1341 2268 similitudinibus
1365 2216 1773 2283 corporalibus,
1798 2216 1962 2284 juxta

266 2285 423 2337 istud
456 2286 748 2354 Apostoli:
785 2305 811 2335 α
834 2285 1191 2354 Sapientibus
1224 2290 1279 2338 et
1301 2285 1702 2355 insipientibus
1741 2286 1964 2339 debitor

271 2376 298 2405 α
362 2372 494 2408 sum
543 2358 709 2421 (Rom.
762 2358 825 2423 1);
877 2376 904 2401 ››
936 2356 1103 2426 unde
1152 2372 1216 2409 ex
1264 2361 1424 2426 parte
1465 2357 1635 2423 hujus
1666 2357 1963 2408 universa-

272 2427 449 2479 litatis
497 2442 693 2479 sensus
743 2425 1003 2479 litteralis
1045 2426 1407 2480 manifestam
1472 2426 1647 2481 habet
1694 2427 1961 2496 preemi-

268 2497 560 2549 nentiam.

342 2568 409 2620 In
451 2567 559 2620 hoc
607 2570 799 2620 autem
846 2566 1044 2637 objicis
1090 2567 1159 2621 de
1198 2566 1873 2633 incommunicabilitate;
1918 2565 1964 2619 si

271 2637 351 2691 sic
384 2637 663 2707 opinaris,
697 2653 729 2689 a
777 2639 1014 2691 veritate
1053 2637 1243 2691 devias
1288 2639 1604 2692 manifeste.
1641 2638 1966 2693 Communi-

272 2714 439 2761 catur
494 2708 648 2761 enim
706 2723 905 2761 sensus
976 2708 1238 2762 litteralis
1308 2709 1538 2762 cuilibet
1588 2709 1967 2778 propositioni

270 2795 451 2833 sacrae
482 2780 804 2850 Scriptum,
838 2784 901 2831 ut
928 2778 1143 2832 dictum
1173 2783 1257 2832 est
1284 2795 1296 2832 :
1328 2784 1385 2833 et
1429 2779 1636 2832 iterum
1685 2780 1743 2832 in
1770 2780 1967 2833 multis
2009 2796 2029 2813 ο

271 2866 427 2931 unus
478 2866 690 2931 passus
723 2850 895 2931 habet
936 2850 1772 2931 multiplicem_expositionem
1820 2850 1967 2904 litte-

274 2922 483 2987 ralem,
531 2924 699 2991 prout
741 2920 849 2973 fuit
891 2926 1179 2974 ostensum
1226 2920 1284 2973 in
1324 2920 1492 2974 tertio
1535 2921 1774 2974 articulo
1813 2937 1967 2991 quaa-

276 2992 506 3044 stionis.
564 2993 654 3045 Est
710 2992 883 3045 etiam
944 3007 1139 3044 sensus
1177 2991 1435 3045 litteralis
1478 2992 1712 3061 abyssus
1763 2992 1963 3055 multa,

275 3068 517 3133 propter
574 3078 811 3132 magnas
869 3062 1230 3117 difﬁcultates
1275 3062 1333 3115 in
1375 3078 1443 3115 eo
1473 3068 1791 3129 contentas,
1819 3062 1965 3115 circa

277 3151 345 3187 ea
379 3148 513 3204 quae
546 3134 612 3187 ad
645 3134 818 3186 ﬁdem
837 3138 891 3186 et
918 3149 1103 3186 mores
1122 3133 1579 3204 pertinent.7Nec
1598 3133 1925 3186 mirandum
1950 3149 1962 3186 :

278 3203 415 3259 nam
472 3205 530 3257 in
574 3204 940 3257 scientiarum
989 3205 1372 3257 humanarum
1422 3203 1603 3272 libris,
1654 3204 1713 3256 in
1757 3204 1965 3273 quibus

278 3278 439 3329 solus
470 3275 951 3329 sensuslitteralis
980 3281 1065 3327 est
1102 3273 1501 3344 inquirendns,
1543 3275 1970 3345 quamplurima

277 3352 613 3400 commenta
652 3351 805 3408 sunt,
853 3350 910 3399 et
956 3346 1149 3415 plures
1192 3345 1577 3414 expositiones
1596 3362 1692 3399 seu
1736 3346 1965 3415 scripta.

279 3418 564 3472 Similiter
595 3422 652 3470 et
681 3416 1026 3485 multiplices
1056 3417 1398 3485 quaestiones
1447 3416 1519 3470 ad
1574 3421 1821 3469 mentem
1864 3432 1971 3468 au-

280 3494 507 3542 ctorum
554 3487 986 3556 intelligendam
1034 3503 1132 3540 seu
1182 3487 1599 3553 elucidandam,
1636 3493 1694 3540 ut
1732 3491 1883 3557 patet
1912 3486 1971 3539 in

280 3559 557 3629 physicis,
618 3558 1040 3628 metaphysicis,
1099 3562 1154 3611 et
1209 3558 1428 3612 ethicis.
1481 3559 1754 3612 Similiter
1783 3558 1842 3611 in
1890 3558 1972 3610 fa-

282 3628 595 3683 cultatibus
628 3628 923 3699 utriusque
969 3629 1135 3697 juris,
1179 3634 1233 3682 et
1260 3629 1621 3698 hujusmodi;
1671 3629 1729 3681 in
1764 3629 1974 3698 quibus

282 3716 390 3753 nec
414 3700 476 3752 in
522 3704 700 3763 textu,
736 3698 845 3752 nec
881 3700 938 3752 in
971 3700 1156 3769 glossa
1198 3705 1280 3753 est
1318 3715 1516 3753 sensus
1548 3698 1655 3753 nisi
1689 3699 1970 3753 litteralis.

282 3770 344 3825 Si
374 3770 555 3839 igitur
576 3786 633 3823 in
666 3769 797 3837 illis,
834 3770 892 3823 in
930 3770 1137 3841 quibus
1178 3771 1361 3841 solum
1384 3770 1479 3822 illa
1508 3775 1825 3841 tractantur
1845 3786 1975 3841 quae

284 3842 346 3895 in
398 3841 617 3894 lumine
673 3840 961 3893 naturalis
994 3840 1230 3894 rationis
1277 3840 1542 3909 cognosci
1592 3840 1978 3911 possunt,'tot

285 3911 739 3981 multiplicitates
770 3917 1224 3983 commentorum
1271 3911 1686 3983 varietatesque
1709 3911 1975 3983 quzestio-

286 3998 452 4049 num,
500 3987 558 4035 et
599 3982 1044 4051 expositionum,
1083 3988 1137 4036 et
1180 3982 1532 4049 hujusmodi,
1579 3982 1725 4037 circa
1751 3997 1975 4036 sensum

286 4054 599 4124 litteralem
652 4052 1039 4118 inveniuntur,
1095 4058 1308 4124 quanto
1367 4052 1549 4123 magis
1597 4053 1654 4106 in
1690 4053 1982 4122 Scriptura

285 4124 504 4189 divina,
548 4123 648 4176 ubi
694 4125 882 4194 agitur
929 4124 997 4177 de
1025 4123 1112 4177 his
1140 4140 1267 4194 qua:
1301 4123 1722 4194 supernaturali
1764 4124 1980 4177 lumine

287 4194 694 4248 tantummodo
740 4193 1183 4263 cognoscuntur,
1233 4193 1477 4248 inveniri
1517 4200 1757 4265 possunt
1795 4193 1983 4265 multi-

1999 1719 2257 1793 Bnullus
2313 1720 2481 1772 sciret
2533 1735 2590 1793 se

2058 516 2303 587 mystici,
2332 522 2417 570 est
2442 522 2506 570 ut
2552 516 2647 587 det
2684 515 2929 586 gratiam
2974 530 3107 568 eum
3137 514 3499 587 intelligenti.
3532 529 3628 587 seu
3665 514 3744 567 in-

2059 584 2348 641 ve'nienti:
2402 602 2505 640 nec
2554 584 2725 640 etiam
2759 593 2842 641 est
2889 585 3269 640 necessarium
3330 584 3484 655 quod
3528 584 3744 639 habens

2060 675 2257 711 verum
2312 672 2543 712 sensum
2588 657 2911 728 mysticum,
2971 673 3071 709 seu
3116 657 3528 728 spiritualem,_
3571 671 3743 728 sacra

2059 729 2384 800 Scriptura,
2441 728 2515 782 sit
2566 728 2626 800 in
2648 725 2660 728 ’
2683 728 2867 798 gratia
2913 727 3308 800 gratiﬁcante;
3352 725 3562 779 sufﬁcit
3590 726 3746 800 enim

2060 800 2127 853 ad
2173 795 2401 852 sensum
2461 795 2839 868 spiritualem,
2900 795 2999 851 seu
3052 798 3355 867 mysticum
3411 802 3559 850 recte
3591 795 3745 849 inve-

2063 870 2359 934 niendum,
2384 886 2482 923 seu
2514 870 2859 931 habendum,
2894 870 3122 931 habere,
3146 884 3244 921 seu
3276 868 3618 938 participare
3649 868 3741 920 do.

2062 957 2201 994 num
2235 941 2567 1010 prophetiae,
2602 957 2701 994 seu
2726 941 2942 993 donum
2991 939 3477 1007 interpretationis
3524 954 3747 1010 sermo-

2063 1028 2202 1065 num
2226 1008 2251 1077 ;’
2278 1027 2405 1081 qua:
2455 1012 2580 1065 licet
2630 1012 2742 1064 sint
2767 1011 2984 1080 gratiae,
3020 1016 3211 1063 tamen
3233 1015 3363 1081 sunt
3394 1008 3569 1079 gratis
3601 1009 3748 1081 data:

2063 1079 2319 1135 tantum}
2343 1088 2399 1135 et
2426 1083 2504 1135 sic
2526 1079 2805 1136 certitudo
2832 1082 2947 1146 illa,
2982 1096 3154 1152 quam
3185 1080 3323 1133 dicis
3364 1096 3468 1150 per
3512 1079 3748 1152 modum

2064 1160 2279 1232 gustus,
2347 1154 2595 1232 pertinet
2636 1153 2707 1232 ad
2762 1150 3360 1232 donum‘s‘apieutize:
3427 1150 3745 1232 secundum

2064 1221 2215 1293 quod
2274 1221 2585 1293 spiritualis
2634 1224 2806 1276 homo
2854 1223 3072 1291 judicat
3124 1223 3340 1288 omnia,
3389 1221 3560 1293 etiam
3619 1237 3750 1289 pro-

2065 1292 2237 1348 t'unda
2297 1292 2389 1348 Dei
2447 1294 2759 1347 secundum
2803 1294 3131 1364 Apustolum
3169 1293 3464 1364 (1007211)
3519 1292 3586 1364 de
3635 1307 3749 1361 quo

2067 1381 2181 1418 non
2212 1366 2402 1434 agitur
2443 1365 2500 1418 in
2548 1362 2869 1435 propositof
2911 1364 2987 1417 Ex
3010 1364 3117 1417 hoc
3149 1363 3297 1435 dicto
3336 1368 3434 1415 tuo
3463 1362 3635 1435 etiam
3663 1377 3750 1435 se-

2066 1432 2339 1507 queretur
2370 1436 2521 1507 quod
2550 1432 2744 1488 nullus
2783 1435 3019 1507 haberet
3065 1434 3465 1507 certitudinem
3513 1432 3753 1507 alicujus

2066 1502 2262 1559 s'ensus
2308 1502 2527 1575 mistici
2574 1523 2672 1559 seu
2724 1506 3033 1575 spiritualis
3082 1520 3251 1557 sacrae
3280 1504 3605 1575 Scriptura,
3643 1502 3752 1555 nisi

2065 1578 2309 1631 existens
2340 1574 2399 1630 in
2429 1578 2609 1647 gratia
2641 1594 2653 1630 :
2688 1574 2897 1630 etcum
2945 1592 3113 1647 nemo
3158 1576 3296 1647 sciat
3334 1574 3402 1627 de
3450 1575 3572 1647 lege
3602 1589 3752 1647 com:

2067 1648 2225 1701 muni
2255 1643 2456 1701 utrum'
2475 1648 2547 1701 sit
2574 1648 2780 1715 dignus
2811 1662 3003 1701 amore
3030 1646 3114 1699 vel
3147 1645 3298 1711 odio,
3320 1644 3577 1715 sequitur
3598 1643 3752 1715 quod

2688 1718 2853 1771 abere
2903 1718 3077 1770 talem
3106 1715 3505 1769 certitudinem
3543 1714 3753 1784 praedi-

2068 1789 2143 1842 cti
2173 1806 2371 1842 sensus
2397 1789 2620 1859 mystici
2646 1790 2714 1842 de
2748 1790 2868 1859 lege
2897 1787 3209 1852 communi,
3240 1786 3389 1857 quod
3412 1791 3558 1838 esset
3597 1784 3757 1838 valde

2068 1860 2442 1913 inconsonum
2475 1860 2701 1913 rationi.

2140 1931 2566 2001 Consequenter
2597 1930 2734 1984 dicis
2770 1929 2925 1999 quod
2973 1945 3091 1981 non
3144 1926 3320 1998 probo
3370 1926 3533 2001 verba
3578 1924 3757 1978 sancti

2069 2001 2299 2055 Thomas
2329 1997 2449 2054 esse
2488 2003 2619 2071 igne
2664 1997 2955 2071 charitatis
2995 1997 3336 2071 examinata.
3371 1997 3428 2051 Si
3455 1999 3617 2071 bene
3672 2000 3756 2071 at-_

2069 2073 2301 2125 tendisti
2364 2066 2538 2125 verba
2577 2088 2723 2137 mea,
2783 2072 2863 2124 sic
2908 2070 3062 2124 dixi:
3127 2069 3305 2125 Credo
3353 2068 3524 2121 verba
3580 2066 3756 2121 sancti

2068 2144 2300 2197 Thomas
2360 2159 2479 2196 esse
2528 2143 2661 2212 igne
2708 2142 2997 2195 charitatis
3064 2142 3419 2212 examinata:
3472 2139 3650 2212 unde
3687 2138 3756 2191 de

2070 2214 2403 2267 credulitate
2471 2208 2597 2267 mea
2640 2229 2755 2266 non
2808 2212 3117 2283 requiritur
3162 2211 3315 2265 aliud
3366 2208 3758 2264 testimonium

2071 2284 2182 2337 nisi
2226 2285 2377 2354 quod
2431 2283 2492 2337 in
2539 2283 2701 2337 dictis
2745 2288 2800 2337 et
2838 2282 2904 2336 int
2939 2282 3162 2352 scriptis
3210 2298 3349 2354 meis
3402 2296 3625 2351 semper
3670 2295 3756 2354 se-

2072 2350 2461 2426 quor—istum
2540 2356 2853 2421 doctorem,
2924 2350 3162 2426 utinam
3234 2353 3405 2426 digne
3462 2350 3539 2426 et
3600 2350 3757 2426 suflig

2073 2422 2306 2480 cienter.
2343 2428 2453 2480 Nec
2479 2425 2685 2496 ignoro
2724 2424 3063 2496 quoddicta
3104 2441 3206 2477 sua
3234 2423 3294 2496 in
3328 2422 3586 2496 pluribus
3629 2424 3762 2496 sunt

2074 2498 2412 2566 impugnata
2460 2492 2562 2566 pEr
2608 2492 2829 2566 plures
2875 2495 3197 2565 ingeniosos
3239 2494 3554 2566 theologos,
3606 2492 3756 2545 viros

2076 2564 2473 2635 admirabiles,
2494 2572 2555 2621 ut
2583 2564 2740 2633 dicis,
2766 2582 2869 2620 nec
2893 2564 2963 2619 ext
2998 2566 3103 2619 hoc
3140 2564 3453 2634 impeditur
3486 2580 3608 2635 mea
3640 2579 3760 2635 cre-

2076 2639 2285 2692 dulitas
2314 2655 2411 2692 seu
2442 2633 2799 2707 prosecutio:
2835 2642 2957 2691 tum
3005 2636 3141 2707 quia
3167 2633 3316 2704 saepe
3347 2633 3629 2707 contingit
3653 2633 3762 2686 do-

2074 2709 2285 2762 ctrinas
2307 2704 2464 2762 veras
2496 2709 2845 2778 impugnari,
2899 2704 3102 2761 tam—in
3134 2704 3486 2778 theologicis,
3520 2719 3763 2778 quorum

2072 2780 2420 2850 principium
2444 2774 2698 2848 positum
2726 2786 2812 2832 est
2834 2780 2895 2832 in
2927 2777 3295 2850 signiichui
3324 2774 3761 2850 contradicetur,

2074 2845 2336 2921 quam—in
2368 2845 2782 2920 peripateticis;
2815 2856 2935 2904 tum
2969 2845 3236 2921 quiailla
3282 2846 3342 2900 in
3386 2845 3593 2921 quibus
3624 2860 3764 2897 con-

2074 2917 2391 2987 tradicitur,
2426 2917 2542 2973 non
2586 2922 2856 2985 referunt,
2893 2925 2953 2972 ut
2984 2917 3227 2972 ﬁrmiter
3274 2918 3454 2977 credo,
3485 2917 3554 2969 ad
3588 2931 3762 2987 expoj

2004 3023 2043 3076 ο
2098 2984 2631 3076 ξξὶίοηθωὲιίουμιδ
2661 3006 2856 3076 passus
2885 3006 3056 3076 sacrm
3103 2988 3429 3076 Scriptura},
3467 2986 3650 3076 anisic
3681 2984 3763 3076 vel

2077 3064 2243 3116 aliter
2275 3057 2572 3115 teneatur":
2608 3057 2679 3114 et'
2710 3061 2839 3114 ideo
2868 3060 3004 3113 talia
3045 3059 3196 3131 apud
3224 3057 3334 3131 me,
3383 3057 3480 3128 qui
3527 3057 3596 3111 de
3644 3057 3764 3109 solo

2076 3149 2208 3186 vero
2240 3132 2531 3186 intellectu
2558 3148 2730 3186 sacra:
2762 3130 3158 3202 Scripturzeet
3189 3130 3411 3202 divinae
3448 3145 3603 3196 curo,
3638 3143 3762 3202 ma-

2076 3204 2161 3274 gis
2194 3209 2329 3257 sunt
2354 3200 3114 3274 curiosaquamfructuosa.
3160 3200 3318 3255 Unde
3362 3205 3422 3274 et
3463 3200 3767 3274 Apostolus

2077 3270 2145 3328 de
2179 3274 2459 3328 similibus
2485 3270 2809 3345 dicit'quod
2851 3273 3225 3343 quaestionem
3272 3270 3455 3343 magis
3493 3273 3771 3342 praestant

2078 3362 2251 3416 quam
2282 3345 2739 3411 aediﬁcationem,
2779 3351 2833 3398 et
2854 3349 3077 3416 caetera.

2153 3416 2360 3470 Ultimo
2389 3410 2751 3469 commendas
2797 3415 3137 3484 magistrum
3181 3413 3477 3467 Nicolaum
3516 3427 3582 3465 eo
3614 3410 3763 3484 quod

2081 3486 2388 3539 sententias
2436 3493 2757 3539 sanctorum
2811 3482 3113 3539 doctorum
3166 3484 3436 3554 propria}
3472 3482 3768 3554 sententia:

2079 3558 2424 3627 postposuit,
2454 3562 2518 3610 ut
2546 3556 2919 3615 auctorizaret
2936 3572 3080 3626 opus
3103 3552 3304 3627 suum}
3329 3561 3383 3627 et
3398 3553 3445 3607 si
3499 3552 3771 3622 simplici-

2081 3625 2168 3681 ter
2196 3625 2358 3681 illum
2410 3627 2861 3692 commendares,
2909 3625 3054 3680 recte
3098 3626 3294 3696 utique
3323 3625 3535 3679 faceres
3564 3641 3576 3677 :
3610 3639 3772 3677 com—

2084 3698 2441 3752 mendandus
2472 3704 2555 3751 est
2584 3699 2759 3763 enim,
2792 3697 3084 3769 quitanto
3116 3695 3303 3750 studio
3333 3701 3388 3749 et
3437 3695 3631 3769 labore
3676 3711 3765 3769 sa-

2085 3785 2235 3848 cram
2266 3768 2630 3848 Scripturam
2680 3765 2944 3848 exposuit
2977 3767 3081 3820 sub
3112 3769 3283 3848 plano
3332 3772 3388 3819 et
3409 3765 3565 3819 suavi
3587 3766 3729 3848 style
3758 3782 3772 3829 ;

2084 3841 2179 3895 sed
2202 3840 2381 3894 miror
2404 3836 2461 3892 te
2512 3856 2576 3893 ex
2608 3840 2713 3893 hoc
2750 3836 2914 3893 illum
2961 3838 3412 3903 commendasse,
3451 3836 3604 3907 quod
3635 3852 3770 3907 sene

2085 3911 2291 3965 tentias
2340 3926 2470 3963 suas
2518 3910 2681 3964 dictis
2729 3914 3053 3963 sanctorum
3100 3908 3433 3979 prmposuit,
3468 3906 3532 3961 ut
3560 3908 3668 3979 ais,
3698 3906 3771 3979 ad

2085 3981 2547 4035 auctorizandum
2582 3996 2726 4050 opus
2758 3995 2945 4044 suum,
2969 3976 3263 4032 cum—huic
3292 3976 3775 4050 commendationi

2087 4069 2200 4106 non
2250 4054 2433 4105 solum
2474 4048 2631 4105 sacra
2672 4050 2960 4120 Scriptura
3002 4054 3316 4119 repugnet;
3369 4049 3578 4120 legitur
3619 4048 3774 4120 enim

2091 4124 2300 4191 (IlCor.
2360 4122 2464 4192 x):
2524 4143 2550 4169 «
2605 4122 2725 4175 Non
2787 4118 2888 4191 qui
2942 4118 3190 4189 seipsum
3240 4119 3642 4192 commendat,
3676 4118 3772 4192 ille

2090 4188 2363 4265 probatus
2401 4188 2525 4257 est;
2580 4212 2607 4240 »
2642 4196 2698 4245 et
2746 4188 2905 4265 Prov.
2951 4188 3106 4265 xxvii
3133 4208 3147 4265 ς
3179 4208 3205 4241 ‹‹
3239 4189 3453 4265 haudet
3481 4196 3534 4265 te
3558 4205 3619 4242 os
3646 4188 3774 4241 alie-

284 4265 468 4337 plices
520 4281 717 4353 sensus
766 4259 1060 4353 litterales,
1110 4282 1205 4319 seu
1266 4259 1669 4341 expositiones,
1714 4264 1981 4337 quaastio-
2016 4298 2058 4353 ο
2091 4259 2255 4353 unm,
2290 4279 2405 4344 non
2446 4268 2693 4353 triumuiri
2748 4264 2860 4353 Hoc
2890 4262 3059 4353 etiam
3092 4261 3326 4353 physica
3353 4259 3609 4342 doctrina
3639 4276 3776 4340 sua-

290 4336 417 4401 nes,
455 4341 511 4390 et
541 4336 886 4401 hujnsmodi.

366 4407 481 4461 Nec
510 4406 678 4460 credo
699 4412 754 4460 te
789 4407 963 4460 latere
993 4407 1143 4476 quod
1179 4423 1374 4460 sensus
1415 4406 1674 4461 litteralis
1715 4406 1987 4459 dividitur

293 4479 355 4531 in
388 4482 504 4531 tres
550 4477 764 4548 species
815 4477 1127 4531 secundum
1182 4478 1567 4547 Augustinum
1616 4478 1674 4530 in
1736 4478 1877 4530 libro
1915 4478 1984 4530 de

295 4549 551 4603 Utilitate
596 4548 889 4613 credendi,
946 4548 1162 4602 scilicet
1220 4548 1279 4602 in
1332 4548 1660 4602 historicam
1704 4548 1982 4618 etymolo-

293 4620 484 4689 gicam
507 4623 563 4672 et
591 4620 982 4689 anagogicam,
1014 4624 1081 4673 ut
1108 4619 1167 4672 in
1196 4618 1364 4673 tertio
1418 4619 1655 4672 articulo
1705 4618 1942 4687 exposui
1969 4634 1981 4671 :

291 4690 581 4755 similiter,
628 4696 685 4743 et
713 4695 930 4760 septem
980 4690 1162 4743 claves
1206 4706 1323 4744 suae
1372 4690 1585 4759 regula».
1633 4705 1772 4759 quas
1818 4690 1987 4742 Isido-

294 4777 394 4814 rus
427 4760 600 4813 tradit
640 4761 699 4814 in
747 4762 891 4815 libro
940 4761 1008 4814 de
1038 4777 1263 4815 summo
1302 4762 1472 4825 Bono,
1506 4777 1633 4831 qua:
1664 4760 1720 4812 in
1751 4760 1986 4830 prologo

292 4850 327 4886 a
358 4832 715 4886 Postillatore
738 4835 1053 4902 ponuntur,
1086 4847 1204 4885 non
1234 4838 1364 4885 sunt
1398 4831 1507 4884 nisi
1563 4831 1825 4901 qumdam
1859 4847 1985 4902 spe-

290 4904 410 4955 cies
459 4918 659 4955 sensus
685 4901 967 4967 litteralis,
1001 4908 1065 4955 ut
1090 4908 1247 4972 patet
1276 4902 1638 4973 intelligenti.
1677 4903 1751 4954 Ex
1781 4901 1987 4973 quibus

293 4972 597 5027 manifeste
628 4977 784 5043 patet
814 4973 965 5044 quod
996 4989 1195 5026 sensus
1223 4973 1483 5027 litteralis
1533 4977 1617 5026 est
1663 4972 1986 5026 communi-

289 5043 494 5097 cabilis
523 5051 575 5097 et
596 5042 1063 5114 multiplicabilis.

369 5114 519 5168 Dicis
554 5116 725 5168 etiam
770 5112 1196 5185 consequenter
1241 5114 1391 5184 quod
1442 5112 1690 5182 dignitas
1738 5112 1978 5167 istorum

290 5202 591 5265 sensuum‘
611 5185 928 5265 attenditur
976 5186 1475 5265 pe'neshmajorem
1505 5185 1829 5265 utilitatem:
1857 5200 1985 5255 qua:

290 5256 691 5327 consequitur,
722 5254 999 5326 majorem
1038 5254 1473 5311 certitudinem:
1523 5256 1676 5326 quod
1726 5254 1832 5308 tibi
1858 5254 1989 5327 con-

291 5328 453 5384 cedo.
476 5330 648 5398 prout
678 5326 739 5379 in
765 5327 1078 5398 quaestione
1109 5327 1376 5397 prtedicta
1428 5327 1640 5395 largius
1694 5331 1779 5398 est
1804 5326 1989 5398 dedu-

292 5396 614 5453 ctumeed
645 5396 800 5467 quod
830 5396 1129 5468 subjungis
1158 5398 1309 5468 quod
1348 5398 1632 5451 certitudo
1674 5396 1988 5466 spiritualis

289 5468 693 5538 intelligentiae
717 5485 829 5522 non
861 5467 947 5522 est
973 5467 1393 5539 speculationis,
1414 5468 1559 5522 sicut
1600 5467 1878 5539 litteralis,
1900 5468 1987 5521 in-

290 5539 615 5610 telligentia
638 5556 651 5605 ;
677 5540 775 5593 sed
796 5545 879 5593 est
898 5537 1175 5593 rectitudo
1198 5539 1580 5610 experientia,
1599 5543 1655 5592 et
1674 5537 1986 5610 secundum

295 5609 586 5676 affectum,
638 5616 697 5665 et
742 5626 846 5681 per
891 5611 1126 5664 modum
1157 5609 1376 5681 gustus,
1409 5625 1515 5679 per
1551 5609 1986 5681 inspirationem

292 5689 352 5738 et
398 5680 799 5753 testimonium
855 5682 1097 5753 Spiritus
1136 5681 1367 5753 sancti:
1417 5681 1507 5735 hic
1567 5680 1862 5753 manifeste
1893 5680 1991 5753 in—

296 5753 475 5809 volvis
508 5752 840 5808 sententias.
892 5750 1175 5807 'Attribuis
1227 5752 1380 5805 enim
1435 5768 1636 5805 sensus
1684 5750 1988 5820 spirituali,

292 5841 396 5880 seu
446 5824 711 5895 mystico,
773 5824 925 5894 quod
980 5822 1038 5877 in
1086 5822 1317 5877 homine
1364 5822 1645 5894 spirituali
1686 5822 1858 5877 habet
1909 5823 1990 5875 lo-

2096 4336 2225 4401 det;
2258 4334 2337 4388 ait
2367 4334 2519 4387 enim
2554 4334 2971 4404 Philosophus:
3018 4331 3338 4404 Laudamus
3375 4332 3591 4401 seipsos
3629 4331 3779 4384 vitu-

2094 4410 2377 4477 perantes.
2406 4407 2468 4459 Et
2496 4404 2574 4458 sic
2605 4421 2704 4475 per
2724 4403 3054 4475 oppositum
3085 4403 3334 4477 seipsum
3396 4404 3646 4468 laudare,
3680 4416 3779 4477 seu

2095 4472 2219 4531 aliis
2255 4472 2866 4546 prazponere,'nonte'st
2906 4472 3364 4528 commendabile
3389 4490 3403 4540 ;
3424 4472 3776 4546 Nprtesiertim

2094 4564 2224 4602 cum
2255 4544 2598 4611 Postillator,
2622 4547 2691 4601 de
2723 4563 2837 4617 quo
2870 4547 3179 4617 loquimur,
3233 4549 3294 4598 ut
3340 4544 3553 4599 ordinis
3596 4544 3779 4599 Mino-

2096 4635 2223 4671 rum
2268 4618 2474 4687 dignus
2529 4618 2832 4688 professor,
2889 4617 3293 4688 humilitatem,
3346 4632 3460 4669 non
3498 4629 3779 4688 praesum-

2092 4685 2355 4759 ptionent
2402 4685 2563 4759 sequi
2617 4688 2983 4742 aestimandus
3030 4692 3129 4759 est.
3184 4687 3384 4756 Magna
3428 4687 3585 4759 enim
3617 4685 3688 4759 de
3718 4698 3776 4736 se

2094 4754 2303 4813 sentire
2356 4759 2413 4812 hi
2472 4754 2571 4830 qui
2624 4760 2889 4814 mollibus
2939 4754 3782 4830 vestiuntur,—et_in_domibus

2096 4846 2295 4901 regum
2318 4835 2468 4895 sunt,
2489 4826 2937 4883 consueverunt.
2976 4830 3084 4883 Nec
3123 4826 3516 4901 enimadduci
3547 4842 3779 4901 possum

2095 4895 2186 4981 ut:
2206 4902 2431 4981 credam
2482 4901 2635 4971 quod
2656 4907 3027 4981 postponere
3052 4898 3395 4981 sententiam
3416 4895 3778 4981 .H’ier—onymi,

2097 4973 2181 5025 vel
2231 4972 2472 5042 alicujus
2499 4968 2701 5024 sancti
2753 4968 3018 5036 doctoris,
3070 4971 3218 5042 dicto
3249 4968 3429 5024 Rabbi
3462 4968 3781 5042 Salomonis

2098 5039 2439 5113 (prmsertim
2510 5042 2603 5095 ubi
2670 5042 2814 5113 ratio
2874 5058 2989 5093 non
3026 5041 3241 5113 suadet)
3285 5039 3781 5113 commendatione

2096 5110 2321 5184 reputes
2351 5114 2611 5182 dignum.
2641 5112 2843 5184 Lauda,
2865 5127 2999 5178 ergo
3021 5126 3154 5184 eum
3190 5112 3247 5165 in
3309 5127 3423 5182 quo
3463 5110 3782 5184 laudandus

2096 5181 2299 5238 estzin
2330 5181 2481 5237 recta
2529 5182 2789 5236 videlicet
2831 5181 3167 5253 intentione,
3226 5181 3399 5253 quam
3458 5181 3623 5235 credo
3651 5194 3783 5253 eum

2097 5254 2394 5319 habuisse;
2429 5259 2483 5309 et
2512 5258 2742 5323 propter
2787 5252 3038 5306 laborem
3088 5251 3365 5322 magnum
3413 5268 3589 5322 quem
3615 5251 3781 5304 susti-

2097 5326 2288 5380 nuisse
2318 5325 2554 5379 dubium
2586 5339 2699 5376 non
2725 5327 2808 5376 est
2854 5329 2917 5376 ut
2949 5338 3163 5376 sacram
3209 5324 3558 5393 Scripturam
3606 5338 3785 5392 expo-

2097 5402 2279 5461 neret,
2313 5403 2369 5450 et
2412 5412 2513 5465 pro
2534 5394 2747 5465 majori
2785 5400 2948 5463 parte
2992 5400 3182 5449 recte:
3227 5410 3343 5448 non
3382 5398 3595 5465 autem
3623 5409 3685 5465 ex
3714 5407 3781 5465 eo

2096 5468 2247 5540 quod
2272 5484 2313 5540 a_
2355 5463 3017 5540 sanctorumdoctornm
3064 5465 3357 5519 interdum
3407 5463 3781 5535 expositioni-

2098 5535 2203 5593 Bus
2222 5537 2470 5592 indebita
2496 5535 2757 5590 deviavit.

2167 5609 2420 5663 Secundo
2461 5623 2592 5661 vero
2645 5607 3011 5662 commendas
3072 5606 3493 5663 Postillatorem
3558 5622 3623 5659 ex
3680 5607 3787 5660 hoc

2099 5680 2386 5750 quodper
2414 5677 2674 5750 habitum
2694 5678 3079 5750 theologicum
3126 5676 3420 5750 veritatem
3489 5677 3787 5750 sententias

2100 5747 2320 5817 habuit,
2353 5750 2483 5803 licet
2510 5748 2569 5803 in
2595 5750 2738 5803 lacte
2772 5747 3170 5803 non’suxisset
3216 5747 3627 5817 proprietatem
3660 5747 3786 5817 lle-

2100 5820 2274 5877 braici
2309 5815 2621 5875 sermonis.
2684 5820 2869 5883 Quod,
2927 5822 3079 5874 salva
3134 5815 3294 5889 pace,
3327 5815 3561 5872 videtur
3592 5815 3784 5871 minus
