4086 6190
289 286 357 338 59
1185 283 1647 340 WALAFRIDUS
1685 284 1997 340 STRABUS
2038 284 2418 340 FULDENSIS
2458 285 2842 341 MONACHUS.
3713 290 3784 340 HO

276 405 692 479 rationabiliter
720 405 958 460 dictum.
990 405 1203 479 Notum
1235 410 1319 460 est
1338 405 1504 479 enim
1543 405 1696 479 quod
1747 405 1974 460 habitus
2003 405 2052 460 Α
2089 406 3062 479 citericommendandamexpresse
3098 405 3315 479 asserui
3346 407 3406 479 in
3459 407 3783 479 quaestione

277 477 639 546 theologicus
696 491 813 530 non
863 492 922 530 se
978 475 1235 530 extendit
1283 477 1354 530 ad
1382 475 1596 532 donum
1651 476 1978 545 linguarum

277 547 650 612 habendum;
685 555 740 600 et
790 546 919 600 ideo
956 563 1086 601 cum
1134 548 1437 617 theologus
1468 547 1638 601 dicit:
1677 547 1768 602 Sic
1799 551 1885 600 est
1919 547 1979 600 in

281 618 553 676 Hebraica
613 617 872 683 veritate,
930 623 986 671 et
1024 617 1102 672 ibi
1156 634 1274 672 non
1301 620 1378 672 sic
1409 617 1720 683 invenitur,
1747 633 1865 671 non
1895 623 1982 672 est

279 706 346 745 ex
371 692 477 744 hoc
507 689 1000 746 commendandus

353 760 733 816 Commendas
759 775 894 823 eum
925 758 1093 830 tertio
1123 775 1187 812 ex
1221 758 1328 812 hoc
1354 758 1504 830 quod
1536 757 1687 830 inter
1715 757 1978 812 doctores

283 831 586 886 chraicos
637 846 752 884 non
805 829 1022 884 invenit
1078 829 1383 901 meliorem
1434 829 1772 901 theologum
1803 846 1974 901 quam

282 901 462 958 Rabbi
492 902 878 956 Salomonem.
913 901 1070 954 Circa
1096 899 1250 970 quod
1284 905 1476 971 notum
1511 905 1596 953 est
1625 899 1781 971 quod
1820 899 1886 954 isi
1915 901 1974 954 in

281 973 364 1027 rei
391 972 624 1026 veritate
674 971 768 1026 ille
816 971 924 1025 fuit
971 969 1158 1024 minus
1205 970 1422 1040 peritus
1467 969 1660 1041 quam‘
1691 969 1807 1036 alii,
1858 987 1974 1024 non

284 1044 453 1097 debet
481 1041 872 1097 commendari
893 1057 955 1094 ex
988 1041 1095 1094 hoc
1125 1041 1275 1111 quod
1319 1041 1578 1110 sequitur
1627 1057 1780 1106 eum,
1826 1058 1972 1111 prae-

282 1113 478 1167 sertim
518 1113 577 1166 in
618 1113 798 1167 deviis
843 1117 896 1165 et
937 1111 1262 1165 inconsonis
1286 1113 1711 1165 auctoritatibus
1741 1118 1972 1166 sancto-

280 1200 405 1238 rum
435 1200 449 1238 :
476 1185 813 1237 commenda
839 1197 978 1252 ergo
1019 1183 1184 1236 illum
1217 1187 1275 1236 ut
1306 1183 1419 1236 dixi
1467 1183 1524 1236 in
1573 1183 1661 1237 his
1690 1188 1748 1238 et
1783 1199 1850 1237 ex
1881 1183 1969 1238 his

277 1255 488 1325 quibus
537 1253 1030 1325 commendandus
1086 1257 1190 1318 est,
1251 1259 1305 1307 et
1363 1253 1603 1308 libenter
1661 1255 1972 1325 amplectar

278 1323 801 1379 commendationes
831 1329 976 1377 tuas.

349 1394 753 1450 Concludendo
777 1410 936 1465 ergo,
965 1393 1298 1448 charissime
1353 1395 1578 1460 fratrer,
1626 1411 1742 1450 non
1775 1394 1968 1449 credas

278 1481 368 1519 ine
417 1466 834 1535 reprehendere
876 1465 1117 1519 voluisse
1175 1465 1614 1532 Postillatorem,
1673 1472 1734 1519 ut
1789 1465 1968 1522 dicis:

278 1537 423 1591 absit
457 1553 491 1589 a
523 1551 642 1590 me:
675 1536 772 1590 sed
802 1535 989 1606 potius
1035 1535 1324 1590 Postillam
1373 1553 1534 1590 suam
1587 1552 1708 1590 esse
1752 1536 1968 1608 simpli-

2094 476 2399 548 praedicta:
2429 477 2560 531 licet
2614 478 2672 532 in
2711 477 2999 548 aliquibus
3051 478 3188 532 locis
3218 477 3403 532 sentio
3430 476 3555 532 eam
3590 479 3784 534 minus

2091 547 2389 614 sufﬁcere;
2447 548 2599 618 quod
2649 547 3112 620 nonrreputatur
3160 549 3366 603 vitium
3403 549 3777 620 simpliciter;

2089 633 2258 672 nemo
2290 617 2538 688 namque
2569 617 2896 673 mortalium
2949 617 3189 687 perfecte
3231 619 3424 674 omnia
3456 617 3781 674 examinare

2088 693 2307 759 potest:
2369 705 2519 758 saepe
2575 689 2728 743 enim
2786 689 3114 743 dormitavit
3171 691 3466 746 Ilomerus.
3508 693 3779 746 Sanctum

2086 765 2278 831 autem
2312 760 2368 813 in
2402 759 2665 815 omnibus
2697 759 2967 825 scientiis,
3015 761 3337 829 praesertim
3381 762 3439 816 in
3485 762 3779 831 Scriptura

2085 830 2297 896 divina,
2329 847 2557 900 semper
2583 847 2916 900 praeponere
2931 832 3245 886 veritatem.

2160 901 2403 967 Utinam,
2425 902 2600 955 frater
2624 901 3007 968 dilectissime,
3037 918 3188 955 esses
3210 903 3270 956 in
3315 919 3441 956 meo
3469 902 3771 962 consortio.

2084 971 2283 1025 saltem
2316 972 2669 1042 aliquantulo
2696 978 2978 1042 tempore,
3012 978 3074 1026 ut
3105 973 3271 1027 simul
3319 973 3636 1027 discurrere
3671 989 3773 1027 va-

2083 1042 2332 1096 leremus
2361 1042 2783 1115 additiunculas
2826 1044 2947 1109 has,
2998 1048 3053 1097 et
3127 1044 3204 1096 sic
3255 1045 3648 1115 experimento
3689 1061 3780 1098 co-

2081 1114 2564 1184 gnosceresquod
2588 1114 2646 1167 in
2678 1113 2792 1167 illis
2816 1115 2956 1167 Iocis
2987 1115 3044 1166 in
3078 1115 3292 1184 quibus
3329 1113 3406 1168 ab
3456 1116 3578 1180 eius
3609 1115 3777 1166 dictis

2081 1130 2381 1181 gnosceres
2412 1130 2564 1238 guoa
2588 1131 2646 1167 in
2678 1130 2792 1167 nus
2816 1130 2956 1167 lOClS
2987 1131 3044 1166 in
3078 1130 3292 1184 qltlDus
3336 1130 3406 1168 an
3456 1131 3578 1180 ejus
3609 1130 3777 1166 uictis

2081 1183 2307 1236 deviare
2356 1183 2408 1236 vi
2452 1200 2573 1250 eor,
2615 1185 2734 1238 zelo
2799 1184 3080 1248 veritatis,
3143 1201 3257 1238 non
3313 1185 3778 1254 reprehendendi

2080 1254 2267 1326 studio
2284 1255 2577 1326 processi:
2635 1259 2690 1308 et
2727 1254 2902 1309 etiam
2952 1256 3008 1308 in
3047 1254 3134 1308 his
3167 1272 3281 1309 non
3305 1255 3524 1326 judicio
3546 1255 3778 1325 proprio

2079 1324 2318 1397 deviavi,
2375 1325 2472 1378 sed
2531 1326 2826 1397 sequendo
2889 1327 3172 1395 majorum
3223 1324 3583 1381 sententiam.
3620 1327 3776 1388 Vale,

2078 1394 2253 1468 frater
2292 1397 2347 1449 in
2409 1394 2649 1450 Domino
2690 1411 2703 1450 :
2785 1401 2841 1450 et
2888 1394 3122 1450 meliora
3171 1397 3512 1452 charismata
3553 1413 3780 1468 semper

2077 1467 2369 1530 azmulare,
2393 1471 2500 1520 etc.

1603 1762 1930 1832 INCIPIT
1986 1759 2446 1831 PROLOGUS

2072 1920 2135 1964 1N

279 2031 582 2114 Replicas
637 2035 1022 2099 defensivas
1083 2036 1370 2100 Postilla:
1423 2037 1830 2100 venerabilis
1880 2055 1957 2098 ac
2013 2035 2238 2098 devoti
2283 2033 2522 2112 Patris,
2589 2033 2815 2096 fratris
2855 2032 3104 2096 Nicolai
3140 2053 3220 2096 ne
3257 2032 3440 2109 LIRA,
3476 2034 3557 2095 ab
3589 2033 3772 2095 addi-

361 2121 666 2185 tionibus
698 2124 956 2187 domini
986 2124 1384 2204 Burgensis,
1420 2126 1635 2188 editas
1666 2145 1705 2187 a
1737 2124 2104 2189 venerabili
2147 2128 2214 2186 et
2237 2122 2562 2202 religioso
2614 2120 2832 2196 Patre,
2879 2123 3083 2184 fratre
3146 2120 3425 2184 Matthia
3474 2120 3771 2184 THORING

367 2210 539 2272 sacri
571 2211 829 2275 ordinis
861 2212 1199 2276 Minor-um
1237 2213 1602 2296 provinciae
1652 2213 1964 2278 Saxoniae
2015 2212 2355 2288 ministro,
2414 2211 2496 2274 ad
2550 2209 3003 2292 plurimorum
3059 2215 3374 2289 rogatum
3425 2211 3771 2292 przefatam

365 2296 712 2362 Postillam
744 2307 819 2364 ut
857 2302 1138 2365 veritate
1169 2303 1508 2366 lucentem
1535 2302 2093 2384 amplexantium.

346 2513 677 2600 Modesiiani
700 2516 1008 2600 antiquam.
1021 2521 1220 2600 tenere
1259 2518 1522 2600 homines
1558 2517 1966 2600 jusiosuatque
2009 2519 2048 2572 Β
2077 2513 2336 2568 futurum
2365 2512 2592 2600 obtulit,
2624 2516 2680 2600 et
2708 2512 2817 2600 hoc
2842 2511 3031 2593 ipsum
3063 2527 3436 2600 opusrsuum',‘
3475 2513 3766 2600 Plostillani

276 2589 498 2638 sanctos
523 2585 776 2661 decebat,
809 2585 1176 2661 etordinata
1221 2585 1576 2661 regulariter
1594 2588 1820 2660 injuriis
1849 2585 1966 2642 rion

275 2670 512 2730 gravare
537 2657 820 2730 molestis.
852 2659 996 2730 Nam
1029 2660 1174 2714 sicut
1205 2657 1394 2714 minus
1416 2661 1559 2714 bene
1582 2657 1739 2730 gesta
1767 2675 1962 2713 corre-

271 2725 474 2806 ctionis
537 2726 755 2811 limnani,
819 2729 897 2810 sic
950 2730 1165 2811 optime
1191 2731 1356 2811 facta
1379 2725 1611 2811 tandem
1635 2736 1693 2811 et
1720 2730 1964 2811 gloriam
2036 2778 2056 2795 ,

271 2795 589 2872 requirunt.
623 2798 734 2872 Sed
760 2799 896 2872 quia
915 2795 1245 2856 omnimoda
1272 2802 1543 2872 perfectio
1592 2795 1964 2872 solis'divinis

271 2867 750 2944 rebuscompetit.
777 2867 846 2924 in
864 2873 1094 2944 cunctis
1117 2867 1387 2944 humanis
1425 2872 1692 2944 operibus
1723 2871 1963 2944 reperiri

271 2938 484 3014 poterit
511 2941 662 3010 quod
692 2943 1140 3014 reprehensione
1171 2943 1410 3014 dignum
1441 2938 1556 2998 est:
1597 2959 1730 2997 cum
1758 2938 1963 3014 mode-

270 3008 377 3086 s_tia
430 3008 643 3086 tamen,
703 3008 773 3066 ut
821 3011 899 3066 ait
958 3014 1154 3086 beatus
1192 3008 1962 3086 Augustinusiniprincipio

275 3080 783 3148 Retractationum,
849 3099 938 3137 uae
970 3085 1246 3138 modestia
1275 3080 1392 3140 non
1434 3085 1602 3139 modo
1641 3080 1703 3138 iri
1747 3080 1965 3154 agibili-

275 3149 394 3206 bus.
419 3150 516 3204 sed
546 3155 601 3204 et
648 3099 938 3206 scibilgbus
976 3155 1164 3206 locum
1206 3156 1393 3206 habet.
1456 3156 1594 3206 Nam
1651 3155 1963 3206 secundum

270 3149 394 3215 bus,
419 3150 516 3204 sed
546 3155 601 3204 et
648 3149 938 3207 scibilibus
976 3155 1164 3208 locum
1206 3156 1393 3210 habet.
1456 3156 1594 3210 Nam
1651 3149 1963 3208 secundum

269 3235 468 3296 verum
528 3220 880 3276 intellectum
929 3241 1101 3296 sacrm
1159 3226 1464 3296 scripturae
1525 3225 1672 3280 circa
1703 3225 1962 3279 divinum

270 3290 466 3344 scibile
487 3307 676 3367 errare
708 3308 833 3367 non
853 3295 1164 3365 contingit:
1197 3290 1327 3367 ideo
1357 3297 1480 3367 ipsa
1523 3296 1661 3367 sola,
1687 3296 1838 3349 hunc
1867 3296 1963 3349 ho-

273 3376 470 3432 norem
531 3361 635 3416 sibi
683 3363 948 3432 vindicat,
1005 3361 1076 3419 ut
1107 3372 1256 3420 recte
1303 3361 1593 3420 intellecta
1621 3365 1741 3420 sine
1768 3382 1961 3432 repre-

270 3431 854 3508 hensioneconsistat,
887 3431 952 3508 ut.
977 3437 1099 3490 vult
1129 3437 1329 3508 beatus
1370 3437 1671 3508 Dionysius
1698 3438 1784 3508 ide
1813 3431 1962 3491 divi-

270 3501 361 3580 nis
391 3502 770 3580 Nominibus._
804 3506 1002 3580 capite
1029 3507 1318 3580 secundo;
1374 3501 1632 3580 nihilque
1658 3507 1710 3562 ei
1737 3513 1960 3580 contra-

271 3571 442 3652 rium,
477 3573 594 3652 nisi
615 3574 852 3652 omnino
874 3571 948 3631 sit
977 3577 1201 3652 falsum.
1238 3571 1414 3633 In"ea
1449 3571 1678 3652 quoque
1708 3579 1848 3632 nihil
1878 3594 1962 3632 re-

269 3643 492 3724 peritur
545 3644 857 3724 absurdum
913 3649 1230 3724 secundum
1289 3643 1671 3724 Augustinum
1703 3667 1759 3704 xx
1788 3665 1962 3718 super

270 3715 557 3796 Qenesim,
602 3716 786 3796 capite
839 3719 1043 3796 primo.
1101 3715 1424 3796 Diversit_a§_
1441 3721 1617 3791 igitur
1645 3726 1703 3777 et
1729 3715 1957 3796 contra-

270 3784 449 3864 rietas.
489 3785 574 3864 in_
604 3784 726 3864 ejus
783 3784 1136 3864 expositione
1193 3807 1303 3845 non
1334 3784 1506 3864 habe't
1543 3799 1734 3848 ortum
1765 3808 1833 3845 ex
1854 3791 1959 3864 illa
1988 3808 2027 3864 ο

271 3855 962 3936 doctrinairrefragabili,
999 3863 1098 3916 sed
1125 3877 1190 3916 ex
1221 3879 1288 3916 eo
1318 3863 1471 3934 quod
1505 3869 1628 3934 ejus
1669 3862 1959 3936 exposito-

270 3941 359 4002 _res
383 4000 388 4002 Α
411 3927 791 4002 ἱοῑθῃςοῑιξω⁷
820 3927 1059 4002 plenum
1115 3949 1232 3987 non
1285 3927 1419 3988 sunt
1449 3927 1714 4001 assecuti,
1741 3927 1818 3987 'ut
1844 3934 1962 3988 vult

265 3997 465 4070 beatus
525 3999 770 4054 Hilarius
817 3997 1067 4058 secundo
1116 4004 1184 4059 de
1238 4004 1532 4060 Trinitate.
1582 3997 1719 4070 Quaé
1765 4011 1960 4060 tamen

269 4068 653 4148 expositorum
684 4071 979 4148 diversitas
1010 4090 1126 4148 non
1145 4075 1382 4148 omnino
1410 4068 1626 4132 inutilis
1654 4081 1776 4131 est:
1802 4075 1961 4148 quin-

266 4141 400 4220 imo.
440 4155 546 4220 per
565 4156 632 4220 ea
677 4141 910 4220 pigritia
935 4145 1291 4220 studentium
1348 4148 1661 4220 excutitur,
1698 4152 1765 4202 ut
1807 4141 1957 4200 veri-

267 4216 354 4288 tas
384 4210 962 4288 inquiraturzvsic‘que
990 4217 1249 4288 Ecclesiae
1300 4218 1608 4288 proficiunt
1637 4210 1958 4288 insurgen-

269 4283 377 4368 [tias
396 4279 667 4368 haireses,
689 4357 701 4368 ⁸
725 4288 790 4338 ut
820 4279 1031 4368 _i_nqui_t
1085 4287 1282 4368 beatus
1300 4279 1318 4288 ’
1339 4289 1689 4368 Augustinus
1721 4307 1738 4343 1
1790 4279 1961 4368 super

267 4351 528 4430 Genesiui
574 4357 788 4430 contra_
820 4351 1177 4430 Manichaeos.
1230 4351 1460 4413 Omnes”
1485 4360 1662 4430 igitur
1705 4351 1881 4430 sancti
1905 4363 1961 4412 et

267 4420 531 4501 catholici
561 4439 734 4501 sacra:
757 4423 1064 4501 Scripturaa
1093 4431 1424 4501 tractatores
1473 4420 1701 4501 antiqui
1748 4429 1959 4484 nedum

269 4493 702 4560 consentiendo,
734 4493 932 4550 verum
962 4496 1132 4551 etiam
1162 4499 1314 4552 salva
1343 4499 1455 4554 ﬁde
1497 4493 1887 4555 dissentiendo
1929 4518 1957 4554 a

268 4564 704 4632 successoribus,
757 4567 968 4636 gratias
1014 4575 1350 4624 meruerunt
1392 4571 1764 4626 immortales.
1817 4571 1958 4624 Nam

265 4637 404 4714 post
443 4638 500 4714 et
553 4651 658 4708 per
713 4651 911 4714 eorum
957 4640 1308 4714 venerandos
1354 4647 1697 4714 sanctosque
1734 4641 1958 4698 labores

267 4705 513 4772 excitati,
546 4705 671 4788 I'pro
723 4708 988 4788 patribus
1029 4709 1147 4764 nati
1195 4710 1298 4764 ﬁlii
1337 4705 1621 4788 doctores:
1666 4712 1726 4788 _i_n
1757 4729 1957 4788 eorum

269 4778 1014 4854 comparationemoderni,
1056 4796 1176 4854 non
1206 4798 1409 4851 parum
1450 4783 1618 4838 laude
1647 4783 1806 4854 digni
1832 4799 1956 4838 sur-

268 4853 538 4925 rexerunt
571 4865 584 4925 :
618 4850 718 4925 qui
748 4850 1010 4925 insecta:
1049 4850 1356 4923 Scripturaa
1408 4850 1759 4925 expositione
1784 4855 1958 4910 desu-

271 4913 496 4994 dantes,
527 4924 588 4971 ut
615 4913 791 4994 vitam
817 4922 1097 4994 baberent
1139 4913 1414 4979 aiternam
1462 4913 1670 4980 talibus
1708 4926 1954 4994 promis-

268 5001 412 5067 sam,
461 4987 641 5056 ipsam
683 4991 1130 5067 elucidaverunt,
1176 5010 1405 5067 sensum
1441 4995 1619 5067 ipsius
1650 4987 1956 5052 litteralem

266 5060 538 5139 tanquam
567 5062 751 5139 magis
780 5060 1580 5139 auihenticuminquirentes;
1605 5069 1770 5139 inter
1813 5084 1959 5139 quos

269 5127 540 5211 magister
567 5127 826 5211 Nicotaus
842 5133 910 5211 de
927 5134 1073 5211 Lira,
1098 5135 1159 5189 in
1189 5127 1384 5209 lingua
1402 5127 1685 5211 Hebraica
1713 5127 1961 5211 simulet

270 5197 464 5278 Latina
494 5200 735 5282 peritus,
766 5203 1224 5282 universalioret
1249 5197 1914 5282 praeclariorreperitur
1939 5226 1951 5264 :

266 5276 428 5351 cujus
440 5276 523 5340 spi
529 5276 994 5351 ritum‘tanqiiam
1006 5279 1168 5351 pueri
1175 5276 1442 5351 junioris,
1460 5280 1528 5336 de
1543 5276 1828 5335 Mino'rum
1842 5281 1954 5336 fra-

265 5341 642 5419 trum_ordine
676 5341 1195 5419 Deus—illustrando
1228 5341 1686 5406 misericorditer
1717 5351 1953 5406 suscita-

266 5411 532 5494 vittlpse
563 5429 793 5494 quoque
823 5416 902 5469 sic
927 5417 1246 5494 suscitatus,
1279 5421 1428 5491 quod
1460 5421 1581 5476 sine
1625 5422 1854 5494 ﬁctione
1876 5421 1957 5494 di-

267 5479 1252 5564 dicit,sineinyidiacommunicavit
1280 5479 1372 5545 {et
1394 5496 1668 5564 tanquam
1691 5492 1957 5564 sapienti-

265 5549 372 5633 bus
401 5557 459 5607 et
490 5553 918 5633 insipientibus,
945 5559 1170 5628 magnis
1193 5565 1249 5616 et
1275 5549 1529 5633 parvulis
1562 5549 1785 5618 debitor
1814 5563 1953 5618 etI'e-

267 5626 410 5705 cius,
440 5624 762 5705 satisfacere
792 5624 1222 5705 cupiens,'opus
1259 5624 1556 5705 egregium
1605 5635 1951 5705 composuit:

265 5696 321 5772 et
356 5695 414 5746 in
465 5695 728 5777 Ecclesiae
749 5695 957 5754 sancta
992 5695 1462 5777 gazophylacium
1494 5721 1712 5777 pauper
1737 5695 1954 5777 profes-

267 5768 446 5832 sione,
479 5782 608 5822 cum
639 5768 810 5824 vidua
831 5768 1196 5842 paupercula,
1216 5768 1456 5831 studere
1489 5768 1805 5832 volentibus
1831 5792 1953 5847 pro-

2072 2601 2405 2655 nuncupare
2437 2584 2704 2655 decrevit.
2734 2585 2867 2646 Hoc,
2900 2584 3180 2655 inquam,
3201 2598 3345 2655 opus
3397 2584 3664 2650 Postilla,
3711 2589 3769 2639 et

2071 2656 2120 2710 si
2170 2653 2345 2709 tanta:
2394 2653 2749 2709 sufﬁcientia:
2799 2653 2997 2721 fuerit,
3033 2654 3189 2724 quod
3227 2653 3414 2724 ipsum
3440 2671 3554 2708 non
3578 2655 3763 2710 solum

2113 2726 2316 2791 arvuli,
2348 2726 2444 2780 sed
2477 2726 2671 2795 magni
2701 2745 2716 2792 ;
2747 2742 2849 2779 nec
2874 2726 3055 2778 solum
3089 2725 3304 2788 ﬁdeles,
3340 2725 3434 2779 sed
3463 2730 3519 2778 et
3561 2725 3760 2780 inﬁde-

2092 2812 2170 2864 es,
2200 2796 2260 2850 in
2288 2796 2476 2852 dubiis
2502 2796 2651 2850 circa
2696 2811 2869 2849 sacrae
2915 2795 3222 2864 Scriptura:
3257 2795 3558 2849 litteralem
3597 2796 3766 2851 intel-

2069 2867 2369 2947 ligentiam
2417 2867 2747 2947 requirunt:
2801 2866 3161 2947 ipnse_tamen
3182 2867 3451 2936 magister
3480 2867 3759 2947 Nicolaus,

2071 2943 2133 2992 ut
2164 2954 2294 2992 vere
2349 2937 2605 3001 humilis,
2661 2937 3054 3007 imperfectum
3109 2953 3167 2990 se
3224 2953 3676 3006 recognoscens;
3708 2944 3766 2994 et

2069 3014 2134 3062 ut
2161 3008 2313 3088 pius,
2363 3010 2591 3088 culpam
2640 3023 2978 3088 agnoscens,
3019 3007 3115 3088 ubi
3164 3007 3421 3061 fortassis
3450 3009 3616 3088 cuipa
3644 3025 3760 3088 non

2070 3083 2178 3146 est,
2209 3079 2268 3150 in
2303 3079 2580 3150 prooemio
2610 3078 2697 3132 sui
2728 3078 2938 3150 operis,
2969 3094 3026 3150 se
3057 3083 3115 3132 et
3143 3094 3246 3150 per
3275 3094 3405 3132 eum
3430 3078 3642 3149 scripta
3663 3080 3764 3134 de-

2068 3149 2464 3203 terminationi
2496 3154 2702 3203 sanctze
2746 3149 2942 3202 matris
2978 3149 3238 3203 Ecclesia:
3289 3150 3648 3216 submittens,
3686 3153 3763 3204 le-

2068 3225 2282 3290 ctorem
2316 3220 2674 3282 benevolum,
2708 3225 2765 3273 et
2795 3226 3170 3273 correctorem
3205 3221 3478 3290 efflagitat
3511 3221 3756 3275 charita-

2069 3289 2272 3356 tivum,
2301 3291 2483 3344 sciens
2514 3290 2667 3362 quod
2699 3305 2870 3344 nemo
2902 3289 3062 3362 omni
3083 3307 3153 3344 ex
3182 3289 3587 3360 parte’beatus.

2141 3362 2444 3432 Propterea
2474 3361 2701 3428 Paulus,
2736 3361 3076 3414 venerabilis
3113 3362 3580 3432 archiepiscOpus
3622 3362 3759 3416 Bur-

2069 3431 2280 3500 gensis,
2309 3432 2572 3502 judicans
2593 3432 2786 3502 aliqua
2816 3432 3007 3485 minus
3034 3431 3293 3502 apposite
3337 3449 3368 3486 a
3401 3432 3763 3488 Positllatore

2069 3501 2347 3571 exposita,
2371 3506 2427 3556 et
2456 3503 2649 3572 aliqua
2681 3501 2868 3556 minus
2899 3501 3091 3572 plene,
3112 3501 3440 3557 additiones
3463 3504 3534 3556 ad
3557 3504 3761 3558 Postil-

2069 3519 2347 3571 exposita,
2371 3519 2427 3556 et
2456 3519 2529 3556 an
2577 3519 2649 3555 ua
2681 3519 2868 3556 minus
2899 3519 3091 3572 plene.
3119 3519 3440 3557 auditiones
3463 3519 3534 3556 au
3557 3519 3759 3558 Postu-

2068 3573 2183 3626 lam
2226 3573 2485 3654 magistri
2535 3519 2746 3654 ﬁicolai
2793 3573 3148 3654 conscripsit,
3191 3574 3252 3654 in
3317 3575 3527 3644 quibus
3575 3575 3759 3654 carri-7

2069 3659 2204 3714 gere
2219 3643 2439 3724 _nititur
2467 3660 2597 3715 quin
2629 3643 2755 3724 ipsi
2767 3643 3109 3724 videbantur
3137 3643 3669 3724 minus’commoda,
3692 3649 3762 3724 Aet

2067 3715 2339 3786 supplere
2378 3731 2445 3768 ea
2487 3714 2616 3786 quia
2653 3714 2946 3786 judicabat
2975 3715 3188 3786 deesse.
3224 3717 3505 3786 Caeterum
3537 3731 3606 3770 ne
3638 3716 3757 3770 ista:

2068 3785 2372 3857 But-gensis
2401 3785 2827 3857 emendationes
2844 3785 3169 3857 auctoritati
3204 3785 3579 3857 Postillatoris
3607 3787 3755 3857 apud

2069 3856 2367 3928 imperitos
2398 3856 2758 3928 derogarent,
2793 3856 2999 3928 statui
3031 3871 3124 3909 eas
3163 3856 3513 3928 examinare,
3542 3861 3598 3911 et
3630 3856 3759 3928 quia

2070 3926 2475 3998 dictisNicolai
2512 3926 2926 3998 nonobviant,
2985 3926 3196 3981 intacta
3247 3927 3605 3998 relinquam:
3650 3926 3758 3983 nec

2069 3997 2436 4070 vim‘faciam
2490 3997 2590 4051 ubi
2646 3996 2767 4070 ipse
2813 3997 3064 4070 aliquem
3110 4013 3339 4070 passum
3399 3996 3758 4070 secusquam

2072 4067 2417 4139 PostilIator,
2451 4067 2719 4139 exponit:
2771 4067 2981 4122 scimus
3030 4068 3184 4122 enim
3223 4069 3392 4123 etiam
3441 4067 3759 4139 apud'san-

2070 4142 2188 4193 ctos
2237 4138 2500 4193 doctores
2526 4138 3045 4210 ’ejusdemwpassus
3093 4154 3216 4192 esse
3245 4139 3427 4210 varias
3450 4138 3758 4210 expositio-

2069 4225 2204 4282 nes:
2253 4215 2546 4282 earautem
2597 4211 2656 4264 in
2714 4209 2921 4280 quibus
2973 4209 3237 4282 Nicolaus
3275 4209 3536 4282 corrigit,
3567 4217 3757 4266 osten-

2070 4280 2203 4334 dam
2251 4281 2388 4352 quid
2433 4285 2489 4334 et
2530 4284 2809 4350 quantum
2855 4285 3051 4334 contra
3095 4280 3384 4352 postillam
3415 4280 3660 4349 valeant,
3698 4284 3759 4337 In

2069 4352 2178 4422 hoc
2202 4351 2392 4405 autem
2446 4367 2640 4420 opere,
2670 4357 2754 4422 Aet
2792 4367 3140 4422 quocunque
3188 4351 3298 4422 alio
3338 4367 3442 4421 per
3467 4369 3558 4406 me
3587 4353 3756 4415 facto.

2067 4421 2155 4493 vel
2205 4421 2264 4476 in
2312 4427 2606 4492 posterum
2654 4420 2868 4493 ﬂendo,
2905 4420 3247 4493 _me'totum
3267 4420 3453 4492 dignis
3485 4428 3541 4476 et
3581 4424 3758 4493 legiti-

2067 4491 2178 4571 mis
2242 4491 2658 4573 correctoribus
2699 4491 3024 4573 _submitto.
3106 4491 3498 4573 Praesuppono
3564 4491 3756 4573 aufem

2068 4562 2218 4617 circa
2246 4562 2832 4634 sensumlitteralem,
2866 4579 3037 4634 quem
3070 4566 3124 4617 et
3167 4562 3489 4617 Postillator
3537 4570 3592 4619 et
3625 4566 3757 4620 Bur-

2068 4634 2258 4704 gensis
2289 4633 2715 4716 “principaliter
2770 4633 3060 4716 quaerunt,
3109 4634 3245 4704 quid
3272 4634 3756 4716 adaequataiaiio

2067 4719 2266 4758 sensus
2289 4704 2552 4759 litteralis
2597 4705 2670 4759 sit
2696 4708 2789 4771 ;et
2835 4704 2986 4774 quod
3031 4720 3230 4759 sensus
3271 4704 3532 4759 litteralis
3561 4706 3632 4760 sit
3660 4707 3754 4761 ille

2067 4774 2168 4846 qui
2223 4780 2307 4829 est
2360 4791 2545 4840 verus,
2606 4774 2979 4837 rationabilis.
3030 4790 3134 4846 per
3187 4775 3466 4846 Spiritum
3497 4783 3753 4831 sanctum

2069 4844 2345 4918 intentus,
2373 4851 2429 4900 et
2449 4862 2553 4918 per
2582 4862 2745 4918 voces
2775 4850 2874 4899 aut
2900 4861 2989 4898 res
3018 4844 3141 4899 sine
3171 4845 3522 4918 absurditate
3545 4848 3754 4918 signiﬁ-

2067 4920 2244 4971 catus.
2273 4916 2383 4972 Ista
2417 4917 2558 4970 ratio
2587 4917 2904 4987 adtequata
2929 4931 3127 4969 sensus
3175 4916 3432 4971 litteralis
3461 4916 3706 4973 habe—tur
3726 4937 3758 4973 a

2067 4987 2232 5042 beato
2285 4988 2604 5058 Augustino
2667 4986 3124 5058 superWGenesin
3176 4988 3248 5042 ad
3301 4987 3573 5053 litteram,
3628 4995 3684 5044 et
3726 5007 3756 5044 a

2067 5058 2232 5113 beato
2262 5057 2532 5128 Gregorio
2561 5058 2621 5112 in
2656 5057 2982 5124 Moralibus,
3020 5063 3193 5128 prout
3236 5073 3366 5113 eum
3417 5060 3482 5114 ad
3512 5060 3566 5115 id
3616 5062 3758 5114 alle-

2065 5129 2507 5255 lgiiiauﬁurgensis
2555 5129 2615 5184 in
2680 5127 3064 5200 disputatione
3114 5129 3452 5202 qumstionis
3503 5147 3756 5202 praenm—

2038 5250 2043 5254 .
2065 5201 2230 5255 bulas.

2065 5295 2332 5386 Replich
2403 5307 2635 5362 contra
2699 5293 3007 5386 quaedam
3071 5294 3267 5386 dicta!
3296 5299 3646 5386 Burgensis
3693 5300 3761 5364 in

2506 5383 2862 5472 quaestione
2883 5383 3328 5472 prgambula.

2140 5501 2199 5552 In
2243 5498 2404 5568 cujus
2438 5500 2773 5570 quaestionis
2815 5499 3058 5554 articulo
3093 5505 3299 5569 quarto
3328 5501 3627 5570 Burgensis
3659 5520 3758 5557 no-

2065 5573 2147 5623 tat
2173 5570 2664 5642 Postillatoremin
2704 5571 2946 5642 duobus.
2981 5571 3173 5625 Primo
3221 5572 3384 5642 quod
3429 5575 3759 5642 praeponde-

2065 5645 2152 5694 rat
2194 5640 2606 5713 expositionem
2636 5641 2979 5705 inﬁdelium,
3003 5640 3274 5713 secundo
3316 5640 3464 5713 quod
3498 5640 3760 5700 dissimu-

2068 5711 2266 5765 laverit
2311 5713 2658 5768 reverentias
2695 5717 2753 5768 et
2799 5712 3162 5766 auctoritates
3201 5711 3526 5769 sanctorum
3557 5716 3756 5770 docto-

2067 5799 2214 5837 rum.
2247 5783 2390 5849 Quid
2425 5783 2677 5838 veritatis
2702 5781 2772 5835 sit
2800 5782 2859 5836 in
2887 5782 3095 5853 primo,
3141 5783 3362 5838 dicetur
3415 5783 3470 5839 in
3506 5787 3629 5842 loco
3655 5804 3757 5858 per
