4086 6190
208 282 263 332 61
1704 279 2235 336 PBOLEGOMENA.
3641 282 3709 333 62

210 401 557 469 Burgensem
613 398 883 468 allegato,
941 397 1202 470 videlicet
1231 397 1460 453 Genesis
1503 397 1714 468 primo.
1746 398 1904 453 Circa
1934 403 1982 454 Α
2020 406 2141 454 tum
2210 399 2615 470 Augustinum,
2686 399 3111 470 Hieronymum,
3145 400 3504 470 Gregorium,
3542 401 3711 456 Isido-

206 469 547 536 secundum,
576 469 899 522 notandum
949 469 1101 540 quod
1152 474 1477 523 sanctorum
1516 470 1821 523 auctoritas
1846 475 1903 525 et

207 541 546 605 reverentia,
604 541 701 593 ubi
753 545 815 593 ut
859 540 1036 594 sancti
1083 540 1255 593 locuti
1302 546 1457 605 sunt,
1486 556 1712 610 semper
1738 541 1905 594 debet

205 629 236 666 a
279 611 553 665 ﬁdelibus
610 611 891 678 venerari,
950 618 1011 663 ut
1068 615 1222 679 patet
1282 613 1343 665 15
1403 611 1530 663 dist.
1567 611 1776 664 decreti
1804 614 1904 666 Per

206 688 394 736 totum.
450 681 555 736 Ubi
599 688 793 734 autem
832 687 897 734 ut
938 682 1202 735 homines
1246 685 1301 733 et
1330 698 1397 733 ex
1427 681 1697 749 opinione
1730 681 1902 735 locuti

206 759 357 819 sunt,
405 769 511 805 nec
559 753 740 805 sancti
782 752 839 805 in
887 751 1221 821 hujusmodi
1256 752 1361 804 sibi
1388 755 1586 805 volunt
1623 754 1902 807 honorem

203 823 434 885 deferri,
487 830 551 876 ut
594 827 751 894 patet
793 839 843 876 1v
894 838 1065 894 super
1096 823 1336 894 Genesiu
1369 822 1437 876 ad
1474 824 1741 894 litteram,
1776 840 1899 892 cap.

204 897 289 949 22.
330 892 633 948 Sciverunt
682 894 835 947 enim
876 892 1054 946 sancti
1102 893 1253 963 quod
1284 909 1349 945 ex
1373 893 1643 962 opinione
1676 894 1900 963 sapien-

206 967 297 1019 tiae
328 965 747 1018 contradicitur
772 965 891 1018 sine
914 964 1051 1016 vitio
1077 964 1341 1033 sapienti,
1376 964 1493 1017 imo
1521 964 1782 1033 expedire
1816 964 1903 1017 xi-

203 1036 373 1090 detur
402 1036 460 1089 in
493 1035 733 1089 materia
760 1035 1037 1106 upinabili
1074 1035 1247 1089 dubia
1299 1035 1536 1088 moveri.
1589 1036 1729 1088 Nam
1760 1034 1904 1088 sicut

206 1108 407 1160 beatus
442 1107 798 1174 Augustinus
836 1106 1233 1176 primosuper
1279 1106 1519 1159 Genesiu
1560 1110 1757 1158 contra
1789 1107 1901 1158 Ma-

204 1177 499 1230 nichaaos:
546 1177 803 1231 Ecclesiae
846 1175 1160 1247 proﬁciunt
1222 1176 1585 1244 insurgentes
1632 1178 1899 1241 hereses,

204 1248 272 1301 ad
323 1248 725 1302 exeutieudam
777 1246 1111 1318 pigritiam;
1147 1246 1228 1300 ita
1280 1247 1507 1318 expedit
1554 1248 1613 1300 in
1661 1247 1904 1301 Ecclesia

209 1318 526 1373 contrarias
570 1335 692 1373 esse
734 1319 1061 1389 Opiniones,
1111 1318 1309 1371 eadem
1357 1317 1700 1389 rationeget
1730 1334 1905 1387 quam

208 1390 494 1443 contrarie
542 1390 724 1444 sancti
773 1388 1034 1443 doctores
1082 1388 1491 1460 opinenturrin
1524 1388 1783 1460 pluribus
1808 1406 1904 1441 sa-

206 1478 311 1514 crae
353 1461 669 1531 Scriptura:
717 1461 997 1531 passibus,
1043 1476 1154 1513 non
1199 1459 1311 1513 nisi
1358 1459 1530 1531 dicta
1576 1465 1901 1531 sanctorum

206 1530 497 1597 ignorans,
526 1530 771 1601 ignorat.
828 1532 938 1585 Nec
988 1537 1123 1600 puto
1158 1530 1563 1583 inconveniens
1593 1530 1742 1601 dicta
1772 1530 1902 1583 inﬁ-

207 1602 424 1656 delium
457 1600 672 1656 assumi
696 1603 754 1656 in
785 1602 1201 1672 expositionem
1251 1617 1539 1653 sacrarum
1584 1600 1901 1669 Scriptura—

2015 486 2139 525 rum
2179 510 2196 536 ,
2228 476 2286 524 et
2330 475 2587 524 sanctum
2631 470 2908 525 Thomam
2946 470 3240 541 postponit
3278 471 3400 524 sine
3441 472 3659 526 ratione
3693 491 3706 528 :

2013 542 2167 612 quod
2196 542 2255 595 iu
2288 541 2643 595 Postillatore
2683 558 2801 594 non
2835 541 3140 611 reperitur,
3175 541 3275 611 qui
3312 541 3526 595 nullius
3582 560 3707 598 san-

2014 612 2088 665 cti
2119 613 2333 666 dictum
2359 612 2645 682 reprobat,
2678 612 2785 665 nisi
2828 628 2892 665 ex
2937 612 3138 682 majori
3169 613 3389 666 ratione
3421 620 3478 666 et
3505 620 3707 667 aucto-

2012 682 2181 736 ritate
2256 682 2656 736 declinandum
2734 683 3017 737 ostendat.
3088 683 3150 736 Et
3203 683 3523 753 specialiter
3572 684 3708 738 huic

2016 753 2291 822 Burgensi
2346 753 2567 807 videtur
2590 753 2808 807 crimen
2851 754 2998 807 laesae
3028 754 3336 823 majestatis
3358 769 3702 824 repugnare,

2013 840 2142 877 cum
2208 825 2357 877 dicta
2404 823 2581 877 sancti
2638 824 2871 877 Thomas
2937 825 3207 894 praeferre
3269 823 3707 879 videtur’dictis

2013 895 2335 966 Augustini,
2404 894 2681 963 Gregorii,
2733 896 3092 966 Hieronymi,
3127 900 3184 947 et
3216 894 3479 961 aliorum,
3543 896 3707 966 quasi

2012 966 2109 1018 illa
2140 981 2255 1017 non
2288 965 2433 1019 sicut
2464 967 2571 1018 ista
2617 965 2731 1018 sint
2760 969 2889 1035 igne
2940 965 3234 1019 charitatis
3276 965 3615 1031 examinata,
3649 972 3706 1020 et

2012 1034 2175 1105 quasi
2203 1036 2300 1088 illa
2341 1036 2487 1089 sicut
2516 1035 2621 1087 ista
2652 1052 2762 1089 non
2790 1034 3003 1104 egeant
3037 1036 3457 1089 retractatione.
3502 1038 3703 1091 Beatus

2012 1107 2168 1159 enim
2202 1105 2643 1175 Augustinusin
2675 1108 2906 1161 exordio
2942 1123 3059 1160 suas
3100 1106 3537 1160 Retractationis
3566 1108 3704 1162 dicit

2012 1178 2165 1247 quod
2221 1198 2242 1225 ι
2276 1178 2335 1230 in
2392 1177 2754 1246 multiloquio
2809 1186 3105 1247 peccatum
3167 1194 3281 1230 non
3330 1178 3549 1232 deerit:
3609 1179 3707 1247 qui

2014 1263 2126 1301 non
2157 1248 2327 1301 habet
2360 1248 2572 1316 primas
2600 1255 2786 1317 partes
2816 1247 3130 1316 sapientia,
3165 1248 3378 1301 scilicet
3404 1254 3553 1301 recte
3602 1251 3709 1301 do-

2013 1318 2211 1384 cendo,
2271 1319 2475 1372 habeat
2534 1320 2733 1372 saltem
2787 1320 3081 1383 secundas,
3137 1318 3350 1371 scilicet
3390 1319 3705 1382 modestia,

2014 1389 2072 1441 in
2105 1390 2422 1443 revocando
2454 1395 2660 1444 errata.
2695 1408 2722 1439 ν
2786 1390 2849 1442 Et
2895 1388 3218 1444 concludit:
3258 1408 3284 1439 α
3334 1389 3441 1453 Qui
3473 1389 3581 1442 ista
3609 1391 3709 1443 sci-

2013 1460 2127 1513 turi
2157 1464 2287 1513 sunt
2314 1476 2426 1512 ncn
2458 1460 2756 1513 imitentur
2777 1476 2866 1512 me
2911 1467 3220 1525 errantem,
3275 1462 3371 1514 sed
3413 1460 3470 1513 iu
3503 1461 3709 1513 melius

2011 1530 2427 1599 proﬁcientem.
2462 1552 2483 1578 ι
2534 1530 2846 1584 Modestum
2893 1530 3093 1584 fuisset
3150 1530 3422 1600 Burgensi
3452 1536 3709 1585 sanctum

2012 1602 2289 1654 Thomam
2325 1602 2488 1653 beato
2509 1601 2826 1670 Augustino
2856 1616 2969 1654 non
2995 1603 3286 1671 prmferre,
3321 1601 3483 1670 quasi
3515 1602 3708 1654 omnia

204 1689 354 1734 rum,
414 1680 473 1726 et
523 1674 1018 1727 conﬁrmationem
1070 1672 1375 1724 dubiorum
1457 1672 1896 1725 occurrentium.
1942 1681 1985 1738 Β
2016 1672 2166 1726 dicta
2196 1678 2373 1725 sancti
2402 1672 2633 1725 Thoma:
2662 1672 2778 1724 sint
2808 1672 2995 1741 prima
3017 1688 3188 1737 vera;
3235 1687 3365 1724 cum
3407 1672 3587 1725 multa
3617 1673 3704 1725 di-

209 1745 349 1797 Nam
408 1744 612 1797 beatus
670 1742 1024 1813 Augustinus
1082 1742 1213 1813 facit
1260 1742 1339 1813 sic
1370 1758 1427 1813 in
1469 1742 1901 1795 Confessionum

206 1814 263 1867 in
294 1814 611 1885 principio,
643 1821 697 1868 et
726 1812 923 1868 multis
953 1813 1078 1885 aliis
1097 1812 1253 1885 locis,
1286 1812 1382 1866 ubi
1421 1812 1660 1885 assumit
1708 1818 1764 1885 et
1794 1814 1905 1885 lau-

210 1882 307 1939 dat
338 1882 839 1943 dicta'Ciceronis.
887 1888 943 1937 et
992 1883 1266 1951 Platonis,
1315 1887 1370 1937 et
1400 1882 1664 1938 aliorum.
1699 1884 1905 1936 Omnia

209 1955 363 2009 enim
398 1973 531 2026 quae
573 1961 770 2010 contra
808 1954 979 2009 ﬁdem
1018 1970 1136 2008 non
1181 1958 1334 2019 sunt,
1366 1953 1501 2007 licet
1526 1970 1813 2007 assumere
1844 1955 1903 2006 in

210 2027 590 2105 adiutorium.
636 2029 834 2105 Omne.
865 2026 1028 2105 enim
1072 2040 1271 2105 verum
1327 2040 1477 2105 v‘ero.
1506 2030 1781 2105 consonat
1821 2040 1904 2104 .ex

206 2094 395 2167 primo
453 2098 631 2151 Ethic.
696 2099 761 2152 Et
808 2096 1061 2151 fortassis
1103 2096 1308 2167 veritas
1345 2095 1482 2149 ﬁdei
1511 2095 1694 2167 posita
1715 2096 1786 2148 ab
1818 2094 1903 2167 in-

211 2165 368 2222 ﬁdeli
417 2185 485 2222 ea
523 2186 652 2239 quae
701 2174 835 2222 sunt
881 2167 1014 2221 ﬁdei
1060 2166 1379 2239 conﬁrmat,
1427 2172 1489 2239 ut
1514 2166 1721 2239 dicitur
1750 2182 1804 2239 xi
1836 2165 1905 2220 de

212 2239 451 2292 Civitate
496 2236 618 2304 Dei,
672 2255 794 2309 cap.
845 2242 948 2303 2t;
991 2244 1047 2292 et
1088 2237 1239 2309 nde
1288 2236 1557 2309 Doctrina
1575 2236 1907 2309 Christiana

208 2310 407 2363 beatus
438 2306 795 2380 Augustinus
827 2309 896 2363 ad
928 2307 1287 2380 propositum
1317 2306 1484 2361 dicit:
1532 2307 1589 2380 S_i
1619 2323 1739 2380 qua;
1762 2307 1905 2380 forte

209 2380 343 2434 ﬁdei
368 2377 585 2434 nostris
625 2377 993 2435 accommoda
1034 2377 1302 2439 dixerint,
1347 2394 1461 2432 non
1503 2378 1687 2431 solum
1718 2377 1904 2431 formi-

211 2452 398 2504 danda
426 2468 545 2505 non
580 2458 735 2517 sunt,
768 2452 864 2505 sed
886 2451 955 2504 ab
986 2449 1091 2517 eis,
1120 2454 1395 2519 tanquam
1435 2448 1663 2518 injustis
1692 2464 1908 2519 posses-

209 2523 453 2584 soribus,
516 2523 578 2575 in
636 2538 803 2575 usum
861 2526 1116 2574 nostrum
1194 2519 1551 2573 vindicanda.
1601 2521 1666 2573 Et
1720 2519 1905 2589 posito

209 2594 472 2669 exemplo
518 2594 589 2646 de
634 2592 845 2669 {udaais
906 2591 1283 2669 spoliantibus
1314 2590 1624 2669 Egyptias,
1670 2590 1903 2669 subdit:

210 2684 237 2711 α
270 2663 361 2717 Sic
378 2661 598 2717 fecerat
637 2663 953 2734 Cyprianus
988 2661 1621 2734 doctordsuavissimus,
1671 2667 1727 2712 et
1755 2676 1905 2713 mar-

208 2739 296 2803 tyr
336 2731 734 2796 beatissimus;
778 2732 1122 2799 Lactantius,
1179 2731 1514 2803 Victorinus,
1569 2731 1909 2803 Optatuset

212 2801 479 2857 llilarius.
516 2824 543 2854 η
572 2806 799 2858 Frustra
828 2820 963 2873 ergo
1010 2802 1310 2873 Burgensis
1337 2802 1748 2873 Postillatorem
1774 2818 1787 2855 :
1821 2801 1907 2873 iu-

210 2892 274 2927 eo
327 2875 647 2946 redarguit,
704 2891 835 2929 cum
880 2872 936 2928 et
983 2874 1225 2945 ipsemet
1272 2872 1591 2926 Aristotelis
1618 2872 1765 2927 dicta
1804 2872 1907 2926 ali-

209 2947 437 3016 quoties
471 2946 721 2999 adducit.

280 3018 342 3070 ln
382 3017 627 3071 articulo
659 3018 779 3084 ejus
810 3013 1140 3087 quaestionis
1169 3018 1296 3082 post
1316 3028 1506 3087 veram
1545 3013 1906 3087 commenda-

212 3084 915 3165 ﬁo_nem,_Postillatorem
966 3084 1450 3165 ipseuliurgensis
1507 3084 1793 3165 vituperat
1840 3084 1909 3165 in

209 3159 413 3212 tribus.
470 3158 663 3212 Primo
712 3158 849 3212 dicit
894 3156 952 3210 in
989 3154 1228 3211 “Postilla
1272 3154 1740 3208 irrationabiliter
1760 3160 1909 3224 post-

205 3229 343 3297 poni
394 3229 547 3283 dicta
603 3233 955 3293 sanctorum,
984 3232 1042 3281 et
1094 3225 1414 3297 specialiter
1453 3224 1630 3297 sancti
1659 3225 1905 3286 Thomas,

204 3296 369 3366 cujus
418 3300 570 3354 dicta
619 3300 759 3353 dicit
805 3298 937 3368 igne
961 3296 1625 3368 charitatismejxaminata
1654 3301 1709 3348 et
1737 3302 1904 3349 natu-

210 3370 346 3423 ralis
407 3372 648 3425 rationis
704 3366 1009 3423 dictamine
1057 3366 1449 3437 multipliciter
1501 3372 1764 3436 purgata.
1821 3368 1903 3420 Ad

206 3442 312 3495 hoc
352 3442 482 3495 dico
526 3442 677 3513 quod
735 3440 1035 3513 Burgensis
1080 3439 1140 3492 in
1168 3437 1520 3513 Postillatore
1565 3452 1717 3506 aegre
1753 3437 1906 3513 ferre

206 3529 323 3565 non
356 3507 579 3577 debuit,
610 3512 766 3582 quod
799 3507 1083 3580 ipsement
1111 3525 1263 3582 saepe
1277 3509 1465 3582 facere
1503 3507 1816 3582 consuevit;
1846 3507 1905 3561 in

202 3582 497 3653 plerisque
530 3577 686 3637 enim
719 3577 856 3636 locis
885 3581 969 3651 (ut
1017 3579 1235 3652 patebit
1271 3579 1331 3633 in
1361 3577 1651 3649 processu)
1688 3582 1743 3631 et
1774 3578 1905 3632 bea-

2014 1748 2101 1796 cta
2133 1743 2283 1797 beati
2315 1742 2619 1813 Augustini
2640 1742 2754 1795 sint
2778 1742 2958 1813 rhodie
3001 1742 3315 1812 opinabilia
3344 1758 3355 1795 :
3406 1741 3505 1812 qui
3534 1742 3706 1795 etiam

2014 1813 2191 1867 libros
2220 1830 2352 1866 suos
2385 1812 2559 1882 super
2588 1812 2828 1867 Genesiu
2866 1812 2934 1865 ad
2970 1812 3217 1866 litteram
3269 1818 3493 1882 reputat
3526 1812 3710 1881 magis

2016 1899 2136 1937 esse
2180 1884 2544 1954 inquisitivos
2597 1900 2768 1954 quam
2821 1883 3189 1937 difiinitivos:
3242 1888 3296 1936 et
3327 1883 3590 1954 quaedam
3617 1882 3707 1937 di-

2015 1957 2103 2008 cta
2134 1953 2277 2024 ejus’
2325 1954 2497 2008 etiam
2563 1953 2675 2007 non
2730 1959 3051 2019 retractata,
3111 1971 3144 2006 a
3192 1954 3468 2008 moderna
3520 1953 3710 2008 schola

2013 2024 2398 2079 communiter
2452 2042 2562 2079 non
2612 2025 2988 2094 recipiuntur,
3037 2029 3098 2078 ut
3127 2025 3195 2078 de
3240 2024 3457 2078 ratione
3493 2024 3706 2078 intelli-

2013 2095 2185 2175 gendi
2233 2112 2409 2175 opera
2450 2096 2816 2175 sex‘dierum,
2852 2100 2970 2175 etc.
3017 2097 3139 2149 Non
3172 2095 3349 2165 igitur
3378 2112 3527 2165 aegre
3559 2094 3708 2148 ferat

2016 2166 2320 2245 Burgensis
2366 2166 2413 2220 si
2459 2166 2608 2221 dicta
2655 2167 2806 2221 beati
2851 2167 3085 2221 Thomas
3133 2182 3247 2219 non
3294 2181 3706 2237 usquequaque

2014 2238 2379 2291 recipiantur.

2086 2254 2379 2363 3533233.
2406 2311 2599 2362 autem
2694 2306 2999 2377 Burgensis
3067 2311 3223 2361 notat
3290 2306 3705 2377 Postillatorem

2016 2378 2179 2450 quasi
2210 2395 2327 2433 non
2358 2378 2530 2450 fuerit
2562 2376 2852 2450 perfectus
2869 2377 2961 2450 ini
2985 2376 3256 2450 idiomate
3292 2376 3704 2450 _Hebraico,eo

2015 2448 2165 2520 quod
2202 2466 2232 2503 a
2262 2448 2508 2519 pueritia
2540 2465 2653 2502 non
2685 2448 2901 2503 didicit.
2933 2449 3038 2503 Sed
3070 2448 3167 2502 illa
3199 2448 3343 2520 ratio
3397 2464 3513 2501 non
3540 2448 3705 2511 valet,

2016 2518 2151 2591 quia
2186 2518 2297 2573 stat
2326 2536 2519 2573 senem
2556 2520 2847 2574 addiscere
2893 2519 3105 2573 idioma
3162 2518 3555 2591 quodcunque,
3578 2534 3706 2588 per-

2016 2589 2178 2645 fecte.
2235 2592 2345 2644 Nec
2378 2591 2681 2661 Burgensis
2727 2591 2924 2645 debuit
2965 2606 3032 2643 ex
3064 2607 3130 2643 eo
3162 2595 3360 2643 notare
3384 2589 3708 2661 Postillato-

2016 2677 2160 2725 rem,
2193 2661 2289 2715 sed
2322 2661 2374 2714 ei
2404 2659 2617 2731 gratias
2639 2677 2826 2730 agere.
2869 2661 3004 2730 quia
3052 2661 3121 2713 ad
3172 2659 3573 2714 exultationem
3616 2675 3706 2712 ca-

2018 2733 2243 2786 tholicae
2276 2732 2407 2785 lidei
2440 2737 2495 2785 et
2525 2748 2699 2785 sacrm
2742 2732 3049 2801 Scriptura:
3096 2731 3455 2785 dilectionem
3486 2735 3708 2801 tantum

2018 2802 2302 2872 impendit
2342 2801 2612 2866 studium,
2667 2806 2731 2855 ut
2778 2799 3390 2872 intellectumilingue
3422 2799 3707 2872 Hebraicas

2020 2870 2191 2927 etiam
2228 2874 2473 2943 adultus,
2505 2873 2734 2943 assequi
2766 2876 3102 2926 mereretur.
3130 2871 3364 2943 Quodsi
3397 2870 3707 2943 reprehen-

1949 2965 1989 3019 ρ
2027 2944 2187 3019 sibile
2220 2949 2325 3019 est,
2356 2942 2509 3019 venit
2538 2941 2736 2997 beatus
2768 2944 3146 3013 Hieronymus
3183 2941 3445 2995 similiter
3481 2942 3708 3011 culpan-

2024 3015 2149 3077 dus,
2180 3014 2328 3084 quod
2356 3013 2519 3078 absit.

2089 3082 2277 3139 Tertio
2306 3082 2611 3153 Burgensis
2654 3084 2845 3154 culpat
2887 3083 3347 3154 Postillatorem,
3378 3082 3511 3153 quia
3531 3098 3704 3154 secu-

2020 3160 2107 3209 tus
2132 3161 2215 3209 est
2246 3152 2813 3209 Rabbi’Salomone'm
2838 3155 3026 3225 potius
3058 3170 3232 3225 quam
3281 3152 3419 3206 alios
3452 3153 3709 3207 Hebraaos

2018 3244 2086 3280 eo
2118 3226 2387 3296 potiores.
2412 3226 2751 3294 Respondeo
2787 3226 2950 3296 quod,
2986 3224 3308 3279 Postillator
3357 3240 3471 3296 non
3512 3224 3710 3296 sequi—

2017 3294 2245 3350 tur‘nec
2295 3296 2455 3350 illum
2498 3313 2600 3350 nec
2650 3294 2821 3363 alios,
2847 3295 2959 3350 nisi
2988 3303 3269 3365 quantum
3304 3294 3446 3349 ratio
3479 3299 3536 3347 et
3567 3294 3707 3348 ﬁdes

2018 3367 2366 3439 admittunt;
2420 3367 2537 3420 imo
2582 3366 2642 3421 hi
2690 3383 2833 3439 quos
2895 3364 3198 3439 Burgensis
3242 3366 3476 3439 praefert
3530 3364 3710 3420 Rabbi

2018 3437 2308 3492 Salomoni
2359 3453 2475 3491 non
2520 3436 2887 3508 reperiuntur
2943 3438 3075 3492 ﬁdei
3117 3436 3259 3507 plus
3292 3436 3495 3491 favisse
3530 3440 3583 3508 et
3611 3451 3703 3508 ra:

2016 3508 2178 3570 tioni.
2210 3525 2309 3562 nec
2338 3505 2688 3578 Scripturam
2718 3509 2926 3563 clarius
2956 3505 3278 3579 exposuisse
3304 3522 3479 3578 quam
3526 3505 3707 3560 Rabbi

2016 3579 2278 3632 Salomon
2311 3585 2372 3631 ut
2393 3580 2609 3649 patebit
2631 3580 2690 3633 in
2722 3580 2859 3634 locis
2890 3578 3027 3634 suis.

1187 3763 1694 3833 HIERONYMI
1754 3763 2218 3835 PROLOGUS
2270 3764 2739 3835 GALEATUS

1341 3908 1538 3993 (Vide
1569 3910 1738 3975 inter
1770 3913 1989 3999 Opera
2017 3914 2093 3977 B.
2131 3911 2579 4000 Hieronymi.)

1430 4106 1767 4193 BEATI
1826 4105 2485 4193 HIERONYMI

1242 4256 1578 4311 EPISTOLA
1613 4256 1708 4310 AD
1749 4255 2107 4311 PAULINUM
2151 4255 2676 4323 PRESBYTERUM,

1300 4372 1391 4437 De
1433 4373 1751 4436 omnibus
1783 4373 2027 4436 divina:
2056 4373 2359 4438 historiae
2389 4374 2603 4437 libris.

1184 4501 1393 4585 (Vide
1449 4502 1620 4569 inter
1677 4502 1985 4592 epistolas
2040 4505 2230 4570 Beati
2278 4505 2735 4594 Hieronymi.)

1391 4708 1799 4795 SANCTI
1859 4708 2520 4795 HIERONYMI

1295 4857 1664 4914 PROLOGUS
1695 4855 1763 4910 IN
1806 4855 2367 4913 PENTATEUCHUM
2412 4856 2616 4912 MOYSI

1691 4984 1768 5027 AD
1819 4984 2214 5029 DESIDERIUM.

1263 5092 1285 5169 (
1332 5086 1496 5154 Vide
1551 5086 1721 5150 inter
1781 5089 2000 5175 Opera
2052 5089 2125 5151 Β.
2185 5087 2662 5177 Hieronymi.)

1140 5291 1745 5363 PROTHEMATA
1801 5290 2161 5362 GLOSS/E
2213 5291 2765 5362 ORDINARIAE.

273 5520 428 5587 (AUG.
467 5516 535 5571 de
576 5514 838 5587 Gemod
890 5516 1016 5587 litt,
1070 5515 1350 5587 tom._lll,
1396 5512 1495 5567 lib.
1548 5529 1583 5567 ι.
1636 5528 1684 5581 c,
1724 5516 1816 5580 2i,
1848 5515 1900 5587 ι)

205 5584 342 5643 Cum
394 5603 601 5643 omnes
639 5586 864 5641 divinos
908 5586 1081 5641 libros
1128 5585 1397 5655 legimus,
1444 5589 1586 5651 etc.,
1637 5599 1807 5652 usque
1827 5584 1900 5638 ad

206 5675 522 5729 congruam
552 5675 673 5713 non
703 5657 909 5712 inutile
945 5661 1029 5711 est
1049 5654 1262 5711 eruisse
1288 5654 1647 5709 sententiam.

2083 5514 2283 5582 (Ibid.,
2337 5528 2418 5585 (ι.Δ
2451 5514 2556 5585 18)
2618 5514 2677 5568 lu
2732 5513 2900 5569 rebus
2954 5513 3210 5569 obscuris
3238 5518 3414 5585 atque
3441 5530 3472 5585 _a
3498 5511 3709 5566 nostris

2007 5585 2184 5639 oculis
2213 5582 2634 5646 remotissimis.
2671 5590 2800 5652 etc.,
2834 5601 3004 5654 usque
3031 5585 3108 5639 ad
3156 5601 3283 5638 cum
3318 5582 3525 5654 potius
3555 5598 3706 5651 eam,

2009 5671 2138 5727 quae
2167 5655 2591 5726 Scripturarum
2622 5662 2726 5719 est,
2756 5653 3011 5710 nostram
3038 5671 3159 5710 esse
3190 5653 3348 5708 velle
3368 5653 3699 5709 debeamus.

272 5784 635 5837 2Ren'ocatur
690 5780 866 5835 lector
912 5778 981 5833 ad
1032 5783 1215 5833 tomos
1260 5777 1599 5848 Patrologiae
1667 5782 1890 5832 nostra»
1932 5779 2073 5831 Emr.
