4050 6188
320 322 385 374 63
923 285 930 291 .
1125 385 1128 389 ‘
1212 318 1670 374 WALAFRIDUS
1708 317 2020 373 STRABUS
2059 315 2436 374 FULDENSIS
2477 315 2866 372 MONACHUS.
3739 315 3807 369 64

384 437 708 493 Notandum
741 436 874 508 quia
905 437 1028 510 hinc
1063 436 1354 508 Scriptura
1398 437 1477 492 ita
1524 436 1842 508 allegoricis
1874 454 1998 510 ver-
2037 438 2087 494 A
2117 437 2502 509 operatorium
2534 437 2762 506 dicitur,
2807 436 3208 510 mundumque
3265 453 3491 510 semper
3536 440 3710 494 fuisse
3750 445 3810 495 et

313 509 403 564 bis
432 510 664 575 texitur,
698 515 763 563 ut
793 509 1166 579 allegoricum
1210 525 1440 562 sensum
1485 509 1794 570 contineat,
1839 513 1896 563 et
1920 509 2003 562 hi-

315 581 578 651 storicﬁm
612 581 783 636 ﬁdem
816 596 1008 634 rerum
1033 585 1318 651 gestarum
1353 595 1470 633 non
1503 580 1742 633 amittat.
1784 579 2004 634 Dicitur

313 650 506 705 autem
555 651 784 706 Genesis
836 668 868 704 a
925 667 1025 703 suo
1075 650 1376 721 principio,
1420 651 1742 721 secundum
1784 666 2002 704 morem

317 723 704 788 Hebraeorum,
734 721 832 791 qui
864 737 928 774 ex
954 720 1529 792 principiis’maxime
1579 721 1814 774 nomina
1842 721 2002 792 libris

314 793 645 862 imponunt,
677 794 819 846 sicut
849 791 1153 846 Matthaeus
1191 792 1573 859 evangelicam
1624 808 1785 844 suam
1819 791 2002 844 histo-

317 864 482 931 riam,
514 864 721 917 librum
755 862 1142 933 generationis
1173 863 1444 933 appellat,
1475 877 1602 914 cum
1648 864 1824 915 multa
1857 868 2005 915 utra-

314 951 425 1004 que
468 931 780 1004 Scriptura‘
817 933 874 986 in
929 931 1296 1004 sequentibus
1353 933 1659 999 contineat,
1703 933 1763 1004 in
1793 933 2002 1002 quibus

315 1002 469 1059 nulla
494 1002 880 1074 generationis
914 1003 1127 1074 mentio
1160 1003 1276 1074 fiat.
1305 1004 1615 1056 lutroducit
1635 1002 1850 1074 quippe
1883 1004 2002 1057 bene

317 1073 553 1130 historia
599 1074 848 1144 primum
910 1073 1204 1145 hominem
1255 1073 1431 1127 futuri
1475 1075 1740 1140 formam,
1777 1079 2002 1145 utpote

316 1147 386 1200 de
416 1150 566 1199 terra
595 1143 812 1214 virgine
841 1143 1158 1208 conditum,
1207 1159 1307 1213 per
1337 1160 1508 1214 quem
1552 1143 2002 1214 generandi'ter-

317 1217 440 1269 reni
469 1223 631 1268 erant
659 1216 713 1268 in
747 1216 919 1267 vitam
965 1215 1391 1268 transitoriam:
1444 1215 1588 1268 sicut
1635 1215 2002 1282 Evangelinm

316 1286 631 1340 secundum
666 1301 877 1338 novum
911 1285 1200 1338 hominem
1237 1284 1456 1339 inducit
1481 1286 1551 1339 de
1575 1292 1751 1339 matre
1783 1285 2004 1356 virgine

316 1357 596 1426 genitum,
631 1357 729 1424 qui
764 1357 908 1408 filios
959 1361 1258 1423 generaret
1305 1356 1362 1408 in
1396 1358 1570 1410 vitam
1603 1363 1892 1410 aeternam.
1933 1357 1995 1410 In

315 1428 418 1481 hac
450 1443 582 1497 ergo
614 1427 903 1495 Scriptura
935 1426 1134 1495 ﬁgurae
1165 1430 1298 1479 sunt
1341 1427 1700 1481 futurorum:
1735 1427 1792 1481 in
1831 1429 2005 1480 Evan-

315 1497 466 1568 gelio
524 1514 655 1550 vero
717 1497 1100 1550 manifestatio
1167 1497 1604 1568 completurum.
1682 1498 1847 1551 Liber
1897 1497 2002 1551 iste

315 1567 473 1623 more
525 1569 891 1621 Hebraeorum
950 1585 980 1620 a
1040 1567 1319 1638 principio
1377 1568 1606 1622 Genesis
1654 1570 1999 1638 appellatur,

313 1640 450 1709 quia
478 1638 538 1692 in
571 1656 638 1692 eo
669 1639 737 1692 de
768 1638 892 1692 cceli
924 1644 978 1691 et
1006 1645 1169 1709 terra:
1216 1639 1584 1707 generatione
1628 1641 1833 1708 agitur,
1875 1639 2006 1693 licet

2111 508 2368 564 futurum
2409 526 2552 563 esse.
2597 509 2689 562 His
2737 513 2794 562 et
2848 508 3182 579 hujusmodi
3232 508 3523 564 erroribus
3565 511 3804 565 obvians

2112 581 2348 652 Moyses,
2406 579 2466 633 in
2515 596 2630 632 uno
2682 579 2905 652 spiritu,
2955 579 3012 652 in
3054 595 3166 632 uno
3195 579 3478 651 principio
3510 584 3806 652 temporis,

2110 649 2392 705 mundum
2428 667 2460 704 a
2491 656 2745 703 creatore
2779 651 2890 703 Deo
2948 649 3157 704 factum
3213 649 3426 716 narrat,
3457 656 3616 706 tanta
3634 649 3805 706 ‘velo-

2109 722 2295 784 citate,
2331 727 2393 774 ut
2419 721 2619 775 effectu
2662 736 2889 774 sensum
2927 719 3202 790 temporis
3231 722 3614 790 praeveniret;
3659 724 3810 778 vide-

2110 793 2240 847 licet
2286 794 2464 846 Deum
2507 807 2856 858 cognoscens
2905 791 3134 844 initium
3188 792 3604 858 universorum,
3637 799 3810 848 aster-

2112 879 2251 917 num
2299 863 2618 932 intelligere
2677 863 2833 916 dedit
2886 865 2941 915 et
2995 862 3472 932 omnipotentem,
3529 881 3595 917 ex
3655 870 3810 919 tanta

2109 935 2396 988 celeritate
2427 933 2632 1004 operis.
2667 937 2732 987 ut
2759 933 3000 1004 necdum
3024 933 3274 1003 primum
3304 935 3584 987 nascentis
3608 936 3810 990 mundi

2110 1003 2479 1058 momentum
2522 1009 2874 1057 transactum
2932 1003 3172 1070 dicatur,
3252 1005 3484 1073 quando
3558 1008 3810 1059 mundus

2109 1081 2332 1128 creatus
2385 1074 2612 1139 dicitur,
2670 1074 2757 1128 his
2816 1074 3037 1128 verbis:
3087 1093 3114 1123 «
3177 1075 3237 1128 In
3278 1075 3561 1146 principio
3598 1077 3810 1130 creavit

2112 1148 2260 1200 Deus
2292 1146 2497 1198 coelum
2530 1149 2585 1198 et
2605 1150 2836 1198 terram.
2873 1165 2900 1193 ))

2180 1217 2491 1285 (ΞΤΗΑΒυε.)
2530 1237 2558 1264 ‹‹
2613 1217 2676 1268 In
2725 1214 3030 1285 principio,
3096 1235 3122 1263 »
3181 1221 3284 1268 etc.
3342 1216 3556 1286 Moyses
3605 1216 3807 1270 inuno

2107 1287 2393 1357 principio
2441 1286 2714 1357 temporis
2763 1302 2795 1339 a
2844 1287 2956 1357 Deo
2999 1290 3249 1339 creatore
3291 1286 3568 1340 mundum
3595 1287 3808 1341 factum

2107 1356 2312 1426 refert,
2336 1362 2397 1411 ut
2415 1356 2646 1411 sensum
2677 1356 2950 1425 temporis
2979 1357 3323 1426 praeveniret
3371 1357 3572 1410 effectu
3607 1359 3810 1411 volun-

2109 1430 2257 1489 tatis.
2314 1434 2379 1482 ut
2436 1429 2613 1482 Deum
2661 1428 2903 1480 sciamus
2943 1443 3034 1498 ese
3087 1433 3218 1480 ante
3247 1427 3518 1498 temporis
3552 1427 3804 1494 initium,

2109 1505 2164 1553 et
2193 1500 2381 1570 ipsum
2411 1515 2532 1570 esse
2563 1498 2792 1570 initium
2823 1497 3102 1570 omnium.
3130 1499 3288 1551 Plato
3323 1497 3476 1551 enim
3506 1500 3616 1552 tria
3640 1499 3809 1552 initia

2110 1571 2194 1624 vel
2223 1569 2521 1640 principia
2568 1569 2948 1631 existimabat,
3003 1569 3204 1629 Deum,
3236 1570 3562 1640 exemplar,
3595 1575 3651 1622 et
3689 1587 3808 1623 ma-

2109 1638 2332 1708 teriam,
2389 1638 2445 1694 et
2497 1640 2618 1710 ipsa
2675 1641 2926 1693 increata
2981 1640 3103 1693 sine
3160 1638 3462 1708 principio,
3515 1646 3570 1693 et
3621 1641 3806 1694 Deum

317 1707 456 1782 alia”
492 1709 672 1763 multa
723 1713 1073 1782 sequantur;
1127 1707 1282 1782 sicut
1323 1707 1697 1782 Evangelium
1727 1709 1998 1782 Matthaei,
2035 1727 2074 1781 Β
2114 1712 2276 1782 quasi
2318 1707 2631 1775 artiﬁcism,
2687 1726 2806 1782 non
2859 1707 3194 1782 creatorem.
3255 1710 3603 1782 Aristoteles,
3665 1711 3806 1782 duo,

320 1803 339 1826 α
378 1779 544 1834 Liber
591 1779 974 1848 generationis
1038 1781 1168 1833 Jesu
1229 1779 1512 1834 ChristiJ
1573 1781 1798 1834 Inducit
1845 1781 1998 1834 enim

313 1851 527 1921 Moyses
582 1850 833 1919 primum
884 1849 1175 1904 hominem
1228 1851 1469 1904 formam
1515 1851 1695 1906 futuri
1741 1851 1810 1905 de
1857 1858 2004 1906 terra

314 1921 536 1989 virgine
591 1921 896 1985 conditam,
957 1921 1052 1990 qui
1108 1927 1412 1990 generaret
1455 1926 1710 1976 terrenos
1747 1922 1804 1976 in
1829 1922 2002 1976 vitam

314 1990 720 2056 transitoriam,
756 1991 832 2044 sic
859 1997 915 2044 et
942 1992 1308 2061 Evangelium
1342 1993 1656 2047 secundum
1683 1992 1999 2059 hominem,

316 2061 528 2116 scilicet
560 2061 847 2116 Christum
869 2062 936 2115 de
980 2067 1157 2115 matre
1188 2063 1406 2132 virgine
1447 2064 1728 2131 genitum,
1776 2064 1875 2130 qui
1906 2079 2003 2132 ge-

314 2138 543 2187 neraret
571 2133 913 2204 ccelestesgin
943 2133 1116 2186 vitam
1163 2139 1455 2187 mternam.
1499 2135 1595 2188 Hic
1623 2149 1757 2204 ergo
1797 2135 2004 2204 figura,

315 2204 375 2258 in
409 2204 710 2271 Evangelia
738 2202 961 2257 veritas.

385 2275 664 2338 (HIERON.,
738 2275 830 2327 lib.
912 2274 1069 2328 Hebr.
1141 2274 1336 2340 Quaest.
1397 2277 1454 2328 in
1523 2278 1685 2338 Gem,
1727 2281 1866 2329 tom.
1902 2275 2002 2341 Ill,

316 2345 423 2399 col.
459 2345 603 2412 937.)
641 2365 665 2395 α
691 2345 754 2399 In
782 2343 1062 2415 principio
1109 2345 1319 2399 creavit
1367 2347 1514 2400 Deus
1559 2349 1766 2399 caelum
1807 2351 1862 2400 et
1884 2351 2003 2399 ter-

318 2432 467 2470 ram.
509 2437 528 2463 ι
564 2417 823 2485 Plerique
843 2419 1164 2479 autumant,
1207 2421 1338 2480 etc.,
1383 2431 1551 2485 usque
1585 2417 1660 2470 ad
1707 2416 1806 2486 qui
1851 2417 2008 2470 volu-

319 2486 570 2540 minibus
601 2502 668 2540 ex
699 2486 977 2540 librorum
1008 2486 1306 2556 principiis
1327 2489 1563 2540 nomina
1605 2487 1930 2555 imponunt.

390 2557 644 2628 Quatuor
670 2561 803 2610 sunt
831 2557 1046 2626 regulae
1079 2573 1278 2628 sacrm,
1308 2557 1636 2628 Scriptura,
1687 2558 1744 2612 id
1775 2562 1877 2622 est,
1914 2557 2004 2610 hi-

320 2627 514 2695 storia,
569 2643 697 2698 quae
754 2643 844 2698 res
901 2634 1090 2698 gestas
1129 2627 1759 2698 loquitur;’allegoria,
1806 2628 1863 2682 in
1895 2645 2006 2698 qua

321 2699 472 2752 aliud
507 2714 568 2751 ex
590 2697 716 2752 alio
762 2697 1142 2768 intelligitur;
1189 2699 1532 2768 tropologia,
1569 2697 1627 2754 id
1658 2704 1744 2753 est
1772 2697 2007 2752 moralis

320 2769 551 2829 locutio,
598 2768 657 2822 iu
705 2784 819 2840 qua
873 2769 942 2824 de
994 2769 1275 2840 moribus
1313 2769 1643 2824 ordinandis
1695 2774 2002 2837 tractatur;

319 2855 597 2910 anagoge,
644 2840 699 2894 id
757 2843 862 2904 est,
919 2839 1229 2911 spiritualis
1253 2839 1604 2909 intellectus,
1653 2856 1781 2911 per
1835 2856 2005 2911 quem

322 2911 390 2965 de
439 2911 689 2981 summis
746 2914 804 2964 et
849 2910 1188 2981 coelestibus
1229 2911 1546 2981 tractaturi,
1599 2910 1667 2965 ad
1713 2910 2008 2981 superiora

320 2980 600 3052 ducimur.
635 2981 727 3034 llis
759 2986 1002 3051 quatuor
1036 2980 1195 3052 quasi
1228 2980 1566 3051 quibusdam
1609 2981 1747 3036 rotis
1775 2980 1893 3035 tota
1923 2981 2006 3035 di-

321 3051 452 3105 vina
508 3052 799 3120 Scriptura
846 3052 1124 3118 volvitur;
1173 3052 1330 3107 verbi
1386 3053 1589 3122 gratia,
1657 3053 2009 3106 Hierusalem

322 3122 633 3193 secundum
685 3122 983 3175 historiam
1020 3126 1104 3174 est
1153 3122 1384 3190 civitas,
1438 3123 1748 3177 secundum
1796 3124 2008 3193 allego-

322 3192 464 3264 riam
527 3192 830 3264 Ecclesiam
884 3193 1190 3264 signiticet,
1240 3195 1555 3264 secundum
1603 3192 2008 3264 tropologiam,

323 3263 381 3334 id
415 3267 517 3326 est,
551 3263 955 3329 moralitatem,
999 3263 1251 3316 animam
1299 3263 1605 3333 cujuslibet
1641 3263 1848 3334 ﬁdelis,
1880 3280 2010 3334 quae

323 3333 638 3405 adipacem
684 3338 956 3405 aeternam
1000 3335 1278 3405 anhelat;
1320 3330 1632 3389 secundum
1684 3330 2006 3405 anagogen,

322 3403 638 3458 caelestium
667 3404 927 3458 omnium
959 3403 1155 3472 vitam,
1187 3404 1285 3476 qui
1330 3406 1580 3460 revelata
1635 3405 1775 3459 facie
1805 3403 2012 3459 “vident

323 3476 522 3529 Deum.

395 3545 597 3600 Divina
641 3544 932 3616 Scriptura
989 3544 1295 3616 aliquando
1333 3550 1549 3600 aeterna
1596 3545 1918 3612 intimatur,
1952 3549 2013 3599 ut

321 3621 442 3670 est:
504 3635 531 3666 ί(
590 3616 653 3669 In
696 3615 980 3686 principio
1041 3615 1165 3670 erat
1202 3617 1449 3671 Verbum
1477 3618 1655 3684 (Joan.
1703 3619 1768 3684 ι).
1828 3636 1854 3667 »
1891 3618 2011 3669 Ali-

321 3687 550 3757 quando
604 3686 750 3740 facta
807 3691 1134 3755 narrantur,
1195 3692 1258 3742 ut
1296 3703 1310 3741 :
1363 3710 1382 3735 α
1419 3689 1558 3742 Cum
1601 3687 1816 3741 venerit
1860 3687 2012 3740 ﬁlius

323 3756 572 3812 hominis
633 3757 694 3810 in
746 3757 1038 3828 majestate
1085 3774 1208 3822 sua,
1263 3777 1291 3809 η
1349 3763 1454 3812 etc.
1514 3758 1837 3828 Aliquando
1883 3773 2012 3828 quae

323 3827 547 3909 agenda
569 3833 700 3909 sunt
721 3827 1164 3909 praticipiuntur,
1223 3833 1288 3909 ut
1317 3844 1396 3909 ζέε
1425 3827 1643 3909 Diliges
1657 3827 2012 3909 ‘proximum

327 3903 512 3967 tuum,
544 3898 688 3952 sicut
716 3899 984 3966 teipsum.
1023 3921 1044 3948 ι
1102 3901 1170 3954 Et
1212 3905 1298 3953 est
1343 3898 1612 3969 bipertita
1640 3898 1832 3954 divina
1859 3899 2012 3954 Scri-

324 3973 486 4040 ptura
513 3985 526 4022 :
558 3969 693 4040 quia
723 3969 834 4023 alia
855 3974 988 4041 sunt
1017 3985 1145 4040 qua:
1177 3971 1488 4024 secundum
1538 3971 1776 4041 ﬁguram
1811 3970 2010 4023 dicun-

327 4045 440 4105 tur,
475 4043 538 4094 ut
563 4047 648 4094 est
673 4057 686 4094 :
723 4060 750 4090 α
776 4040 1006 4095 Audivit
1033 4041 1212 4096 Adam
1233 4057 1428 4095 vocem
1474 4040 1699 4095 Domini
1737 4041 2012 4094 deambu-

325 4110 496 4182 lantis
524 4110 586 4164 in
613 4112 875 4182 paradiso
901 4128 913 4178 ;
945 4131 972 4163 ι)
1007 4111 1118 4165 alia
1147 4113 1462 4166 secundum
1504 4127 1694 4166 rerum
1726 4115 2015 4181 gestarum

324 4181 520 4247 ﬁdem,
570 4187 636 4253 ut
674 4188 762 4236 est
809 4183 963 4253 quod
1008 4183 1255 4253 populus
1303 4183 1497 4237 exiens
1543 4184 1612 4237 de
1639 4185 1884 4252 Aigypto
1913 4197 2016 4252 per

329 4267 482 4305 mare
514 4252 752 4323 pedibus
783 4252 1133 4319 ambulavit;
1161 4254 1272 4307 alia
1299 4259 1434 4307 sunt
1477 4269 1605 4323 qum
1653 4260 1898 4323 utroque
1923 4253 2011 4306 di-

328 4302 579 4375 ἔίέἐύἱιὶ
595 4302 909 4388 Bibe—0:111"
919 4302 1012 4376 agi
1027 4302 1774 4391 iiaaa'ias'aaramusa;
1791 4302 2013 4377 “erat
2053 4302 2096 4356 Β

329 4393 519 4463 racula
548 4408 677 4463 qua:
709 4393 983 4463 Dominus
1013 4392 1073 4446 in
1105 4393 1410 4461 Evangelio
1435 4394 1583 4447 fecit.

398 4462 601 4517 Tribus
644 4463 831 4535 modis
879 4462 1158 4532 signiﬁcat
1209 4464 1328 4517 haec
1372 4464 1664 4534 Scriptura
1693 4464 2014 4535 generatio-

330 4549 460 4587 nem
509 4533 702 4588 smculi
760 4549 880 4587 esse
930 4535 1156 4588 factam.
1207 4537 1321 4588 Aut
1363 4533 1517 4589 enim
1565 4536 1684 4588 sola
1705 4533 2014 4588 voluntate

331 4603 548 4675 aliquid
575 4604 813 4676 dicitur
877 4603 1112 4667 factum,
1161 4609 1271 4676 ut:
1337 4624 1362 4657 ‹‹
1397 4604 1778 4676 Ιηβνὶηεὶρίο
1808 4606 2016 4659 creavit

334 4677 480 4729 Deus
509 4675 716 4730 coelum
741 4679 798 4728 et
826 4679 1056 4729 terram.
1094 4694 1120 4726 ››
1153 4675 1266 4730 Ant
1293 4675 1587 4730 voluntate
1609 4675 1777 4730 simul
1812 4681 1867 4729 et
1883 4691 2015 4729 voce

331 4745 693 4816 praeceptiva,
734 4749 798 4799 ut
829 4762 842 4800 :
875 4765 903 4796 α
939 4746 1058 4800 Fiat
1105 4747 1216 4800 lux.
1252 4765 1278 4798 ι
1329 4746 1454 4800 Sive
1485 4746 1875 4812 deliberativa,
1913 4752 2012 4801 ut:

333 4815 358 4866 ὲ(
395 4815 685 4870 Faciamus
715 4816 1011 4870 hominem
1038 4817 1103 4870 ad
1138 4815 1448 4888 imaginem
1480 4823 1536 4871 et
1582 4817 2016 4872 similitudinem

332 4905 358 4935 «
391 4893 666 4941 nostram.
705 4907 726 4935 ι
764 4891 875 4941 Aut
905 4888 1217 4952 voluntate,
1251 4904 1383 4941 voce
1427 4893 1485 4941 et
1530 4887 1883 4955 deﬁnitione,
1910 4894 2012 4942 ut:

332 4975 358 5006 ‹‹
401 4958 727 5028 Crescite,et
751 4957 1209 5026 multiplicamini
1242 4963 1298 5012 et
1325 4960 1540 5028 replete
1570 4964 1820 5027 terram;
1855 4979 1882 5009 η
1921 4963 2014 5013 et:

331 5047 357 5074 κ
392 5027 684 5081 Germinet
712 5032 866 5082 terra
888 5029 1124 5083 herbam
1163 5027 1463 5094 virentem,
1516 5033 1573 5082 et
1610 5029 1911 5084 facientem
1943 5047 2020 5082 se-

334 5116 362 5148 ι(
383 5113 537 5165 men,
563 5119 591 5147 »
637 5102 741 5171 etc.
788 5101 855 5152 Et
897 5115 984 5171 ea,
1042 5116 1171 5171 quas
1209 5101 1328 5171 sola
1349 5100 1659 5165 voluntate,
1687 5105 1744 5154 et
1769 5116 1904 5171 voce
1929 5101 2015 5154 di-

330 5173 558 5240 cuntur,
597 5169 845 5222 novitate
889 5170 1035 5223 facta
1059 5169 1224 5224 'sunt.
1283 5170 1420 5235 Qum
1443 5186 1572 5224 vero
1606 5187 1708 5240 per
1737 5170 2018 5225 deﬁnitio-

333 5253 485 5312 nem,
535 5239 658 5293 haec
700 5244 834 5292 sunt
883 5240 1090 5294 similia
1121 5241 1233 5294 illis
1277 5257 1404 5312 quae
1438 5239 1660 5294 noviter
1691 5241 1834 5294 facta
1863 5248 2012 5304 sunt,

329 5314 388 5363 et
416 5310 537 5363 haec
562 5313 696 5382 sunt
714 5325 840 5379 qum
868 5315 997 5379 post
1023 5310 1328 5382 septimum
1371 5312 1524 5366 diem
1553 5327 1730 5382 usque
1754 5311 1814 5365 in
1843 5313 2018 5366 ﬁnem

331 5386 598 5452 operatur
620 5381 786 5452 Deus,
824 5386 880 5434 et
909 5396 976 5452 ex
1017 5381 1115 5452 illa
1153 5382 1486 5436 definitione
1544 5383 1908 5452 proveniunt.

404 5451 646 5516 Quidam
694 5450 837 5523 tria
868 5450 1148 5521 principia
1212 5450 1776 5523 posuerunt'Deum,
1825 5469 2018 5507 exem-

336 5522 478 5592 plar,
537 5527 594 5575 et
640 5521 961 5586 materiam,
1015 5521 1229 5592 eaque‘
1256 5522 1527 5591 increata,
1561 5528 1617 5577 et
1646 5521 1769 5578 sine
1811 5524 2015 5578 initio:

338 5593 630 5663 Deumque
683 5609 801 5646 non
855 5598 1131 5662 tanquam
1213 5599 1529 5648 creatorem
1579 5594 1855 5660 materiae,
1923 5595 2016 5649 sed

335 5663 503 5736 quasi
528 5663 824 5736 artiﬁcem,
857 5664 925 5718 ad
956 5665 1246 5736 exemplar
1287 5665 1356 5719 de
1380 5665 1734 5736 prmjacenti
1784 5665 2022 5719 materia

336 5735 612 5806 mundum
670 5734 884 5790 fecisse.
948 5735 1062 5806 Alii
1123 5734 1238 5790 duo
1304 5734 1586 5805 principia
1652 5741 2017 5806 putaverunt,

339 5805 655 5872 materiam,
704 5811 761 5861 et
811 5805 1079 5877 speciem,
1129 5810 1185 5861 et
1229 5821 1359 5860 cum
1411 5806 1498 5860 his
1551 5805 1807 5872 tertium,
1866 5808 2018 5878 quod

2114 1780 2437 1846 materiam,
2486 1786 2540 1835 et
2583 1780 2852 1852 speciem,
2908 1784 2964 1834 et
3018 1781 3252 1834 tertium
3304 1781 3690 1850 operatorium
3718 1781 3811 1836 div

2113 1858 2289 1917 ctum,
2322 1851 2629 1906 mundum’
2658 1867 2790 1904 vero
2843 1867 3069 1921 semper
3115 1866 3235 1904 esse
3292 1858 3349 1905 et
3378 1851 3565 1904 fuisse.
3597 1852 3809 1906 Contra

2113 1924 2234 1978 haec
2261 1939 2397 1993 ergo
2427 1928 2482 1977 et
2509 1921 2838 1992 hujusmodi
2881 1921 3115 1976 dicitur:
3153 1940 3181 1973 α
3227 1923 3291 1975 In
3338 1921 3621 1993 principio
3648 1939 3808 1976 crea-

2117 2014 2146 2046 (ι
2167 1995 2248 2047 vit
2274 1995 2424 2048 Deus
2454 1995 2659 2047 coelum
2691 1998 2745 2045 et
2767 1998 2996 2046 terram.
3031 2014 3057 2042 ι

2185 2065 2380 2134 (Ana)
2447 2065 2603 2120 Sicut
2669 2064 2878 2118 Paulus
2935 2079 3038 2134 per
3128 2062 3529 2134 revelationern
3606 2063 3810 2117 didicit

2116 2135 2506 2205 Evangelinm,
2549 2134 2893 2206 itarMoyses,
2918 2133 3155 2189 docente
3194 2133 3407 2206 Spiritu
3447 2137 3662 2201 sancto,
3682 2150 3810 2188 con-

2116 2206 2220 2262 diti
2251 2206 2453 2260 mundi
2476 2205 2793 2260 exordium.

2185 2277 2398 2346 Moyses
2427 2277 2484 2330 in
2525 2277 2634 2330 hoc
2665 2276 2808 2328 libro
2832 2275 2904 2329 de
2934 2274 3190 2329 inferiori
3218 2275 3434 2329 mundo
3475 2275 3544 2329 ad
3596 2275 3809 2330 instrn-

2115 2348 2358 2402 ctionem
2402 2346 2650 2401 hominis
2699 2346 2848 2415 agit;
2892 2352 2953 2417 et
3000 2345 3135 2416 quia
3181 2347 3354 2400 homo
3381 2348 3809 2417 praeponendus

2116 2424 2240 2473 erat
2283 2419 2497 2472 mundo
2541 2417 2769 2483 visibili,
2815 2416 3089 2487 primum,
3132 2416 3665 2488 regnum’peratum
3699 2418 3803 2471 de-

2117 2489 2328 2554 scribit,
2380 2493 2573 2559 postea
2627 2493 2905 2541 rectorem
2966 2487 3215 2554 inducit,
3266 2488 3359 2541 cui
3396 2487 3602 2541 serviat
3633 2488 3809 2558 pleni-

2116 2560 2257 2614 tudo
2306 2561 2494 2628 regni.
2556 2559 2698 2613 Dicit
2726 2574 2862 2630 ergo
2888 2575 2905 2630 ;
2941 2560 3078 2630 «uin
3109 2559 3392 2628 principio
3422 2559 3632 2630 creavit
3660 2560 3808 2612 Deus

2121 2651 2147 2681 α
2181 2630 2386 2685 caelum
2419 2637 2477 2683 et
2530 2634 2766 2683 terram.
2801 2628 2825 2677 Β
2879 2628 3015 2682 Coeli
3072 2635 3128 2682 et
3175 2635 3341 2682 terrae
3370 2628 3621 2695 nomine,
3646 2630 3808 2699 quid-

2117 2701 2253 2772 quid
2311 2702 2459 2772 Dens
2488 2700 2655 2772 fecit,
2697 2699 2870 2772 simul
2903 2701 3112 2772 factum
3153 2699 3672 2772 essematerialiter
3700 2717 3806 2770 po-

2117 2770 2224 2826 test
2259 2770 2522 2842 intelligi,
2554 2771 2658 2842 sed
2693 2770 3034 2842 informiter,
3065 2771 3178 2823 sive
3206 2770 3520 2842 spirituale,
3545 2770 3660 2842 sive
3688 2787 3810 2823 cor-

2161 2843 2313 2895 orale
2343 2842 2430 2895 sit.
2451 2840 2680 2895 Deinde
2708 2841 3075 2912 prosequitur
3104 2841 3394 2912 quomodo
3434 2842 3577 2895 Deus
3604 2840 3808 2911 singu-

2161 2859 2313 2895 orale
2343 2859 2430 2895 su.
2469 2859 2680 2895 uernae
2708 2859 3075 2912 prosequitur
3104 2859 3394 2911 quomouo
3434 2859 3577 2895 ueus
3604 2859 3808 2911 Singu-

2117 2859 2304 2967 rornm
2349 2913 2560 2966 formas
2624 2911 2840 2974 fecerit,
2899 2916 2954 2965 et
2999 2927 3238 2980 operum
3289 2911 3717 2977 distinctiones;
3753 2915 3812 2965 et

2046 3013 2084 3068 ο
2121 2986 2256 3068 quia
2286 2984 2546 3068 nondum
2580 2987 2742 3068 erant
2769 2981 3048 3068 distinctae
3084 2983 3302 3045 formas,
3336 2981 3492 3068 addit
3521 2981 3590 3035 de
3620 2987 3805 3068 terra:

2127 3052 2348 3108 {Terra
2401 3059 2594 3107 autem
2626 3058 2747 3106 erat
2784 3052 2972 3106 inanis
2999 3057 3055 3106 et
3104 3069 3300 3112 vacua,
3335 3072 3362 3103 »
3417 3052 3528 3118 his,
3564 3052 3804 3118 scilicet,

2119 3141 2246 3196 quae
2295 3125 2364 3178 de
2397 3125 2533 3204 ipsa
2588 3127 2750 3204 erant
2807 3139 3180 3204 processura.‘
3215 3143 3242 3173 α
3275 3124 3338 3177 Et
3363 3123 3611 3176 tenebras
3639 3129 3810 3204 erant

2120 3193 2153 3243 (ἶ
2180 3211 2354 3264 super
2392 3193 2593 3248 faciem
2650 3193 2917 3264 abyssi.»
2975 3196 3080 3248 Per
3131 3193 3396 3263 abyssum
3442 3199 3647 3247 caetera
3695 3194 3808 3264 ele-

2119 3263 2314 3320 menta
2360 3269 2600 3336 possunt
2638 3264 2913 3336 intelligi,
2969 3281 3097 3335 quae
3132 3265 3326 3336 adhuc
3383 3264 3618 3318 confusa
3644 3269 3693 3318 et
3724 3263 3811 3318 in-

2118 3343 2272 3391 certa
2298 3334 2479 3403 erant,
2509 3351 2650 3405 quas
2674 3335 2884 3389 formas
2915 3334 3104 3389 essent
3129 3334 3412 3388 habitura.

2191 3407 2446 3471 Quatuor
2491 3405 2679 3476 modis
2724 3411 2996 3476 operatur
3048 3407 3229 3459 DeuS?
3291 3405 3479 3476 primo
3520 3405 3579 3458 in
3614 3405 3810 3472 verbo,

2119 3478 2366 3532 secundo
2398 3477 2459 3530 in
2482 3475 2724 3531 materia
2754 3475 3007 3530 informi.
3042 3477 3197 3531 Unde
3223 3475 3594 3530 Ecclesiastici
3637 3492 3766 3530 xvui
3788 3493 3807 3528 :

2121 3567 2147 3600 α
2182 3549 2289 3614 Qui
2312 3548 2446 3602 vivit
2481 3549 2540 3602 in
2571 3553 2851 3602 mternum
2904 3547 3114 3601 creavit
3161 3547 3355 3600 omnia
3406 3547 3640 3600 simul.»
3677 3547 3814 3600 Ter-

2117 3619 2198 3674 tio
2226 3635 2328 3689 per
2385 3635 2558 3688 opera
2610 3635 2704 3689 sex
2739 3619 2959 3672 dierum
3008 3617 3195 3689 varias
3218 3617 3476 3672 distinxit
3500 3621 3813 3689 creaturas,

2121 3687 2323 3761 quarto
2359 3687 2927 3761 ex’primordialibus
2976 3687 3290 3761 seminibus
3337 3704 3454 3741 non
3503 3687 3809 3756 incognits;

2120 3759 2386 3815 oriuntur
2417 3759 2654 3825 natum,
2703 3760 2799 3814 sed
2846 3763 3014 3827 notae,
3064 3759 3293 3830 saepius,
3325 3775 3398 3813 ne
3429 3761 3688 3829 pereant,
3718 3774 3816 3812 re-

2121 3832 2454 3886 formantur.

2195 3907 2356 3966 (Anc.
2423 3902 2589 3965 1510.,
2643 3899 2831 3971 BEDA.)
2883 3901 3135 3968 Mystice.
3197 3899 3516 3954 Primordia
3584 3896 3815 3970 generis

2124 3972 2382 4036 humani,
2415 3972 2624 4043 quibus
2670 3971 2800 4043 ipsa
2840 3973 2962 4024 luce
3005 3971 3222 4043 perfrui
3262 3971 3452 4043 coepit,
3480 3971 3638 4043 bene
3654 3985 3812 4043 com-

2123 4048 2398 4113 parantur
2431 4040 2646 4113 primor
2691 4040 2837 4113 diei,
2885 4040 3180 4113 quoDeus
3203 4040 3390 4113 lucem
3419 4040 3569 4113 fecit.
3603 4041 3664 4113 Et
3686 4040 3814 4113 haec

2124 4110 2259 4168 ietas
2305 4110 2577 4184 tanquam
2635 4111 2879 4166 infantia
2900 4110 3181 4184 ‘putanda
3235 4118 3320 4184 est
3378 4111 3529 4181 ipins
3558 4110 3815 4184 universi

2125 4183 2338 4246 saeculi,
2383 4182 2539 4254 quod
2585 4187 2862 4253 tanquam
2895 4182 3074 4254 unum
3114 4182 3817 4254 hominemproportione

2130 4251 2545 4325 magnitudinis
2567 4270 2685 4308 suae
2706 4251 2964 4324 cogitare
2987 4253 3260 4325 debemus
3283 4270 3296 4307 :
3331 4251 3466 4322 quia
3505 4251 3814 4325 unusquis-

2131 4323 2249 4396 que
2284 4326 2458 4379 homo
2497 4341 2626 4378 cum
2669 4323 2854 4396 primo
2901 4324 3173 4396 nascitur,
3226 4328 3283 4378 et
3319 4325 3435 4396 exit
3491 4323 3815 4396 ad_lucem,

2121 4393 2368 4465 primam
2389 4399 2612 4449 mtatem
2637 4393 3098 4464 agitininfantia.
3129 4396 3254 4448 Haec
3276 4394 3529 4465 tenditur
3546 4394 3613 4448 ab
3633 4393 3816 4447 Adam

2125 4464 2302 4536 usque
2343 4466 2410 4520 ad
2441 4467 2554 4519 Noe
2585 4465 3051 4536 generationibus
3095 4465 3314 4519 decem.
3355 4464 3524 4528 Quasi
3575 4479 3818 4533 vespera

2123 4537 2294 4606 hujus
2316 4536 2429 4590 diei
2463 4537 2529 4590 fit
2557 4537 2617 4589 in
2650 4536 2884 4602 diluvio,
2930 4537 3064 4607 quia
3093 4541 3149 4590 et
3187 4536 3650 4607 infantianostra
3685 4540 3815 4588 tan-

2125 4605 2297 4678 quam
2355 4607 2658 4678 oblivionis
2713 4605 3232 4678 diluvio_de|etur.
3273 4605 3478 4676 Incipit
3528 4621 3695 4678 mane
3730 4621 3815 4658 se-

2123 4675 2326 4732 cunda:
2359 4677 2472 4732 diei
2501 4694 2535 4731 a
2577 4677 2934 4746 temporibus
2959 4679 3093 4732 -Noe
3142 4675 3414 4746 tanquam
3458 4675 3724 4746 pueritia,
3758 4681 3819 4728 et

2124 4748 2378 4803 tenditur
2406 4749 2526 4802 haec
2556 4745 2902 4818 astas’usqne
2933 4749 3002 4802 ad
3032 4745 3313 4802 Abraham
3345 4745 3469 4818 aliis
3499 4745 3818 4818 generatio-

2124 4820 2292 4874 nibus
2323 4819 2536 4874 decem.
2569 4820 2632 4872 Et
2659 4817 3197 4889 bene’comparatnr
3243 4817 3488 4871 secundo
3519 4817 3654 4880 diei,
3696 4832 3816 4886 quo

2123 4891 2334 4944 factum
2392 4897 2473 4943 est
2527 4889 2976 4954 ﬁrmamentum,
3035 4889 3185 4942 inter
3231 4904 3440 4959 aquam
3471 4893 3528 4941 et
3557 4902 3813 4956 aquam:

2124 4961 2260 5031 quia
2289 4965 2346 5014 et
2373 4976 2522 5022 arca,
2571 4960 2628 5013 in
2677 4975 2790 5030 qua
2839 4963 2961 5031 erat
3011 4960 3126 5031 Noe
3157 4975 3287 5031 cum
3317 4961 3451 5031 suis,
3484 4959 3818 5031 ﬁrmamen-

2124 5028 2248 5085 tum
2291 5037 2412 5084 erat
2455 5031 2605 5084 inter
2652 5028 2828 5100 aquas
2865 5029 3180 5094 inferiores,
3215 5029 3275 5082 in
3319 5030 3530 5098 quibus
3557 5028 3818 5100 natabat,

2127 5107 2182 5155 et
2210 5101 2534 5171 superiores
2565 5098 2772 5170 quibus
2813 5100 3272 5171 rcompluebatur.
3326 5101 3456 5154 Haec
3504 5105 3639 5171 aetas
3670 5098 3816 5171 dilu-

2125 5173 2216 5225 vio
2273 5169 2386 5226 non
2432 5169 2674 5237 deletur,
2725 5170 2861 5241 quia
2907 5169 3011 5224 nec
3049 5171 3296 5241 pueritia
3317 5169 3821 5224 nostraoblivione

2126 5241 2348 5296 tollitur
2377 5242 2445 5296 de
2492 5241 2789 5295 memoria.
2828 5241 3187 5296 Meminimus
3233 5241 3387 5295 enim
3447 5257 3549 5293 nos
3603 5255 3823 5308 pueros

2125 5313 2319 5378 fuisse,
2372 5311 2618 5366 infantes
2658 5328 2777 5364 non
2827 5313 3215 5367 meminimus.
3259 5313 3436 5380 Hujus
3470 5327 3701 5380 vespera
3729 5315 3824 5365 est

2125 5382 2382 5437 confusio
2423 5383 2750 5454 linguarum
2799 5382 2856 5436 in
2911 5383 2990 5437 eis
3038 5383 3137 5454 qui
3174 5383 3377 5454 turrim
3424 5381 3724 5446 faciebant,
3759 5386 3823 5454 et

2125 5455 2190 5507 ﬁt
2221 5469 2386 5507 mane
2436 5451 2534 5508 ab'
2556 5454 2863 5508 Abraham.
2907 5454 3014 5508 Sed
3054 5451 3174 5507 nec
3218 5453 3326 5506 ista
3377 5458 3514 5506 setas
3567 5451 3820 5506 secunda

2126 5524 2422 5595 generavit
2436 5525 2712 5594 populum
2741 5524 2984 5585 Domini,
3011 5525 3141 5594 quia
3163 5539 3269 5595 nec
3297 5523 3544 5593 pueritia
3565 5527 3705 5595 apta
3729 5527 3823 5577 est

2129 5593 2200 5648 ad
2232 5593 2650 5664 generandum.
2689 5595 2893 5664 Incipit
2925 5593 3091 5648 mane
3144 5593 3258 5648 diei
3297 5594 3480 5648 tertiae
3526 5594 3596 5648 ab
3633 5593 3837 5664 Abra-r

2127 5663 2285 5732 ham,
2343 5670 2401 5720 et
2443 5666 2691 5721 succedit
2740 5663 2905 5719 tertia
2965 5669 3102 5720 mtas
3157 5664 3360 5718 similis
3388 5663 3813 5720 adolescentiae.

2129 5738 2194 5792 Et
2217 5737 2362 5790 bene
2417 5740 2790 5808 comparatur
2837 5736 2948 5790 diei
2988 5735 3315 5808 itertio,_in
3374 5735 3608 5808 quohab
3649 5735 3818 5804 aquis

2129 5811 2279 5862 terra
2307 5805 2567 5878 separata
2594 5813 2697 5863 est.
2731 5807 2814 5861 Ab
2844 5806 3110 5861 omnibus
3147 5805 3301 5860 enim
3345 5805 3627 5876 gentibus,
3669 5820 3816 5875 qua-
