4086 6190
255 259 307 307 (:5
1687 243 2203 304 PROLEGOMENA
2218 286 2230 300 .
3645 250 3710 303 66

254 392 360 431 rum
386 389 535 427 error
564 370 861 438 instabilis,
897 374 953 424 et
1007 367 1650 441 vanisgsimulacrorum
1690 369 1899 441 doctri-
1939 375 1988 430 Α
2021 386 2083 423 ra
2105 370 2393 440 producit,
2426 374 2623 441 gentes
2675 370 3019 441 signiﬁcant,
3067 371 3186 439 jam
3225 371 3503 427 stabiliter
3532 374 3714 427 credi-

254 448 342 504 nis.
372 445 520 514 quasi
552 443 728 495 ventis
779 439 1523 514 omnibusmobilislquod
1563 441 1706 514 bene
1737 440 1907 514 signi-

252 512 421 572 ﬁcatur
448 515 614 566 maris
636 512 919 580 nomine),
951 512 1132 565 ﬁdelis
1164 512 1410 581 populus
1457 512 1790 565 secernitur.
1826 512 1907 565 Ab

252 592 335 642 hac
370 602 496 654 ergo
543 584 802 655 gentium
836 584 1083 655 vanitate
1133 590 1188 634 et
1217 582 1386 655 hujus
1421 583 1611 655 saeculi
1643 582 1909 635 ﬂuctibus

254 653 508 727 separatus
558 653 643 707 est
685 655 936 727 populus
976 653 1073 727 Dei
1128 669 1230 727 per
1278 654 1597 727 Abraham;
1635 658 1907 727 tanquam

252 723 377 783 terra
416 742 537 779 cum
597 723 866 793 apparuit
917 724 1096 786 arida,
1152 724 1209 776 id
1264 729 1367 786 est,
1426 724 1621 776 sitiens
1664 724 1907 776 imbrem

252 802 499 852 caelestem
516 796 837 849 divinorum
877 795 1295 847 mandatorum.
1322 794 1429 857 Qui
1456 795 1702 864 populus
1732 810 1909 847 unum

254 872 404 925 Deum
431 867 690 926 colendo,
741 871 1016 935 tanquam
1068 865 1303 932 irrigata
1360 870 1530 929 terra,
1591 872 1655 917 ut
1695 865 1911 917 fructus

251 942 394 994 utiles
419 943 600 1008 posset
638 936 866 1002 atferre,
912 940 1130 1008 sanctas
1188 936 1511 1008 Scripturas
1556 940 1612 987 et
1661 937 1910 1004 prophe-

253 1012 342 1063 tias
357 1006 572 1078 accepit.
596 1008 724 1061 Haec
750 1008 903 1059 enim
927 1007 1208 1078 aetas,jam
1228 1006 1710 1078 potuitgenerare
1726 1021 1908 1075 popu-

255 1083 351 1135 lum
383 1076 489 1144 Dei,
523 1080 658 1148 quia
681 1084 737 1131 et
767 1079 943 1130 tertia
967 1083 1122 1148 mtas,
1147 1077 1201 1129 id
1230 1081 1333 1148 est,
1368 1076 1765 1148 adolescentia,
1792 1078 1911 1144 jam

257 1153 379 1204 ﬁlios
422 1146 625 1203 habere
674 1153 879 1218 potest.
940 1149 1003 1201 Et
1052 1147 1180 1200 ideo
1240 1146 1311 1199 ad
1350 1146 1910 1218 Abrahamidictum

256 1230 323 1275 est
347 1221 561 1274 Genesis
591 1216 703 1272 xvii
745 1235 758 1271 :
794 1238 820 1267 α
865 1220 1088 1271 Patrem
1150 1221 1459 1271 multarum
1517 1216 1777 1284 gentium
1810 1232 1912 1285 po-

260 1314 279 1341 ε
306 1291 378 1344 sui
404 1297 475 1353 te,
505 1291 727 1359 augebo
758 1295 811 1342 te
841 1289 1012 1341 nimis
1050 1289 1232 1352 valde,
1274 1293 1327 1340 et
1356 1303 1563 1356 ponam
1595 1292 1648 1339 te
1682 1286 1737 1338 in
1768 1302 1911 1355 gen-

260 1386 279 1409 u
306 1368 394 1426 tes,
424 1367 475 1414 et
504 1376 665 1428 reges
696 1376 761 1412 ex
791 1366 845 1412 te
877 1363 1062 1412 erunt.
1101 1361 1161 1412 Bt
1177 1374 1388 1427 ponam
1420 1363 1849 1423 testamentum,
1883 1376 1910 1408 »

257 1437 341 1484 etc.
386 1434 501 1485 Haec
558 1437 695 1483 retas
748 1430 1082 1499 porrigitur.
1141 1430 1211 1482 ab
1264 1428 1549 1481 Abraham
1607 1444 1784 1497 usque
1843 1428 1913 1481 ad

261 1503 423 1565 David,
454 1500 885 1571 quattuordecim
934 1500 1415 1571 generationibus.
1474 1500 1652 1571 Hujus
1682 1514 1915 1567 vespera

257 1580 323 1625 est
349 1575 401 1625 in
428 1570 663 1642 peccatis
688 1572 902 1641 populi,
936 1571 1140 1640 quibus
1165 1570 1657 1642 divinamandata
1677 1577 1912 1642 praeter-

2016 446 2171 514 turas
2233 442 2554 514 Evangelio,
2597 443 2666 496 de
2724 442 2933 514 quibus
2992 441 3201 514 dicitur
3249 449 3305 496 et
3368 444 3511 497 illud
3559 446 3713 514 quod

2017 513 2183 566 Petro
2229 513 2682 566 demonstratum
2742 518 2828 565 est
2883 512 2943 565 in
3007 512 3238 566 Actibus
3295 512 3705 583 apostolorum,

2018 600 2139 651 cap.
2174 594 2205 636 χ
2235 600 2247 636 :
2284 604 2310 633 (ι
2339 584 2512 636 Macta
2543 589 2600 635 et
2622 583 2920 636 manduca.
2956 600 2982 631 υ
3022 584 3081 635 Et
3111 599 3237 636 cum
3269 583 3366 638 ille
3409 586 3710 638 immunda

2020 654 2251 717 diceret,
2285 669 2620 724 responsum
2642 660 2725 706 est
2755 655 2838 706 illi
2875 669 2885 706 :
2922 676 2940 699 α
2978 652 3138 716 Quod
3191 655 3338 707 Deus
3393 657 3708 721 mundavit,

2018 729 2078 777 tu
2110 740 2413 796 commune
2456 725 2782 796 neidixeris.
2816 744 2850 796 »Α
2895 725 3050 796 Tunc
3082 724 3147 796 ﬁt
3174 724 3345 778 homo
3398 726 3465 779 ad
3499 725 3713 796 imagi-

2019 811 2147 848 nem
2181 800 2235 847 et
2272 795 2704 848 similitudinem
2760 794 2876 860 Dei,
2910 794 3052 847 sicut
3097 794 3154 847 in
3186 796 3295 848 ista
3339 801 3503 849 aetate
3559 794 3713 850 sexta

2020 866 2269 918 nascitur
2307 866 2364 918 in
2415 882 2583 917 carne
2638 866 2914 937 Dominus
2971 870 3185 930 noster,
3218 868 3286 920 de
3335 884 3448 937 quo
3497 867 3711 920 dictum

2021 942 2103 988 est
2140 951 2239 1004 per
2293 938 2630 1008 prophetam
2669 952 2681 989 :
2722 957 2741 983 ι
2767 938 2845 1008 Et
2876 935 3046 1008 homo
3079 942 3183 1008 est,
3216 942 3272 989 et
3320 935 3449 1008 quis
3502 954 3713 1007 cogno-

2021 1012 2136 1058 scet
2165 1007 2345 1058 eum?
2383 1024 2407 1058 )›
2444 1007 2507 1059 Et
2536 1006 3023 1076 quemadmodum
3075 1006 3131 1059 in
3179 1007 3275 1060 illa
3306 1006 3397 1061 die
3433 1009 3713 1061 masculus

2021 1081 2070 1129 et
2117 1077 2327 1129 femina
2356 1076 2643 1145 conjuncti
2676 1080 2827 1141 sunt,
2859 1076 2936 1128 sic
2994 1082 3051 1130 et
3101 1079 3157 1130 in
3216 1078 3320 1131 ista
3376 1078 3628 1132 Christus
3658 1084 3713 1131 et

2024 1148 2280 1199 Ecclesia.
2335 1148 2401 1200 Et
2455 1153 2825 1218 praeponetur
2884 1147 3057 1200 homo
3114 1148 3207 1201 illa
3238 1149 3327 1201 die
3385 1150 3712 1218 pecoribus,

2021 1218 2381 1287 serpentibus
2411 1224 2465 1270 et
2496 1217 2822 1270 volatilibus
2847 1218 2974 1271 caeli
3009 1235 3020 1271 :
3070 1218 3147 1271 sic
3202 1224 3257 1271 et
3286 1220 3345 1271 in
3387 1217 3501 1271 ista
3549 1226 3712 1274 aetate

2022 1288 2278 1340 Christus
2327 1288 2476 1357 regit
2521 1288 2742 1341 animas
2794 1287 2906 1359 rsibi
2946 1289 3428 1358 obtemperantes,
3485 1305 3613 1359 quae
3644 1290 3712 1344 ad

2024 1358 2326 1430 Ecclesiam
2355 1363 2498 1430 ejus,
2532 1359 2741 1429 partim
2774 1358 2842 1411 de
2891 1360 3106 1428 populo
3140 1359 3467 1412 Judmorum
3498 1358 3554 1412 et
3584 1376 3713 1430 par-

2023 1427 2127 1481 tim
2161 1444 2226 1482 ex
2267 1427 2860 1498 gentibus—venerunt,
2894 1427 3054 1482 ut’ab
3090 1445 3154 1481 eo
3187 1430 3420 1483 domitae
3453 1427 3713 1484 mansue-

2023 1506 2280 1564 scerent;
2324 1501 2602 1567 homines,
2673 1500 2887 1552 scilicet
2931 1501 3015 1552 vel
3069 1501 3279 1552 carnali
3312 1501 3713 1570 concupiscen-
3754 1506 3755 1509 “

2023 1570 2117 1622 tiae
2165 1571 2358 1631 dediti,
2393 1571 2539 1623 sicut
2587 1586 2837 1640 pecora:
2893 1571 2975 1622 vel
3035 1571 3335 1623 tenebrosa
3383 1571 3711 1625 curiositate

257 1647 402 1722 ibant,
428 1640 618 1722 usque
685 1640 758 1695 ad
810 1642 1116 1722 malitia‘m_
1154 1640 1387 1710 pessimi
1440 1640 1908 1722 Saulis.‘[-)‘ein.d_e
1950 1661 1991 1715 Β
2022 1641 2523 1722 obscuratiaqua‘si
2545 1647 2877 1722 serpentes;
2911 1640 3006 1722 vel
3053 1642 3189 1722 elati
3228 1642 3709 1722 superbiahquasi

256 1715 453 1782 mystice
477 1710 541 1765 ﬁt
561 1728 730 1765 mane
758 1718 975 1781 quartae
1008 1711 1147 1782 diei,
1193 1726 1433 1782 regnum
1468 1710 1682 1782 scilicet
1712 1710 1904 1764 David.

258 1781 357 1836 Haec
384 1792 512 1836 aetas
535 1784 741 1835 similis
766 1781 1173 1852 estjuventuti.
1206 1781 1274 1835 Et
1306 1796 1501 1852 revera
1531 1781 1682 1833 inter
1710 1796 1908 1833 omnes

255 1860 416 1907 tetates
464 1858 669 1931 regnat
725 1852 1015 1931 juventus,
1062 1858 1142 1931 et
1172 1852 1294 1931 ipsa
1339 1856 1422 1931 est
1472 1851 1660 1921 ipsum
1712 1852 1907 1931 ﬁrma-

257 1932 475 1978 mentum
498 1922 761 1977 omnium
794 1929 1062 1977 aetatum:
1096 1928 1151 1975 et
1191 1922 1317 1975 ideo
1347 1922 1491 1975 bene
1547 1928 1911 1992 comparatur

256 2002 423 2064 quarto
451 1996 558 2047 diei
582 1996 643 2047 in
677 2012 789 2064 quo
822 1994 967 2046 facta
1022 1999 1153 2045 sunt
1180 1994 1365 2046 sidera
1387 2063 1391 2064 ν
1416 1992 1541 2045 caeli
1596 1994 1651 2045 in
1713 1994 1909 2046 ﬁrma-

258 2063 433 2119 mento.
476 2065 621 2129 Quid
680 2063 834 2117 enim
880 2064 1193 2116 evidentius
1253 2063 1533 2132 signilicat
1585 2064 1734 2134 regis
1765 2064 1909 2117 emi-

256 2137 467 2189 nentiam
496 2152 674 2206 quam
709 2135 978 2204 splendor
1004 2135 1182 2206 solis?
1214 2139 1271 2187 et
1295 2134 1475 2203 plebis
1504 2134 1906 2206 obtemperan—

260 2207 386 2273 tiam,
423 2208 567 2259 lunae
606 2206 882 2275 splendor
934 2205 1194 2269 ostendit,
1236 2209 1510 2274 tanquam
1550 2205 1907 2274 Synauogam

258 2278 439 2343 ipsam;
465 2283 520 2330 et
546 2278 729 2329 stellas
771 2275 1057 2345 principes
1096 2276 1219 2344 ejus
1275 2280 1331 2327 et
1361 2275 1554 2327 omnia
1584 2276 1820 2328 fundata
1850 2276 1907 2328 in

256 2348 522 2400 stabilitate
585 2348 774 2416 regni,
831 2354 1103 2415 tanquam
1165 2346 1223 2398 in
1294 2346 1675 2398 ﬁrmamento.
1730 2347 1908 2414 Hujus

260 2417 393 2485 quasi
416 2434 647 2487 vespera
672 2423 757 2471 est
784 2417 839 2469 in
869 2417 1108 2485 peccatis
1160 2432 1382 2485 regum,
1411 2416 1617 2485 quibus
1643 2417 1738 2468 illa
1768 2432 1909 2485 gens

259 2490 434 2540 meruit
490 2486 788 2557 captivari.
848 2489 931 2540 Fit
984 2488 1187 2540 deinde
1264 2502 1431 2539 mane
1498 2486 1716 2556 quintae
1771 2487 1903 2551 diei,

257 2560 648 2629 transmigratio
694 2559 752 2610 in
804 2557 1166 2627 Babylonem,
1192 2573 1321 2629 cum
1348 2558 1408 2609 in
1432 2557 1756 2629 captivitate
1812 2573 1907 2626 po-

259 2630 395 2697 pulus
442 2627 645 2682 leniter
696 2630 755 2681 in
814 2629 1115 2697 peregrino
1182 2627 1296 2680 otio
1352 2632 1433 2679 est
1480 2628 1805 2681 collocatus.
1846 2629 1906 2681 Et

257 2701 532 2767 porrigitur
561 2702 690 2753 haec
718 2706 855 2752 retas
886 2715 1068 2768 usque
1125 2700 1193 2750 ad
1232 2699 1540 2751 adventum
1589 2699 1817 2765 Christi,
1848 2699 1905 2751 id

258 2772 517 2838 estquinta
554 2778 719 2833 astas,
753 2770 1064 2822 secundum
1092 2784 1265 2839 quam
1297 2773 1378 2821 est
1402 2770 1703 2822 declinatio
1751 2787 1783 2822 a
1815 2769 1907 2838 ju-

258 2849 449 2893 ventute
471 2843 525 2893 in
553 2846 928 2905 senectutem,
953 2840 1207 2893 nondum
1233 2839 1465 2910 quidem
1489 2845 1766 2906 senectus,
1801 2856 1905 2893 nec

256 2911 345 2982 jam
389 2914 697 2981 juventus:
761 2911 1001 2963 senioris
1048 2917 1185 2964 astas
1216 2915 1318 2982 est,
1371 2926 1543 2980 quem
1584 2911 1907 2982 Graeci‘rrps-

258 2978 419 3038 ceam;
447 2988 651 3036 vocant
703 2997 836 3034 nam
887 2997 1051 3034 senex
1092 2981 1258 3053 apud
1299 2978 1405 3053 eos
1446 2997 1561 3033 non
1614 2978 1907 3053 πρεσϐὐὲης

257 3052 333 3104 srd
374 3056 520 3125 γέρων
559 3053 796 3125 dicitur.
861 3053 924 3105 Et
977 3068 1172 3125 revera
1215 3050 1296 3125 sic
1344 3051 1470 3125 ista
1506 3050 1715 3125 astasa
1747 3053 1908 3121 regni

256 3122 527 3177 robore'est
572 3124 852 3176 inclinata
884 3127 940 3175 et
985 3123 1162 3175 fracta
1211 3122 1271 3174 in
1300 3123 1514 3190 populo
1555 3123 1905 3186 Judaaorum,

257 3195 706 3252 quemadmodum
754 3193 928 3246 homo
953 3209 986 3245 a
1008 3193 1308 3262 juventute
1332 3192 1394 3245 lit
1424 3193 1631 3245 senior.
1680 3194 1741 3246 Et
1763 3194 1906 3247 bene

256 3272 575 3333 comparatur
606 3266 693 3318 illi
722 3264 838 3318 diei
881 3263 1103 3333 quinto,
1160 3263 1220 3315 in
1260 3279 1373 3333 quo
1431 3264 1575 3315 facta
1619 3269 1749 3316 sunt
1792 3264 1909 3316 ani-

255 3336 393 3406 malia
418 3336 473 3389 in
500 3336 687 3406 aquis,
732 3340 791 3388 et
813 3334 1062 3387 volatilia
1092 3334 1217 3387 caeli
1250 3350 1261 3386 :
1294 3339 1667 3406 posteaquam
1698 3334 1909 3389 scilicet

254 3404 318 3457 illi
340 3404 579 3460 homines
611 3405 764 3459 inter
808 3412 1022 3474 gentes,
1084 3409 1359 3474 tanquam
1404 3404 1463 3456 in
1500 3404 1686 3474 aquis,
1728 3420 1908 3473 coepe-

255 3482 361 3528 runt
392 3477 587 3541 vivere,
631 3483 687 3530 et
740 3475 948 3529 habere
1007 3478 1282 3528 incertam
1322 3475 1514 3527 sedem
1572 3479 1627 3526 et
1672 3476 1905 3528 instabi-

254 3544 360 3625 lem,
387 3548 522 3601 sicut
550 3564 686 3625 aves
737 3547 1008 3625 volantes.
1035 3545 1176 3625 .Sed
1222 3547 1388 3625 plane
1446 3545 1523 3625 ibi
1554 3550 1719 3625 erant
1763 3551 1901 3625 cete,

254 3616 382 3669 idest
420 3618 611 3687 magni
642 3618 921 3681 homines,
951 3616 1050 3686 qui
1084 3616 1265 3683 magis
1316 3616 1761 3670 dominabantur
1790 3618 1905 3669 ﬂu-

253 3688 400 3740 ctibus
450 3686 663 3756 saeculi,
710 3704 884 3758 quam
940 3686 1218 3758 servirent
1272 3687 1327 3739 in
1368 3686 1467 3740 illa
1524 3687 1901 3755 captivitate:

254 3770 341 3810 non
364 3759 502 3813 enim
532 3760 605 3813 ad
651 3757 869 3812 cultum
900 3757 1184 3811 idolorum
1215 3758 1409 3827 aliquo
1449 3764 1663 3810 terrore
1699 3758 1902 3827 depra-

252 3830 337 3897 vati
362 3836 498 3883 sunt.
535 3830 643 3884 Ubi
671 3845 805 3882 sane
837 3828 1407 3882 animadvertendum
1439 3827 1590 3897 quod
1616 3828 1907 3883 benedixit

255 3895 368 3951 Deus
418 3901 510 3953 illa
566 3900 861 3964 animalia,
913 3901 1137 3952 dicens:
1198 3919 1224 3949 (ι
1259 3895 1500 3951 Crescite
1531 3904 1586 3950 et
1618 3899 1902 3968 multipli-

254 3969 419 4023 camini
448 3977 500 4025 et
522 3973 740 4040 replete
768 3986 977 4040 aquam
1010 3970 1202 4032 maris,
1235 3985 1478 4038 avesque
1518 3970 1902 4039 multiplicen-

254 4045 324 4091 tur
348 4058 500 4111 super
530 4050 768 4096 terram.
818 4062 846 4089 ››
879 4041 1021 4104 Quia
1053 4057 1247 4094 revera
1280 4056 1418 4110 gens
1448 4041 1779 4111 Judaeorum
1807 4044 1900 4110 (ex

253 4124 342 4182 quo
374 4110 615 4182 dispersa
659 4119 745 4165 est
774 4128 876 4182 per
913 4113 1125 4181 gentes)
1171 4112 1332 4164 valde
1390 4110 1767 4180 multiplicata
1799 4117 1899 4165 est.

257 4130 342 4176 quo
374 4130 449 4165 uis
492 4130 615 4167 ersa
659 4130 745 4165 eSt
774 4130 876 4182 per
913 4130 1125 4181 gentes)
1171 4130 1332 4164 value
1390 4130 1767 4180 mlllupllcala
1799 4130 1899 4165 eet.

257 4179 396 4249 Hujus
443 4130 573 4244 diei,
626 4184 735 4237 hoc
766 4188 869 4248 est,
902 4183 1072 4252 hujus
1106 4182 1305 4245 astatis,
1360 4181 1522 4251 quasi
1554 4197 1791 4250 vespera
1820 4189 1903 4235 est

2022 1727 2169 1765 aves.
2204 1712 2269 1763 Et
2302 1712 2445 1764 sicut
2467 1712 2522 1764 in
2556 1712 2653 1764 illa
2687 1712 2777 1764 die
2836 1711 3085 1780 pascitur
3114 1711 3307 1775 homo,
3339 1716 3395 1764 et
3441 1712 3713 1766 animalia

2020 1797 2149 1851 quae
2183 1798 2309 1853 cum
2363 1782 2487 1851 ipso
2543 1788 2695 1840 sunt.
2760 1782 2949 1834 herbis
2989 1781 3377 1853 semina'ibus,
3435 1786 3491 1834 et
3539 1783 3709 1853 lignis

2018 1852 2346 1917 fructiferis,
2379 1858 2434 1905 et
2468 1854 2658 1906 herbis
2691 1853 2967 1905 viridibus
3012 1854 3126 1905 :sic
3154 1852 3208 1904 in
3256 1852 3363 1905 ista
3415 1852 3711 1906 tetate’ho-

2020 1939 2135 1989 mo,
2165 1924 2512 1994 quicumque
2543 1923 2724 1977 bonus
2769 1928 2852 1976 est
2905 1922 3161 1976 minister
3191 1923 3416 1989 Christi,
3470 1929 3527 1977 et
3577 1939 3709 1977 eum

2018 1994 2183 2059 bene,
2235 2001 2512 2064 quantum
2552 2000 2759 2064 potest,
2828 1994 3103 2059 imitatur,
3144 2010 3273 2046 cum
3325 1994 3447 2062 ipso
3492 1997 3710 2064 populo

2017 2065 2391 2133 spiritualiter
2449 2066 2700 2133 pascitur
2751 2071 3071 2117 sanctarum
3132 2064 3556 2133 Scripturarum
3604 2065 3708 2119 ali-

2018 2135 2223 2188 mentis
2252 2140 2309 2187 et
2339 2136 2462 2203 lege
2491 2134 2624 2188 Dei:
2681 2139 2887 2205 partim
2928 2136 2996 2187 ad
3046 2135 3479 2204 concipiendam
3519 2136 3709 2189 fecun-

2018 2206 2255 2258 ditatem
2294 2207 2579 2258 rationum
2615 2212 2782 2275 atque
2805 2221 3153 2270 sermonum,
3207 2212 3481 2275 tauquam
3517 2207 3708 2260 herbis

2016 2275 2423 2339 semiualibus;
2458 2276 2667 2345 partim
2700 2277 2766 2329 ad
2804 2277 3108 2328 utilitatem
3178 2292 3402 2329 morum
3454 2281 3511 2330 et
3566 2294 3706 2331 con-

2018 2347 2353 2398 versationis
2380 2347 2668 2411 humanas,
2700 2353 2973 2416 tanquam
3005 2346 3174 2416 lignis
3206 2347 3549 2416 fructiferis;
3578 2364 3710 2417 par-

2016 2417 2119 2469 tim
2168 2417 2240 2469 ad
2281 2417 2527 2486 vigorem
2583 2417 2735 2482 tidci,
2795 2418 2914 2487 spei
2954 2422 3008 2470 et
3060 2418 3351 2470 charitatis
3400 2418 3458 2470 in
3535 2421 3706 2471 vitam

2017 2493 2312 2552 teternam,
2345 2492 2619 2557 tanquam
2651 2488 2843 2540 herbis
2874 2487 3206 2551 virentibus,
3230 2503 3357 2557 quae
3390 2489 3545 2541 nullo
3569 2495 3706 2542 aestu

2016 2558 2729 2637 tribulationumpossunt
2789 2573 3061 2637 arescere.
3107 2558 3215 2637 sed
3248 2559 3583 2637 spiritualis
3630 2561 3709 2637 sic

2014 2628 2266 2698 pascitur
2295 2628 2414 2681 istis
2445 2628 2749 2690 alimentis,
2784 2634 2847 2682 ut
2893 2631 3072 2681 multa
3124 2628 3438 2696 intelligat;
3469 2631 3712 2683 carnalis

2016 2705 2208 2753 autem
2276 2698 2331 2752 id
2389 2705 2491 2767 est,
2525 2700 2793 2769 parvulus
2842 2699 2902 2752 in
2955 2699 3198 2763 Christo,
3239 2704 3510 2768 tanquam
3540 2715 3712 2768 pecus

2018 2769 2137 2834 Dei,
2167 2774 2231 2823 ut
2261 2770 2439 2823 multa
2461 2771 2655 2824 credat
2684 2786 2812 2840 qua:
2852 2770 3169 2839 intelligere
3210 2770 3464 2822 nondum
3486 2777 3709 2839 potest;

2016 2845 2207 2893 tamen
2266 2841 2495 2893 eosdem
2556 2841 2709 2893 cibos
2750 2855 2947 2893 omnes
2994 2840 3258 2910 habent.
3294 2841 3470 2910 Hujus
3517 2849 3708 2895 autem

2017 2910 2201 2963 aetatis
2241 2927 2476 2980 vespera
2508 2915 2610 2971 est,
2642 2912 2711 2964 de
2744 2927 2855 2980 qua
2892 2911 3164 2963 Dominus
3211 2908 3291 2963 ait
3340 2908 3470 2971 Luc,
3526 2926 3658 2964 xviii
3693 2930 3705 2965 :

2024 3003 2046 3029 ι
2086 2983 2253 3034 Putas
2286 2981 2519 3035 veniens
2548 2981 2721 3052 Filius
2752 2980 3000 3034 hominis
3030 2980 3278 3033 inveniet
3333 2982 3503 3034 ﬁdem
3539 2998 3711 3052 super

2023 3057 2289 3105 «terram
2323 3052 2353 3105 ?
2386 3071 2413 3100 ι)
2458 3054 2587 3105 Post
2631 3051 2786 3105 illam
2836 3067 3127 3121 vesperam
3190 3052 3289 3103 ﬁet
3345 3067 3536 3116 mane,
3576 3051 3706 3106 cum

2017 3122 2141 3191 ipse
2192 3123 2461 3175 Dominus
2502 3123 2563 3175 in
2620 3122 2875 3175 claritate
2922 3128 3193 3175 venturus
3247 3128 3350 3177 est.
3400 3123 3557 3176 Tunc
3614 3140 3708 3177 re-

2020 3193 2315 3263 quiescent
2344 3209 2475 3246 cum
2519 3192 2741 3247 Christo
2773 3193 2842 3246 ab
2892 3194 3159 3245 omnibus
3192 3193 3459 3262 Operibus
3498 3194 3613 3246 suis
3670 3194 3708 3247 ii

2018 3264 2228 3333 quibus
2275 3264 2489 3317 dictum
2522 3269 2603 3317 est
2655 3263 2845 3317 Matth.
2876 3281 2904 3315 v
2935 3280 2946 3317 :
2986 3283 3011 3314 α
3035 3264 3223 3317 Estote
3282 3280 3417 3334 ergo
3465 3280 3563 3317 vos
3584 3281 3710 3334 per-

2020 3353 2047 3384 α
2076 3334 2206 3387 fecti
2237 3334 2379 3388 sicut
2436 3341 2493 3388 et
2524 3336 2689 3388 Pater
2716 3342 2899 3387 vester
2957 3334 3194 3387 caelestis
3225 3336 3507 3403 perfectus
3540 3342 3642 3389 est.
3678 3355 3705 3386 »

2015 3405 2175 3457 Tales
2195 3405 2348 3458 enim
2381 3405 2594 3458 faciunt
2622 3421 2798 3474 opera
2828 3405 2977 3459 bona
2997 3404 3156 3458 valde
3188 3420 3199 3458 :
3235 3410 3365 3474 post
3392 3407 3528 3458 talia
3553 3410 3705 3459 enim

2016 3491 2186 3545 opera
2219 3482 2498 3545 speranda
2530 3481 2614 3528 est
2666 3476 2888 3545 requies
2946 3476 3003 3528 in
3063 3475 3152 3529 die
3184 3476 3427 3545 septimo
3468 3478 3566 3546 qui
3611 3492 3707 3529 ve-

2018 3562 2239 3616 speram
2260 3563 2373 3599 non
2393 3546 2578 3599 habet.
2611 3546 2775 3599 Nullo
2804 3562 2940 3615 ergo
2967 3547 3135 3599 modo
3166 3552 3352 3615 potest
3382 3546 3492 3599 dici
3515 3561 3703 3616 quem-

2016 3617 2326 3670 admodum
2373 3617 2572 3670 fecerit
2612 3618 2757 3670 Deus
2787 3620 2992 3670 ccelum
3026 3621 3082 3669 et
3124 3622 3359 3681 terram,
3393 3622 3449 3669 et
3476 3633 3705 3672 omnem

2016 3693 2357 3758 creaturam,
2382 3703 2555 3757 quam
2587 3686 2839 3741 condidit
2867 3706 2883 3740 :
2918 3688 3015 3758 sed
3042 3687 3150 3758 ista
3181 3687 3455 3757 expositio
3490 3705 3591 3758 per
3619 3705 3709 3741 or-

2018 3757 2208 3811 dinem
2239 3759 2461 3812 dierum
2482 3760 2560 3811 sic
2590 3758 2805 3811 iudicat
2843 3757 3005 3828 quasi
3052 3757 3347 3811 historiam
3388 3757 3580 3812 rerum
3624 3760 3706 3813 fa-

2015 3833 2233 3881 ctarum
2276 3835 2340 3883 ut
2395 3829 2863 3898 praedicationem
2921 3828 3245 3881 futurorum
3309 3829 3553 3882 maxime
3610 3832 3708 3883 ob-

2017 3907 2217 3954 servet.
2252 3899 2310 3953 Si
2342 3906 2530 3952 autem
2572 3900 2821 3969 aliquem
2863 3905 3051 3951 movet
3089 3899 3241 3967 quod
3274 3899 3334 3951 in
3386 3899 3505 3952 istis
3563 3906 3701 3953 aeta-

2017 3969 2165 4023 tibus
2195 3970 2387 4022 saeculi
2420 3969 2561 4023 duas
2590 3977 2784 4022 estates
2813 3970 3028 4038 primas
3053 3969 3213 4021 denis
3239 3970 3709 4039 generationibus

2014 4040 2361 4093 advertimus
2400 4039 2690 4109 explicari,
2724 4044 2836 4092 tres
2885 4045 3075 4092 autem
3124 4046 3541 4109 consequentes
3597 4042 3709 4095 sin-

2014 4111 2163 4180 gulas
2250 4108 2685 4181 quatuordecim
2760 4108 3228 4181 generationibus
3301 4108 3701 4175 contexuntur,

2013 4188 2164 4233 sexta
2198 4180 2329 4234 vero
2361 4181 2465 4235 ista
2490 4182 2647 4234 nullo
2699 4180 3134 4251 generationum
3189 4196 3429 4234 numero
3476 4181 3710 4235 definita

256 4240 605 4323 multiplicatio
635 4240 1001 4323 peccatorum
1041 4253 1098 4305 in
1127 4240 1341 4323 populo
1363 4240 1711 4319 Iudaeorum,
1768 4252 1903 4322 quia
1931 4240 1973 4294 Ῐ)
2012 4252 2084 4304 sit
2117 4268 2129 4305 :
2163 4251 2325 4305 facile
2368 4256 2452 4305 est
2509 4240 2732 4305 viderev
2754 4252 2933 4323 etiam
2981 4251 3041 4304 in
3071 4267 3426 4322 unoquoque
3474 4252 3705 4306 homine

255 4322 314 4373 sic
334 4322 760 4390 exceecatisunt,
825 4328 887 4377 ut
934 4322 1218 4377 Deum’et
1275 4323 1581 4376 Dominum
1640 4327 1899 4376 nostrum

251 4391 407 4447 Iesum
460 4396 750 4450 Christum
802 4410 916 4448 non
968 4400 1204 4463 possent
1249 4409 1582 4464 agnoscere.
1649 4394 1899 4462 Mystice,

256 4474 577 4536 maiiesexta:
605 4467 719 4520 diei
749 4466 814 4519 ﬁt
850 4466 1179 4536 praedicatio
1216 4464 1508 4536 Evangelii
1537 4479 1663 4536 per
1684 4466 1897 4531 Jcsum,

257 4531 460 4608 et‘iinito
498 4538 587 4591 die
604 4537 828 4608 quinto,
850 4531 908 4608 id
935 4542 1018 4608 est
1047 4536 1247 4608 quinta
1277 4531 1464 4608 aetate,
1496 4531 1695 4608 incipit
1724 4541 1895 4608 sexta,

253 4602 425 4658 scilicet
459 4602 716 4662 senectus
738 4602 941 4660 veteris
970 4602 1242 4670 hominis,
1279 4605 1336 4659 in
1368 4620 1482 4675 qua
1512 4605 1680 4657 homo
1710 4606 1900 4657 minus

253 4680 418 4749 potens
445 4684 543 4745 est,
571 4684 628 4732 et
658 4678 823 4749 quasi
854 4678 1275 4749 adextremum
1306 4676 1436 4728 vitae
1468 4677 1663 4749 tendit.
1706 4677 1768 4729 Et
1797 4676 1901 4729 hoc

250 4743 389 4819 etiam
425 4743 845 4819 apparati-quia
882 4748 1024 4801 illud
1055 4749 1281 4801 carnale
1341 4762 1582 4819 regnum
1614 4746 1772 4819 ‘jam
1816 4754 1901 4819 est

252 4815 575 4872 vehementer
594 4815 872 4883 attritum,
903 4819 1130 4889 quando
1181 4823 1238 4872 et
1288 4817 1567 4886 templum
1612 4817 1712 4870 Dei
1742 4816 1897 4886 deje-

252 4890 375 4939 ctum
404 4896 500 4953 est,
533 4896 587 4943 et
608 4890 882 4943 sacriﬁcia
920 4892 1281 4942 cessaverunt
1322 4904 1335 4941 :
1367 4894 1422 4940 et
1453 4903 1604 4940 nunc
1643 4903 1708 4939 ea
1736 4903 1894 4957 gens,

252 4964 489 5022 quantum
518 4962 587 5014 ad
620 4960 779 5029 regni
823 4961 968 5012 vires
998 4962 1223 5026 attinet,
1272 4958 1433 5029 quasi
1477 4963 1790 5011 extremam
1824 4959 1899 5010 vi-

253 5029 344 5079 tam
372 5032 549 5084 trahit.
594 5032 657 5084 In
712 5033 821 5083 ista
860 5037 1050 5083 tamen
1084 5036 1272 5095 astate,
1318 5035 1593 5098 tanquam
1636 5029 1693 5081 in
1727 5045 1895 5082 sene-—

252 5100 373 5169 ctute
398 5104 593 5155 veteris
630 5100 899 5167 hominis,
933 5102 1107 5155 homo
1139 5116 1316 5154 novus
1348 5099 1618 5163 nascitur,
1654 5100 1751 5169 qui
1774 5100 1897 5169 jam

252 5167 575 5237 spiritualiter
645 5172 818 5237 vivit;
874 5180 1028 5225 sexta
1110 5171 1260 5224 enim
1324 5170 1433 5235 die,
1492 5167 1705 5223 dictum
1771 5167 1891 5224 est:

254 5235 549 5314 {Producat
585 5247 735 5296 terra
785 5235 1033 5295 animam
1093 5242 1395 5295 viventem.
1432 5261 1458 5288 ››
1523 5241 1661 5314 Nam
1695 5240 1896 5314 quinta

254 5304 324 5359 die
350 5326 448 5365 non
474 5313 683 5367 dictum
714 5318 838 5367 erat
867 5328 881 5366 :
912 5314 1236 5366 Producant
1285 5326 1451 5381 aqua:
1505 5304 1752 5364 animam
1806 5312 1895 5363 vi—

254 5386 459 5454 Veutem,
490 5385 582 5438 sed
635 5384 864 5454 reptilia
918 5383 1243 5437 animarum
1290 5384 1566 5454 vivarum.
1599 5382 1895 5454 Quomodo

254 5450 620 5523 enimcorpora
649 5450 783 5508 sunt
810 5455 1059 5523 reptilia,
1093 5454 1171 5507 sic
1201 5459 1337 5507 tunc
1357 5453 1542 5506 adhuc
1572 5453 1744 5506 etiam
1768 5468 1892 5505 cor-

256 5522 397 5594 porali
424 5522 841 5579 circumcisione
869 5522 924 5579 et
968 5524 1274 5589 sacriﬁciis,
1310 5530 1581 5594 tanquam
1615 5523 1671 5575 in
1725 5522 1890 5594 mari,

256 5592 469 5665 Sentium
498 5598 739 5665 populus
766 5596 863 5650 ille
900 5594 1179 5650 serviebat
1202 5593 1333 5663 legi.
1368 5592 1557 5665 Istam,
1581 5608 1713 5647 vero
1765 5593 1891 5646 ani-

257 5670 377 5714 mam
396 5663 759 5736 uvam—dicit,
806 5665 941 5736 quia
989 5667 1164 5719 vitam
1209 5667 1329 5736 jam
1386 5663 1673 5735 incipiunt
1718 5668 1887 5717 mter-

259 5742 360 5784 nam
382 5733 704 5793 desiderare.
756 5733 1057 5808 Serpentes
1077 5733 1226 5807 ergo
1248 5742 1303 5791 et
1336 5733 1560 5807 pecora,
1592 5750 1721 5806 qua:
1774 5738 1890 5790 ter-

2010 4322 2151 4375 duas
2182 4323 2397 4392 primas
2427 4328 2641 4387 aetates,
2679 4322 2979 4376 infantiam
3005 4326 3062 4376 et
3092 4323 3418 4393 pueritiam,
3452 4326 3707 4392 corporis

2010 4394 2270 4447 sensibus
2344 4394 2675 4448 inhaerere:
2722 4394 2823 4464 qui
2874 4410 3073 4447 sensus
3106 4395 3391 4465 corporis
3448 4394 3704 4465 quinque

2009 4470 2139 4517 sunt
2209 4465 2380 4531 visus,
2445 4465 2692 4529 auditus,
2755 4470 2978 4533 gustus,
3033 4464 3295 4531 olfactus,
3353 4469 3411 4517 et
3458 4472 3641 4518 tactus
3691 4486 3705 4530 ;

2008 4534 2308 4604 quinarius
2347 4539 2538 4588 autem
2563 4551 2836 4588 numerus
2878 4534 3198 4605 duplicatus
3252 4534 3545 4604 (quoniam
3592 4535 3702 4587 du—

2009 4606 2137 4673 plex
2191 4611 2277 4659 est
2332 4621 2497 4658 sexus
2539 4607 2843 4673 humanus,
2897 4607 3050 4659 unde
3112 4605 3509 4675 generationes
3562 4607 3703 4658 tales

2008 4674 2280 4740 existunt,
2329 4676 2678 4729 masculinus
2734 4682 2791 4729 et
2853 4674 3187 4743 femininus)
3246 4675 3544 4728 denarium
3595 4691 3701 4729 nuo

2008 4762 2232 4827 merum
2259 4748 2410 4826 facit.
2432 4749 2577 4827 .Jam'
2601 4763 2731 4827 vero
2780 4746 2850 4827 ab
2881 4746 3281 4827 adolescentia,
3316 4750 3373 4799 et
3411 4746 3698 4827 deinceps,

2010 4816 2104 4870 ubi
2132 4818 2299 4881 ratio,
2333 4818 2533 4886 incipit
2563 4818 2620 4870 in
2652 4817 2884 4871 homine
2932 4818 3261 4887 praevalere,
3293 4817 3507 4887 accedit
3533 4816 3700 4886 quin-

2008 4902 2119 4956 que
2151 4887 2412 4942 sensibus
2444 4888 2693 4958 cognitio
2721 4894 2778 4941 et
2806 4886 2969 4953 ratio,
3006 4887 3213 4957 quibus
3254 4886 3366 4940 vita
3400 4886 3617 4957 regitur
3646 4895 3702 4941 et

2007 4958 2474 5012 administratur:
2519 4965 2581 5012 ut
2623 4960 2742 5028 jam
2768 4958 3123 5028 septenarius
3153 4973 3425 5011 numerus
3459 4975 3578 5011 esse
3610 4959 3699 5012 in-

2006 5028 2195 5098 cipiat,
2230 5029 2331 5099 qui
2381 5029 2642 5083 similiter
2686 5029 3029 5098 duplicatus,
3061 5029 3497 5097 quatuordecim
3527 5046 3700 5100 gene-

2005 5099 2324 5153 rationibus
2368 5101 2587 5154 eminet
2624 5104 2682 5153 et
2714 5104 2967 5168 apparet,
3002 5116 3142 5169 quas
3174 5100 3388 5153 habent
3420 5099 3697 5154 tres’asta-

2007 5174 2089 5222 tes
2150 5176 2583 5239 consequentes,
2642 5169 3011 5223 adolescentis
3070 5171 3300 5236 scilicet,
3363 5171 3591 5239 juvenis
3646 5177 3702 5225 et

2005 5240 2266 5293 senioris.
2328 5240 2639 5295 Senectutis
2689 5256 2820 5293 vero
2861 5246 3018 5302 aetas,
3056 5241 3199 5296 sicut
3249 5241 3311 5294 in
3342 5242 3508 5295 nobis
3537 5242 3699 5296 nullo

2005 5316 2217 5382 statuto
2252 5326 2530 5363 annorum
2586 5315 2842 5382 tempore
2889 5310 3177 5374 deﬁnitur,
3234 5312 3329 5365 sed
3389 5317 3517 5382 post
3574 5314 3701 5366 illas

2005 5381 2281 5453 quinque,
2324 5388 2604 5453 quantum
2640 5381 2884 5452 quisque
2920 5382 3143 5453 vixerit,
3201 5381 3475 5436 senectuti
3514 5384 3694 5453 depu-

2004 5457 2158 5525 tatur
2192 5468 2205 5505 :
2233 5452 2323 5525 sic
2345 5453 2402 5525 in
2450 5452 2557 5505 ista
2585 5452 2969 5525 mtatesmculi
3002 5459 3431 5525 nonappareut
3462 5452 3699 5525 genera-

2004 5521 2189 5596 tiones
2221 5522 2491 5596 deﬁnitae,
2530 5527 2591 5596 ut
2618 5524 2872 5577 occultus
2925 5523 2997 5576 sit
3044 5521 3280 5596 ultimus
3333 5521 3491 5586 dies:
3524 5541 3694 5596 quem

2000 5592 2222 5646 utiliter
2253 5593 2526 5647 Dominus
2555 5594 2731 5647 latere
2760 5599 3023 5663 Oportere
3048 5592 3430 5649 demonstrat.

2073 5662 2231 5736 (Anc.
2257 5664 2353 5717 ubi
2380 5670 2592 5734 supra).
2622 5662 2931 5719 Moraliter.
2965 5663 3144 5717 Habet
3174 5665 3568 5736 unusquisque
3600 5682 3673 5717 no

2000 5736 2177 5789 strum
2210 5734 2269 5789 in
2302 5736 2471 5791 rectis
2499 5735 2769 5806 operibus
2792 5738 2847 5788 et
2874 5741 3024 5789 recta
3043 5737 3177 5803 vita,
3200 5734 3697 5805 tauquam‘distuio

3990 4546 3991 4575 l

3989 4602 3991 4627 l
