4086 6190
296 257 360 306 67
911 249 1312 306 \VALAFRIDI
1349 252 1597 306 STRABI
1641 251 1845 308 FULD.
1886 250 2055 306 MON.
2102 252 2260 306 OPP.
2312 253 2486 308 PARS
2526 253 2566 306 l.
2620 281 2678 294 --
2717 253 3178 309 TIIEOLOGICA.
3734 259 3803 308 68

293 385 414 458 etes
439 380 574 458 istos
614 394 712 458 se}
743 378 886 444 dies,
921 381 1052 458 etc.,
1075 393 1242 458 usque
1276 378 1359 458 ad.
1380 377 1565 458 servio
1593 376 1707 458 legi
1733 375 1974 458 peccati.
2010 376 2057 433 A
2098 376 2515 458 Ianarratione
2547 380 3083 458 rerum-gestarum,
3119 380 3249 441 etc.,
3283 390 3451 458 usque
3478 377 3555 458 ad_
3588 377 3647 431 in
3681 394 3799 458 quo

296 460 298 462 ’
370 453 520 523 (ism.
548 452 624 523 in.
654 450 808 523 Gen,
837 465 996 523 __cap._
1033 453 1051 503 ί
1091 447 1230 514 et’2,
1262 454 1319 504 et
1347 447 1511 523 initio
1549 447 1750 523 tertii.)
1783 447 1994 523 Quarto

303 518 553 602 die,_quo
578 522 700 602 jam
731 521 789 575 in
835 518 1329 602 illo—firmamento
1367 519 1687 602 disciplima
1715 518 1994 589 spiritales

295 589 708 663 intelligentias
738 597 1223 663 operatur_atque
1275 589 1597 660 distinguit,
1640 594 1773 658 etc.,
1825 603 1995 658 usque

297 664 372 718 ad
400 669 456 717 et
477 661 732 733 j'ucnudo
763 661 881 716 otio
908 661 1292 732 perfruentur.

367 729 545 803 (isfo.
573 736 698 800 ibi.,
731 749 852 803 cap.
898 729 963 800 1⁷.)
1017 735 1257 803 Mystice.
1294 748 1322 781 α
1363 730 1437 803 _ln
1467 729 1752 803 principio
1785 732 1994 803 creavit

299 801 445 860 Deus
467 805 670 858 coelum
713 809 768 858 et
783 801 1015 856 terram.
1049 822 1075 854 »
1107 801 1466 872 Spirituales,
1499 801 1711 854 scilicet
1746 801 1845 871 qui
1876 816 1994 854 cm-

297 876 458 930 lestia
497 875 868 936 meditantur,
924 881 1054 939 etc.,
1104 871 1274 942 uSque
1324 872 1400 926 ad
1439 890 1466 921 α
1522 887 1800 944 magnum
1831 878 1918 926 est
1945 871 1991 924 si

295 946 543 1000 carnalia
561 950 744 1000 vestra
781 949 1084 998 metamus.
1119 962 1146 995 ››

368 1017 528 1087 (Ave.
587 1016 653 1072 de
682 1016 810 1071 Gen.
871 1014 946 1069 ad
996 1015 1107 1068 litt.
1148 1014 1248 1068 lib.
1310 1029 1428 1080 vm,
1489 1029 1536 1066 c.
1609 1016 1654 1079 l,
1705 1015 1825 1066 tom
1871 1013 1991 1080 Ill.)

295 1226 1008 1236 ——_—ﬁm
1017 1226 1296 1234 -——.—_——.—
1307 1226 1498 1233 ...ο-...οη
1515 1224 1824 1234 ————_——

2100 448 2222 572 8(1))10
2266 447 2548 502 formatur
2605 452 2661 502 et
2714 447 3094 514 illuminatur,
3151 463 3220 501 ne
3291 448 3364 502 sit
3407 448 3659 503 tenebras
3698 447 3795 504 'vel

2100 534 2132 572 a
2173 534 2356 572 vssus.

2099 534 2356 573 8DVSSllS.

2171 534 2406 658 {5:12,
2463 588 2563 642 lib.
2628 604 2779 642 xxxu
2831 589 3050 653 Moral.,
3109 605 3158 644 c.
3199 591 3284 654 12,
3317 591 3457 644 tom.
3500 589 3593 660 Il.)
3625 589 3796 654 Quee-

2101 660 2342 714 rendum
2374 664 2458 713 est
2503 660 2821 730 quomodo
2862 661 3010 714 Deus
3065 666 3269 713 cuncta
3321 660 3492 714 simul
3519 660 3795 730 condidit,

2101 733 2239 784 dum
2262 730 2410 784 idem
2434 729 2646 800 Moyses
2678 746 2741 783 ex
2773 729 2996 784 dierum
3029 731 3344 784 mutatione
3376 730 3650 796 variante,
3675 729 3798 786 dis;

2099 800 2273 854 tincte
2327 806 2516 854 creata
2565 800 2881 855 describit?
2936 800 3042 855 Sed
3081 816 3274 855 rerum
3328 803 3568 855 materia
3619 801 3790 856 simul

2098 877 2285 925 creata
2337 876 2610 944 est,‘etc.,
2651 885 2820 940 usque
2874 871 2950 925 ad
2987 887 3116 943 quae
3147 888 3261 926 non
3294 871 3464 926 simul
3509 873 3802 944 prodeunt

2097 957 2204 1013 per
2225 941 2504 1012 temporis
2539 942 2912 996 incrementa.

921 1417 946 1447 ⁸
1327 1412 2157 1526 WALAFRIDI
2251 1414 2762 1523 STRABI

1627 1631 2064 1698 FULDENSIS
2109 1629 2471 1697 MONACHI

510 1819 1329 1970 OPERUM
1438 1815 2236 1962 OMNIUM
2341 1815 2842 1961 PARS
2947 1815 3576 1960 PRIMA

1950 2066 2129 2132 SIVE

1169 2227 1740 2367 OPERA
1840 2235 2916 2364 THEOLOGICA

1013 2617 1778 2748 GLOSSA
1884 2614 3067 2760 ORDINARIA.

1683 2957 1945 3028 LIBER
1998 2957 2394 3028 GENESIS.

706 3102 966 3158 Hebraice
994 3103 1172 3158 dictus
1195 3104 1456 3169 minima,
1492 3105 1735 3172 Bsaasrr,
1762 3105 1824 3158 id
1850 3109 1928 3158 est
1961 3118 2260 3166 eamcrmo;
2293 3103 2478 3157 Graece
2518 3105 2806 3168 ΓΕΝΕΣΙΣ,
2837 3100 2899 3154 id
2921 3105 2999 3156 est
3025 3101 3359 3156 Genusum.

861 3411 1085 3468 CAPUT
1118 3411 1411 3468 PRIMUM.

362 3502 524 3555 Vens.
562 3504 609 3556 l.
639 3530 702 3540 —
742 3521 764 3547 ι
812 3500 874 3554 In
906 3498 1187 3568 principio
1212 3499 1443 3565 creavit,
1469 3520 1496 3551 η
1529 3503 1634 3556 etc.
1669 3501 1787 3553 Non
1809 3499 1984 3554 dicit:

291 3591 354 3646 In
383 3588 666 3660 principio
706 3587 842 3642 dicit
895 3588 1061 3652 Deus,
1107 3587 1223 3641 Fiet
1255 3589 1459 3641 crelnm
1527 3592 1584 3640 et
1641 3594 1812 3643 terra.
1877 3588 1985 3642 Sed

291 3677 437 3733 dixit
471 3691 484 3730 :
521 3696 548 3727 α
579 3677 699 3730 Fiat
729 3677 846 3741 lux,
880 3680 937 3729 et
968 3676 1112 3730 facta
1169 3679 1254 3730 est
1306 3677 1418 3740 lux,
1448 3696 1475 3728 ι)
1537 3677 1811 3747 quoniam
1851 3677 1983 3730 uni-

289 3765 580 3819 versaliter
609 3764 844 3819 nomine
892 3765 1019 3818 cmli
1046 3769 1103 3819 et
1157 3769 1323 3818 terrae
1381 3765 1986 3836 comprehendendum

290 3860 414 3909 erat
443 3853 724 3925 quidquid
779 3853 914 3908 fecit
955 3854 1126 3921 Deus,
1186 3853 1390 3908 deinde
1446 3870 1551 3925 per
1585 3859 1774 3925 partes
1805 3855 1986 3926 expli-

290 3942 534 3997 candum
594 3942 885 4013 quomodo
937 3941 1090 3996 fecit.
1161 3943 1318 3998 Unde
1379 3942 1690 4014 sequitur:
1742 3963 1768 3994 «
1805 3943 1990 4008 jDixit

289 4032 457 4097 Deus,
521 4030 662 4097 Fiat,
696 4051 724 4080 »
776 4030 835 4084 id
885 4036 988 4094 est.
1029 4047 1133 4100 per
1182 4031 1418 4086 verbum
1475 4047 1644 4086 suum
1693 4031 1841 4086 fecit.
1889 4032 1986 4086 Vel

290 4119 426 4190 quia
445 4134 573 4172 cum
603 4118 856 4190 primum
893 4118 1067 4172 ﬁebat
1111 4118 1370 4174 informis
1428 4119 1668 4174 materia
1713 4120 1987 4190 spiritua-

287 4208 380 4273 lis,
420 4207 505 4260 vel
538 4206 868 4276 corporalis,
894 4221 1009 4259 non
1041 4211 1161 4260 erat
1193 4207 1495 4261 dicendum
1528 4227 1543 4262 :
1580 4226 1608 4260 α
1633 4209 1782 4263 Dixit
1814 4209 1985 4277 Deus,

291 4315 319 4345 α
356 4295 551 4360 Fiat;»
581 4294 965 4364 incongruum
1019 4293 1173 4348 enim
1208 4301 1329 4348 erat
1367 4312 1398 4349 a
1431 4297 1547 4364 Deo
1586 4296 1718 4363 dici,
1762 4319 1783 4345 ι
1813 4297 1928 4358 fiat,
1958 4320 1980 4347 ι

290 4381 426 4452 quia
449 4381 690 4436 formam
721 4380 881 4434 verbi
907 4397 1023 4434 non
1048 4381 1307 4436 imitatur
1326 4383 1700 4452 imperfectio,
1719 4384 1828 4437 nisi
1855 4400 1985 4438 cum

290 4469 517 4539 generis
573 4469 660 4523 sui
723 4468 1090 4523 conversione
1137 4471 1206 4523 ad
1249 4475 1563 4525 creatorem
1609 4472 1680 4525 sit
1735 4473 1988 4543 perfecta

291 4563 587 4624 creatura;
623 4561 685 4611 ut
713 4573 843 4611 cum
879 4556 1090 4611 dicitur
1119 4574 1133 4612 :
1182 4577 1210 4608 ει
1245 4557 1394 4612 Dixit
1437 4559 1604 4625 Deus,
1660 4560 1799 4628 Fiat,
1835 4580 1864 4612 »
1896 4560 1985 4614 in-

287 4645 614 4716 telligamus
660 4661 790 4700 eum
869 4645 940 4699 ad
996 4661 1054 4700 se
1119 4644 1527 4716 perfectionem
1584 4654 1859 4702 creaturas
1899 4665 1984 4702 re-

289 4750 512 4789 vocare.
543 4735 683 4789 Cum
715 4750 852 4805 ergo
884 4733 1095 4788 dicitur
1135 4751 1148 4789 :
1177 4754 1204 4785 α
1236 4735 1300 4788 In
1342 4734 1624 4806 principio
1654 4736 1787 4791 fecit
1836 4739 1984 4792 Deus

290 4841 318 4874 α
348 4824 554 4876 cretum
584 4828 636 4877 et
667 4829 902 4890 terram,
937 4842 966 4873 ι)
999 4823 1466 4877 commemoratio
1523 4824 1649 4878 Filii
1705 4825 1792 4891 ﬁt,
1850 4826 1988 4898 quia

290 4910 638 4980 principium
653 4915 764 4979 est;
793 4911 891 4966 sed
923 4927 1054 4966 cum
1075 4911 1286 4966 dicitur
1317 4928 1331 4966 :
1361 4933 1382 4961 ι
1415 4912 1567 4966 Dixit
1592 4914 1764 4980 Deus,
1799 4915 1982 4980 Fiat,»

287 5004 774 5053 commemoratur
848 5000 986 5071 quia
1031 5001 1278 5055 Verbum
1337 5005 1438 5056 est.
1479 5003 1585 5056 Per
1635 5003 1986 5072 principium

288 5091 448 5141 notat
504 5087 804 5141 exordium
869 5093 1144 5143 creatura!
1207 5089 1502 5145 existentis
1557 5091 1628 5145 ab
1689 5091 1824 5159 illo;
1883 5109 1986 5164 per

291 5175 560 5243 Verbum,
611 5174 1025 5245 perfectionem
1066 5183 1338 5233 creaturae
1393 5180 1464 5234 ab
1513 5180 1612 5234 illo
1667 5181 1739 5235 ad
1794 5181 1986 5250 ipsum

286 5268 589 5328 revocatas,
612 5267 677 5316 ut
719 5263 1000 5318 formetur
1035 5265 1319 5322 imitando
1377 5268 1625 5323 formam
1685 5267 1856 5322 Verbi
1902 5269 1987 5322 in-

292 5351 779 5407 commutabilem.
841 5353 967 5408 Non
1023 5354 1176 5408 enim
1223 5355 1398 5412 habet
1447 5357 1624 5412 vitam
1680 5356 1984 5413 informem

289 5440 535 5494 Verbum
581 5440 705 5511 Dei,
761 5441 852 5495 cui
908 5445 992 5495 est
1042 5442 1193 5497 idem
1251 5461 1374 5500 esse
1403 5446 1558 5518 quod
1614 5447 1831 5512 vivere;
1867 5446 1985 5500 imo

293 5528 446 5583 idem
474 5528 663 5585 vivere
693 5529 844 5602 quod
874 5527 1039 5585 beate
1071 5529 1281 5588 vivere.
1315 5533 1586 5589 Creatura
1641 5550 1774 5591 vero
1823 5536 1989 5607 spiri-

2028 3413 2068 3468 Β
2101 3410 2268 3466 tualis
2299 3409 2474 3464 habet
2500 3408 2806 3464 informem
2836 3407 3035 3474 vitam,
3095 3407 3188 3461 cui
3240 3423 3354 3461 non
3387 3411 3471 3460 est
3526 3409 3633 3461 hoc
3663 3422 3788 3460 esse

2096 3497 2249 3568 quod
2290 3496 2518 3564 vivere;
2567 3511 2672 3550 nec
2727 3494 2915 3548 vivere
2964 3494 3116 3564 quod
3174 3494 3337 3549 beate
3369 3494 3593 3548 vivere:
3630 3493 3784 3565 quia,

2095 3601 2292 3641 aversa
2314 3601 2348 3639 a
2376 3584 2656 3656 sapientia
2686 3583 2811 3652 Dei,
2841 3583 3010 3636 stulte
3029 3589 3084 3636 et
3113 3583 3319 3636 misere
3347 3583 3504 3637 vivit.

2093 3689 2104 3722 ι
2168 3675 2287 3729 «In
2310 3673 2615 3745 principio,
2651 3693 2679 3721 »
2727 3676 2833 3727 etc.
2869 3673 3056 3740 (BEDA,
3104 3673 3357 3726 Hexaem.
3402 3671 3497 3726 lib.
3549 3689 3587 3735 ι,
3646 3677 3785 3725 tom.

2095 3765 2166 3830 II,
2203 3764 2288 3819 col
2333 3765 2470 3832 13⁸.)
2528 3761 2884 3817 Creationem
2941 3759 3144 3814 mundi
3196 3760 3495 3814 insinuans
3541 3759 3791 3830 Scriptu-

2093 3869 2179 3919 ra,
2212 3853 2401 3924 primo
2439 3851 2610 3906 verbo
2639 3848 3021 3903 aeternitatem
3052 3853 3108 3902 et
3147 3848 3620 3926 omnipotentiam
3689 3848 3790 3904 Dei

2093 3941 2383 3997 ostendit:
2415 3956 2587 4011 quem
2615 3939 2770 3992 enim
2811 3938 2871 3990 in
2920 3937 3203 4008 principio
3247 3942 3571 4008 temporum
3619 3953 3788 3991 mun-

2096 4031 2233 4085 dum
2265 4045 2484 4083 creasse
2513 4027 2793 4100 perhibet.
2825 4026 3093 4080 eumdem
3147 4030 3278 4080 ante
3337 4031 3600 4097 tempora
3628 4030 3790 4079 teter-

2094 4120 2303 4174 naliter
2333 4117 2617 4188 significat
2667 4115 2969 4170 exstitisse.
3005 4116 3070 4168 Et
3115 4131 3284 4186 quem
3336 4115 3397 4169 in
3443 4114 3790 4168 conditionis

2095 4208 2260 4262 initio
2313 4208 2518 4262 ρωιυω
2578 4210 2634 4259 et
2677 4209 2889 4258 terram
2941 4219 3157 4258 creasse
3226 4209 3441 4270 narrat,
3484 4208 3642 4256 tanta
3695 4220 3785 4256 ce-

2096 4297 2318 4352 leritate
2371 4293 2726 4366 operationis
2775 4292 3232 4363 omnipotentem
3305 4309 3426 4346 esse
3513 4293 3785 4356 declarat,

2093 4385 2187 4440 cui
2234 4384 2497 4449 voluisse,
2538 4383 2722 4437 facere
2768 4387 2872 4436 est.
2924 4381 3074 4435 Bene
3124 4397 3262 4451 ergo
3320 4380 3530 4434 dicitur
3575 4397 3588 4435 :
3661 4401 3688 4429 «
3721 4381 3782 4434 lu

2097 4495 2124 4526 α
2148 4472 2433 4545 principio
2463 4471 2694 4539 creavit,
2728 4491 2756 4520 »
2790 4475 2895 4525 etc.
2928 4471 3247 4540 Utrumque
3304 4469 3534 4533 scilicet,
3592 4469 3784 4534 simul,

2094 4561 2355 4634 quamvis
2368 4567 2676 4632 utrumque
2698 4559 2870 4614 simul
2898 4559 2969 4614 ab
2980 4559 3212 4613 homine
3230 4575 3346 4613 non
3366 4559 3605 4612 dicatur.
3631 4557 3788 4612 Unde

2092 4651 2372 4723 propheta
2435 4653 2647 4704 terram
2697 4648 2760 4702 in
2797 4647 2965 4702 initio
3032 4647 3238 4701 factam
3285 4646 3535 4700 ostendit
3572 4646 3784 4711 dicens,

2097 4741 2240 4812 psal.
2277 4753 2323 4792 cr
2354 4755 2367 4793 :
2405 4759 2432 4786 «
2462 4736 2629 4792 Initio
2657 4741 2740 4804 tu,
2768 4735 3026 4800 Domine,
3062 4739 3275 4788 terram
3320 4734 3593 4802 fundasti,
3616 4755 3644 4787 ν
3677 4741 3782 4788 etc.

2171 4849 2192 4877 ι
2229 4827 2294 4881 In
2333 4825 2639 4898 principio,
2665 4845 2692 4874 ›
2750 4827 2856 4877 etc.
2889 4823 3103 4878 Ccelum
3151 4826 3271 4878 non
3325 4823 3547 4877 visibile
3598 4823 3786 4877 firma-

2099 4920 2379 4983 mentum,
2413 4913 2508 4967 sed
2563 4927 2922 4983 empyreum,
2962 4910 3016 4964 id
3050 4915 3155 4978 est,
3201 4911 3436 4982 igneum
3478 4911 3566 4964 vel
3608 4911 3782 4965 intel—

2095 5003 2357 5068 lectuale,
2379 5001 2535 5072 quod
2567 5016 2682 5054 non
2713 4999 2783 5054 ab
2829 4999 3054 5066 ardore,
3086 4998 3184 5054 sed
3235 5016 3267 5053 a
3307 4999 3612 5070 splendore
3651 4999 3786 5054 dici-

2097 5098 2212 5158 tur,
2245 5089 2396 5162 quod
2443 5089 2633 5144 statim
2663 5088 2947 5158 repletum
2988 5092 3072 5142 est
3115 5089 3355 5159 angelis.
3405 5087 3560 5142 Unde
3591 5087 3650 5142 in
3678 5087 3788 5142 Job

2095 5197 2300 5234 xxxvm
2330 5196 2342 5234 :
2379 5198 2403 5230 α
2430 5178 2534 5233 Ubi
2576 5194 2700 5232 eras
2729 5192 2858 5231 cum
2921 5192 3011 5230 me
3043 5176 3343 5232 laudarent
3399 5181 3549 5229 astra
3607 5180 3788 5229 matu-

2101 5290 2124 5320 α
2161 5269 2301 5336 tina,
2334 5287 2363 5319 υ
2414 5271 2520 5321 etc.
2555 5267 2620 5320 Et
2682 5268 2820 5320 nota
2877 5265 2988 5320 tria
3046 5265 3139 5320 hic
3189 5263 3628 5319 commemorari
3675 5265 3788 5318 ele-

2097 5361 2309 5410 menta.
2363 5353 2603 5410 Nomine
2659 5354 2807 5419 cmli,
2862 5369 3052 5408 aerem
3094 5352 3488 5424 intelligimus.
3541 5351 3786 5407 Nomine

2095 5452 2286 5512 terrae,
2343 5443 2526 5516 ipsam
2582 5448 2639 5498 et
2688 5443 2884 5513 ignem
2938 5442 3038 5513 qui
3086 5441 3146 5496 in
3178 5457 3245 5496 ea
3289 5442 3443 5496 latet.
3474 5441 3694 5510 Quarti,
3724 5441 3785 5496 id

2095 5539 2201 5600 est,
2225 5548 2389 5606 aquae
2419 5531 2480 5587 in
2501 5531 2872 5603 sequentibus
2903 5528 2969 5584 tit
2995 5529 3232 5584 mentio.

361 5713 440 5784 (α)
488 5714 846 5771 Revocantur
871 5717 1049 5771 lector
1075 5719 1146 5772 ad
1178 5724 1364 5774 tomos
1395 5721 1734 5790 Patrologiaa
1759 5726 1989 5778 nostrai.
2028 5724 2192 5778 Enl'r.
