4050 6188
231 300 283 347 69

1360 292 1612 348 GLOSSA
1642 292 2050 347 ORDINARIA.
2094 322 2162 333 --
2194 293 2323 348 LIB.
2357 293 2516 347 GEN.

3554 298 3684 355 ,70

284 418 483 483 (Αιεωη
509 415 564 467 in
615 414 751 467 Gen.
802 417 943 467 tom.
978 413 1039 480 Ι.)
1119 431 1145 465 ν
1178 413 1243 467 In
1282 413 1583 485 principio.
1638 434 1665 465 ι)
1710 413 1875 476 Filio,
1902 425 1950 481 Α
1989 415 2198 486 quibus
2227 415 2337 469 alia
2368 416 2482 469 duo
2513 415 2726 469 inserta
2754 421 2889 469 sunt
2917 431 3084 487 aqua,
3131 417 3362 483 scilicet,
3396 420 3452 472 et
3495 422 3673 484 terra,

228 520 318 576 quo
350 504 644 556 bumanato
691 502 880 571 patuit
903 501 1003 573 qui
1047 506 1238 556 essent
1282 504 1555 569 caelestes,
1606 502 1706 573 qui
1750 507 1871 556 ter-

228 591 339 646 reui.
382 590 608 655 Caelum,
659 595 922 644 creatura
970 590 1305 661 spiritualis,
1352 591 1422 644 ab
1472 591 1701 645 exordio
1740 607 1870 661 per-

226 682 341 735 fecta
382 685 433 732 et
490 679 670 733 beata.
716 679 911 744 Terra,
972 679 1285 750 corporalis
1342 679 1611 734 materies
1683 681 1871 734 adhuc

227 768 527 839 imperfecta.
570 767 811 828 Ccelum,
848 767 1153 822 informem
1207 768 1506 822 materiam
1555 768 1869 839 spiritualis

225 858 343 923 vitae,
398 858 533 909 sicut
594 856 655 909 in
704 872 764 909 se
812 860 1001 925 potest
1045 857 1283 910 existere
1324 873 1440 911 non
1492 873 1760 910 conversa
1800 858 1868 911 ad

225 948 499 1001 Creatorem
549 943 608 997 in
658 960 773 1014 quo
828 944 1126 997 formatur.
1181 945 1432 1011 Terram,
1487 945 1864 1015 corporalem,

222 1035 320 1087 sine
360 1032 505 1086 omni
549 1032 825 1102 qualitate
879 1047 1007 1102 quae
1065 1037 1307 1103 apparet
1361 1032 1420 1085 in
1468 1032 1708 1086 materia
1746 1032 1868 1086 for-

224 1127 365 1175 mata.

278 1211 416 1269 ζΒςυΑ
470 1211 524 1260 in
570 1210 742 1273 Gem,
794 1213 938 1262 tom.
978 1209 1053 1275 II,
1105 1209 1212 1262 col.
1248 1208 1392 1278 191.)
1422 1208 1709 1279 Scriptura
1742 1209 1859 1263 ait:

225 1317 245 1344 ι
268 1297 357 1360 Qui
382 1296 553 1349 fecisti
585 1295 868 1350 mundum
904 1295 972 1350 de
992 1296 1232 1350 materia
1261 1295 1496 1350 informi
1523 1296 1681 1366 (Sap.
1712 1298 1803 1357 xi).
1838 1318 1864 1344 ››

222 1385 412 1440 Materia
452 1384 600 1439 facta
646 1390 731 1439 est
784 1384 854 1439 de
901 1384 1095 1438 nihilo.
1129 1384 1356 1455 Species
1404 1384 1607 1439 mundi
1650 1385 1719 1439 de
1748 1401 1866 1439 ma-

219 1474 331 1527 teria
352 1472 595 1527 informi.
632 1473 880 1527 Proinde
913 1474 1054 1527 duas
1083 1489 1174 1527 res
1207 1473 1339 1527 fecit
1364 1474 1511 1527 Deus
1551 1478 1683 1527 ante
1698 1490 1868 1527 omne

220 1576 425 1632 tempus.
481 1562 796 1631 angelicam
847 1566 1167 1616 creaturam
1226 1566 1283 1616 et
1330 1561 1626 1615 materiam
1688 1563 1865 1615 infor-

220 1667 355 1704 mem.
387 1651 649 1714 Quamvis
680 1650 835 1704 enim
886 1651 1152 1706 Salomon
1200 1650 1386 1704 dicat:
1425 1670 1451 1701 (ι
1484 1650 1590 1714 Qui
1643 1650 1779 1704 vivit
1805 1651 1862 1704 in

221 1764 235 1787 ι
264 1746 530 1801 internum,
578 1739 795 1793 creavit
858 1740 1053 1793 omnia
1110 1739 1281 1793 simul
1331 1741 1517 1808 (Ecclz'.
1561 1741 1742 1809 xvm),
1774 1755 1831 1793 se
1897 1721 1934 1773 Β

217 1829 423 1882 cundum
468 1829 754 1897 originem
816 1832 1009 1881 tamen
1066 1827 1328 1882 informis
1386 1827 1654 1881 materies
1707 1834 1865 1882 ante-

217 1916 331 1970 cedit
372 1917 668 1970 formatam
728 1916 994 1986 speciem.
1050 1917 1248 1987 Itaque
1272 1916 1574 1982 mundum,
1607 1922 1661 1970 et
1692 1932 1864 1986 ange-

216 2007 293 2071 los,
322 2009 371 2057 et
416 2004 668 2058 animam
715 2004 787 2057 de
843 2004 1025 2057 nihilo
1074 2004 1206 2057 fecit
1248 2005 1434 2058 Deus:
1486 2003 1778 2068 hominem
1812 2008 1868 2058 et

216 2099 459 2147 creaturas
485 2099 723 2147 caeteras
751 2093 820 2146 de
846 2093 1063 2162 aliquo.

270 2181 439 2249 (lbid.,
483 2181 597 2235 col.
654 2181 795 2248 192.)
850 2182 1078 2250 Septem
1121 2184 1253 2234 sunt
1286 2180 1435 2249 caeli,
1466 2196 1712 2251 quorum
1747 2179 1869 2235 haec

218 2274 318 2322 sunt
358 2269 604 2334 nomina,
652 2284 770 2334 aer,
835 2269 1034 2333 aether,
1100 2268 1387 2339 Olympus,
1465 2268 1715 2339 spatium
1779 2270 1865 2321 vel

216 2359 429 2426 igneum,
462 2357 915 2423 firmamentum,
957 2357 1161 2410 coelum
1192 2357 1554 2427 angelorum,
1594 2360 1650 2410 et
1690 2356 1869 2410 Trini—

215 2448 331 2499 tatis.
366 2447 739 2516 Hieronymus
770 2451 962 2499 autem
1000 2444 1139 2499 dicit
1177 2446 1381 2499 caelum
1431 2444 1723 2499 Trinitatis
1747 2444 1866 2514 pri-

215 2550 358 2601 mum,
390 2533 701 2588 secundum
732 2533 1092 2603 angelorum,
1133 2532 1366 2586 tertium
1412 2531 1864 2586 ﬁrmamentum.

266 2625 483 2689 Mystice.
509 2642 538 2673 α
572 2623 636 2675 In
670 2621 953 2692 principio
986 2621 1199 2675 creavit
1245 2621 1391 2674 Deus
1437 2621 1664 2674 coelum.
1699 2639 1726 2671 ι)
1764 2622 1868 2675 Eos

214 2709 391 2764 scilicet
444 2711 542 2781 qui
601 2709 843 2764 caelestis
897 2708 1210 2779 imaginem
1266 2713 1658 2778 portaverant.
1712 2728 1739 2758 ι(
1801 2710 1868 2763 Et

214 2804 465 2866 «terram,
516 2819 545 2852 ››
580 2799 638 2853 id
675 2803 762 2852 est
808 2814 903 2852 eos
946 2798 1048 2869 qui
1083 2803 1281 2868 postea
1310 2797 1720 2867 superbiendo,
1752 2801 1866 2851 ter-

215 2901 329 2950 ram,
356 2886 408 2940 id
459 2892 547 2940 est
578 2886 799 2939 terreni
846 2885 1066 2939 homini
1094 2886 1430 2956 imaginem,
1464 2890 1775 2956 portantes,
1806 2902 1866 2938 se

213 2974 427 3028 fecerunt
449 2975 759 3029 deformes.
796 2996 818 3022 ι
857 2976 1030 3028 Terra
1062 2980 1253 3029 autem
1280 2979 1403 3029 erat
1440 2974 1651 3041 inanis,
1678 2993 1704 3023 ι)
1731 2975 1868 3044 quia

211 3062 513 3133 deposuerat
559 3064 804 3117 formam
866 3064 1101 3117 bonam.
1161 3082 1188 3113 α
1244 3062 1310 3117 Et
1376 3078 1572 3128 vacua,
1645 3081 1671 3113 »
1732 3062 1865 3116 boni

209 3154 363 3220 aperis
416 3153 628 3207 fructu.
689 3170 716 3202 «ι
755 3152 820 3206 Et
874 3152 1125 3205 tenebrae
1174 3155 1360 3215 erant,
1426 3169 1454 3202 ››
1503 3150 1621 3204 veri
1656 3150 1867 3204 scilicet

213 3240 408 3294 luminis
469 3241 753 3311 privatio;
821 3260 847 3291 ‹‹
907 3256 1080 3311 super
1130 3238 1331 3294 faciem
1353 3238 1561 3310 abyssi,
1623 3261 1643 3286 ιι
1699 3238 1867 3293 corda

212 3329 389 3383 scilicet
415 3330 819 3400 superborum.

264 3416 478 3469 Vaas.2.
515 3435 649 3466 -α
714 3417 890 3470 Terra
954 3420 1145 3469 autem
1215 3419 1337 3468 erat
1405 3412 1614 3480 inanis,
1679 3434 1708 3464 »
1756 3418 1862 3469 etc.

212 3502 364 3568 1820s,
411 3506 652 3558 Hexaem
713 3510 853 3559 tom.
911 3504 1007 3573 II.)
1058 3502 1204 3566 Quid
1236 3503 1322 3555 vel
1354 3503 1522 3572 quale
1562 3501 1771 3555 coelum
1802 3502 1863 3556 in

209 3593 447 3662 principio
496 3608 632 3646 cum
682 3599 833 3646 terra
871 3592 1081 3645 factum
1125 3595 1230 3655 est,
1266 3590 1531 3643 ostendit.
1569 3591 1682 3643 Hoc
1711 3590 1864 3643 enim

208 3680 261 3731 de
302 3686 438 3734 terra
479 3681 695 3744 subdit,
743 3680 897 3750 quod
955 3680 1023 3732 de
1055 3680 1196 3732 caelo
1238 3678 1484 3747 intelligi
1517 3677 1718 3731 noluit.
1748 3679 1866 3732 Hoc

208 3766 330 3820 enim
380 3770 644 3839 superius
695 3770 900 3821 coelum
958 3767 1113 3837 quod
1165 3782 1199 3820 a
1250 3765 1606 3819 volubilitate
1663 3767 1865 3821 mundi

209 3863 447 3912 secretum
490 3863 596 3925 est,
662 3873 791 3910 mox
845 3863 910 3910 ut
938 3860 1193 3909 creatum
1251 3860 1357 3923 est,
1403 3854 1613 3907 sanctis
1648 3854 1864 3924 angelis

209 3950 274 3996 est
297 3945 628 4016 impletum:
663 3961 806 4016 quos
836 3944 893 3997 in
937 3944 1219 4014 principio
1266 3957 1395 3996 cum
1440 3942 1581 3995 ccelo
1627 3945 1683 3995 et
1712 3948 1864 3995 terra

207 4033 426 4087 conditos
490 4039 737 4087 testatur
822 4032 1097 4087 Dominus
1177 4030 1373 4085 dicens
1446 4029 1552 4084 Job
1615 4045 1859 4085 xxxvm:

209 4121 342 4175 «Ubi
393 4139 515 4176 eras
580 4138 714 4175 cum
763 4136 855 4175 me
911 4121 1217 4174 laudarent
1257 4126 1408 4173 astra
1458 4117 1761 4178 matutina.
1808 4124 1864 4172 et

209 4228 227 4256 ε
247 4210 539 4278 juhilarent
585 4226 788 4264 omnes
838 4209 941 4263 filii
993 4208 1137 4263 Dei?
1169 4227 1197 4259 ιο
1231 4205 1395 4261 Astra
1426 4204 1706 4260 matutina
1737 4222 1861 4260 eos-

1981 504 2188 575 qnibus
2217 503 2415 558 insunt
2465 504 2617 576 ignis
2647 509 2705 557 et
2755 520 2870 558 aer.
2904 507 3081 575 Aquas
3124 511 3313 559 autem
3366 508 3546 559 totam
3578 522 3672 559 su-

1978 592 2270 662 perficiem
2301 597 2469 647 terras
2498 598 2655 647 tanta
2685 592 2988 647 altitudine
3020 594 3309 663 tegebant,
3343 600 3408 648 ut
3447 594 3517 649 ad
3549 594 3678 647 illos

1981 697 2163 752 usque
2192 682 2345 735 locos
2376 680 2786 752 pertingerent,
2820 681 2923 735 ubi
2959 698 3109 735 nunc
3139 698 3322 753 usque
3350 698 3524 753 super
3576 682 3675 736 ﬁr-

1980 775 2332 823 mamentum
2398 770 2603 840 partim
2660 770 2933 824 resident.
2991 772 3117 840 Ipsa
3175 776 3363 825 autem
3412 776 3565 825 terra
3624 775 3682 823 et

1977 874 2124 929 aqua
2169 858 2430 911 informis
2480 859 2749 913 dicuntur
2805 859 3061 927 materia,
3117 858 3253 930 quia
3307 860 3678 930 omniaquae

1978 945 2257 1011 videmus,
2284 946 2370 999 vel
2404 961 2471 999 ex
2503 945 2623 999 istis
2669 951 3039 1016 sumpserunt
3093 947 3412 1011 exordium,
3469 948 3557 1000 vel
3608 962 3673 1000 ex

1977 1034 2158 1087 nihilo
2195 1039 2292 1088 :et
2321 1034 2659 1104 priusquam
2690 1034 2749 1088 in
2797 1035 2984 1089 lucem
3043 1035 3327 1104 venirent,
3384 1051 3495 1090 non
3551 1041 3675 1089 erat

1979 1123 2129 1177 unde
2160 1122 2403 1176 formam
2434 1122 2731 1177 haberent.

2050 1248 2077 1279 ‹‹
2134 1229 2200 1281 Et
2247 1228 2481 1298 spiritus
2525 1228 2753 1281 Domini
2819 1228 3108 1282 ferebatur
3141 1244 3312 1299 super
3369 1245 3572 1298 aquas.
3640 1247 3668 1281 ιι

1979 1316 2163 1381 (Aea,
2194 1315 2336 1369 lib.i
2372 1314 2437 1369 de
2473 1316 2606 1370 Gen.
2642 1314 2716 1368 ad
2750 1316 2859 1381 lit,
2889 1332 2936 1368 c.
2991 1318 3042 1381 5,
3088 1320 3226 1369 tom.
3266 1315 3389 1386 IlI.)
3424 1315 3550 1370 Sive
3594 1320 3680 1369 to-

1976 1408 2093 1457 tam
2119 1403 2478 1473 corporalem
2510 1403 2807 1457 materiam
2839 1419 3044 1473 aquam
3092 1403 3417 1474 appellavit,
3476 1408 3542 1457 ut
3583 1403 3672 1456 in-

1978 1492 2232 1545 sinuaret
2280 1492 2429 1545 unde
2458 1491 2602 1546 facta
2632 1496 2688 1546 et
2741 1492 2983 1545 formata
3014 1497 3143 1545 sunt
3175 1492 3368 1545 omnia
3409 1508 3538 1562 quas
3598 1508 3663 1545 ex

1976 1580 2214 1635 humida
2243 1585 2447 1633 natura
2487 1596 2589 1651 per
2618 1580 2831 1651 species
2883 1580 3065 1633 varias
3111 1580 3171 1634 in
3229 1585 3380 1634 terra
3434 1580 3669 1634 formari

1974 1669 2268 1736 videmus;
2327 1669 2439 1722 sive
2496 1670 2846 1739 spiritualem
2907 1669 3080 1722 vitam
3118 1673 3247 1723 ante
3281 1671 3665 1723 conversionis

1977 1757 2222 1811 formam
2256 1756 2418 1827 quasi
2444 1756 2784 1811 ﬂuitantem.
2819 1756 3063 1827 Spiritus
3120 1757 3218 1811 Dei
3275 1758 3672 1828 superfereba-

1981 1852 2094 1909 tur,
2128 1845 2265 1916 quia
2291 1846 2623 1916 subjacebat
2676 1847 2842 1900 bonae
2874 1846 3153 1899 voluntati
3180 1846 3480 1912 Creatoris,
3515 1848 3666 1917 quod

1976 1932 2337 1987 formandum
2371 1936 2427 1986 et
2445 1932 2856 2003 perﬁciendum
2897 1932 3281 1987 inchoaverat.
3333 1933 3556 1986 Dictum
3588 1938 3673 1987 est

1976 2022 2150 2075 etiam
2209 2040 2236 2071 ‹‹
2285 2021 2527 2091 Spiritus
2567 2021 2792 2074 Domini
2832 2020 3119 2075 ferebatur
3175 2036 3348 2090 super
3406 2036 3603 2090 aquas.
3640 2041 3666 2071 ››

1977 2111 2055 2164 Ne
2085 2109 2341 2164 faciendo
2371 2125 2544 2187 opera
2590 2109 2782 2180 potius
2834 2126 2938 2180 per
2981 2109 3374 2163 necessitatem
3404 2108 3672 2179 indigen-

1972 2199 2069 2252 tiae
2101 2214 2275 2269 quam
2300 2214 2406 2268 per
2434 2197 3272 2267 abundantiam,benelicentiaa
3304 2198 3450 2251 Deus
3481 2213 3673 2251 amare

1975 2293 2297 2358 putaretur.
2331 2287 2641 2341 Commode
2667 2288 2822 2340 enim
2865 2287 3023 2356 prius
3080 2285 3408 2340 insinuatur
3449 2286 3667 2357 aliquid

1975 2375 2327 2440 inchoatum,
2357 2375 2449 2429 cui
2489 2375 2937 2446 superferretur:
2996 2391 3112 2429 non
3144 2376 3287 2444 loco,
3337 2375 3434 2429 sed
3472 2375 3668 2429 omnia

1977 2470 2279 2535 superante
2311 2464 2588 2534 potentia.

2053 2593 2080 2620 ‹‹
2134 2573 2196 2624 Et
2244 2570 2487 2641 Spiritus
2545 2571 2769 2625 Domini
2825 2571 3128 2635 ferebatur,
3194 2589 3222 2621 ››
3256 2574 3360 2624 etc.
3417 2570 3667 2640 (Hienox.

1976 2662 2035 2714 in
2088 2663 2223 2714 Gen.
2280 2666 2320 2715 t.
2370 2661 2467 2725 Ill,
2521 2661 2628 2713 col.
2684 2660 2828 2729 939.)
2864 2661 2925 2713 In
2974 2660 3209 2713 Hebraeo
3234 2658 3405 2712 habet
3451 2669 3668 2720 nanum

1976 2749 2339 2818 merahephet,
2389 2749 2445 2802 id
2487 2755 2590 2817 est,
2622 2748 2946 2814 incubabat,
2982 2748 3067 2801 vel
3098 2747 3342 2815 fovebat,
3386 2762 3546 2800 more
3579 2763 3669 2800 vo-

1977 2838 2148 2891 lucris
2196 2854 2301 2891 ova
2327 2837 2511 2891 calore
2555 2838 2879 2891 animantis.
2937 2835 3317 2906 Intelligimus
3370 2851 3507 2905 ergo
3554 2851 3672 2890 non

1977 2927 2045 2980 de
2078 2927 2281 2997 spiritu
2317 2926 2514 2980 mundi
2546 2926 2677 2992 dici,
2708 2930 2772 2979 ut
2795 2930 2998 2995 putant
3031 2926 3232 2992 multi;
3267 2924 3365 2978 sed
3422 2924 3492 2977 de
3543 2924 3673 2994 Spi-

1905 3018 1942 3071 C
1975 3014 2090 3069 ritu
2120 3021 2334 3081 sancto,
2366 3014 2465 3085 qui
2493 3019 2550 3068 et
2607 3015 2728 3084 ipse
2768 3019 2854 3068 est
2907 3014 3169 3068 omnium
3227 3012 3580 3066 vivificator:
3619 3013 3666 3066 si

1976 3108 2169 3158 autem
2200 3104 2529 3170 viviticator,
2563 3108 2619 3157 et
2644 3102 2934 3169 conditor;
2982 3103 3028 3156 si
3058 3103 3331 3168 conditor,
3390 3107 3447 3155 et
3497 3102 3666 3156 Deus.

1978 3195 2124 3249 Psal.
2159 3209 2294 3246 cm:
2357 3191 2641 3255 «Emitte,
2703 3192 2801 3260 ait,
2858 3191 3133 3262 Spiritum
3192 3196 3355 3245 tuum
3397 3195 3454 3244 et
3507 3206 3664 3244 crea-

1978 3302 2005 3333 α
2040 3283 2272 3336 buntur.
2306 3302 2332 3330 ››

2049 3406 2077 3439 α
2119 3389 2184 3442 Et
2212 3386 2478 3458 Spiritus,
2509 3405 2537 3439 ν
2567 3389 2671 3440 etc.
2707 3386 2770 3440 In
2799 3401 2915 3456 quo
2944 3384 3317 3439 subsistentes
3347 3384 3662 3456 requiesce-

1974 3492 2167 3530 remus
2194 3475 2329 3529 flatu
2362 3476 2484 3545 ejus
2532 3474 2819 3539 viviﬁcati,
2853 3478 2911 3529 et
2964 3474 3115 3528 unda
3157 3473 3427 3544 baptismi
3456 3475 3660 3528 abluti.

1976 3585 2004 3617 ‹‹
2038 3567 2102 3620 Et
2128 3565 2369 3636 Spiritus
2426 3564 2653 3618 Domini
2682 3562 2971 3617 ferebatur
3023 3577 3194 3633 super
3250 3551 3463 3632 aquas,’
3487 3583 3514 3611 »
3551 3568 3656 3617 etc.

1974 3655 2131 3708 Sicut
2189 3655 2358 3723 Deus,
2416 3653 2629 3707 scilicet
2675 3656 2731 3706 et
2773 3650 3055 3717 conditor,
3109 3655 3356 3721 praeerat
3406 3650 3659 3706 fluitauti

1975 3746 2031 3795 et
2059 3742 2310 3796 confusa:
2353 3741 2633 3807 materiei,
2692 3746 2753 3794 ut
2795 3739 3172 3810 distingueret
3214 3741 3446 3810 quando
3476 3740 3665 3795 vellet.

1972 3832 2112 3885 Tota
2168 3847 2305 3901 ergo
2363 3830 2609 3884 Trinitas
2666 3828 2758 3882 hic
2813 3835 3044 3899 operata
3097 3829 3456 3900 intelligitur,
3495 3829 3661 3894 Deus,

1974 3920 2142 3974 Pater
2211 3919 2455 3987 scilicet;
2529 3918 2899 3988 principium,
2963 3917 3164 3983 Filius;
3227 3916 3471 3987 Spiritus
3544 3916 3664 3983 Dei,

1973 4008 2215 4079 Spiritus
2242 4014 2487 4062 sanctus.

2047 4133 2073 4165 α
2102 4114 2169 4167 Et
2193 4112 2455 4183 Spiritus,
2493 4130 2519 4163 ιο
2574 4117 2680 4165 etc.
2717 4112 2886 4181 (1311).,
2942 4113 3001 4164 in
3048 4112 3181 4165 Gen.
3218 4109 3268 4180 Τ)
3327 4109 3511 4164 Corda
3560 4110 3666 4164 sci-

1972 4201 2107 4256 licet
2153 4200 2507 4263 ﬂuctuantia,
2560 4216 2689 4271 quas
2758 4200 2968 4253 mentis
3025 4198 3276 4270 quietem
3329 4198 3661 4263 amiserant,

206 4300 308 4353 dein
359 4302 592 4371 angelos
653 4306 710 4352 et
756 4299 907 4352 filios
948 4296 1049 4352 Dei
1104 4302 1281 4351 vocat.
1345 4298 1418 4350 De
1447 4296 1588 4351 caelo
1616 4296 1769 4350 enim
1798 4296 1857 4349 in
1888 4307 1931 4363 Ῑ)
1973 4290 2106 4360 quia
2138 4291 2219 4343 eis
2253 4289 2490 4359 spiritus
2520 4304 2633 4343 non
2676 4288 3073 4342 innitebatur:
3129 4288 3225 4342 sed
3273 4287 3666 4358 superfereba-

207 4401 295 4454 quo
344 4390 522 4461 posita
574 4394 711 4441 sunt
758 4386 1084 4454 luminaria,
1144 4385 1437 4457 quomodo
1498 4384 1584 4438 vel
1626 4384 1859 4454 quando

206 4476 376 4531 factum
414 4479 485 4531 sit
510 4482 713 4548 postea
746 4477 899 4532 dicit.

261 4565 482 4639 iSrasn.)
520 4586 549 4619 ει
601 4566 795 4620 Inanis
833 4570 888 4619 et
942 4581 1137 4620 vacua.
1182 4584 1211 4617 ι)
1260 4563 1485 4618 Inutilis
1538 4561 1770 4628 scilicet,
1804 4566 1861 4615 et

207 4652 535 4723 infructuosa,
573 4661 632 4709 et
658 4656 1059 4724 incomposita.
1111 4653 1318 4708 Omnia
1360 4651 1513 4706 enim
1568 4651 1860 4704 elementa

205 4744 495 4809 commixta,
527 4744 780 4808 confusa,
816 4749 873 4796 et
898 4748 1078 4797 totum
1111 4743 1220 4796 hoc
1239 4740 1386 4795 aeris
1408 4740 1653 4810 spatium
1686 4737 1853 4808 aquis

204 4829 439 4896 plenum;
491 4849 611 4886 non
661 4831 858 4902 quales
917 4846 1071 4884 nunc
1117 4834 1271 4899 sunt,
1320 4828 1421 4882 sed
1455 4828 1603 4881 sicut
1632 4827 1859 4881 nebula

203 4920 371 4972 tenues
399 4925 586 4987 erant,
618 4920 815 4990 quales
845 4918 1032 4972 adhuc
1059 4916 1487 4988 supercmlestes
1516 4918 1669 4968 sunt.

256 5006 407 5069 (Beas
460 5009 559 5061 ubi
604 5008 821 5076 supra.)
882 5025 910 5056 η
961 5006 1234 5060 Tenebras
1280 5008 1467 5072 erant,
1511 5006 1695 5090 ποθεὶς.
1733 5003 1857 5090 Non

202 5100 308 5147 sunt
326 5095 587 5150 audiendi
620 5095 719 5166 qui
747 5092 1218 5164 reprehendendo
1248 5092 1446 5147 dicunt
1476 5089 1654 5145 Deum
1695 5089 1858 5160 prius

200 5197 379 5238 creasse
409 5186 675 5240 tenebras
729 5199 904 5255 quam
957 5184 1177 5236 lucem:
1212 5180 1347 5252 quia
1380 5179 1567 5232 nullas
1589 5178 1649 5231 in
1682 5193 1851 5247 aqua,

200 5269 263 5321 vel
306 5287 423 5326 aere
472 5273 607 5327 fecit
640 5273 937 5338 tenebras;
994 5271 1089 5326 sed
1136 5270 1399 5324 distincto
1430 5268 1629 5323 ordine
1660 5265 1854 5337 provi-

200 5353 372 5414 dentiae
421 5361 586 5432 prius
640 5377 819 5432 aquas
863 5376 991 5414 cum
1051 5360 1193 5414 coelo
1244 5358 1478 5422 creavit,
1512 5362 1570 5410 et
1598 5360 1770 5421 terra,
1800 5359 1857 5409 et

200 5442 279 5498 has
302 5464 422 5502 cum
446 5449 630 5503 voluit
653 5448 796 5503 lucis
824 5448 1005 5519 gratia
1034 5446 1373 5502 venustavit.
1428 5446 1494 5499 Et
1536 5443 1855 5499 notandum

202 5533 323 5599 quod
367 5552 493 5590 cum
549 5538 689 5591 coelo
749 5537 862 5591 duo
917 5536 1200 5592 elementa
1252 5533 1456 5589 mundi
1483 5537 1673 5587 creata
1700 5536 1853 5599 sunt,

1974 4383 2103 4433 tur:
2139 4378 2303 4449 quasi
2353 4382 2557 4449 potens
2612 4382 2877 4431 naturam
2929 4393 2959 4430 a
3005 4376 3336 4430 confusione
3366 4376 3424 4430 in
3458 4376 3664 4430 melius

1971 4483 2252 4521 revocare.
2286 4466 2497 4521 Deinde
2530 4481 2632 4536 per
2670 4470 2852 4519 totum
2884 4466 3057 4534 hujus
3088 4464 3395 4534 Scripturas
3443 4468 3659 4518 textum

1971 4570 2066 4608 sex
2126 4553 2399 4625 quasdam
2447 4568 2715 4623 operosas
2754 4558 2947 4606 mtates
2991 4552 3272 4613 videmus,
3329 4551 3461 4606 licet
3498 4550 3663 4621 quasi

1970 4643 2242 4716 proximis
2283 4641 2563 4697 limitibus
2616 4641 2928 4707 distinctas,
2989 4646 3049 4695 ut
3103 4640 3163 4694 in
3214 4640 3456 4710 septima
3501 4640 3664 4709 quies

1969 4737 2258 4803 speretur:
2306 4735 2364 4785 et
2415 4746 2509 4784 eas
2558 4730 2767 4784 habere
2824 4729 3260 4783 similitudinem
3291 4744 3383 4781 sex
3412 4726 3659 4795 dierum,

1969 4821 2177 4892 quibus
2207 4836 2272 4873 ea
2302 4820 2448 4874 facta
2495 4823 2645 4885 sunt,
2705 4835 2834 4890 quae
2884 4820 3063 4872 Deum
3114 4817 3311 4871 fecisse
3372 4816 3664 4887 Scriptura

1968 4914 2401 4963 commemorat.
2462 4908 2842 4962 Primordium
2904 4906 3057 4959 enim
3116 4904 3344 4975 generis
3400 4903 3662 4968 humani,

1968 5014 2083 5068 quo
2114 4997 2220 5051 ista
2250 4997 2371 5050 luce
2402 4996 2512 5050 frui
2542 4996 2731 5065 caspit,
2773 4998 3139 5065 comparatur
3180 4994 3366 5064 primo
3397 4993 3509 5047 diei
3550 5009 3664 5064 quo

1968 5086 2154 5140 lucem
2186 5086 2336 5139 Deus
2374 5084 2525 5139 fecit.
2576 5084 2707 5137 Haec
2758 5088 2897 5137 mtas
2950 5088 3225 5153 tanquam
3277 5081 3518 5136 infantia
3574 5085 3660 5135 est

1966 5174 2143 5228 totius
2174 5172 2386 5237 saeculi,
2443 5172 2596 5243 quod
2647 5178 2922 5242 tanquam
2959 5187 3136 5224 unum
3196 5170 3488 5225 hominem
3528 5186 3662 5240 pro-

1965 5263 2231 5334 portione
2270 5260 2681 5331 magnitudinis
2711 5276 2830 5315 suze
2876 5260 3213 5333 cogitamus.
3277 5259 3455 5313 Homo
3503 5258 3656 5312 enim

1967 5365 2098 5404 cum
2125 5349 2313 5420 primo
2346 5346 2598 5401 nascitur
2636 5346 2694 5399 in
2751 5348 2958 5411 lucem,
3015 5346 3317 5401 infantiam
3376 5346 3493 5415 agit
3536 5345 3661 5415 pri-

1966 5454 2122 5493 mam
2175 5441 2423 5503 astatem,
2483 5451 2612 5507 quas
2647 5434 2829 5489 tendit
2857 5434 2928 5489 ab
2969 5436 3153 5490 Adam
3205 5449 3385 5506 usque
3434 5434 3506 5488 ad
3547 5434 3663 5488 Noe

1966 5527 2434 5601 generationibus
2463 5525 2657 5580 decem
2683 5540 2696 5578 :
2725 5523 3003 5580 diluvium
3031 5524 3195 5596 quasi
3224 5538 3461 5593 vespera
3491 5522 3668 5593 hujus
