4086 6190
325 260 387 313 ‘7t
953 251 1352 310 WALAFRlDl
1392 250 1638 309 STRABI
1679 249 1874 310 FULD.
1919 249 2082 307 MON.
2125 245 2285 304 OPP.
2319 245 2498 302 PARS
2533 248 2577 303 Ι.
2607 276 2672 286 -
2712 246 3169 303 THEOLOGICA.
3760 247 3828 302 72
3924 298 3930 304 .

326 374 443 430 diei
463 379 566 444 est,
596 375 732 448 quia
769 374 1012 430 infantia
1042 380 1238 430 nostra
1293 373 1592 430 oblivionis
1648 370 1860 428 diluvio
1918 369 2018 424 de-
2045 377 2094 432 Α
2131 369 2295 448 rit-ur,
2320 374 2384 423 ut
2410 369 2473 424 in
2496 368 2619 440 ipsa
2639 369 2971 424 inconcusse
2996 374 3294 425 maneatur
3327 386 3339 425 :
3368 369 3503 442 quia
3527 369 3574 424 si
3596 371 3825 443 culpam

330 466 498 520 letur.

401 555 561 608 Vens.
598 556 651 608 3.
681 583 750 595 —
791 572 818 605 α
849 552 1112 624 Dixitque
1166 554 1314 607 Deus
1345 568 1360 606 :
1401 552 1524 606 Fiat
1553 552 1671 605 lux.
1735 550 1924 616 (AUG.,
1958 546 2024 600 de

331 644 467 698 Gen.
487 642 563 698 ad
594 644 718 704 ιέίεη
752 642 853 697 lib.
888 659 928 706 1,
985 657 1032 697 c.
1093 645 1180 709 17,
1211 647 1351 694 tom.
1387 640 1505 707 ΙΙΙ.)
1556 639 1670 692 Lux
1694 637 1882 708 primo
1931 635 2022 690 die

331 733 479 787 facta
535 731 848 802 spiritualis
926 733 1013 786 vel
1087 729 1398 801 corporalis
1476 727 1840 797 intelligitur,
1889 731 2020 792 etc.,

331 836 501 890 usque
559 821 634 874 ad
679 837 848 874 mane
899 819 1078 874 futuri
1131 818 1440 872 inchoatio.
1501 818 1691 882 (Beas,
1739 814 2020 883 Hemaem.)

331 910 387 965 Si
419 913 608 964 autem
637 909 825 980 primo
856 909 946 962 die
975 907 1285 978 corporalis
1324 907 1420 959 lux
1449 905 1594 960 facta
1618 908 1722 966 est.
1771 918 2023 974 congrue

333 998 536 1052 mundi
566 1004 799 1052 ornatus
840 1013 872 1050 a
898 997 1021 1050 luce
1072 995 1395 1060 inchoatur,
1449 994 1605 1048 undo
1635 997 1864 1061 caetera,
1893 1007 2022 1063 quae

331 1087 574 1144 creanda
602 1090 784 1152 erant,
815 1084 1176 1139 videbantur.
1219 1083 1277 1139 Si
1321 1089 1514 1138 autem
1567 1081 1862 1152 quaeritur,
1922 1079 2022 1134 ubi

330 1179 414 1228 est
471 1174 634 1237 facta,
683 1187 815 1226 cum
857 1171 1094 1241 abyssus
1151 1186 1381 1224 omnem
1432 1174 1600 1223 terrae
1657 1167 2022 1221 altitudinem

281 1316 283 1318 .
330 1261 601 1333 tegeret?
651 1263 808 1330 patet
862 1260 1014 1330 quod
1070 1259 1130 1313 in
1197 1259 1308 1312 illis
1357 1257 1634 1328 partibus,
1690 1271 1830 1327 quas
1871 1270 2023 1309 nunc

330 1350 578 1404 illustrat
597 1348 732 1402 solis
762 1348 966 1402 diurna
995 1348 1111 1402 lux.
1149 1349 1260 1401 Nec
1307 1346 1519 1400 mirum
1566 1345 1752 1399 lucem
1776 1343 1839 1397 in
1860 1343 2022 1414 aquis

329 1454 498 1508 posse
528 1439 740 1503 lucere,
774 1453 902 1490 cum
931 1440 1100 1490 etiam
1123 1441 1424 1490 nautarum
1457 1433 1785 1504 operatione
1816 1433 2022 1502 saepius

328 1527 706 1591 illustrentur,
736 1525 835 1595 qui
867 1525 925 1578 in
983 1524 1266 1594 profundo
1317 1523 1510 1587 mersi,
1563 1522 1734 1574 misso
1799 1537 1866 1574 ex
1922 1536 2020 1574 ore

330 1615 477 1680 oleo,
503 1630 680 1685 aquas
711 1612 815 1667 sibi
844 1613 1166 1667 illustrant:
1198 1628 1328 1684 qum
1359 1617 1495 1664 tunc
1551 1610 1734 1664 multo
1776 1609 2020 1662 rariores

330 1719 504 1776 quam
535 1703 652 1756 sint
681 1702 872 1769 modo,
909 1701 1067 1756 fuere
1106 1701 1166 1755 in
1224 1700 1523 1772 principio,
1584 1697 1722 1770 quia
1765 1697 2022 1752 nondum
2053 1673 2094 1728 Β
2206 1697 2367 1750 Vens.
2398 1700 2451 1750 6.
2484 1727 2553 1736 —

331 1795 691 1862 congregatae
724 1790 781 1844 in
823 1807 938 1843 uno
975 1789 1122 1843 loco.

403 1900 431 1932 α
463 1879 725 1950 Dixitque
765 1880 958 1933 Deus:
1012 1878 1133 1932 Fiat
1186 1878 1301 1931 lux.
1335 1898 1363 1926 »
1424 1878 1580 1945 (Anc.
1636 1874 1796 1936 ibid,
1844 1889 1892 1927 c.
1949 1872 2023 1940 2.)

332 1971 454 2024 Non
474 1967 867 2040 temporaliter
900 1984 912 2020 :
944 1968 988 2022 si
1011 1967 1166 2020 enim
1216 1965 1630 2036 temporaliter,
1679 1967 1736 2017 et
1777 1961 2023 2016 mutabi-

332 2058 500 2124 liter;
543 2057 590 2110 si
633 2055 1012 2124 mutabiliter,
1061 2061 1117 2109 et
1168 2071 1272 2125 per
1319 2054 1631 2123 subjectam
1681 2056 2023 2119 creaturam,

332 2162 449 2201 non
479 2150 564 2200 est
588 2145 681 2199 lux
711 2143 900 2214 prima
920 2148 1202 2198 creatura.
1241 2143 1348 2198 Sed
1375 2141 1633 2206 forsitan,
1684 2143 1814 2204 etc.,
1857 2151 2026 2206 usque

332 2235 406 2288 ad
431 2238 494 2287 ut
525 2233 596 2286 sit
625 2237 683 2287 et
711 2237 774 2286 ut
802 2239 1045 2286 maneat.

406 2342 434 2373 α
465 2322 587 2376 Fiat
615 2321 728 2375 lux.
764 2339 790 2372 ν
821 2320 980 2390 (AUG.
1044 2319 1205 2386 ibid.,
1238 2336 1291 2373 c.
1331 2320 1383 2384 4,
1409 2323 1461 2385 5,
1490 2316 1569 2385 9.)
1593 2318 1668 2371 Ea
1697 2313 2024 2370 conditione

333 2411 550 2466 scilicet
607 2426 721 2480 qua
767 2414 970 2463 cuncta
996 2409 1314 2462 subsistunt
1344 2405 1802 2476 intemporaliter
1830 2404 1888 2456 in
1924 2401 2025 2456 Dei

335 2497 635 2568 sapientia,
662 2495 1000 2567 priusquam
1031 2494 1091 2548 in
1119 2494 1339 2564 seipsis.
1374 2512 1401 2542 «
1455 2495 1519 2547 Et
1548 2493 1692 2547 facta
1723 2494 1804 2545 est
1843 2490 1960 2555 lux,
1999 2509 2020 2536 ι

331 2585 387 2640 id
421 2590 507 2639 est
552 2583 810 2655 angelica
839 2589 896 2637 et
924 2581 1165 2638 caelestis
1224 2580 1555 2649 substantia,
1587 2580 1647 2634 in
1701 2596 1758 2633 se
1804 2582 2026 2646 tempo-

332 2673 567 2741 raliter,
593 2672 740 2726 sicut
797 2672 1002 2725 eratin
1048 2670 1331 2741 sapientia
1371 2674 1652 2740 quantum
1686 2668 1753 2722 ad
1794 2667 1917 2737 ejus
1946 2664 2028 2718 iu-

332 2759 931 2825 commutabilitatem,
992 2759 1355 2812 teternaliter.
1405 2757 1502 2811 Vel
1577 2761 1808 2810 notatur
1855 2753 2029 2823 hujus

333 2853 608 2903 creaturae
638 2847 958 2902 informitas
983 2846 1198 2901 scilicet
1235 2851 1290 2899 et
1318 2843 1672 2916 imperfectio
1721 2847 2027 2912 antequam

2131 437 2413 512 rectitudo
2448 457 2725 524 eliminat,
2771 459 3130 530 cogitationis
3179 465 3393 514 nostra:
3436 459 3656 514 foribus
3687 459 3829 514 assi-

2131 548 2288 614 dens,
2323 553 2386 602 ut
2411 547 2517 602 sibi
2583 548 2890 618 aperiatur,
2959 548 3169 618 pulsat.
3225 546 3383 601 Unde
3441 546 3522 600 ait
3562 549 3826 618 Moyses:

2133 655 2162 687 α
2211 637 2376 690 Facta
2419 641 2503 690 est
2551 637 2681 702 lux;
2735 655 2763 687 ››
2806 640 2863 689 et
2893 637 3062 706 paulo
3111 639 3276 706 post:
3312 654 3338 686 «
3365 636 3595 690 Factum
3631 641 3716 690 est
3744 653 3831 691 ve-

2132 740 2378 793 spera.»
2449 725 2683 780 Creator
2747 723 2924 789 enim,
2985 723 3255 778 humanm
3285 725 3468 794 culpae
3534 725 3828 794 praescius,

2129 816 2265 866 tunc
2313 812 2588 882 expressit
2629 812 2689 865 in
2745 816 3003 880 tempore
3050 811 3201 881 quod
3260 828 3411 865 nunc
3461 818 3724 866 versatur
3773 813 3834 868 in

2132 906 2339 955 mente.
2375 901 2592 955 Lumen
2624 915 2872 970 namque
2918 899 3275 954 rectitudinis
3317 900 3576 971 sequitur
3626 902 3833 955 umbra

2131 989 2482 1043 temtationis.
2518 989 2623 1043 Sed
2681 989 2820 1059 quia
2870 988 3184 1042 electorum
3228 989 3324 1042 lux
3357 988 3678 1043 tentatione
3708 1005 3827 1042 non

2131 1076 2534 1146 exstinguitur,
2592 1093 2708 1130 non
2758 1092 2891 1144 nox,
2933 1076 3031 1130 sed
3078 1092 3314 1146 vespera
3361 1076 3507 1130 facta
3538 1092 3827 1131 memora-

2130 1169 2244 1232 tur,
2279 1164 2416 1236 quia
2446 1164 2683 1219 tentatio
2717 1165 2912 1219 lumen
2936 1164 3176 1236 justitias
3211 1165 3526 1233 abscondit,
3575 1181 3692 1220 non
3736 1167 3824 1219 in-

2132 1254 2374 1309 terimit.

2201 1343 2386 1412 (Ana,
2417 1342 2483 1396 de
2513 1344 2648 1397 Gen.
2716 1341 2791 1396 ad
2838 1343 2970 1409 litt,
3013 1343 3047 1396 l.
3098 1359 3170 1407 ιν,
3199 1359 3246 1397 c.
3291 1345 3380 1410 22,
3421 1344 3510 1410 23,
3544 1348 3685 1397 tom.
3722 1345 3826 1409 ΙΙΙ,

2130 1431 2239 1485 col.
2292 1433 2416 1495 3H,
2458 1431 2604 1501 3l2.)
2655 1430 3000 1494 Notandum,
3059 1431 3209 1502 quod
3248 1435 3466 1485 casteria
3515 1439 3826 1496 creaturae,

2131 1525 2261 1578 etc.,
2288 1535 2458 1587 usque
2481 1520 2555 1572 ad
2587 1525 2652 1573 ut
2683 1519 2823 1573 illud
2855 1520 3068 1574 scilicet
3097 1521 3166 1574 ad
3208 1520 3360 1574 diem
3392 1521 3696 1592 pertineat,
3723 1524 3831 1576 hoc

2131 1608 2202 1662 ad
2235 1624 2548 1678 vesperam.

2684 1717 2712 1748 (ι
2747 1697 2869 1752 Fiat
2894 1697 3340 1762 firmamentum,
3375 1719 3402 1748 »
3455 1702 3558 1753 etc.
3606 1699 3829 1770 (Gazam,

2135 1785 2174 1839 l.
2208 1801 2355 1848 xxvii
2397 1787 2615 1851 Moral.,
2671 1803 2719 1840 c.
2783 1786 2896 1857 24.)
2943 1788 3227 1858 Angelicae
3282 1788 3541 1854 virtutes,
3589 1804 3722 1858 quae
3771 1788 3832 1842 in

2137 1873 2239 1928 Dei
2268 1889 2465 1928 amore
2493 1873 2884 1944 perstiterunt,
2939 1876 3042 1929 hoc
3084 1875 3142 1928 in
3189 1875 3564 1931 retributione
3593 1892 3832 1946 accepe-

2133 1966 2288 2028 runt,
2319 1967 2384 2016 ut
2439 1963 2498 2015 in
2540 1963 3020 2034 contemplatione
3070 1963 3390 2018 Conditoris
3417 1965 3657 2035 perenni
3703 1965 3831 2019 feli-

2133 2050 2299 2104 citate
2333 2057 2625 2112 maneant,
2661 2057 2718 2104 et
2748 2051 2807 2104 in
2832 2051 2937 2105 hoc
2954 2052 3103 2121 quod
3134 2052 3375 2105 conditas
3408 2057 3541 2105 sunt
3582 2057 3829 2107 aeterna-

2133 2138 2264 2192 liter
2308 2139 2638 2194 subsistant.
2691 2140 2846 2194 Unde
2903 2139 3056 2209 apud
3105 2141 3332 2210 Moysen
3382 2141 3588 2196 caelum
3617 2141 3830 2195 factum

2132 2225 2364 2292 dicitur,
2397 2232 2452 2282 et
2483 2227 2636 2282 idem
2681 2232 2877 2298 postea
2923 2228 3351 2282 ﬁrmamentum
3398 2234 3646 2296 vocatur,
3681 2230 3818 2300 quia

2132 2315 2389 2386 angelica
2420 2320 2624 2370 natura
2653 2316 2813 2387 prius
2843 2316 3070 2370 subtilis
3097 2316 3255 2370 estin
3277 2317 3673 2386 superioribus
3695 2333 3829 2370 con-

2133 2403 2272 2470 dita,
2322 2409 2380 2458 et
2424 2410 2572 2474 post,
2627 2421 2700 2460 ne
2739 2421 2997 2476 unquam
3042 2405 3242 2460 cadere
3275 2405 3472 2476 possit,
3509 2405 3830 2459 mirabilius

2137 2492 2495 2547 conﬁrmata.

2211 2600 2237 2632 α
2266 2581 2386 2635 Fiat
2414 2582 2864 2649 ﬁrmamentum,
2903 2604 2924 2630 ι
2954 2587 3061 2636 etc.
3088 2585 3272 2652 (Ana,
3304 2583 3340 2636 l.
3375 2599 3410 2636 ιι
3464 2582 3530 2636 de
3588 2584 3724 2638 Gen.
3758 2582 3834 2636 ad

2135 2669 2268 2732 litt.,
2321 2685 2369 2723 c.
2422 2671 2471 2723 2.
2511 2669 2617 2724 col.
2661 2670 2784 2724 264.
2820 2669 2842 2741 )
2889 2670 3180 2734 Quaeritur
3225 2674 3419 2724 utrum
3451 2669 3594 2724 illud
3624 2671 3835 2726 coelum

2131 2773 2286 2812 nunc
2364 2757 2464 2812 ﬁat
2515 2757 2668 2829 quod
2713 2759 2930 2814 excedit
2976 2758 3122 2813 aeris
3164 2759 3367 2830 spatia,
3402 2763 3532 2828 etc.,
3561 2774 3732 2829 usque
3759 2758 3835 2813 ad

2137 2847 2273 2918 quia
2303 2846 2667 2901 intervallum
2700 2847 2822 2918 ejus
2865 2847 3042 2902 dividi
3072 2847 3220 2902 inter
3274 2849 3549 2919 quosdam
3592 2864 3836 2918 vapores

335 2938 678 2991 formaretur
707 2937 765 2990 in
795 2951 987 2989 amore
1014 2934 1373 2989 Conditoris:
1406 2933 1690 2988 formatur
1721 2931 1876 2985 enim
1897 2945 2025 2984 cum
2057 2960 2096 3015 ο
2139 2950 2418 3004 aquarum
2451 2940 2506 2989 et
2537 2951 2712 3006 aquas
2737 2951 2867 3006 quae
2896 2941 3028 2990 sunt
3048 2936 3107 2990 in
3145 2936 3333 2990 terris.

334 3025 684 3080 convertitur
715 3024 783 3078 ad
803 3023 1267 3077 incommutabile
1294 3024 1488 3076 lumen
1520 3019 1706 3075 Verbi.

409 3137 430 3160 ι
465 3113 587 3167 Fiat
616 3113 732 3167 lux.
769 3131 796 3162 ν
821 3113 983 3181 (Avo.
1016 3112 1181 3173 ibid.,
1221 3127 1270 3166 c.
1309 3113 1395 3177 10,
1441 3113 1528 3177 tl,
1563 3108 1670 3179 l6.)
1715 3108 1774 3164 Si
1827 3122 2028 3176 corpo-

336 3202 529 3257 raliter
583 3200 682 3254 lux
728 3200 874 3254 facta
931 3203 1034 3263 est,
1065 3204 1198 3265 etc.,
1247 3214 1416 3268 usque
1457 3198 1532 3251 ad
1587 3197 1843 3250 nondum
1874 3196 2028 3248 enim

335 3295 499 3346 erant
519 3288 792 3344 animalia
820 3288 1032 3359 quibus
1062 3289 1185 3341 haec
1202 3285 1532 3340 vicissitudo
1559 3284 1943 3339 exhiberetur.

413 3378 577 3431 Vaas.
606 3377 659 3430 4.
695 3405 759 3416 -
798 3395 825 3425 α
859 3377 923 3430 Et
950 3375 1088 3428 vidit
1118 3375 1266 3429 Deus
1310 3375 1518 3439 lucem,
1547 3391 1577 3425 ι
1638 3377 1748 3427 etc.
1790 3371 2026 3439 (Suum)

337 3464 542 3538 Lucem
573 3469 631 3518 et
657 3463 920 3518 tenebras
949 3463 1083 3517 fecit
1131 3464 1300 3528 Deus,
1324 3461 1476 3516 unde
1511 3463 1650 3516 Dan.
1683 3476 1766 3514 ιιι.
1799 3479 1827 3510 α
1851 3461 2029 3514 Bene-

340 3553 529 3617 dicite,
557 3552 652 3605 lux
679 3557 735 3606 et
762 3550 1034 3616 tenebrm,
1071 3549 1337 3618 Domino,
1384 3571 1411 3598 »
1447 3565 1578 3604 cum
1631 3548 1818 3602 omnis
1868 3563 2030 3602 crea-

333 3646 461 3697 tura
493 3642 561 3696 ad
587 3639 1039 3706 benedicendum
1062 3638 1354 3692 invitatur.

410 3731 582 3798 (1511).,
611 3731 672 3782 in
703 3729 854 3794 Gen.,
889 3743 935 3780 c.
978 3727 1060 3796 2.)
1101 3726 1277 3780 Habet
1309 3725 1552 3796 quisque
1591 3725 1652 3779 in
1680 3723 1947 3795 operibus
1976 3729 2033 3777 et

336 3823 491 3872 recta
517 3817 652 3884 vita,
686 3816 980 3870 distinctos
1005 3830 1097 3868 sex
1129 3814 1270 3883 dies,
1296 3818 1425 3884 post
1454 3829 1595 3885 quos
1624 3811 1884 3883 requiem
1911 3828 2034 3883 spe-

337 3912 457 3962 ret:
491 3907 678 3977 primo
720 3904 833 3965 die,
868 3904 1054 3958 lucem
1083 3902 1241 3967 ﬁdei,
1275 3903 1549 3974 quoniam
1600 3901 1787 3973 primo
1827 3900 2031 3954 invisi-

337 3995 550 4049 bilibus
567 3993 747 4048 credit
787 3997 1020 4065 propter
1048 4008 1222 4065 quam
1251 3991 1426 4046 ﬁdem
1460 3989 1730 4046 Dominus
1755 4005 2031 4060 apparere

337 4084 604 4155 dignatus
643 4086 747 4137 est.

415 4193 442 4220 ‹‹
471 4173 820 4240 Factumque
850 4174 934 4224 est
967 4184 1219 4239 vespere.
1259 4189 1280 4216 ι
1343 4170 1518 4237 (Ara,
1550 4167 1617 4221 de
1661 4167 1790 4222 Gen.
1845 4169 2033 4220 contra

2210 3043 2233 3072 ε
2264 3021 2385 3076 Fiat
2411 3021 2862 3088 ﬁrmamentum,
2896 3041 2926 3073 ι)
2958 3028 3065 3077 etc.
3102 3023 3289 3091 (Anc,
3323 3023 3486 3088 ibid.,
3515 3038 3568 3078 c.
3602 3024 3682 3092 4.)
3718 3025 3832 3079 Νο-

2136 3110 2377 3164 tandum
2425 3110 2579 3181 quod
2608 3110 3038 3165 ﬁrmamentum
3068 3127 3186 3166 non
3233 3116 3472 3183 propter
3501 3111 3831 3180 stationem,

2137 3202 2263 3262 etc.,
2294 3214 2464 3268 usque
2483 3199 2559 3255 ad
2587 3198 2687 3254 sed
2716 3199 3127 3271 quoquomodo
3158 3199 3238 3254 ibi
3267 3200 3399 3266 sint,
3445 3200 3526 3255 ibi
3565 3216 3685 3254 esse
3714 3217 3834 3256 non

2137 3287 2486 3341 dubitamus.

2215 3397 2236 3423 α
2273 3375 2394 3430 Fiat
2423 3375 2851 3430 ﬁrmamentum
2877 3375 2934 3430 in
2954 3375 3163 3430 medio.
3181 3395 3208 3427 ι)
3241 3375 3429 3446 (ΒεοΑ,
3451 3378 3510 3431 in
3532 3377 3832 3444 Hexaem,

2139 3470 2183 3520 t.
2218 3465 2309 3533 ΙΙ.)
2341 3462 2502 3527 Coeli,
2565 3464 2626 3518 in
2678 3480 2794 3535 quo
2842 3464 2956 3518 ﬁxa
2989 3469 3122 3518 sunt
3161 3464 3359 3524 sidera,
3387 3470 3520 3532 etc.,
3552 3481 3722 3535 usque
3759 3468 3836 3521 ad

2137 3552 2345 3618 Quales
2374 3557 2586 3618 autem,
2619 3557 2676 3607 et
2705 3553 2775 3606 ad
2806 3553 2943 3624 quid
2983 3554 3172 3620 utiles,
3205 3554 3363 3608 novit
3407 3554 3508 3625 qui
3555 3556 3829 3611 condidit.

2211 3641 2375 3695 Vnus.
2409 3645 2462 3695 7.
2489 3670 2557 3680 —
2590 3660 2617 3691 α
2653 3641 2718 3695 Et
2768 3641 2899 3696 fecit
2961 3643 3108 3696 Deus
3152 3642 3598 3707 ﬁrmamentum,
3651 3664 3678 3693 »
3723 3650 3829 3701 etc.

2138 3729 2328 3795 (Ana,
2359 3727 2398 3782 l.
2432 3745 2470 3781 ιι
2515 3728 2581 3781 de
2608 3729 2742 3783 Gen.
2779 3729 2854 3782 ad
2883 3731 3014 3796 litt,
3045 3745 3094 3783 c.
3127 3733 3180 3797 8,
3202 3731 3310 3784 col.
3343 3732 3489 3797 269.)
3545 3729 3835 3794 Quaeritur

2139 3831 2316 3887 quare
2347 3831 2478 3869 cum
2521 3816 2788 3871 dixisset:
2827 3837 2850 3866 ι
2899 3817 3022 3871 Fiat
3067 3817 3495 3872 ﬁrmamentum
3531 3823 3589 3873 et
3619 3819 3834 3874 factum

2141 3906 2226 3958 est
2265 3902 2364 3969 ita,
2403 3925 2422 3950 ι
2481 3908 2676 3973 postea
2723 3904 2911 3959 addit:
2964 3924 2991 3955 (ι
3044 3906 3107 3960 Et
3147 3906 3280 3961 fecit
3321 3907 3467 3960 Deus
3496 3907 3834 3961 ﬁrmamen-

2138 3995 2282 4059 tum,
2356 4011 2378 4039 ι
2447 3996 2580 4058 etc.,
2643 4006 2811 4061 usque
2874 3993 2950 4047 ad
3012 3993 3303 4048 dicensza
3377 3995 3642 4066 Dixitque
3688 3998 3836 4051 Deus

2139 4079 2258 4144 ﬁat,
2291 4098 2320 4129 ι)
2349 4083 2456 4135 etc.

2210 4167 2396 4238 (Ibid.,
2423 4183 2470 4221 c.
2501 4171 2548 4233 Ι,
2583 4171 2635 4235 3,
2670 4169 2747 4238 5.)
2777 4168 2960 4240 Super
2985 4186 3175 4224 aerem
3193 4171 3566 4242 purusignis,
3590 4176 3720 4237 etc.,
3744 4189 3837 4228 us-

334 4259 652 4324 Manich.,l.
684 4275 721 4323 ι,
756 4274 804 4311 c.
833 4258 900 4322 4;
937 4259 1105 4324 Banx,
1135 4261 1193 4310 in
1217 4256 1517 4324 Hemaem.)
1550 4255 1851 4309 Occidente
1898 4254 2023 4308 luce
2061 4254 2099 4307 D
2137 4271 2239 4325 que
2266 4256 2342 4310 ad
2375 4256 2526 4310 Facit
2553 4272 2689 4327 ergo
2720 4257 2989 4329 frigidam
3021 4275 3302 4330 aquarum
3349 4261 3835 4330 supercoelestium

338 4346 639 4419 paulatim,
666 4349 722 4399 et
757 4348 891 4415 post
921 4343 1170 4415 spatium
1199 4343 1405 4398 divinae
1455 4343 1832 4414 longitudinis
1887 4341 2030 4395 infe-

337 4435 521 4489 riores
574 4437 765 4504 partes
820 4433 1128 4496 subeunte,
1186 4431 1401 4485 factum
1449 4435 1534 4485 est
1586 4446 1834 4501 vespere,
1890 4429 2033 4483 sicut

339 4539 496 4579 nunc
527 4522 736 4576 usitato
767 4520 1068 4575 circumitu
1098 4519 1232 4573 solis
1275 4520 1417 4574 solet
1474 4519 1615 4574 ﬁeri.
1671 4521 1901 4574 Factum
1947 4522 2035 4572 est

342 4617 537 4668 autem
567 4625 736 4665 mane
758 4608 958 4663 eadem
991 4624 1164 4679 super
1188 4614 1400 4661 terram
1426 4606 1723 4674 redeunte,
1760 4612 1819 4661 et
1855 4606 2032 4660 alium

338 4701 492 4756 diem
524 4699 852 4761 inchoante,
885 4701 942 4752 et
960 4697 1081 4751 dies
1108 4697 1366 4768 expletus
1396 4701 1482 4751 est
1499 4711 1648 4750 unus
1673 4694 1874 4766 viginti
1897 4711 2035 4765 qua-

341 4795 472 4844 tuor
495 4790 792 4844 borarum.
823 4786 1149 4842 Notandum
1172 4801 1306 4839 vero
1324 4783 1476 4855 quod
1505 4800 1616 4838 nox
1635 4783 1693 4837 in
1719 4783 1818 4837 illo
1841 4782 2033 4837 triduo

341 4877 577 4931 omnino
605 4877 913 4931 tenebrosa
942 4874 1073 4940 fuit,
1095 4889 1224 4945 qua;
1252 4877 1384 4944 post
1407 4877 1593 4927 creata
1621 4872 1809 4927 sidera
1842 4871 2036 4943 aliqua

340 4965 464 5020 luce
495 4965 701 5019 claruit
729 4981 743 5018 :
775 4963 1010 5019 decebat
1040 4963 1211 5017 etiam
1242 4967 1308 5016 ut
1341 4961 1459 5016 dies
1480 4977 1512 5015 a
1542 4961 1664 5015 luce
1691 4961 2031 5031 inciperent,

344 5058 402 5108 et
429 5054 486 5107 in
513 5069 681 5106 mane
714 5051 1005 5123 sequentis
1037 5052 1150 5106 diei
1179 5050 1501 5118 tenderent,
1533 5054 1597 5105 ut
1639 5065 1812 5121 opera
1871 5048 1970 5103 Dei
2004 5065 2035 5102 a

340 5138 466 5193 luce
517 5138 785 5193 inchoata
813 5145 870 5194 et
915 5139 975 5192 in
1009 5139 1195 5194 lucem
1242 5139 1529 5210 completa
1574 5154 1694 5193 esse
1739 5137 2035 5209 signiﬁca-

341 5233 558 5282 rentur.

411 5317 573 5370 Vens.
627 5319 680 5369 5.
715 5345 782 5355 -—
937 5337 958 5364 ι
1019 5317 1362 5387 Factumque
1409 5319 1493 5370 est
1542 5331 1799 5386 vespere,
1839 5335 1867 5367 ιο
1923 5320 2031 5371 etc.

344 5405 560 5474 (Canta,
607 5406 644 5459 Ι.
699 5419 791 5458 vui
846 5405 1062 5471 Moral.,
1129 5419 1175 5458 c.
1207 5407 1260 5471 6,
1308 5409 1431 5459 tom
1452 5404 1523 5475 Ι.)
1572 5403 1944 5476 Nequaquam
1973 5405 2034 5460 in

339 5493 445 5547 hac
465 5493 579 5547 vita
609 5507 715 5562 per
760 5491 1218 5546 exercitationem
1253 5490 1494 5562 justitim
1532 5496 1826 5562 peccatum
1871 5492 2032 5546 dese—

2141 4344 2418 4398 vicinitas.

2214 4432 2397 4499 (Iln'd.)
2437 4432 2762 4487 Notandum
2811 4450 2946 4488 vero
2996 4436 3151 4506 quod
3197 4436 3384 4506 prima
3412 4437 3503 4492 die
3535 4454 3664 4492 cum
3691 4438 3839 4494 facta

2141 4523 2225 4572 est
2253 4519 2370 4584 lux,
2422 4518 2637 4574 dictum
2681 4525 2766 4575 est
2811 4527 3072 4578 tantum:
3104 4544 3132 4574 ‹
3193 4525 3316 4578 Fiat
3346 4525 3464 4594 lux,
3491 4545 3518 4577 η
3552 4531 3609 4580 et
3638 4527 3745 4580 hoc
3775 4527 3838 4582 in

2142 4607 2333 4674 verbo,
2366 4612 2423 4661 et
2471 4627 2500 4660 ‹‹
2553 4609 2700 4663 facta
2738 4615 2824 4665 est
2869 4611 2986 4679 lux,
3018 4630 3044 4664 ι›
3087 4612 3146 4666 ἱη
3177 4629 3369 4682 opere,
3397 4613 3708 4686 statimque
3728 4616 3840 4670 ad-

2142 4695 2310 4750 haesit
2347 4696 2615 4751 increatas
2664 4698 2775 4752 luci
2804 4699 2900 4752 lux
2943 4705 3151 4763 creata,
3210 4705 3273 4754 ut
3319 4702 3560 4756 vicinior
3591 4708 3647 4757 et
3676 4706 3837 4758 omni

2141 4789 2401 4839 creatura
2430 4785 2708 4855 capacior.
2744 4787 2807 4840 In
2839 4789 3091 4843 secunda
3122 4789 3214 4843 die
3242 4791 3509 4860 quasdam
3541 4807 3699 4846 mora
3731 4797 3836 4857 est,

2143 4877 2199 4927 et
2222 4874 2527 4928 verborum
2557 4874 2980 4945 multiplicatio,
3015 4896 3043 4925 ‹‹
3076 4875 3194 4943 ﬁat,
3234 4899 3256 4926 ι
3293 4883 3350 4931 et
3383 4898 3404 4927 ι
3440 4878 3573 4933 fecit
3603 4881 3752 4934 Deus
3810 4901 3838 4932 ι

2143 4965 2200 5016 et
2227 4981 2254 5012 «
2287 4963 2502 5019 factum
2555 4967 2641 5016 est
2681 4962 2760 5017 ita
2793 4985 2815 5012 ι
2845 4980 2858 5018 :
2895 4968 2958 5018 ut
3000 4964 3391 5036 intelligamus
3436 4967 3570 5021 istas
3605 4972 3842 5023 naturas

2143 5050 2212 5104 ad
2273 5050 2648 5106 deﬁciendum
2705 5068 2937 5123 pronas,
2993 5057 3052 5108 et
3091 5054 3159 5108 ad
3217 5055 3602 5111 obediendum
3649 5058 3844 5113 minus

2143 5143 2325 5208 aptas.

2216 5229 2445 5297 (HIERON
2478 5269 2492 5296 ,
2524 5229 2560 5283 Ι.
2597 5247 2614 5283 ι
2643 5234 2830 5285 contra
2867 5232 3086 5299 Jovin.,
3119 5237 3159 5288 t.
3195 5233 3266 5298 ΙΙ,
3290 5233 3397 5287 col.
3423 5236 3518 5287 2H
3543 5233 3583 5298 .)
3625 5233 3843 5288 Notan-

2146 5315 2284 5370 dum
2316 5317 2487 5371 etiam
2513 5317 2671 5388 quod
2697 5318 2868 5390 hujus
2899 5320 3014 5375 diei
3043 5318 3277 5376 secundi
3323 5337 3496 5391 opera
3527 5323 3842 5377 secundum

2146 5405 2416 5460 Hebraeos
2482 5422 2598 5461 non
2665 5407 2937 5463 dicuntur
2963 5407 3135 5476 bona,
3168 5425 3298 5464 cum
3329 5409 3480 5465 bona
3523 5411 3635 5465 sint
3697 5411 3845 5468 sicut

2147 5497 2390 5549 caetera:
2423 5494 2580 5566 quod
2611 5495 2678 5551 ﬁt
2705 5500 2944 5568 propter
2971 5497 3259 5552 binarium
3307 5498 3621 5572 principem
3667 5501 3842 5556 alter-
