  <div class='ocr_page' id='page_1' title='image "/cluster/home/n/w/nwhite01/storage/ocr_20150623/113/hvd.32044054759782/042.png"; bbox 0 0 4086 6190; ppageno 0'>
   <div class='ocr_carea' id='block_1_1' title="bbox 208 280 3720 341">
    <p class='ocr_par' dir='ltr' id='par_1_1' title="bbox 208 280 3720 341">
     <span class='ocr_line' id='line_1_1' title="bbox 208 280 3720 341; baseline 0.003 -10"><span class='ocrx_word' id='word_1_1' title='bbox 208 280 271 331; x_wconf 74' lang='lat'><strong>73</strong></span> <span class='ocrx_word' id='word_1_2' title='bbox 734 324 735 327; x_wconf 55' lang='grc' dir='ltr'><strong>η</strong></span> <span class='ocrx_word' id='word_1_3' title='bbox 1378 281 1630 337; x_wconf 76' lang='lat' dir='ltr'><strong>GLOSSA</strong></span> <span class='ocrx_word' id='word_1_4' title='bbox 1671 283 2077 340; x_wconf 79' lang='lat' dir='ltr'><strong>ORDINARIA.</strong></span> <span class='ocrx_word' id='word_1_5' title='bbox 2121 312 2189 325; x_wconf 92' lang='lat'>—</span> <span class='ocrx_word' id='word_1_6' title='bbox 2230 286 2357 341; x_wconf 85' lang='lat' dir='ltr'><strong>LIB.</strong></span> <span class='ocrx_word' id='word_1_7' title='bbox 2400 284 2557 341; x_wconf 83' lang='lat' dir='ltr'><strong>GEN.</strong></span> <span class='ocrx_word' id='word_1_8' title='bbox 3646 291 3720 341; x_wconf 68' lang='grc'><strong>’74</strong></span> 
     </span>
    </p>
   </div>
   <div class='ocr_carea' id='block_1_2' title="bbox 209 398 3717 478">
    <p class='ocr_par' dir='ltr' id='par_1_2' title="bbox 209 398 3717 478">
     <span class='ocr_line' id='line_1_2' title="bbox 209 398 3717 478; baseline 0.003 -26"><span class='ocrx_word' id='word_1_9' title='bbox 209 398 428 466; x_wconf 87' lang='lat' dir='ltr'><strong>uitatis,</strong></span> <span class='ocrx_word' id='word_1_10' title='bbox 458 398 558 469; x_wconf 87' lang='lat' dir='ltr'><strong>qui</strong></span> <span class='ocrx_word' id='word_1_11' title='bbox 591 398 814 469; x_wconf 89' lang='lat' dir='ltr'><strong>primus</strong></span> <span class='ocrx_word' id='word_1_12' title='bbox 845 399 915 453; x_wconf 87' lang='lat' dir='ltr'><strong>ab</strong></span> <span class='ocrx_word' id='word_1_13' title='bbox 945 398 1165 453; x_wconf 85' lang='lat' dir='ltr'><strong>unitate</strong></span> <span class='ocrx_word' id='word_1_14' title='bbox 1213 399 1487 455; x_wconf 82' lang='lat' dir='ltr'><strong>discedit:</strong></span> <span class='ocrx_word' id='word_1_15' title='bbox 1530 406 1587 457; x_wconf 88' lang='lat' dir='ltr'><strong>et</strong></span> <span class='ocrx_word' id='word_1_16' title='bbox 1629 402 1688 455; x_wconf 92' lang='lat' dir='ltr'><strong>in</strong></span> <span class='ocrx_word' id='word_1_17' title='bbox 1723 403 1911 474; x_wconf 83' lang='lat' dir='ltr'><strong>ﬁgura</strong></span> <span class='ocrx_word' id='word_1_18' title='bbox 1949 406 1995 461; x_wconf 78' lang='grc' dir='ltr'>Α</span> <span class='ocrx_word' id='word_1_19' title='bbox 2027 420 2199 476; x_wconf 89' lang='lat' dir='ltr'><strong>quam</strong></span> <span class='ocrx_word' id='word_1_20' title='bbox 2250 406 2501 460; x_wconf 89' lang='lat' dir='ltr'><strong>mundus</strong></span> <span class='ocrx_word' id='word_1_21' title='bbox 2546 406 2666 476; x_wconf 87' lang='lat' dir='ltr'><strong>jam</strong></span> <span class='ocrx_word' id='word_1_22' title='bbox 2721 405 2961 461; x_wconf 83' lang='lat' dir='ltr'><strong>formari</strong></span> <span class='ocrx_word' id='word_1_23' title='bbox 3008 405 3230 478; x_wconf 81' lang='lat' dir='ltr'><strong>incipit.</strong></span> <span class='ocrx_word' id='word_1_24' title='bbox 3263 411 3321 463; x_wconf 92' lang='lat' dir='ltr'><strong>et</strong></span> <span class='ocrx_word' id='word_1_25' title='bbox 3352 413 3516 463; x_wconf 63' lang='lat' dir='ltr'><strong>terra;</strong></span> <span class='ocrx_word' id='word_1_26' title='bbox 3550 408 3717 464; x_wconf 77' lang='lat' dir='ltr'><strong>facies</strong></span> 
     </span>
    </p>
   </div>
   <div class='ocr_carea' id='block_1_3' title="bbox 210 487 1916 560">
    <p class='ocr_par' dir='ltr' id='par_1_3' title="bbox 210 487 1916 560">
     <span class='ocr_line' id='line_1_3' title="bbox 210 487 1916 560; baseline 0.003 -19"><span class='ocrx_word' id='word_1_27' title='bbox 210 487 484 558; x_wconf 71' lang='lat' dir='ltr'><strong>bigamire</strong></span> <span class='ocrx_word' id='word_1_28' title='bbox 541 488 780 558; x_wconf 85' lang='lat' dir='ltr'><strong>ponitur</strong></span> <span class='ocrx_word' id='word_1_29' title='bbox 829 491 884 542; x_wconf 88' lang='lat' dir='ltr'><strong>et</strong></span> <span class='ocrx_word' id='word_1_30' title='bbox 916 488 1254 543; x_wconf 76' lang='lat' dir='ltr'><strong>’multorum</strong></span> <span class='ocrx_word' id='word_1_31' title='bbox 1333 490 1916 560; x_wconf 86' lang='lat' dir='ltr'><strong>reprehensibilium;</strong></span> 
     </span>
    </p>
   </div>
   <div class='ocr_carea' id='block_1_4' title="bbox 207 576 1917 647">
    <p class='ocr_par' dir='ltr' id='par_1_4' title="bbox 207 576 1917 647">
     <span class='ocr_line' id='line_1_4' title="bbox 207 576 1917 647; baseline 0.003 -18"><span class='ocrx_word' id='word_1_32' title='bbox 207 576 361 630; x_wconf 88' lang='lat' dir='ltr'><strong>unde</strong></span> <span class='ocrx_word' id='word_1_33' title='bbox 387 592 520 647; x_wconf 61' lang='lat' dir='ltr'><strong>qua:</strong></span> <span class='ocrx_word' id='word_1_34' title='bbox 552 576 686 629; x_wconf 88' lang='lat' dir='ltr'><strong>bina</strong></span> <span class='ocrx_word' id='word_1_35' title='bbox 716 576 1199 645; x_wconf 86' lang='lat' dir='ltr'><strong>ingrediunturin</strong></span> <span class='ocrx_word' id='word_1_36' title='bbox 1222 593 1411 632; x_wconf 84' lang='lat' dir='ltr'><strong>arcam</strong></span> <span class='ocrx_word' id='word_1_37' title='bbox 1446 578 1746 633; x_wconf 89' lang='lat' dir='ltr'><strong>immunda</strong></span> <span class='ocrx_word' id='word_1_38' title='bbox 1784 586 1917 635; x_wconf 88' lang='lat' dir='ltr'><strong>sunt</strong></span> 
     </span>
    </p>
   </div>
   <div class='ocr_carea' id='block_1_5' title="bbox 209 665 1912 737">
    <p class='ocr_par' dir='ltr' id='par_1_5' title="bbox 209 665 1912 737">
     <span class='ocr_line' id='line_1_5' title="bbox 209 665 1912 737; baseline 0.003 -19"><span class='ocrx_word' id='word_1_39' title='bbox 209 666 401 735; x_wconf 83' lang='lat' dir='ltr'><strong>impar</strong></span> <span class='ocrx_word' id='word_1_40' title='bbox 423 682 704 719; x_wconf 90' lang='lat' dir='ltr'><strong>numerus</strong></span> <span class='ocrx_word' id='word_1_41' title='bbox 735 665 1004 720; x_wconf 85' lang='lat' dir='ltr'><strong>mundus.</strong></span> <span class='ocrx_word' id='word_1_42' title='bbox 1037 667 1131 719; x_wconf 87' lang='lat' dir='ltr'><strong>Vel</strong></span> <span class='ocrx_word' id='word_1_43' title='bbox 1165 666 1293 721; x_wconf 90' lang='lat' dir='ltr'><strong>ideo</strong></span> <span class='ocrx_word' id='word_1_44' title='bbox 1318 668 1464 722; x_wconf 90' lang='lat' dir='ltr'><strong>bona</strong></span> <span class='ocrx_word' id='word_1_45' title='bbox 1488 685 1602 721; x_wconf 91' lang='lat' dir='ltr'><strong>non</strong></span> <span class='ocrx_word' id='word_1_46' title='bbox 1624 670 1912 737; x_wconf 88' lang='lat' dir='ltr'><strong>dicuntur,</strong></span> 
     </span>
    </p>
   </div>
   <div class='ocr_carea' id='block_1_6' title="bbox 207 754 1914 830">
    <p class='ocr_par' dir='ltr' id='par_1_6' title="bbox 207 754 1914 830">
     <span class='ocr_line' id='line_1_6' title="bbox 207 754 1914 830; baseline 0.004 -24"><span class='ocrx_word' id='word_1_47' title='bbox 207 755 341 823; x_wconf 86' lang='lat' dir='ltr'><strong>quia</strong></span> <span class='ocrx_word' id='word_1_48' title='bbox 369 754 431 807; x_wconf 90' lang='lat' dir='ltr'><strong>in</strong></span> <span class='ocrx_word' id='word_1_49' title='bbox 451 754 560 807; x_wconf 90' lang='lat' dir='ltr'><strong>hoc</strong></span> <span class='ocrx_word' id='word_1_50' title='bbox 582 770 756 824; x_wconf 88' lang='lat' dir='ltr'><strong>opere</strong></span> <span class='ocrx_word' id='word_1_51' title='bbox 782 754 1068 808; x_wconf 77' lang='lat' dir='ltr'><strong>distinctio</strong></span> <span class='ocrx_word' id='word_1_52' title='bbox 1089 770 1253 825; x_wconf 60' lang='lat' dir='ltr'><strong>aqua:</strong></span> <span class='ocrx_word' id='word_1_53' title='bbox 1276 772 1391 809; x_wconf 92' lang='lat' dir='ltr'><strong>non</strong></span> <span class='ocrx_word' id='word_1_54' title='bbox 1412 756 1474 809; x_wconf 85' lang='lat' dir='ltr'><strong>tit</strong></span> <span class='ocrx_word' id='word_1_55' title='bbox 1492 757 1759 826; x_wconf 83' lang='lat' dir='ltr'><strong>perfecta,</strong></span> <span class='ocrx_word' id='word_1_56' title='bbox 1785 775 1914 830; x_wconf 65' lang='lat' dir='ltr'><strong>quia</strong></span> 
     </span>
    </p>
   </div>
   <div class='ocr_carea' id='block_1_7' title="bbox 209 842 1916 917">
    <p class='ocr_par' dir='ltr' id='par_1_7' title="bbox 209 842 1916 917">
     <span class='ocr_line' id='line_1_7' title="bbox 209 842 1916 917; baseline 0.003 -21"><span class='ocrx_word' id='word_1_57' title='bbox 209 844 264 896; x_wconf 91' lang='lat' dir='ltr'><strong>in</strong></span> <span class='ocrx_word' id='word_1_58' title='bbox 293 843 567 912; x_wconf 80' lang='lat' dir='ltr'><strong>proximo</strong></span> <span class='ocrx_word' id='word_1_59' title='bbox 601 844 684 908; x_wconf 85' lang='lat' dir='ltr'><strong>tit,</strong></span> <span class='ocrx_word' id='word_1_60' title='bbox 717 843 816 897; x_wconf 89' lang='lat' dir='ltr'><strong>ubi</strong></span> <span class='ocrx_word' id='word_1_61' title='bbox 840 842 975 896; x_wconf 83' lang='lat' dir='ltr'><strong>dicit</strong></span> <span class='ocrx_word' id='word_1_62' title='bbox 1000 861 1013 897; x_wconf 90' lang='lat'><strong>:</strong></span> <span class='ocrx_word' id='word_1_63' title='bbox 1042 862 1068 892; x_wconf 85' lang='grc'><strong>‹‹</strong></span> <span class='ocrx_word' id='word_1_64' title='bbox 1102 843 1536 915; x_wconf 85' lang='lat' dir='ltr'><strong>Congregentur</strong></span> <span class='ocrx_word' id='word_1_65' title='bbox 1573 861 1759 917; x_wconf 73' lang='lat' dir='ltr'><strong>aquae,</strong></span> <span class='ocrx_word' id='word_1_66' title='bbox 1794 868 1820 896; x_wconf 85' lang='lat'>»</span> <span class='ocrx_word' id='word_1_67' title='bbox 1853 852 1916 901; x_wconf 90' lang='lat' dir='ltr'><strong>ut</strong></span> 
     </span>
    </p>
   </div>
   <div class='ocr_carea' id='block_1_8' title="bbox 207 929 564 984">
    <p class='ocr_par' dir='ltr' id='par_1_8' title="bbox 207 929 564 984">
     <span class='ocr_line' id='line_1_8' title="bbox 207 929 564 984; baseline 0.006 -2"><span class='ocrx_word' id='word_1_68' title='bbox 207 930 283 983; x_wconf 86' lang='lat' dir='ltr'><strong>ibi</strong></span> <span class='ocrx_word' id='word_1_69' title='bbox 317 929 564 984; x_wconf 89' lang='lat' dir='ltr'><strong>dicetur.</strong></span> 
     </span>
    </p>
   </div>
   <div class='ocr_carea' id='block_1_9' title="bbox 280 1018 1917 1091">
    <p class='ocr_par' dir='ltr' id='par_1_9' title="bbox 280 1018 1917 1091">
     <span class='ocr_line' id='line_1_9' title="bbox 280 1018 1917 1091; baseline 0.001 -20"><span class='ocrx_word' id='word_1_70' title='bbox 280 1018 478 1087; x_wconf 47' lang='lat' dir='ltr'><strong>(Ama,</strong></span> <span class='ocrx_word' id='word_1_71' title='bbox 510 1020 607 1072; x_wconf 81' lang='lat' dir='ltr'><strong>ubi</strong></span> <span class='ocrx_word' id='word_1_72' title='bbox 630 1035 823 1087; x_wconf 81' lang='lat' dir='ltr'><strong>supra,</strong></span> <span class='ocrx_word' id='word_1_73' title='bbox 866 1034 919 1074; x_wconf 91' lang='lat' dir='ltr'><strong>c.</strong></span> <span class='ocrx_word' id='word_1_74' title='bbox 970 1020 1046 1087; x_wconf 90' lang='lat'><strong>9.)</strong></span> <span class='ocrx_word' id='word_1_75' title='bbox 1098 1018 1289 1083; x_wconf 64' lang='lat' dir='ltr'><strong>Quaeri</strong></span> <span class='ocrx_word' id='word_1_76' title='bbox 1333 1020 1478 1073; x_wconf 84' lang='lat' dir='ltr'><strong>solet</strong></span> <span class='ocrx_word' id='word_1_77' title='bbox 1526 1021 1687 1090; x_wconf 88' lang='lat' dir='ltr'><strong>cujus</strong></span> <span class='ocrx_word' id='word_1_78' title='bbox 1718 1020 1917 1091; x_wconf 71' lang='lat' dir='ltr'><strong>ﬁguras</strong></span> 
     </span>
    </p>
   </div>
   <div class='ocr_carea' id='block_1_10' title="bbox 210 1106 1917 1178">
    <p class='ocr_par' dir='ltr' id='par_1_10' title="bbox 210 1106 1917 1178">
     <span class='ocr_line' id='line_1_10' title="bbox 210 1106 1917 1178; baseline 0.002 -20"><span class='ocrx_word' id='word_1_79' title='bbox 210 1108 560 1161; x_wconf 77' lang='lat' dir='ltr'><strong>sitccelum:</strong></span> <span class='ocrx_word' id='word_1_80' title='bbox 612 1107 707 1160; x_wconf 87' lang='lat' dir='ltr'><strong>sed</strong></span> <span class='ocrx_word' id='word_1_81' title='bbox 756 1106 1000 1177; x_wconf 85' lang='lat' dir='ltr'><strong>Spiritus</strong></span> <span class='ocrx_word' id='word_1_82' title='bbox 1050 1114 1295 1173; x_wconf 88' lang='lat' dir='ltr'><strong>sanctus,</strong></span> <span class='ocrx_word' id='word_1_83' title='bbox 1346 1109 1603 1178; x_wconf 78' lang='lat' dir='ltr'><strong>quamvis</strong></span> <span class='ocrx_word' id='word_1_84' title='bbox 1658 1114 1917 1162; x_wconf 83' lang='lat' dir='ltr'><strong>auctores</strong></span> 
     </span>
    </p>
   </div>
   <div class='ocr_carea' id='block_1_11' title="bbox 208 1193 1917 1267">
    <p class='ocr_par' dir='ltr' id='par_1_11' title="bbox 208 1193 1917 1267">
     <span class='ocr_line' id='line_1_11' title="bbox 208 1193 1917 1267; baseline 0.004 -22"><span class='ocrx_word' id='word_1_85' title='bbox 208 1193 393 1247; x_wconf 83' lang='lat' dir='ltr'><strong>nostri</strong></span> <span class='ocrx_word' id='word_1_86' title='bbox 431 1195 684 1259; x_wconf 86' lang='lat' dir='ltr'><strong>scierint,</strong></span> <span class='ocrx_word' id='word_1_87' title='bbox 718 1211 820 1265; x_wconf 92' lang='lat' dir='ltr'><strong>per</strong></span> <span class='ocrx_word' id='word_1_88' title='bbox 848 1210 945 1247; x_wconf 89' lang='lat' dir='ltr'><strong>eos</strong></span> <span class='ocrx_word' id='word_1_89' title='bbox 975 1195 1175 1249; x_wconf 92' lang='lat' dir='ltr'><strong>docere</strong></span> <span class='ocrx_word' id='word_1_90' title='bbox 1206 1195 1406 1259; x_wconf 89' lang='lat' dir='ltr'><strong>noluit,</strong></span> <span class='ocrx_word' id='word_1_91' title='bbox 1431 1196 1539 1249; x_wconf 89' lang='lat' dir='ltr'><strong>nisi</strong></span> <span class='ocrx_word' id='word_1_92' title='bbox 1566 1198 1713 1267; x_wconf 88' lang='lat' dir='ltr'><strong>quod</strong></span> <span class='ocrx_word' id='word_1_93' title='bbox 1739 1197 1917 1267; x_wconf 83' lang='lat' dir='ltr'><strong>prosit</strong></span> 
     </span>
    </p>
   </div>
   <div class='ocr_carea' id='block_1_12' title="bbox 209 1282 1919 1346">
    <p class='ocr_par' dir='ltr' id='par_1_12' title="bbox 209 1282 1919 1346">
     <span class='ocr_line' id='line_1_12' title="bbox 209 1282 1919 1346; baseline 0.003 -12"><span class='ocrx_word' id='word_1_94' title='bbox 209 1282 403 1335; x_wconf 79' lang='lat' dir='ltr'><strong>saluti.</strong></span> <span class='ocrx_word' id='word_1_95' title='bbox 444 1283 737 1346; x_wconf 70' lang='lat' dir='ltr'><strong>Quaeritur</strong></span> <span class='ocrx_word' id='word_1_96' title='bbox 771 1284 943 1337; x_wconf 89' lang='lat' dir='ltr'><strong>etiam</strong></span> <span class='ocrx_word' id='word_1_97' title='bbox 992 1284 1039 1337; x_wconf 85' lang='lat' dir='ltr'><strong>si</strong></span> <span class='ocrx_word' id='word_1_98' title='bbox 1096 1289 1205 1338; x_wconf 83' lang='lat' dir='ltr'><strong>stet</strong></span> <span class='ocrx_word' id='word_1_99' title='bbox 1233 1301 1303 1338; x_wconf 88' lang='lat' dir='ltr'><strong>an</strong></span> <span class='ocrx_word' id='word_1_100' title='bbox 1341 1291 1634 1339; x_wconf 84' lang='lat' dir='ltr'><strong>moveatur</strong></span> <span class='ocrx_word' id='word_1_101' title='bbox 1664 1286 1919 1340; x_wconf 68' lang='lat' dir='ltr'><strong>cmlum?</strong></span> 
     </span>
    </p>
   </div>
   <div class='ocr_carea' id='block_1_13' title="bbox 206 1371 1919 1443">
    <p class='ocr_par' dir='ltr' id='par_1_13' title="bbox 206 1371 1919 1443">
     <span class='ocr_line' id='line_1_13' title="bbox 206 1371 1919 1443; baseline 0.003 -21"><span class='ocrx_word' id='word_1_102' title='bbox 206 1372 262 1423; x_wconf 77' lang='lat' dir='ltr'><strong>Si</strong></span> <span class='ocrx_word' id='word_1_103' title='bbox 291 1378 617 1439; x_wconf 80' lang='lat' dir='ltr'><strong>moveatur,</strong></span> <span class='ocrx_word' id='word_1_104' title='bbox 652 1371 942 1442; x_wconf 82' lang='lat' dir='ltr'><strong>inquiunt,</strong></span> <span class='ocrx_word' id='word_1_105' title='bbox 978 1373 1269 1443; x_wconf 91' lang='lat' dir='ltr'><strong>quomodo</strong></span> <span class='ocrx_word' id='word_1_106' title='bbox 1316 1378 1401 1426; x_wconf 87' lang='lat' dir='ltr'><strong>est</strong></span> <span class='ocrx_word' id='word_1_107' title='bbox 1442 1374 1865 1428; x_wconf 86' lang='lat' dir='ltr'><strong>ﬁrmamentum</strong></span> <span class='ocrx_word' id='word_1_108' title='bbox 1892 1376 1919 1427; x_wconf 86' lang='lat'><strong><em>?</em></strong></span> 
     </span>
    </p>
   </div>
   <div class='ocr_carea' id='block_1_14' title="bbox 206 1459 1914 1530">
    <p class='ocr_par' dir='ltr' id='par_1_14' title="bbox 206 1459 1914 1530">
     <span class='ocr_line' id='line_1_14' title="bbox 206 1459 1914 1530; baseline 0.003 -19"><span class='ocrx_word' id='word_1_109' title='bbox 206 1459 262 1511; x_wconf 85' lang='lat' dir='ltr'><strong>Si</strong></span> <span class='ocrx_word' id='word_1_110' title='bbox 297 1462 426 1519; x_wconf 83' lang='lat' dir='ltr'><strong>stat,</strong></span> <span class='ocrx_word' id='word_1_111' title='bbox 481 1460 773 1530; x_wconf 89' lang='lat' dir='ltr'><strong>quomodo</strong></span> <span class='ocrx_word' id='word_1_112' title='bbox 823 1459 1008 1513; x_wconf 85' lang='lat' dir='ltr'><strong>sidera</strong></span> <span class='ocrx_word' id='word_1_113' title='bbox 1046 1460 1105 1514; x_wconf 93' lang='lat' dir='ltr'><strong>in</strong></span> <span class='ocrx_word' id='word_1_114' title='bbox 1137 1477 1203 1513; x_wconf 91' lang='lat' dir='ltr'><strong>eo</strong></span> <span class='ocrx_word' id='word_1_115' title='bbox 1248 1461 1355 1515; x_wconf 79' lang='lat' dir='ltr'><strong>lixa</strong></span> <span class='ocrx_word' id='word_1_116' title='bbox 1378 1461 1777 1515; x_wconf 82' lang='lat' dir='ltr'><strong>circumeunt?</strong></span> <span class='ocrx_word' id='word_1_117' title='bbox 1808 1462 1914 1516; x_wconf 86' lang='lat' dir='ltr'><strong>Sed</strong></span> 
     </span>
    </p>
   </div>
   <div class='ocr_carea' id='block_1_15' title="bbox 210 1548 1916 1621">
    <p class='ocr_par' dir='ltr' id='par_1_15' title="bbox 210 1548 1916 1621">
     <span class='ocr_line' id='line_1_15' title="bbox 210 1548 1916 1621; baseline 0.002 -20"><span class='ocrx_word' id='word_1_118' title='bbox 210 1548 649 1601; x_wconf 70' lang='lat' dir='ltr'><strong>firmamentum</strong></span> <span class='ocrx_word' id='word_1_119' title='bbox 681 1564 796 1602; x_wconf 91' lang='lat' dir='ltr'><strong>non</strong></span> <span class='ocrx_word' id='word_1_120' title='bbox 824 1554 1059 1618; x_wconf 88' lang='lat' dir='ltr'><strong>propter</strong></span> <span class='ocrx_word' id='word_1_121' title='bbox 1084 1548 1408 1612; x_wconf 84' lang='lat' dir='ltr'><strong>stationem,</strong></span> <span class='ocrx_word' id='word_1_122' title='bbox 1438 1550 1531 1604; x_wconf 89' lang='lat' dir='ltr'><strong>sed</strong></span> <span class='ocrx_word' id='word_1_123' title='bbox 1556 1556 1787 1621; x_wconf 85' lang='lat' dir='ltr'><strong>propter</strong></span> <span class='ocrx_word' id='word_1_124' title='bbox 1817 1551 1916 1605; x_wconf 87' lang='lat' dir='ltr'><strong>ﬁr-</strong></span> 
     </span>
    </p>
   </div>
   <div class='ocr_carea' id='block_1_16' title="bbox 210 1637 1913 1709">
    <p class='ocr_par' dir='ltr' id='par_1_16' title="bbox 210 1637 1913 1709">
     <span class='ocr_line' id='line_1_16' title="bbox 210 1637 1913 1709; baseline 0.002 -20"><span class='ocrx_word' id='word_1_125' title='bbox 210 1637 497 1701; x_wconf 88' lang='lat' dir='ltr'><strong>mitatem,</strong></span> <span class='ocrx_word' id='word_1_126' title='bbox 530 1641 629 1690; x_wconf 81' lang='lat' dir='ltr'><strong>aut</strong></span> <span class='ocrx_word' id='word_1_127' title='bbox 661 1637 973 1691; x_wconf 87' lang='lat' dir='ltr'><strong>terminum</strong></span> <span class='ocrx_word' id='word_1_128' title='bbox 1003 1653 1284 1708; x_wconf 87' lang='lat' dir='ltr'><strong>aquarum</strong></span> <span class='ocrx_word' id='word_1_129' title='bbox 1336 1638 1913 1709; x_wconf 85' lang='lat' dir='ltr'><strong>intransgressibilem</strong></span> 
     </span>
    </p>
   </div>
   <div class='ocr_carea' id='block_1_17' title="bbox 209 1724 1918 1797">
    <p class='ocr_par' dir='ltr' id='par_1_17' title="bbox 209 1724 1918 1797">
     <span class='ocr_line' id='line_1_17' title="bbox 209 1724 1918 1797; baseline 0.002 -19"><span class='ocrx_word' id='word_1_130' title='bbox 209 1724 320 1778; x_wconf 84' lang='lat' dir='ltr'><strong>dici</strong></span> <span class='ocrx_word' id='word_1_131' title='bbox 349 1729 564 1793; x_wconf 88' lang='lat' dir='ltr'><strong>potest.</strong></span> <span class='ocrx_word' id='word_1_132' title='bbox 596 1724 654 1779; x_wconf 90' lang='lat' dir='ltr'><strong>Si</strong></span> <span class='ocrx_word' id='word_1_133' title='bbox 713 1730 909 1779; x_wconf 89' lang='lat' dir='ltr'><strong>autem</strong></span> <span class='ocrx_word' id='word_1_134' title='bbox 943 1729 1073 1794; x_wconf 86' lang='lat' dir='ltr'><strong>stat,</strong></span> <span class='ocrx_word' id='word_1_135' title='bbox 1124 1726 1265 1781; x_wconf 86' lang='lat' dir='ltr'><strong>nihil</strong></span> <span class='ocrx_word' id='word_1_136' title='bbox 1312 1726 1555 1797; x_wconf 87' lang='lat' dir='ltr'><strong>impedit</strong></span> <span class='ocrx_word' id='word_1_137' title='bbox 1600 1728 1814 1782; x_wconf 83' lang='lat' dir='ltr'><strong>moveri</strong></span> <span class='ocrx_word' id='word_1_138' title='bbox 1861 1734 1918 1783; x_wconf 89' lang='lat' dir='ltr'><strong>et</strong></span> 
     </span>
    </p>
   </div>
   <div class='ocr_carea' id='block_1_18' title="bbox 206 1813 1918 1889">
    <p class='ocr_par' dir='ltr' id='par_1_18' title="bbox 206 1813 1918 1889">
     <span class='ocr_line' id='line_1_18' title="bbox 206 1813 1918 1889; baseline 0.004 -24"><span class='ocrx_word' id='word_1_139' title='bbox 206 1813 521 1867; x_wconf 88' lang='lat' dir='ltr'><strong>circumire</strong></span> <span class='ocrx_word' id='word_1_140' title='bbox 570 1813 775 1867; x_wconf 86' lang='lat' dir='ltr'><strong>sidera.</strong></span> <span class='ocrx_word' id='word_1_141' title='bbox 810 1813 1091 1880; x_wconf 63' lang='lat' dir='ltr'><strong>Secundo</strong></span> <span class='ocrx_word' id='word_1_142' title='bbox 1140 1814 1232 1868; x_wconf 89' lang='lat' dir='ltr'><strong>die</strong></span> <span class='ocrx_word' id='word_1_143' title='bbox 1278 1815 1490 1870; x_wconf 84' lang='lat' dir='ltr'><strong>factum</strong></span> <span class='ocrx_word' id='word_1_144' title='bbox 1532 1821 1615 1871; x_wconf 89' lang='lat' dir='ltr'><strong>est</strong></span> <span class='ocrx_word' id='word_1_145' title='bbox 1642 1822 1918 1889; x_wconf 86' lang='lat' dir='ltr'><strong>tanquam</strong></span> 
     </span>
    </p>
   </div>
   <div class='ocr_carea' id='block_1_19' title="bbox 208 1902 1916 1973">
    <p class='ocr_par' dir='ltr' id='par_1_19' title="bbox 208 1902 1916 1973">
     <span class='ocr_line' id='line_1_19' title="bbox 208 1902 1916 1973; baseline 0.003 -18"><span class='ocrx_word' id='word_1_146' title='bbox 208 1904 651 1956; x_wconf 87' lang='lat' dir='ltr'><strong>ﬁrmamentum</strong></span> <span class='ocrx_word' id='word_1_147' title='bbox 697 1902 1032 1973; x_wconf 60' lang='lat' dir='ltr'><strong>disciplinas,</strong></span> <span class='ocrx_word' id='word_1_148' title='bbox 1096 1903 1248 1973; x_wconf 90' lang='lat' dir='ltr'><strong>quod</strong></span> <span class='ocrx_word' id='word_1_149' title='bbox 1294 1904 1568 1959; x_wconf 87' lang='lat' dir='ltr'><strong>discernit</strong></span> <span class='ocrx_word' id='word_1_150' title='bbox 1616 1905 1765 1960; x_wconf 86' lang='lat' dir='ltr'><strong>inter</strong></span> <span class='ocrx_word' id='word_1_151' title='bbox 1788 1922 1916 1960; x_wconf 86' lang='lat' dir='ltr'><strong>car-</strong></span> 
     </span>
    </p>
   </div>
   <div class='ocr_carea' id='block_1_20' title="bbox 209 1990 1913 2065">
    <p class='ocr_par' dir='ltr' id='par_1_20' title="bbox 209 1990 1913 2065">
     <span class='ocr_line' id='line_1_20' title="bbox 209 1990 1913 2065; baseline 0.002 -20"><span class='ocrx_word' id='word_1_152' title='bbox 209 1991 363 2045; x_wconf 88' lang='lat' dir='ltr'><strong>nalia</strong></span> <span class='ocrx_word' id='word_1_153' title='bbox 396 1996 457 2045; x_wconf 90' lang='lat' dir='ltr'><strong>et</strong></span> <span class='ocrx_word' id='word_1_154' title='bbox 490 1990 833 2062; x_wconf 87' lang='lat' dir='ltr'><strong>spiritualia,</strong></span> <span class='ocrx_word' id='word_1_155' title='bbox 867 1990 1011 2046; x_wconf 90' lang='lat' dir='ltr'><strong>sicut</strong></span> <span class='ocrx_word' id='word_1_156' title='bbox 1034 1991 1184 2045; x_wconf 88' lang='lat' dir='ltr'><strong>inter</strong></span> <span class='ocrx_word' id='word_1_157' title='bbox 1229 1992 1524 2048; x_wconf 86' lang='lat' dir='ltr'><strong>inferiores</strong></span> <span class='ocrx_word' id='word_1_158' title='bbox 1564 1994 1913 2065; x_wconf 88' lang='lat' dir='ltr'><strong>et&#39;superio-</strong></span> 
     </span>
    </p>
   </div>
   <div class='ocr_carea' id='block_1_21' title="bbox 209 2096 528 2151">
    <p class='ocr_par' dir='ltr' id='par_1_21' title="bbox 209 2096 528 2151">
     <span class='ocr_line' id='line_1_21' title="bbox 209 2096 528 2151; baseline -0.003 -17"><span class='ocrx_word' id='word_1_159' title='bbox 209 2097 295 2134; x_wconf 68' lang='grc' dir='ltr'><strong>τος</strong></span> <span class='ocrx_word' id='word_1_160' title='bbox 322 2096 528 2151; x_wconf 88' lang='lat' dir='ltr'><strong>aquas.</strong></span> 
     </span>
    </p>
   </div>
   <div class='ocr_carea' id='block_1_22' title="bbox 282 2168 1916 2239">
    <p class='ocr_par' dir='ltr' id='par_1_22' title="bbox 282 2168 1916 2239">
     <span class='ocr_line' id='line_1_22' title="bbox 282 2168 1916 2239; baseline 0.001 -17"><span class='ocrx_word' id='word_1_161' title='bbox 282 2170 472 2235; x_wconf 78' lang='lat'><strong>(1510.,</strong></span> <span class='ocrx_word' id='word_1_162' title='bbox 501 2171 560 2223; x_wconf 72' lang='lat' dir='ltr'><strong>in</strong></span> <span class='ocrx_word' id='word_1_163' title='bbox 597 2168 730 2224; x_wconf 80' lang='lat' dir='ltr'><strong>Gen.</strong></span> <span class='ocrx_word' id='word_1_164' title='bbox 763 2183 811 2223; x_wconf 92' lang='lat' dir='ltr'><strong>c.</strong></span> <span class='ocrx_word' id='word_1_165' title='bbox 862 2170 913 2234; x_wconf 84' lang='lat'><strong>2,</strong></span> <span class='ocrx_word' id='word_1_166' title='bbox 964 2172 1105 2224; x_wconf 89' lang='lat' dir='ltr'><strong>tom.</strong></span> <span class='ocrx_word' id='word_1_167' title='bbox 1134 2170 1195 2235; x_wconf 87' lang='lat' dir='ltr'><strong>V,</strong></span> <span class='ocrx_word' id='word_1_168' title='bbox 1227 2170 1335 2223; x_wconf 91' lang='lat' dir='ltr'><strong>col.</strong></span> <span class='ocrx_word' id='word_1_169' title='bbox 1363 2171 1508 2239; x_wconf 80' lang='lat'><strong>213.)</strong></span> <span class='ocrx_word' id='word_1_170' title='bbox 1542 2168 1643 2224; x_wconf 90' lang='lat' dir='ltr'><strong>Die</strong></span> <span class='ocrx_word' id='word_1_171' title='bbox 1668 2169 1916 2224; x_wconf 89' lang='lat' dir='ltr'><strong>secunda</strong></span> 
     </span>
    </p>
   </div>
   <div class='ocr_carea' id='block_1_23' title="bbox 217 2256 1916 2329">
    <p class='ocr_par' dir='ltr' id='par_1_23' title="bbox 217 2256 1916 2329">
     <span class='ocr_line' id='line_1_23' title="bbox 217 2256 1916 2329; baseline 0 -17"><span class='ocrx_word' id='word_1_172' title='bbox 217 2258 410 2328; x_wconf 82' lang='lat' dir='ltr'><strong>posuit</strong></span> <span class='ocrx_word' id='word_1_173' title='bbox 453 2256 905 2323; x_wconf 87' lang='lat' dir='ltr'><strong>ﬁrmamentum,</strong></span> <span class='ocrx_word' id='word_1_174' title='bbox 955 2260 1175 2311; x_wconf 87' lang='lat' dir='ltr'><strong>sanctas</strong></span> <span class='ocrx_word' id='word_1_175' title='bbox 1221 2257 1436 2312; x_wconf 85' lang='lat' dir='ltr'><strong>scilicet</strong></span> <span class='ocrx_word' id='word_1_176' title='bbox 1488 2258 1805 2329; x_wconf 89' lang='lat' dir='ltr'><strong>Scripturas</strong></span> <span class='ocrx_word' id='word_1_177' title='bbox 1857 2258 1916 2312; x_wconf 90' lang='lat' dir='ltr'><strong>in</strong></span> 
     </span>
    </p>
   </div>
   <div class='ocr_carea' id='block_1_24' title="bbox 223 2345 1914 2414">
    <p class='ocr_par' dir='ltr' id='par_1_24' title="bbox 223 2345 1914 2414">
     <span class='ocr_line' id='line_1_24' title="bbox 223 2345 1914 2414; baseline -0.001 -13"><span class='ocrx_word' id='word_1_178' title='bbox 223 2346 488 2401; x_wconf 78' lang='lat' dir='ltr'><strong>Ecclesia.</strong></span> <span class='ocrx_word' id='word_1_179' title='bbox 562 2345 639 2400; x_wconf 91' lang='lat' dir='ltr'><strong>De</strong></span> <span class='ocrx_word' id='word_1_180' title='bbox 705 2345 916 2414; x_wconf 89' lang='lat' dir='ltr'><strong>quibus</strong></span> <span class='ocrx_word' id='word_1_181' title='bbox 984 2345 1194 2400; x_wconf 88' lang='lat' dir='ltr'><strong>dicitur</strong></span> <span class='ocrx_word' id='word_1_182' title='bbox 1241 2346 1343 2400; x_wconf 89' lang='lat' dir='ltr'><strong>Isa.</strong></span> <span class='ocrx_word' id='word_1_183' title='bbox 1392 2362 1554 2399; x_wconf 64' lang='lat' dir='ltr'><strong>xxviv</strong></span> <span class='ocrx_word' id='word_1_184' title='bbox 1588 2364 1600 2399; x_wconf 92' lang='lat'>:</span> <span class='ocrx_word' id='word_1_185' title='bbox 1637 2366 1663 2397; x_wconf 80' lang='grc' dir='ltr'><strong>α</strong></span> <span class='ocrx_word' id='word_1_186' title='bbox 1699 2346 1914 2400; x_wconf 76' lang='lat' dir='ltr'><strong>C(elum</strong></span> 
     </span>
    </p>
   </div>
   <div class='ocr_carea' id='block_1_25' title="bbox 212 2434 1916 2506">
    <p class='ocr_par' dir='ltr' id='par_1_25' title="bbox 212 2434 1916 2506">
     <span class='ocr_line' id='line_1_25' title="bbox 212 2434 1916 2506; baseline 0.001 -18"><span class='ocrx_word' id='word_1_187' title='bbox 212 2437 358 2490; x_wconf 88' lang='lat' dir='ltr'><strong>sicut</strong></span> <span class='ocrx_word' id='word_1_188' title='bbox 406 2435 553 2490; x_wconf 89' lang='lat' dir='ltr'><strong>liber</strong></span> <span class='ocrx_word' id='word_1_189' title='bbox 604 2434 931 2506; x_wconf 85' lang='lat' dir='ltr'><strong>plicabitur.</strong></span> <span class='ocrx_word' id='word_1_190' title='bbox 985 2454 1012 2487; x_wconf 75' lang='grc' dir='ltr'><strong><em>ιο</em></strong></span> <span class='ocrx_word' id='word_1_191' title='bbox 1080 2435 1196 2489; x_wconf 84' lang='lat' dir='ltr'><strong>Hoc</strong></span> <span class='ocrx_word' id='word_1_192' title='bbox 1243 2434 1600 2488; x_wconf 87' lang='lat' dir='ltr'><strong>ﬁrmamento</strong></span> <span class='ocrx_word' id='word_1_193' title='bbox 1645 2434 1916 2489; x_wconf 90' lang='lat' dir='ltr'><strong>discernit</strong></span> 
     </span>
    </p>
   </div>
   <div class='ocr_carea' id='block_1_26' title="bbox 219 2523 1916 2596">
    <p class='ocr_par' dir='ltr' id='par_1_26' title="bbox 219 2523 1916 2596">
     <span class='ocr_line' id='line_1_26' title="bbox 219 2523 1916 2596; baseline -0.001 -18"><span class='ocrx_word' id='word_1_194' title='bbox 219 2540 400 2596; x_wconf 86' lang='lat' dir='ltr'><strong>aquas</strong></span> <span class='ocrx_word' id='word_1_195' title='bbox 433 2524 779 2594; x_wconf 88' lang='lat' dir='ltr'><strong>superiores,</strong></span> <span class='ocrx_word' id='word_1_196' title='bbox 806 2524 861 2578; x_wconf 91' lang='lat' dir='ltr'><strong>id</strong></span> <span class='ocrx_word' id='word_1_197' title='bbox 893 2527 977 2578; x_wconf 92' lang='lat' dir='ltr'><strong>est</strong></span> <span class='ocrx_word' id='word_1_198' title='bbox 1005 2523 1285 2594; x_wconf 86' lang='lat' dir='ltr'><strong>populum</strong></span> <span class='ocrx_word' id='word_1_199' title='bbox 1315 2525 1671 2594; x_wconf 81' lang='lat' dir='ltr'><strong>angelorum,</strong></span> <span class='ocrx_word' id='word_1_200' title='bbox 1707 2523 1916 2594; x_wconf 86' lang='lat' dir='ltr'><strong>quibus</strong></span> 
     </span>
    </p>
   </div>
   <div class='ocr_carea' id='block_1_27' title="bbox 215 2610 1910 2668">
    <p class='ocr_par' dir='ltr' id='par_1_27' title="bbox 215 2610 1910 2668">
     <span class='ocr_line' id='line_1_27' title="bbox 215 2610 1910 2668; baseline -0.001 0"><span class='ocrx_word' id='word_1_201' title='bbox 215 2630 331 2668; x_wconf 91' lang='lat' dir='ltr'><strong>non</strong></span> <span class='ocrx_word' id='word_1_202' title='bbox 363 2618 456 2667; x_wconf 88' lang='lat' dir='ltr'><strong>est</strong></span> <span class='ocrx_word' id='word_1_203' title='bbox 501 2628 728 2666; x_wconf 89' lang='lat' dir='ltr'><strong>necesse</strong></span> <span class='ocrx_word' id='word_1_204' title='bbox 777 2612 929 2666; x_wconf 90' lang='lat' dir='ltr'><strong>utin</strong></span> <span class='ocrx_word' id='word_1_205' title='bbox 972 2612 1216 2666; x_wconf 87' lang='lat' dir='ltr'><strong>lectione</strong></span> <span class='ocrx_word' id='word_1_206' title='bbox 1259 2611 1497 2665; x_wconf 87' lang='lat' dir='ltr'><strong>audiant</strong></span> <span class='ocrx_word' id='word_1_207' title='bbox 1527 2612 1624 2666; x_wconf 91' lang='lat' dir='ltr'><strong>Dei</strong></span> <span class='ocrx_word' id='word_1_208' title='bbox 1653 2610 1910 2667; x_wconf 85' lang='lat' dir='ltr'><strong>verbum.</strong></span> 
     </span>
    </p>
   </div>
   <div class='ocr_carea' id='block_1_28' title="bbox 211 2700 1913 2771">
    <p class='ocr_par' dir='ltr' id='par_1_28' title="bbox 211 2700 1913 2771">
     <span class='ocr_line' id='line_1_28' title="bbox 211 2700 1913 2771; baseline 0 -15"><span class='ocrx_word' id='word_1_209' title='bbox 211 2703 321 2757; x_wconf 89' lang='lat' dir='ltr'><strong>Sed</strong></span> <span class='ocrx_word' id='word_1_210' title='bbox 369 2700 517 2755; x_wconf 88' lang='lat' dir='ltr'><strong>illud</strong></span> <span class='ocrx_word' id='word_1_211' title='bbox 568 2700 998 2755; x_wconf 87' lang='lat' dir='ltr'><strong>ﬁrmamentum</strong></span> <span class='ocrx_word' id='word_1_212' title='bbox 1046 2700 1238 2771; x_wconf 88' lang='lat' dir='ltr'><strong>posuit</strong></span> <span class='ocrx_word' id='word_1_213' title='bbox 1301 2716 1474 2770; x_wconf 87' lang='lat' dir='ltr'><strong>super</strong></span> <span class='ocrx_word' id='word_1_214' title='bbox 1522 2700 1913 2756; x_wconf 89' lang='lat' dir='ltr'><strong>inﬁrmitatem</strong></span> 
     </span>
    </p>
   </div>
   <div class='ocr_carea' id='block_1_29' title="bbox 210 2789 1913 2861">
    <p class='ocr_par' dir='ltr' id='par_1_29' title="bbox 210 2789 1913 2861">
     <span class='ocr_line' id='line_1_29' title="bbox 210 2789 1913 2861; baseline 0 -17"><span class='ocrx_word' id='word_1_215' title='bbox 210 2789 556 2844; x_wconf 86' lang='lat' dir='ltr'><strong>inferiorum</strong></span> <span class='ocrx_word' id='word_1_216' title='bbox 582 2789 954 2859; x_wconf 90' lang='lat' dir='ltr'><strong>populorum,</strong></span> <span class='ocrx_word' id='word_1_217' title='bbox 983 2794 1045 2842; x_wconf 90' lang='lat' dir='ltr'><strong>ut</strong></span> <span class='ocrx_word' id='word_1_218' title='bbox 1088 2789 1458 2859; x_wconf 85' lang='lat' dir='ltr'><strong>suspicientes</strong></span> <span class='ocrx_word' id='word_1_219' title='bbox 1502 2790 1561 2843; x_wconf 94' lang='lat' dir='ltr'><strong>in</strong></span> <span class='ocrx_word' id='word_1_220' title='bbox 1594 2805 1660 2843; x_wconf 91' lang='lat' dir='ltr'><strong>eo</strong></span> <span class='ocrx_word' id='word_1_221' title='bbox 1699 2806 1913 2861; x_wconf 90' lang='lat' dir='ltr'><strong>cogno-</strong></span> 
     </span>
    </p>
   </div>
   <div class='ocr_carea' id='block_1_30' title="bbox 209 2876 1909 2949">
    <p class='ocr_par' dir='ltr' id='par_1_30' title="bbox 209 2876 1909 2949">
     <span class='ocr_line' id='line_1_30' title="bbox 209 2876 1909 2949; baseline -0.001 -16"><span class='ocrx_word' id='word_1_222' title='bbox 209 2882 372 2933; x_wconf 85' lang='lat' dir='ltr'><strong>scant</strong></span> <span class='ocrx_word' id='word_1_223' title='bbox 394 2877 646 2948; x_wconf 83' lang='lat' dir='ltr'><strong>qualiter</strong></span> <span class='ocrx_word' id='word_1_224' title='bbox 674 2876 958 2931; x_wconf 88' lang='lat' dir='ltr'><strong>discernat</strong></span> <span class='ocrx_word' id='word_1_225' title='bbox 988 2876 1137 2930; x_wconf 91' lang='lat' dir='ltr'><strong>inter</strong></span> <span class='ocrx_word' id='word_1_226' title='bbox 1174 2877 1425 2931; x_wconf 84' lang='lat' dir='ltr'><strong>carnalia</strong></span> <span class='ocrx_word' id='word_1_227' title='bbox 1464 2883 1520 2932; x_wconf 89' lang='lat' dir='ltr'><strong>et</strong></span> <span class='ocrx_word' id='word_1_228' title='bbox 1570 2878 1909 2949; x_wconf 86' lang='lat' dir='ltr'><strong>spiritualia,</strong></span> 
     </span>
    </p>
   </div>
   <div class='ocr_carea' id='block_1_31' title="bbox 210 2965 1549 3038">
    <p class='ocr_par' dir='ltr' id='par_1_31' title="bbox 210 2965 1549 3038">
     <span class='ocr_line' id='line_1_31' title="bbox 210 2965 1549 3038; baseline -0.001 -19"><span class='ocrx_word' id='word_1_229' title='bbox 210 2966 376 3038; x_wconf 88' lang='lat' dir='ltr'><strong>quasi</strong></span> <span class='ocrx_word' id='word_1_230' title='bbox 412 2966 567 3019; x_wconf 90' lang='lat' dir='ltr'><strong>inter</strong></span> <span class='ocrx_word' id='word_1_231' title='bbox 595 2981 773 3035; x_wconf 86' lang='lat' dir='ltr'><strong>aquas</strong></span> <span class='ocrx_word' id='word_1_232' title='bbox 798 2965 1121 3035; x_wconf 87' lang='lat' dir='ltr'><strong>superiores</strong></span> <span class='ocrx_word' id='word_1_233' title='bbox 1148 2972 1206 3019; x_wconf 92' lang='lat' dir='ltr'><strong>et</strong></span> <span class='ocrx_word' id='word_1_234' title='bbox 1235 2966 1549 3019; x_wconf 81' lang='lat' dir='ltr'><strong>inferiores.</strong></span> 
     </span>
    </p>
   </div>
   <div class='ocr_carea' id='block_1_32' title="bbox 281 3052 1907 3124">
    <p class='ocr_par' dir='ltr' id='par_1_32' title="bbox 281 3052 1907 3124">
     <span class='ocr_line' id='line_1_32' title="bbox 281 3052 1907 3124; baseline 0.001 -19"><span class='ocrx_word' id='word_1_235' title='bbox 281 3075 310 3105; x_wconf 74' lang='grc' dir='ltr'>α</span> <span class='ocrx_word' id='word_1_236' title='bbox 343 3052 663 3124; x_wconf 86' lang='lat' dir='ltr'><strong>Divisitque</strong></span> <span class='ocrx_word' id='word_1_237' title='bbox 705 3068 883 3123; x_wconf 89' lang='lat' dir='ltr'><strong>aquas</strong></span> <span class='ocrx_word' id='word_1_238' title='bbox 926 3069 1053 3124; x_wconf 65' lang='lat' dir='ltr'><strong>quae</strong></span> <span class='ocrx_word' id='word_1_239' title='bbox 1111 3058 1296 3120; x_wconf 90' lang='lat' dir='ltr'><strong>erant,</strong></span> <span class='ocrx_word' id='word_1_240' title='bbox 1322 3073 1349 3104; x_wconf 75' lang='grc' dir='ltr'><strong><em>ι)</em></strong></span> <span class='ocrx_word' id='word_1_241' title='bbox 1394 3058 1498 3107; x_wconf 90' lang='lat' dir='ltr'><strong>etc.</strong></span> <span class='ocrx_word' id='word_1_242' title='bbox 1548 3053 1767 3122; x_wconf 67' lang='lat' dir='ltr'><strong>(Auum,</strong></span> <span class='ocrx_word' id='word_1_243' title='bbox 1803 3053 1840 3109; x_wconf 91' lang='lat' dir='ltr'><strong>l.</strong></span> <span class='ocrx_word' id='word_1_244' title='bbox 1870 3070 1907 3107; x_wconf 89' lang='grc' dir='ltr'><strong>ιι</strong></span> 
     </span>
    </p>
   </div>
   <div class='ocr_carea' id='block_1_33' title="bbox 218 3142 1907 3211">
    <p class='ocr_par' dir='ltr' id='par_1_33' title="bbox 218 3142 1907 3211">
     <span class='ocr_line' id='line_1_33' title="bbox 218 3142 1907 3211; baseline -0.001 -13"><span class='ocrx_word' id='word_1_245' title='bbox 218 3144 504 3205; x_wconf 51' lang='grc' dir='ltr'><strong>Πάταρα,</strong></span> <span class='ocrx_word' id='word_1_246' title='bbox 562 3158 610 3195; x_wconf 91' lang='lat' dir='ltr'><strong>c.</strong></span> <span class='ocrx_word' id='word_1_247' title='bbox 672 3144 723 3206; x_wconf 85' lang='lat'><strong>3,</strong></span> <span class='ocrx_word' id='word_1_248' title='bbox 755 3148 895 3197; x_wconf 91' lang='lat' dir='ltr'><strong>tom.</strong></span> <span class='ocrx_word' id='word_1_249' title='bbox 948 3144 1118 3208; x_wconf 91' lang='lat' dir='ltr'><strong>l,col.</strong></span> <span class='ocrx_word' id='word_1_250' title='bbox 1181 3144 1320 3211; x_wconf 76' lang='grc'><strong>148.)</strong></span> <span class='ocrx_word' id='word_1_251' title='bbox 1373 3144 1512 3196; x_wconf 89' lang='lat' dir='ltr'><strong>Cum</strong></span> <span class='ocrx_word' id='word_1_252' title='bbox 1561 3142 1682 3196; x_wconf 63' lang='lat' dir='ltr'><strong>haec</strong></span> <span class='ocrx_word' id='word_1_253' title='bbox 1726 3142 1907 3208; x_wconf 90' lang='lat' dir='ltr'><strong>audis,</strong></span> 
     </span>
    </p>
   </div>
   <div class='ocr_carea' id='block_1_34' title="bbox 214 3230 1912 3303">
    <p class='ocr_par' dir='ltr' id='par_1_34' title="bbox 214 3230 1912 3303">
     <span class='ocr_line' id='line_1_34' title="bbox 214 3230 1912 3303; baseline -0.001 -18"><span class='ocrx_word' id='word_1_254' title='bbox 214 3231 357 3303; x_wconf 91' lang='lat' dir='ltr'><strong>quid</strong></span> <span class='ocrx_word' id='word_1_255' title='bbox 408 3231 641 3285; x_wconf 78' lang='lat' dir='ltr'><strong>miraris</strong></span> <span class='ocrx_word' id='word_1_256' title='bbox 670 3230 714 3283; x_wconf 89' lang='lat' dir='ltr'><strong>si</strong></span> <span class='ocrx_word' id='word_1_257' title='bbox 748 3246 919 3301; x_wconf 88' lang='lat' dir='ltr'><strong>supra</strong></span> <span class='ocrx_word' id='word_1_258' title='bbox 956 3231 1383 3285; x_wconf 87' lang='lat' dir='ltr'><strong>ﬁrmamentum</strong></span> <span class='ocrx_word' id='word_1_259' title='bbox 1414 3231 1598 3302; x_wconf 89' lang='lat' dir='ltr'><strong>potuit</strong></span> <span class='ocrx_word' id='word_1_260' title='bbox 1620 3231 1773 3285; x_wconf 90' lang='lat' dir='ltr'><strong>unda</strong></span> <span class='ocrx_word' id='word_1_261' title='bbox 1802 3247 1912 3284; x_wconf 89' lang='lat' dir='ltr'><strong>sus-</strong></span> 
     </span>
    </p>
   </div>
   <div class='ocr_carea' id='block_1_35' title="bbox 214 3319 1910 3391">
    <p class='ocr_par' dir='ltr' id='par_1_35' title="bbox 214 3319 1910 3391">
     <span class='ocr_line' id='line_1_35' title="bbox 214 3319 1910 3391; baseline -0.001 -17"><span class='ocrx_word' id='word_1_262' title='bbox 214 3319 445 3391; x_wconf 75' lang='lat' dir='ltr'><strong>pendi?</strong></span> <span class='ocrx_word' id='word_1_263' title='bbox 475 3323 606 3383; x_wconf 89' lang='lat' dir='ltr'><strong>etc.,</strong></span> <span class='ocrx_word' id='word_1_264' title='bbox 635 3334 805 3388; x_wconf 78' lang='lat' dir='ltr'><strong>usque</strong></span> <span class='ocrx_word' id='word_1_265' title='bbox 843 3319 917 3373; x_wconf 86' lang='lat' dir='ltr'><strong>ad</strong></span> <span class='ocrx_word' id='word_1_266' title='bbox 942 3319 1205 3373; x_wconf 74' lang='lat' dir='ltr'><strong>Iordanis</strong></span> <span class='ocrx_word' id='word_1_267' title='bbox 1239 3334 1468 3390; x_wconf 88' lang='lat' dir='ltr'><strong>quoque</strong></span> <span class='ocrx_word' id='word_1_268' title='bbox 1510 3320 1719 3374; x_wconf 69' lang='lat' dir='ltr'><strong>reflexo</strong></span> <span class='ocrx_word' id='word_1_269' title='bbox 1741 3334 1910 3373; x_wconf 89' lang='lat' dir='ltr'><strong>amne</strong></span> 
     </span>
    </p>
   </div>
   <div class='ocr_carea' id='block_1_36' title="bbox 215 3407 1062 3463">
    <p class='ocr_par' dir='ltr' id='par_1_36' title="bbox 215 3407 1062 3463">
     <span class='ocr_line' id='line_1_36' title="bbox 215 3407 1062 3463; baseline 0 -1"><span class='ocrx_word' id='word_1_270' title='bbox 215 3412 267 3463; x_wconf 91' lang='lat' dir='ltr'><strong>in</strong></span> <span class='ocrx_word' id='word_1_271' title='bbox 303 3424 477 3461; x_wconf 88' lang='lat' dir='ltr'><strong>suum</strong></span> <span class='ocrx_word' id='word_1_272' title='bbox 504 3410 718 3461; x_wconf 79' lang='lat' dir='ltr'><strong>fontem</strong></span> <span class='ocrx_word' id='word_1_273' title='bbox 745 3407 1062 3462; x_wconf 84' lang='lat' dir='ltr'><strong>revertitur.</strong></span> 
     </span>
    </p>
   </div>
   <div class='ocr_carea' id='block_1_37' title="bbox 282 3496 1903 3566">
    <p class='ocr_par' dir='ltr' id='par_1_37' title="bbox 282 3496 1903 3566">
     <span class='ocr_line' id='line_1_37' title="bbox 282 3496 1903 3566; baseline 0 -17"><span class='ocrx_word' id='word_1_274' title='bbox 282 3499 443 3551; x_wconf 74' lang='lat' dir='ltr'><strong>Vens.</strong></span> <span class='ocrx_word' id='word_1_275' title='bbox 470 3498 524 3551; x_wconf 91' lang='lat'><strong>8.</strong></span> <span class='ocrx_word' id='word_1_276' title='bbox 554 3527 648 3551; x_wconf 89' lang='lat'><strong>—.</strong></span> <span class='ocrx_word' id='word_1_277' title='bbox 700 3536 714 3551; x_wconf 92' lang='lat'><strong>.</strong></span> <span class='ocrx_word' id='word_1_278' title='bbox 761 3538 772 3551; x_wconf 94' lang='lat'><strong>.</strong></span> <span class='ocrx_word' id='word_1_279' title='bbox 820 3536 833 3551; x_wconf 91' lang='lat'><strong>.</strong></span> <span class='ocrx_word' id='word_1_280' title='bbox 877 3516 903 3548; x_wconf 82' lang='grc' dir='ltr'><strong>ιι</strong></span> <span class='ocrx_word' id='word_1_281' title='bbox 941 3498 1005 3551; x_wconf 89' lang='lat' dir='ltr'><strong>Et</strong></span> <span class='ocrx_word' id='word_1_282' title='bbox 1045 3496 1256 3550; x_wconf 89' lang='lat' dir='ltr'><strong>factum</strong></span> <span class='ocrx_word' id='word_1_283' title='bbox 1309 3500 1393 3549; x_wconf 90' lang='lat' dir='ltr'><strong>est</strong></span> <span class='ocrx_word' id='word_1_284' title='bbox 1432 3511 1687 3566; x_wconf 85' lang='lat' dir='ltr'><strong>vespere,</strong></span> <span class='ocrx_word' id='word_1_285' title='bbox 1735 3516 1756 3543; x_wconf 79' lang='grc' dir='ltr'><strong>ι</strong></span> <span class='ocrx_word' id='word_1_286' title='bbox 1799 3500 1903 3549; x_wconf 90' lang='lat' dir='ltr'><strong>etc.</strong></span> 
     </span>
    </p>
   </div>
   <div class='ocr_carea' id='block_1_38' title="bbox 208 3582 1909 3656">
    <p class='ocr_par' dir='ltr' id='par_1_38' title="bbox 208 3582 1909 3656">
     <span class='ocr_line' id='line_1_38' title="bbox 208 3582 1909 3656; baseline -0.004 -16"><span class='ocrx_word' id='word_1_287' title='bbox 208 3588 385 3654; x_wconf 83' lang='lat' dir='ltr'><strong>(Ism.,</strong></span> <span class='ocrx_word' id='word_1_288' title='bbox 419 3586 517 3639; x_wconf 80' lang='lat' dir='ltr'><strong>ubi</strong></span> <span class='ocrx_word' id='word_1_289' title='bbox 543 3586 753 3654; x_wconf 82' lang='lat' dir='ltr'><strong>supra.)</strong></span> <span class='ocrx_word' id='word_1_290' title='bbox 788 3586 1031 3656; x_wconf 90' lang='lat' dir='ltr'><strong>Incipiat</strong></span> <span class='ocrx_word' id='word_1_291' title='bbox 1056 3601 1223 3639; x_wconf 89' lang='lat' dir='ltr'><strong>mane</strong></span> <span class='ocrx_word' id='word_1_292' title='bbox 1253 3584 1518 3638; x_wconf 74' lang='lat' dir='ltr'><strong>secundas</strong></span> <span class='ocrx_word' id='word_1_293' title='bbox 1565 3582 1679 3637; x_wconf 91' lang='lat' dir='ltr'><strong>diei</strong></span> <span class='ocrx_word' id='word_1_294' title='bbox 1709 3599 1741 3637; x_wconf 91' lang='lat' dir='ltr'><strong>a</strong></span> <span class='ocrx_word' id='word_1_295' title='bbox 1774 3584 1909 3651; x_wconf 86' lang='lat' dir='ltr'><strong>Noe,</strong></span> 
     </span>
    </p>
   </div>
   <div class='ocr_carea' id='block_1_39' title="bbox 210 3671 1906 3745">
    <p class='ocr_par' dir='ltr' id='par_1_39' title="bbox 210 3671 1906 3745">
     <span class='ocr_line' id='line_1_39' title="bbox 210 3671 1906 3745; baseline -0.001 -18"><span class='ocrx_word' id='word_1_296' title='bbox 210 3681 344 3741; x_wconf 63' lang='lat' dir='ltr'><strong>etc.,</strong></span> <span class='ocrx_word' id='word_1_297' title='bbox 377 3689 549 3743; x_wconf 81' lang='lat' dir='ltr'><strong>usque</strong></span> <span class='ocrx_word' id='word_1_298' title='bbox 574 3674 648 3727; x_wconf 84' lang='lat' dir='ltr'><strong>ad</strong></span> <span class='ocrx_word' id='word_1_299' title='bbox 672 3673 817 3745; x_wconf 53' lang='lat' dir='ltr'><strong>.quai</strong></span> <span class='ocrx_word' id='word_1_300' title='bbox 859 3690 961 3728; x_wconf 91' lang='lat' dir='ltr'><strong>nec</strong></span> <span class='ocrx_word' id='word_1_301' title='bbox 990 3673 1236 3745; x_wconf 88' lang='lat' dir='ltr'><strong>pueritia</strong></span> <span class='ocrx_word' id='word_1_302' title='bbox 1261 3679 1391 3743; x_wconf 87' lang='lat' dir='ltr'><strong>apta</strong></span> <span class='ocrx_word' id='word_1_303' title='bbox 1421 3678 1503 3726; x_wconf 90' lang='lat' dir='ltr'><strong>est</strong></span> <span class='ocrx_word' id='word_1_304' title='bbox 1528 3671 1906 3742; x_wconf 89' lang='lat' dir='ltr'><strong>generationi.</strong></span> 
     </span>
    </p>
   </div>
   <div class='ocr_carea' id='block_1_40' title="bbox 282 3760 1908 3827">
    <p class='ocr_par' dir='ltr' id='par_1_40' title="bbox 282 3760 1908 3827">
     <span class='ocr_line' id='line_1_40' title="bbox 282 3760 1908 3827; baseline -0.001 -12"><span class='ocrx_word' id='word_1_305' title='bbox 282 3764 458 3816; x_wconf 74' lang='lat' dir='ltr'><strong>Vsus.</strong></span> <span class='ocrx_word' id='word_1_306' title='bbox 491 3766 546 3816; x_wconf 92' lang='lat'><strong>9.</strong></span> <span class='ocrx_word' id='word_1_307' title='bbox 599 3790 659 3802; x_wconf 90' lang='lat'>—</span> <span class='ocrx_word' id='word_1_308' title='bbox 713 3785 740 3811; x_wconf 80' lang='grc' dir='ltr'>α</span> <span class='ocrx_word' id='word_1_309' title='bbox 792 3763 941 3817; x_wconf 86' lang='lat' dir='ltr'><strong>Dixit</strong></span> <span class='ocrx_word' id='word_1_310' title='bbox 976 3779 1107 3817; x_wconf 90' lang='lat' dir='ltr'><strong>vero</strong></span> <span class='ocrx_word' id='word_1_311' title='bbox 1143 3763 1307 3827; x_wconf 88' lang='lat' dir='ltr'><strong>Deus,</strong></span> <span class='ocrx_word' id='word_1_312' title='bbox 1345 3781 1372 3813; x_wconf 73' lang='grc' dir='ltr'><strong>ιι</strong></span> <span class='ocrx_word' id='word_1_313' title='bbox 1404 3766 1508 3815; x_wconf 89' lang='lat' dir='ltr'><strong>etc.</strong></span> <span class='ocrx_word' id='word_1_314' title='bbox 1543 3763 1707 3827; x_wconf 80' lang='lat' dir='ltr'><strong>Auo.,</strong></span> <span class='ocrx_word' id='word_1_315' title='bbox 1744 3760 1839 3814; x_wconf 88' lang='lat' dir='ltr'><strong>lib.</strong></span> <span class='ocrx_word' id='word_1_316' title='bbox 1873 3777 1908 3814; x_wconf 87' lang='grc' dir='ltr'><strong>ιι</strong></span> 
     </span>
    </p>
   </div>
   <div class='ocr_carea' id='block_1_41' title="bbox 208 3849 1909 3918">
    <p class='ocr_par' dir='ltr' id='par_1_41' title="bbox 208 3849 1909 3918">
     <span class='ocr_line' id='line_1_41' title="bbox 208 3849 1909 3918; baseline -0.001 -15"><span class='ocrx_word' id='word_1_317' title='bbox 208 3851 276 3903; x_wconf 81' lang='lat' dir='ltr'><strong>de</strong></span> <span class='ocrx_word' id='word_1_318' title='bbox 306 3853 439 3905; x_wconf 80' lang='lat' dir='ltr'><strong>Gen.</strong></span> <span class='ocrx_word' id='word_1_319' title='bbox 485 3849 561 3903; x_wconf 85' lang='lat' dir='ltr'><strong>ad</strong></span> <span class='ocrx_word' id='word_1_320' title='bbox 607 3851 738 3915; x_wconf 79' lang='lat' dir='ltr'><strong>litt.,</strong></span> <span class='ocrx_word' id='word_1_321' title='bbox 786 3866 836 3904; x_wconf 90' lang='lat' dir='ltr'><strong>c.</strong></span> <span class='ocrx_word' id='word_1_322' title='bbox 876 3854 960 3911; x_wconf 80' lang='lat' dir='ltr'><strong>tt,</strong></span> <span class='ocrx_word' id='word_1_323' title='bbox 990 3854 1128 3905; x_wconf 89' lang='lat' dir='ltr'><strong>tom.</strong></span> <span class='ocrx_word' id='word_1_324' title='bbox 1164 3851 1288 3918; x_wconf 91' lang='lat' dir='ltr'><strong>III.)</strong></span> <span class='ocrx_word' id='word_1_325' title='bbox 1324 3851 1383 3904; x_wconf 92' lang='lat' dir='ltr'><strong>In</strong></span> <span class='ocrx_word' id='word_1_326' title='bbox 1424 3849 1531 3903; x_wconf 91' lang='lat' dir='ltr'><strong>hoc</strong></span> <span class='ocrx_word' id='word_1_327' title='bbox 1558 3850 1648 3903; x_wconf 88' lang='lat' dir='ltr'><strong>die</strong></span> <span class='ocrx_word' id='word_1_328' title='bbox 1698 3849 1909 3902; x_wconf 87' lang='lat' dir='ltr'><strong>factum</strong></span> 
     </span>
    </p>
   </div>
   <div class='ocr_carea' id='block_1_42' title="bbox 210 3937 1910 4008">
    <p class='ocr_par' dir='ltr' id='par_1_42' title="bbox 210 3937 1910 4008">
     <span class='ocr_line' id='line_1_42' title="bbox 210 3937 1910 4008; baseline 0 -19"><span class='ocrx_word' id='word_1_329' title='bbox 210 3940 455 4003; x_wconf 78' lang='lat' dir='ltr'><strong>videtur,</strong></span> <span class='ocrx_word' id='word_1_330' title='bbox 487 3942 617 4001; x_wconf 89' lang='lat' dir='ltr'><strong>etc.,</strong></span> <span class='ocrx_word' id='word_1_331' title='bbox 654 3937 916 4007; x_wconf 80' lang='lat' dir='ltr'><strong>usquead</strong></span> <span class='ocrx_word' id='word_1_332' title='bbox 959 3938 1115 3992; x_wconf 89' lang='lat' dir='ltr'><strong>Unde</strong></span> <span class='ocrx_word' id='word_1_333' title='bbox 1153 3954 1300 4008; x_wconf 87' lang='lat' dir='ltr'><strong>aqua</strong></span> <span class='ocrx_word' id='word_1_334' title='bbox 1331 3942 1734 4008; x_wconf 78' lang='lat' dir='ltr'><strong>congregatur,</strong></span> <span class='ocrx_word' id='word_1_335' title='bbox 1760 3941 1910 3989; x_wconf 89' lang='lat' dir='ltr'><strong>terra</strong></span> 
     </span>
    </p>
   </div>
   <div class='ocr_carea' id='block_1_43' title="bbox 210 4024 1910 4099">
    <p class='ocr_par' dir='ltr' id='par_1_43' title="bbox 210 4024 1910 4099">
     <span class='ocr_line' id='line_1_43' title="bbox 210 4024 1910 4099; baseline -0.001 -18"><span class='ocrx_word' id='word_1_336' title='bbox 210 4032 489 4099; x_wconf 85' lang='lat' dir='ltr'><strong>apparet;</strong></span> <span class='ocrx_word' id='word_1_337' title='bbox 520 4042 670 4098; x_wconf 86' lang='lat' dir='ltr'><strong>aqua</strong></span> <span class='ocrx_word' id='word_1_338' title='bbox 710 4026 863 4081; x_wconf 91' lang='lat' dir='ltr'><strong>enim</strong></span> <span class='ocrx_word' id='word_1_339' title='bbox 895 4026 1080 4081; x_wconf 86' lang='lat' dir='ltr'><strong>labilis</strong></span> <span class='ocrx_word' id='word_1_340' title='bbox 1122 4032 1177 4082; x_wconf 90' lang='lat' dir='ltr'><strong>et</strong></span> <span class='ocrx_word' id='word_1_341' title='bbox 1206 4026 1380 4094; x_wconf 84' lang='lat' dir='ltr'><strong>ﬂuxa,</strong></span> <span class='ocrx_word' id='word_1_342' title='bbox 1425 4030 1578 4080; x_wconf 89' lang='lat' dir='ltr'><strong>terra</strong></span> <span class='ocrx_word' id='word_1_343' title='bbox 1606 4024 1820 4079; x_wconf 88' lang='lat' dir='ltr'><strong>stabilis</strong></span> <span class='ocrx_word' id='word_1_344' title='bbox 1854 4029 1910 4079; x_wconf 88' lang='lat' dir='ltr'><strong>et</strong></span> 
     </span>
    </p>
   </div>
   <div class='ocr_carea' id='block_1_44' title="bbox 212 4119 344 4171">
    <p class='ocr_par' dir='ltr' id='par_1_44' title="bbox 212 4119 344 4171">
     <span class='ocr_line' id='line_1_44' title="bbox 212 4119 344 4171; baseline 0.015 -2"><span class='ocrx_word' id='word_1_345' title='bbox 212 4119 344 4171; x_wconf 79' lang='lat' dir='ltr'><strong>lixa.</strong></span> 
     </span>
    </p>
   </div>
   <div class='ocr_carea' id='block_1_45' title="bbox 287 4200 1905 4273">
    <p class='ocr_par' dir='ltr' id='par_1_45' title="bbox 287 4200 1905 4273">
     <span class='ocr_line' id='line_1_45' title="bbox 287 4200 1905 4273; baseline 0.001 -20"><span class='ocrx_word' id='word_1_346' title='bbox 287 4224 312 4253; x_wconf 77' lang='grc' dir='ltr'><strong>α</strong></span> <span class='ocrx_word' id='word_1_347' title='bbox 341 4204 776 4273; x_wconf 87' lang='lat' dir='ltr'><strong>Congregentur</strong></span> <span class='ocrx_word' id='word_1_348' title='bbox 821 4201 1025 4273; x_wconf 60' lang='lat' dir='ltr'><strong>aquas?</strong></span> <span class='ocrx_word' id='word_1_349' title='bbox 1084 4202 1282 4269; x_wconf 64' lang='lat' dir='ltr'><strong>(Rana,</strong></span> <span class='ocrx_word' id='word_1_350' title='bbox 1337 4204 1394 4256; x_wconf 78' lang='lat' dir='ltr'><strong>in</strong></span> <span class='ocrx_word' id='word_1_351' title='bbox 1448 4204 1721 4267; x_wconf 75' lang='lat' dir='ltr'><strong>Hcmaem.)</strong></span> <span class='ocrx_word' id='word_1_352' title='bbox 1768 4200 1905 4265; x_wconf 65' lang='lat' dir='ltr'><strong>Quae</strong></span> 
     </span>
    </p>
   </div>
   <div class='ocr_carea' id='block_1_46' title="bbox 214 4287 1905 4359">
    <p class='ocr_par' dir='ltr' id='par_1_46' title="bbox 214 4287 1905 4359">
     <span class='ocr_line' id='line_1_46' title="bbox 214 4287 1905 4359; baseline -0.004 -13"><span class='ocrx_word' id='word_1_353' title='bbox 214 4294 365 4346; x_wconf 87' lang='lat' dir='ltr'><strong>inter</strong></span> <span class='ocrx_word' id='word_1_354' title='bbox 404 4292 614 4345; x_wconf 63' lang='lat' dir='ltr'><strong>caelum</strong></span> <span class='ocrx_word' id='word_1_355' title='bbox 656 4296 713 4344; x_wconf 85' lang='lat' dir='ltr'><strong>et</strong></span> <span class='ocrx_word' id='word_1_356' title='bbox 764 4295 977 4345; x_wconf 88' lang='lat' dir='ltr'><strong>terram</strong></span> <span class='ocrx_word' id='word_1_357' title='bbox 1036 4289 1299 4343; x_wconf 65' lang='lat' dir='ltr'><strong>unitersa</strong></span> <span class='ocrx_word' id='word_1_358' title='bbox 1346 4291 1790 4359; x_wconf 82' lang='lat' dir='ltr'><strong>compleverant,</strong></span> <span class='ocrx_word' id='word_1_359' title='bbox 1847 4287 1905 4341; x_wconf 93' lang='lat' dir='ltr'><strong>in</strong></span> 
     </span>
    </p>
   </div>
   <div class='ocr_carea' id='block_1_47' title="bbox 209 4376 1903 4447">
    <p class='ocr_par' dir='ltr' id='par_1_47' title="bbox 209 4376 1903 4447">
     <span class='ocr_line' id='line_1_47' title="bbox 209 4376 1903 4447; baseline -0.004 -12"><span class='ocrx_word' id='word_1_360' title='bbox 209 4396 396 4434; x_wconf 89' lang='lat' dir='ltr'><strong>unum</strong></span> <span class='ocrx_word' id='word_1_361' title='bbox 436 4379 624 4433; x_wconf 91' lang='lat' dir='ltr'><strong>locum</strong></span> <span class='ocrx_word' id='word_1_362' title='bbox 680 4382 1120 4447; x_wconf 88' lang='lat' dir='ltr'><strong>congregantur,</strong></span> <span class='ocrx_word' id='word_1_363' title='bbox 1170 4382 1233 4431; x_wconf 87' lang='lat' dir='ltr'><strong>ut</strong></span> <span class='ocrx_word' id='word_1_364' title='bbox 1286 4378 1398 4443; x_wconf 87' lang='lat' dir='ltr'><strong>lux,</strong></span> <span class='ocrx_word' id='word_1_365' title='bbox 1431 4394 1557 4447; x_wconf 60' lang='lat' dir='ltr'><strong>quas</strong></span> <span class='ocrx_word' id='word_1_366' title='bbox 1614 4376 1903 4447; x_wconf 72' lang='lat' dir='ltr'><strong>praeterito</strong></span> 
     </span>
    </p>
   </div>
   <div class='ocr_carea' id='block_1_48' title="bbox 210 4465 1904 4539">
    <p class='ocr_par' dir='ltr' id='par_1_48' title="bbox 210 4465 1904 4539">
     <span class='ocr_line' id='line_1_48' title="bbox 210 4465 1904 4539; baseline -0.004 -15"><span class='ocrx_word' id='word_1_367' title='bbox 210 4470 390 4524; x_wconf 89' lang='lat' dir='ltr'><strong>biduo</strong></span> <span class='ocrx_word' id='word_1_368' title='bbox 428 4484 604 4539; x_wconf 86' lang='lat' dir='ltr'><strong>aquas</strong></span> <span class='ocrx_word' id='word_1_369' title='bbox 625 4468 777 4520; x_wconf 87' lang='lat' dir='ltr'><strong>clara</strong></span> <span class='ocrx_word' id='word_1_370' title='bbox 823 4467 945 4519; x_wconf 90' lang='lat' dir='ltr'><strong>luce</strong></span> <span class='ocrx_word' id='word_1_371' title='bbox 976 4466 1333 4531; x_wconf 86' lang='lat' dir='ltr'><strong>lustraverat,</strong></span> <span class='ocrx_word' id='word_1_372' title='bbox 1368 4466 1425 4518; x_wconf 91' lang='lat' dir='ltr'><strong>in</strong></span> <span class='ocrx_word' id='word_1_373' title='bbox 1456 4481 1603 4536; x_wconf 89' lang='lat' dir='ltr'><strong>puro</strong></span> <span class='ocrx_word' id='word_1_374' title='bbox 1634 4480 1762 4518; x_wconf 87' lang='lat' dir='ltr'><strong>aere</strong></span> <span class='ocrx_word' id='word_1_375' title='bbox 1792 4465 1904 4518; x_wconf 86' lang='lat' dir='ltr'><strong>cla-</strong></span> 
     </span>
    </p>
   </div>
   <div class='ocr_carea' id='block_1_49' title="bbox 209 4554 1906 4627">
    <p class='ocr_par' dir='ltr' id='par_1_49' title="bbox 209 4554 1906 4627">
     <span class='ocr_line' id='line_1_49' title="bbox 209 4554 1906 4627; baseline -0.003 -15"><span class='ocrx_word' id='word_1_376' title='bbox 209 4559 330 4612; x_wconf 87' lang='lat' dir='ltr'><strong>rior</strong></span> <span class='ocrx_word' id='word_1_377' title='bbox 356 4557 577 4627; x_wconf 83' lang='lat' dir='ltr'><strong>fulgeat</strong></span> <span class='ocrx_word' id='word_1_378' title='bbox 601 4573 613 4623; x_wconf 89' lang='lat'><strong>;</strong></span> <span class='ocrx_word' id='word_1_379' title='bbox 648 4559 706 4609; x_wconf 89' lang='lat' dir='ltr'><strong>et</strong></span> <span class='ocrx_word' id='word_1_380' title='bbox 731 4558 1001 4626; x_wconf 88' lang='lat' dir='ltr'><strong>appareat</strong></span> <span class='ocrx_word' id='word_1_381' title='bbox 1028 4559 1202 4623; x_wconf 86' lang='lat' dir='ltr'><strong>terra,</strong></span> <span class='ocrx_word' id='word_1_382' title='bbox 1248 4570 1377 4625; x_wconf 64' lang='lat' dir='ltr'><strong>quas</strong></span> <span class='ocrx_word' id='word_1_383' title='bbox 1406 4554 1650 4617; x_wconf 89' lang='lat' dir='ltr'><strong>latebat;</strong></span> <span class='ocrx_word' id='word_1_384' title='bbox 1682 4558 1740 4607; x_wconf 83' lang='lat' dir='ltr'><strong>et</strong></span> <span class='ocrx_word' id='word_1_385' title='bbox 1777 4569 1906 4624; x_wconf 73' lang='lat' dir='ltr'><strong>quae</strong></span> 
     </span>
    </p>
   </div>
   <div class='ocr_carea' id='block_1_50' title="bbox 210 4642 1907 4718">
    <p class='ocr_par' dir='ltr' id='par_1_50' title="bbox 210 4642 1907 4718">
     <span class='ocr_line' id='line_1_50' title="bbox 210 4642 1907 4718; baseline -0.004 -17"><span class='ocrx_word' id='word_1_386' title='bbox 210 4646 377 4718; x_wconf 85' lang='lat' dir='ltr'><strong>aquis</strong></span> <span class='ocrx_word' id='word_1_387' title='bbox 426 4646 629 4699; x_wconf 89' lang='lat' dir='ltr'><strong>limosa</strong></span> <span class='ocrx_word' id='word_1_388' title='bbox 658 4649 803 4710; x_wconf 88' lang='lat' dir='ltr'><strong>erat,</strong></span> <span class='ocrx_word' id='word_1_389' title='bbox 835 4643 933 4698; x_wconf 81' lang='lat' dir='ltr'><strong>fiat</strong></span> <span class='ocrx_word' id='word_1_390' title='bbox 972 4643 1129 4697; x_wconf 89' lang='lat' dir='ltr'><strong>arida</strong></span> <span class='ocrx_word' id='word_1_391' title='bbox 1171 4648 1228 4696; x_wconf 82' lang='lat' dir='ltr'><strong>et</strong></span> <span class='ocrx_word' id='word_1_392' title='bbox 1274 4642 1625 4710; x_wconf 85' lang='lat' dir='ltr'><strong>germinist</strong></span> <span class='ocrx_word' id='word_1_393' title='bbox 1654 4645 1806 4712; x_wconf 83' lang='lat' dir='ltr'><strong>apta.</strong></span> <span class='ocrx_word' id='word_1_394' title='bbox 1849 4642 1907 4696; x_wconf 91' lang='lat' dir='ltr'><strong>Si</strong></span> 
     </span>
    </p>
   </div>
   <div class='ocr_carea' id='block_1_51' title="bbox 208 4732 1909 4806">
    <p class='ocr_par' dir='ltr' id='par_1_51' title="bbox 208 4732 1909 4806">
     <span class='ocr_line' id='line_1_51' title="bbox 208 4732 1909 4806; baseline -0.003 -18"><span class='ocrx_word' id='word_1_395' title='bbox 208 4738 507 4806; x_wconf 66' lang='lat' dir='ltr'><strong>quaeratur</strong></span> <span class='ocrx_word' id='word_1_396' title='bbox 534 4732 631 4787; x_wconf 91' lang='lat' dir='ltr'><strong>ubi</strong></span> <span class='ocrx_word' id='word_1_397' title='bbox 660 4735 1023 4803; x_wconf 60' lang='lat' dir='ltr'><strong>congregata;</strong></span> <span class='ocrx_word' id='word_1_398' title='bbox 1049 4735 1178 4784; x_wconf 90' lang='lat' dir='ltr'><strong>sunt</strong></span> <span class='ocrx_word' id='word_1_399' title='bbox 1197 4746 1383 4800; x_wconf 64' lang='lat' dir='ltr'><strong>aqua},</strong></span> <span class='ocrx_word' id='word_1_400' title='bbox 1406 4746 1535 4801; x_wconf 67' lang='lat' dir='ltr'><strong>quas</strong></span> <span class='ocrx_word' id='word_1_401' title='bbox 1561 4746 1760 4783; x_wconf 92' lang='lat' dir='ltr'><strong>omnes</strong></span> <span class='ocrx_word' id='word_1_402' title='bbox 1782 4746 1909 4800; x_wconf 86' lang='lat' dir='ltr'><strong>par-</strong></span> 
     </span>
    </p>
   </div>
   <div class='ocr_carea' id='block_1_52' title="bbox 209 4817 1910 4892">
    <p class='ocr_par' dir='ltr' id='par_1_52' title="bbox 209 4817 1910 4892">
     <span class='ocr_line' id='line_1_52' title="bbox 209 4817 1910 4892; baseline -0.003 -15"><span class='ocrx_word' id='word_1_403' title='bbox 209 4829 294 4877; x_wconf 86' lang='lat' dir='ltr'><strong>tes</strong></span> <span class='ocrx_word' id='word_1_404' title='bbox 323 4828 497 4877; x_wconf 73' lang='lat' dir='ltr'><strong>terrie</strong></span> <span class='ocrx_word' id='word_1_405' title='bbox 539 4836 715 4892; x_wconf 84' lang='lat' dir='ltr'><strong>usque</strong></span> <span class='ocrx_word' id='word_1_406' title='bbox 753 4821 823 4874; x_wconf 90' lang='lat' dir='ltr'><strong>ad</strong></span> <span class='ocrx_word' id='word_1_407' title='bbox 877 4820 1084 4874; x_wconf 70' lang='lat' dir='ltr'><strong>cretum</strong></span> <span class='ocrx_word' id='word_1_408' title='bbox 1136 4822 1414 4884; x_wconf 85' lang='lat' dir='ltr'><strong>texerant,</strong></span> <span class='ocrx_word' id='word_1_409' title='bbox 1450 4817 1634 4888; x_wconf 89' lang='lat' dir='ltr'><strong>potuit</strong></span> <span class='ocrx_word' id='word_1_410' title='bbox 1672 4817 1798 4871; x_wconf 89' lang='lat' dir='ltr'><strong>ﬁeri</strong></span> <span class='ocrx_word' id='word_1_411' title='bbox 1847 4822 1910 4872; x_wconf 91' lang='lat' dir='ltr'><strong>ut</strong></span> 
     </span>
    </p>
   </div>
   <div class='ocr_carea' id='block_1_53' title="bbox 209 4906 1910 4978">
    <p class='ocr_par' dir='ltr' id='par_1_53' title="bbox 209 4906 1910 4978">
     <span class='ocr_line' id='line_1_53' title="bbox 209 4906 1910 4978; baseline -0.004 -12"><span class='ocrx_word' id='word_1_412' title='bbox 209 4918 365 4966; x_wconf 90' lang='lat' dir='ltr'><strong>terra</strong></span> <span class='ocrx_word' id='word_1_413' title='bbox 414 4909 716 4964; x_wconf 79' lang='lat' dir='ltr'><strong>subsidens</strong></span> <span class='ocrx_word' id='word_1_414' title='bbox 778 4924 1047 4963; x_wconf 87' lang='lat' dir='ltr'><strong>concavas</strong></span> <span class='ocrx_word' id='word_1_415' title='bbox 1093 4912 1286 4978; x_wconf 89' lang='lat' dir='ltr'><strong>partes</strong></span> <span class='ocrx_word' id='word_1_416' title='bbox 1340 4907 1641 4977; x_wconf 68' lang='lat' dir='ltr'><strong>prmberet,</strong></span> <span class='ocrx_word' id='word_1_417' title='bbox 1702 4906 1910 4977; x_wconf 88' lang='lat' dir='ltr'><strong>quibus</strong></span> 
     </span>
    </p>
   </div>
   <div class='ocr_carea' id='block_1_54' title="bbox 207 4994 1907 5069">
    <p class='ocr_par' dir='ltr' id='par_1_54' title="bbox 207 4994 1907 5069">
     <span class='ocr_line' id='line_1_54' title="bbox 207 4994 1907 5069; baseline -0.004 -15"><span class='ocrx_word' id='word_1_418' title='bbox 207 5000 505 5054; x_wconf 75' lang='lat' dir='ltr'><strong>fluitantes</strong></span> <span class='ocrx_word' id='word_1_419' title='bbox 556 5014 735 5069; x_wconf 84' lang='lat' dir='ltr'><strong>aquas</strong></span> <span class='ocrx_word' id='word_1_420' title='bbox 783 4997 1061 5069; x_wconf 89' lang='lat' dir='ltr'><strong>reciperet</strong></span> <span class='ocrx_word' id='word_1_421' title='bbox 1101 5012 1114 5051; x_wconf 89' lang='lat'><strong>:</strong></span> <span class='ocrx_word' id='word_1_422' title='bbox 1155 4999 1347 5067; x_wconf 87' lang='lat' dir='ltr'><strong>potest</strong></span> <span class='ocrx_word' id='word_1_423' title='bbox 1375 4995 1548 5049; x_wconf 87' lang='lat' dir='ltr'><strong>etiam</strong></span> <span class='ocrx_word' id='word_1_424' title='bbox 1579 4995 1750 5061; x_wconf 89' lang='lat' dir='ltr'><strong>credi,</strong></span> <span class='ocrx_word' id='word_1_425' title='bbox 1791 4994 1907 5065; x_wconf 89' lang='lat' dir='ltr'><strong>pri-</strong></span> 
     </span>
    </p>
   </div>
   <div class='ocr_carea' id='block_1_55' title="bbox 212 5083 1907 5157">
    <p class='ocr_par' dir='ltr' id='par_1_55' title="bbox 212 5083 1907 5157">
     <span class='ocr_line' id='line_1_55' title="bbox 212 5083 1907 5157; baseline -0.003 -14"><span class='ocrx_word' id='word_1_426' title='bbox 212 5088 426 5143; x_wconf 88' lang='lat' dir='ltr'><strong>marias</strong></span> <span class='ocrx_word' id='word_1_427' title='bbox 453 5103 633 5157; x_wconf 88' lang='lat' dir='ltr'><strong>aquas</strong></span> <span class='ocrx_word' id='word_1_428' title='bbox 670 5086 914 5140; x_wconf 85' lang='lat' dir='ltr'><strong>rariores</strong></span> <span class='ocrx_word' id='word_1_429' title='bbox 948 5085 1140 5153; x_wconf 83' lang='lat' dir='ltr'><strong>fuisse,</strong></span> <span class='ocrx_word' id='word_1_430' title='bbox 1184 5100 1313 5154; x_wconf 75' lang='lat' dir='ltr'><strong>qute</strong></span> <span class='ocrx_word' id='word_1_431' title='bbox 1346 5084 1490 5137; x_wconf 88' lang='lat' dir='ltr'><strong>sicut</strong></span> <span class='ocrx_word' id='word_1_432' title='bbox 1516 5083 1727 5138; x_wconf 90' lang='lat' dir='ltr'><strong>nebula</strong></span> <span class='ocrx_word' id='word_1_433' title='bbox 1750 5087 1907 5155; x_wconf 87' lang='lat' dir='ltr'><strong>tege-</strong></span> 
     </span>
    </p>
   </div>
   <div class='ocr_carea' id='block_1_56' title="bbox 212 5171 1640 5243">
    <p class='ocr_par' dir='ltr' id='par_1_56' title="bbox 212 5171 1640 5243">
     <span class='ocr_line' id='line_1_56' title="bbox 212 5171 1640 5243; baseline -0.004 -11"><span class='ocrx_word' id='word_1_434' title='bbox 212 5182 337 5231; x_wconf 88' lang='lat' dir='ltr'><strong>rent</strong></span> <span class='ocrx_word' id='word_1_435' title='bbox 368 5181 571 5238; x_wconf 88' lang='lat' dir='ltr'><strong>terras,</strong></span> <span class='ocrx_word' id='word_1_436' title='bbox 604 5174 703 5229; x_wconf 89' lang='lat' dir='ltr'><strong>sed</strong></span> <span class='ocrx_word' id='word_1_437' title='bbox 732 5173 1174 5243; x_wconf 87' lang='lat' dir='ltr'><strong>congregatione</strong></span> <span class='ocrx_word' id='word_1_438' title='bbox 1204 5188 1325 5227; x_wconf 91' lang='lat' dir='ltr'><strong>esse</strong></span> <span class='ocrx_word' id='word_1_439' title='bbox 1356 5171 1640 5243; x_wconf 75' lang='lat' dir='ltr'><strong>spissatus.</strong></span> 
     </span>
    </p>
   </div>
   <div class='ocr_carea' id='block_1_57' title="bbox 275 5262 1905 5320">
    <p class='ocr_par' dir='ltr' id='par_1_57' title="bbox 275 5262 1905 5320">
     <span class='ocr_line' id='line_1_57' title="bbox 275 5262 1905 5320; baseline -0.003 -2"><span class='ocrx_word' id='word_1_440' title='bbox 275 5268 448 5320; x_wconf 69' lang='lat' dir='ltr'><strong>Vsus.</strong></span> <span class='ocrx_word' id='word_1_441' title='bbox 495 5267 575 5318; x_wconf 85' lang='lat' dir='ltr'><strong>lO.</strong></span> <span class='ocrx_word' id='word_1_442' title='bbox 614 5293 683 5302; x_wconf 91' lang='lat'>—</span> <span class='ocrx_word' id='word_1_443' title='bbox 725 5281 753 5312; x_wconf 77' lang='grc' dir='ltr'>α</span> <span class='ocrx_word' id='word_1_444' title='bbox 799 5262 863 5315; x_wconf 85' lang='grc' dir='ltr'><strong><em>Ει</em></strong></span> <span class='ocrx_word' id='word_1_445' title='bbox 891 5262 1108 5316; x_wconf 87' lang='lat' dir='ltr'><strong>vocavit</strong></span> <span class='ocrx_word' id='word_1_446' title='bbox 1154 5263 1305 5316; x_wconf 91' lang='lat' dir='ltr'><strong>Deus</strong></span> <span class='ocrx_word' id='word_1_447' title='bbox 1348 5262 1561 5314; x_wconf 88' lang='lat' dir='ltr'><strong>aridam</strong></span> <span class='ocrx_word' id='word_1_448' title='bbox 1617 5265 1905 5314; x_wconf 84' lang='lat' dir='ltr'><strong>terram.»</strong></span> 
     </span>
    </p>
   </div>
   <div class='ocr_carea' id='block_1_58' title="bbox 210 5350 1907 5424">
    <p class='ocr_par' dir='ltr' id='par_1_58' title="bbox 210 5350 1907 5424">
     <span class='ocr_line' id='line_1_58' title="bbox 210 5350 1907 5424; baseline -0.003 -15"><span class='ocrx_word' id='word_1_449' title='bbox 210 5356 402 5424; x_wconf 65' lang='lat' dir='ltr'><strong>(Bima,</strong></span> <span class='ocrx_word' id='word_1_450' title='bbox 432 5353 592 5419; x_wconf 71' lang='lat' dir='ltr'><strong>ibid.)</strong></span> <span class='ocrx_word' id='word_1_451' title='bbox 643 5351 807 5406; x_wconf 87' lang='lat' dir='ltr'><strong>Prius</strong></span> <span class='ocrx_word' id='word_1_452' title='bbox 836 5351 907 5404; x_wconf 89' lang='lat' dir='ltr'><strong>ad</strong></span> <span class='ocrx_word' id='word_1_453' title='bbox 952 5350 1375 5405; x_wconf 87' lang='lat' dir='ltr'><strong>distinctionem</strong></span> <span class='ocrx_word' id='word_1_454' title='bbox 1421 5364 1703 5421; x_wconf 89' lang='lat' dir='ltr'><strong>aquarum</strong></span> <span class='ocrx_word' id='word_1_455' title='bbox 1732 5353 1907 5404; x_wconf 91' lang='lat' dir='ltr'><strong>totam</strong></span> 
     </span>
    </p>
   </div>
   <div class='ocr_carea' id='block_1_59' title="bbox 210 5436 1905 5511">
    <p class='ocr_par' dir='ltr' id='par_1_59' title="bbox 210 5436 1905 5511">
     <span class='ocr_line' id='line_1_59' title="bbox 210 5436 1905 5511; baseline -0.002 -14"><span class='ocrx_word' id='word_1_456' title='bbox 210 5444 541 5497; x_wconf 78' lang='lat' dir='ltr'><strong>solidiorem</strong></span> <span class='ocrx_word' id='word_1_457' title='bbox 591 5440 793 5495; x_wconf 89' lang='lat' dir='ltr'><strong>mundi</strong></span> <span class='ocrx_word' id='word_1_458' title='bbox 831 5444 1053 5511; x_wconf 88' lang='lat' dir='ltr'><strong>partem</strong></span> <span class='ocrx_word' id='word_1_459' title='bbox 1082 5443 1297 5494; x_wconf 85' lang='lat' dir='ltr'><strong>terram</strong></span> <span class='ocrx_word' id='word_1_460' title='bbox 1326 5436 1636 5510; x_wconf 88' lang='lat' dir='ltr'><strong>appellavit</strong></span> <span class='ocrx_word' id='word_1_461' title='bbox 1666 5436 1859 5493; x_wconf 89' lang='lat' dir='ltr'><strong>dicens</strong></span> <span class='ocrx_word' id='word_1_462' title='bbox 1892 5454 1905 5494; x_wconf 89' lang='lat'><strong>:</strong></span> 
     </span>
    </p>
   </div>
   <div class='ocr_carea' id='block_1_60' title="bbox 214 5526 1911 5606">
    <p class='ocr_par' dir='ltr' id='par_1_60' title="bbox 214 5526 1911 5606">
     <span class='ocr_line' id='line_1_60' title="bbox 214 5526 1911 5606; baseline 0 -23"><span class='ocrx_word' id='word_1_463' title='bbox 214 5552 241 5583; x_wconf 82' lang='grc' dir='ltr'><strong>ι</strong></span> <span class='ocrx_word' id='word_1_464' title='bbox 274 5533 337 5588; x_wconf 89' lang='lat' dir='ltr'><strong>In</strong></span> <span class='ocrx_word' id='word_1_465' title='bbox 365 5530 652 5606; x_wconf 86' lang='lat' dir='ltr'><strong>principio</strong></span> <span class='ocrx_word' id='word_1_466' title='bbox 683 5528 900 5606; x_wconf 69' lang='lat' dir='ltr'><strong>creavit</strong></span> <span class='ocrx_word' id='word_1_467' title='bbox 915 5528 1066 5606; x_wconf 68' lang='lat' dir='ltr'><strong>Deus</strong></span> <span class='ocrx_word' id='word_1_468' title='bbox 1086 5528 1292 5585; x_wconf 64' lang='lat' dir='ltr'><strong>cretum</strong></span> <span class='ocrx_word' id='word_1_469' title='bbox 1323 5538 1382 5586; x_wconf 89' lang='lat' dir='ltr'><strong>et</strong></span> <span class='ocrx_word' id='word_1_470' title='bbox 1409 5531 1649 5584; x_wconf 87' lang='lat' dir='ltr'><strong>terram.</strong></span> <span class='ocrx_word' id='word_1_471' title='bbox 1690 5546 1717 5579; x_wconf 77' lang='grc' dir='ltr'><strong>ιι</strong></span> <span class='ocrx_word' id='word_1_472' title='bbox 1759 5526 1911 5584; x_wconf 85' lang='lat' dir='ltr'><strong>Post-</strong></span> 
     </span>
    </p>
   </div>
   <div class='ocr_carea' id='block_1_61' title="bbox 530 5601 1070 5672">
    <p class='ocr_par' dir='ltr' id='par_1_61' title="bbox 530 5601 1070 5672">
     <span class='ocr_line' id='line_1_61' title="bbox 530 5601 1070 5672; baseline -0.013 0"><span class='ocrx_word' id='word_1_473' title='bbox 530 5605 806 5672; x_wconf 75' lang='lat' dir='ltr'><strong>PA&#39;rnoL.</strong></span> <span class='ocrx_word' id='word_1_474' title='bbox 860 5601 1070 5667; x_wconf 83' lang='lat' dir='ltr'>CXIII.</span> 
     </span>
    </p>
   </div>
   <div class='ocr_carea' id='block_1_62' title="bbox 2026 495 3719 568">
    <p class='ocr_par' dir='ltr' id='par_1_62' title="bbox 2026 495 3719 568">
     <span class='ocr_line' id='line_1_62' title="bbox 2026 495 3719 568; baseline 0.001 -21"><span class='ocrx_word' id='word_1_475' title='bbox 2026 499 2283 564; x_wconf 87' lang='lat' dir='ltr'><strong>apparet,</strong></span> <span class='ocrx_word' id='word_1_476' title='bbox 2317 495 2710 550; x_wconf 85' lang='lat' dir='ltr'><strong>recedentibus</strong></span> <span class='ocrx_word' id='word_1_477' title='bbox 2752 496 2935 566; x_wconf 87' lang='lat' dir='ltr'><strong>aquis,</strong></span> <span class='ocrx_word' id='word_1_478' title='bbox 2969 496 3040 550; x_wconf 90' lang='lat' dir='ltr'><strong>ad</strong></span> <span class='ocrx_word' id='word_1_479' title='bbox 3072 495 3497 552; x_wconf 88' lang='lat' dir='ltr'><strong>distinctionem</strong></span> <span class='ocrx_word' id='word_1_480' title='bbox 3539 498 3719 568; x_wconf 85' lang='lat' dir='ltr'><strong>partis</strong></span> 
     </span>
    </p>
   </div>
   <div class='ocr_carea' id='block_1_63' title="bbox 2023 582 3718 656">
    <p class='ocr_par' dir='ltr' id='par_1_63' title="bbox 2023 582 3718 656">
     <span class='ocr_line' id='line_1_63' title="bbox 2023 582 3718 656; baseline 0.005 -24"><span class='ocrx_word' id='word_1_481' title='bbox 2023 596 2151 652; x_wconf 70' lang='lat' dir='ltr'><strong>qua:</strong></span> <span class='ocrx_word' id='word_1_482' title='bbox 2197 582 2385 637; x_wconf 90' lang='lat' dir='ltr'><strong>adhuc</strong></span> <span class='ocrx_word' id='word_1_483' title='bbox 2414 583 2784 654; x_wconf 89' lang='lat' dir='ltr'><strong>premebatur</strong></span> <span class='ocrx_word' id='word_1_484' title='bbox 2832 584 3015 654; x_wconf 89' lang='lat' dir='ltr'><strong>aquis,</strong></span> <span class='ocrx_word' id='word_1_485' title='bbox 3066 584 3251 655; x_wconf 90' lang='lat' dir='ltr'><strong>portio</strong></span> <span class='ocrx_word' id='word_1_486' title='bbox 3285 601 3460 656; x_wconf 89' lang='lat' dir='ltr'><strong>quam</strong></span> <span class='ocrx_word' id='word_1_487' title='bbox 3501 586 3718 640; x_wconf 88' lang='lat' dir='ltr'><strong>aridam</strong></span> 
     </span>
    </p>
   </div>
   <div class='ocr_carea' id='block_1_64' title="bbox 2025 671 3723 744">
    <p class='ocr_par' dir='ltr' id='par_1_64' title="bbox 2025 671 3723 744">
     <span class='ocr_line' id='line_1_64' title="bbox 2025 671 3723 744; baseline 0.004 -22"><span class='ocrx_word' id='word_1_488' title='bbox 2025 686 2145 723; x_wconf 90' lang='lat' dir='ltr'><strong>esse</strong></span> <span class='ocrx_word' id='word_1_489' title='bbox 2176 671 2405 740; x_wconf 90' lang='lat' dir='ltr'><strong>licebat,</strong></span> <span class='ocrx_word' id='word_1_490' title='bbox 2433 676 2602 725; x_wconf 72' lang='lat' dir='ltr'><strong>terrae</strong></span> <span class='ocrx_word' id='word_1_491' title='bbox 2645 686 2858 725; x_wconf 90' lang='lat' dir='ltr'><strong>nomen</strong></span> <span class='ocrx_word' id='word_1_492' title='bbox 2909 672 3143 743; x_wconf 87' lang='lat' dir='ltr'><strong>accepit,</strong></span> <span class='ocrx_word' id='word_1_493' title='bbox 3175 689 3242 727; x_wconf 92' lang='lat' dir='ltr'><strong>eo</strong></span> <span class='ocrx_word' id='word_1_494' title='bbox 3275 673 3431 744; x_wconf 89' lang='lat' dir='ltr'><strong>quod</strong></span> <span class='ocrx_word' id='word_1_495' title='bbox 3479 674 3723 744; x_wconf 86' lang='lat' dir='ltr'><strong>pedibus</strong></span> 
     </span>
    </p>
   </div>
   <div class='ocr_carea' id='block_1_65' title="bbox 2024 759 3722 832">
    <p class='ocr_par' dir='ltr' id='par_1_65' title="bbox 2024 759 3722 832">
     <span class='ocr_line' id='line_1_65' title="bbox 2024 759 3722 832; baseline 0.002 -20"><span class='ocrx_word' id='word_1_496' title='bbox 2024 762 2262 812; x_wconf 87' lang='lat' dir='ltr'><strong>teratur.</strong></span> <span class='ocrx_word' id='word_1_497' title='bbox 2326 779 2348 808; x_wconf 76' lang='grc' dir='ltr'><strong>ι</strong></span> <span class='ocrx_word' id='word_1_498' title='bbox 2419 759 3018 830; x_wconf 84' lang='lat' dir='ltr'><strong>Congregationesque</strong></span> <span class='ocrx_word' id='word_1_499' title='bbox 3084 777 3362 830; x_wconf 86' lang='lat' dir='ltr'><strong>aquarum</strong></span> <span class='ocrx_word' id='word_1_500' title='bbox 3416 762 3722 832; x_wconf 85' lang='lat' dir='ltr'><strong>appellavit</strong></span> 
     </span>
    </p>
   </div>
   <div class='ocr_carea' id='block_1_66' title="bbox 2026 846 3721 919">
    <p class='ocr_par' dir='ltr' id='par_1_66' title="bbox 2026 846 3721 919">
     <span class='ocr_line' id='line_1_66' title="bbox 2026 846 3721 919; baseline 0.004 -20"><span class='ocrx_word' id='word_1_501' title='bbox 2026 847 2224 900; x_wconf 86' lang='lat' dir='ltr'><strong>maria.</strong></span> <span class='ocrx_word' id='word_1_502' title='bbox 2262 867 2289 897; x_wconf 73' lang='grc' dir='ltr'><strong><em>ι)</em></strong></span> <span class='ocrx_word' id='word_1_503' title='bbox 2330 846 2420 901; x_wconf 91' lang='lat' dir='ltr'><strong>Sic</strong></span> <span class='ocrx_word' id='word_1_504' title='bbox 2450 849 2603 901; x_wconf 89' lang='lat' dir='ltr'><strong>enim</strong></span> <span class='ocrx_word' id='word_1_505' title='bbox 2638 848 3003 919; x_wconf 87' lang='lat' dir='ltr'><strong>appellantur</strong></span> <span class='ocrx_word' id='word_1_506' title='bbox 3031 850 3179 919; x_wconf 88' lang='lat' dir='ltr'><strong>apud</strong></span> <span class='ocrx_word' id='word_1_507' title='bbox 3210 850 3478 905; x_wconf 78' lang='lat' dir='ltr'><strong>Hebraeos</strong></span> <span class='ocrx_word' id='word_1_508' title='bbox 3521 866 3721 905; x_wconf 89' lang='lat' dir='ltr'><strong>omnes</strong></span> 
     </span>
    </p>
   </div>
   <div class='ocr_carea' id='block_1_67' title="bbox 2021 935 3723 1006">
    <p class='ocr_par' dir='ltr' id='par_1_67' title="bbox 2021 935 3723 1006">
     <span class='ocr_line' id='line_1_67' title="bbox 2021 935 3723 1006; baseline 0.004 -19"><span class='ocrx_word' id='word_1_509' title='bbox 2021 935 2492 1005; x_wconf 88' lang='lat' dir='ltr'><strong>congregationes</strong></span> <span class='ocrx_word' id='word_1_510' title='bbox 2529 952 2828 1006; x_wconf 86' lang='lat' dir='ltr'><strong>aquarum,</strong></span> <span class='ocrx_word' id='word_1_511' title='bbox 2880 936 2995 990; x_wconf 85' lang='lat' dir='ltr'><strong>sive</strong></span> <span class='ocrx_word' id='word_1_512' title='bbox 3027 938 3208 1000; x_wconf 75' lang='lat' dir='ltr'><strong>salsae,</strong></span> <span class='ocrx_word' id='word_1_513' title='bbox 3242 939 3358 993; x_wconf 89' lang='lat' dir='ltr'><strong>sive</strong></span> <span class='ocrx_word' id='word_1_514' title='bbox 3394 939 3605 994; x_wconf 89' lang='lat' dir='ltr'><strong>dulces.</strong></span> <span class='ocrx_word' id='word_1_515' title='bbox 3659 941 3723 994; x_wconf 88' lang='lat' dir='ltr'><strong>Et</strong></span> 
     </span>
    </p>
   </div>
   <div class='ocr_carea' id='block_1_68' title="bbox 2022 1022 3718 1099">
    <p class='ocr_par' dir='ltr' id='par_1_68' title="bbox 2022 1022 3718 1099">
     <span class='ocr_line' id='line_1_68' title="bbox 2022 1022 3718 1099; baseline 0.004 -24"><span class='ocrx_word' id='word_1_516' title='bbox 2022 1022 2158 1093; x_wconf 87' lang='lat' dir='ltr'><strong>quia</strong></span> <span class='ocrx_word' id='word_1_517' title='bbox 2196 1040 2301 1093; x_wconf 88' lang='lat' dir='ltr'><strong>per</strong></span> <span class='ocrx_word' id='word_1_518' title='bbox 2346 1024 2837 1079; x_wconf 89' lang='lat' dir='ltr'><strong>continuationem</strong></span> <span class='ocrx_word' id='word_1_519' title='bbox 2870 1026 3130 1080; x_wconf 90' lang='lat' dir='ltr'><strong>omnium</strong></span> <span class='ocrx_word' id='word_1_520' title='bbox 3163 1042 3465 1097; x_wconf 88' lang='lat' dir='ltr'><strong>aquarum,</strong></span> <span class='ocrx_word' id='word_1_521' title='bbox 3493 1044 3622 1099; x_wconf 73' lang='lat' dir='ltr'><strong>qua:</strong></span> <span class='ocrx_word' id='word_1_522' title='bbox 3660 1028 3718 1082; x_wconf 93' lang='lat' dir='ltr'><strong>iu</strong></span> 
     </span>
    </p>
   </div>
   <div class='ocr_carea' id='block_1_69' title="bbox 2020 1112 3718 1184">
    <p class='ocr_par' dir='ltr' id='par_1_69' title="bbox 2020 1112 3718 1184">
     <span class='ocr_line' id='line_1_69' title="bbox 2020 1112 3718 1184; baseline 0.003 -20"><span class='ocrx_word' id='word_1_523' title='bbox 2020 1112 2188 1165; x_wconf 88' lang='lat' dir='ltr'><strong>terris</strong></span> <span class='ocrx_word' id='word_1_524' title='bbox 2228 1116 2381 1181; x_wconf 85' lang='lat' dir='ltr'><strong>sunt,</strong></span> <span class='ocrx_word' id='word_1_525' title='bbox 2432 1112 2570 1165; x_wconf 81' lang='lat' dir='ltr'><strong>dixit</strong></span> <span class='ocrx_word' id='word_1_526' title='bbox 2597 1128 2690 1165; x_wconf 89' lang='lat' dir='ltr'><strong>eas</strong></span> <span class='ocrx_word' id='word_1_527' title='bbox 2738 1118 3112 1184; x_wconf 82' lang='lat' dir='ltr'><strong>congregatas</strong></span> <span class='ocrx_word' id='word_1_528' title='bbox 3162 1115 3222 1169; x_wconf 91' lang='lat' dir='ltr'><strong>in</strong></span> <span class='ocrx_word' id='word_1_529' title='bbox 3280 1131 3461 1170; x_wconf 89' lang='lat' dir='ltr'><strong>unum</strong></span> <span class='ocrx_word' id='word_1_530' title='bbox 3506 1116 3718 1182; x_wconf 87' lang='lat' dir='ltr'><strong>locum,</strong></span> 
     </span>
    </p>
   </div>
   <div class='ocr_carea' id='block_1_70' title="bbox 2024 1200 3720 1275">
    <p class='ocr_par' dir='ltr' id='par_1_70' title="bbox 2024 1200 3720 1275">
     <span class='ocr_line' id='line_1_70' title="bbox 2024 1200 3720 1275; baseline 0.004 -22"><span class='ocrx_word' id='word_1_531' title='bbox 2024 1215 2174 1253; x_wconf 91' lang='lat' dir='ltr'><strong>nunc</strong></span> <span class='ocrx_word' id='word_1_532' title='bbox 2203 1206 2365 1255; x_wconf 87' lang='lat' dir='ltr'><strong>vocat</strong></span> <span class='ocrx_word' id='word_1_533' title='bbox 2406 1200 2704 1271; x_wconf 88' lang='lat' dir='ltr'><strong>pluraliter</strong></span> <span class='ocrx_word' id='word_1_534' title='bbox 2733 1202 3207 1273; x_wconf 87' lang='lat' dir='ltr'><strong>congregatioues</strong></span> <span class='ocrx_word' id='word_1_535' title='bbox 3250 1219 3546 1274; x_wconf 87' lang='lat' dir='ltr'><strong>aquarum,</strong></span> <span class='ocrx_word' id='word_1_536' title='bbox 3579 1220 3720 1275; x_wconf 80' lang='lat' dir='ltr'><strong>pro-</strong></span> 
     </span>
    </p>
   </div>
   <div class='ocr_carea' id='block_1_71' title="bbox 2022 1288 3721 1358">
    <p class='ocr_par' dir='ltr' id='par_1_71' title="bbox 2022 1288 3721 1358">
     <span class='ocr_line' id='line_1_71' title="bbox 2022 1288 3721 1358; baseline 0.003 -17"><span class='ocrx_word' id='word_1_537' title='bbox 2022 1294 2151 1358; x_wconf 90' lang='lat' dir='ltr'><strong>pter</strong></span> <span class='ocrx_word' id='word_1_538' title='bbox 2180 1288 2496 1343; x_wconf 85' lang='lat' dir='ltr'><strong>multiﬁdos</strong></span> <span class='ocrx_word' id='word_1_539' title='bbox 2526 1289 2684 1341; x_wconf 91' lang='lat' dir='ltr'><strong>sinus</strong></span> <span class='ocrx_word' id='word_1_540' title='bbox 2724 1306 2942 1343; x_wconf 88' lang='lat' dir='ltr'><strong>earum.</strong></span> <span class='ocrx_word' id='word_1_541' title='bbox 2968 1290 3111 1344; x_wconf 83' lang='lat' dir='ltr'><strong>Cum</strong></span> <span class='ocrx_word' id='word_1_542' title='bbox 3138 1291 3317 1345; x_wconf 88' lang='lat' dir='ltr'><strong>multa</strong></span> <span class='ocrx_word' id='word_1_543' title='bbox 3344 1297 3567 1346; x_wconf 89' lang='lat' dir='ltr'><strong>constat</strong></span> <span class='ocrx_word' id='word_1_544' title='bbox 3598 1308 3721 1346; x_wconf 88' lang='lat' dir='ltr'><strong>esse</strong></span> 
     </span>
    </p>
   </div>
   <div class='ocr_carea' id='block_1_72' title="bbox 2021 1376 3722 1450">
    <p class='ocr_par' dir='ltr' id='par_1_72' title="bbox 2021 1376 3722 1450">
     <span class='ocr_line' id='line_1_72' title="bbox 2021 1376 3722 1450; baseline 0.002 -20"><span class='ocrx_word' id='word_1_545' title='bbox 2021 1377 2222 1436; x_wconf 87' lang='lat' dir='ltr'><strong>maria,</strong></span> <span class='ocrx_word' id='word_1_546' title='bbox 2254 1376 2313 1431; x_wconf 91' lang='lat' dir='ltr'><strong>in</strong></span> <span class='ocrx_word' id='word_1_547' title='bbox 2354 1393 2535 1431; x_wconf 91' lang='lat' dir='ltr'><strong>unum</strong></span> <span class='ocrx_word' id='word_1_548' title='bbox 2579 1383 2770 1430; x_wconf 90' lang='lat' dir='ltr'><strong>tamen</strong></span> <span class='ocrx_word' id='word_1_549' title='bbox 2810 1377 2999 1431; x_wconf 89' lang='lat' dir='ltr'><strong>locum</strong></span> <span class='ocrx_word' id='word_1_550' title='bbox 3031 1378 3167 1431; x_wconf 89' lang='lat' dir='ltr'><strong>dicit</strong></span> <span class='ocrx_word' id='word_1_551' title='bbox 3204 1394 3383 1449; x_wconf 89' lang='lat' dir='ltr'><strong>aquas</strong></span> <span class='ocrx_word' id='word_1_552' title='bbox 3411 1395 3722 1450; x_wconf 84' lang='lat' dir='ltr'><strong>congrega-</strong></span> 
     </span>
    </p>
   </div>
   <div class='ocr_carea' id='block_1_73' title="bbox 2022 1465 3721 1538">
    <p class='ocr_par' dir='ltr' id='par_1_73' title="bbox 2022 1465 3721 1538">
     <span class='ocr_line' id='line_1_73' title="bbox 2022 1465 3721 1538; baseline 0.001 -19"><span class='ocrx_word' id='word_1_553' title='bbox 2022 1469 2123 1531; x_wconf 90' lang='lat' dir='ltr'><strong>tas,</strong></span> <span class='ocrx_word' id='word_1_554' title='bbox 2157 1465 2292 1536; x_wconf 89' lang='lat' dir='ltr'><strong>quia</strong></span> <span class='ocrx_word' id='word_1_555' title='bbox 2320 1470 2523 1519; x_wconf 79' lang='lat' dir='ltr'><strong>cuncta</strong></span> <span class='ocrx_word' id='word_1_556' title='bbox 2552 1480 2762 1535; x_wconf 88' lang='lat' dir='ltr'><strong>magno</strong></span> <span class='ocrx_word' id='word_1_557' title='bbox 2804 1466 2948 1520; x_wconf 91' lang='lat' dir='ltr'><strong>mari</strong></span> <span class='ocrx_word' id='word_1_558' title='bbox 2973 1467 3318 1536; x_wconf 87' lang='lat' dir='ltr'><strong>junguntur.</strong></span> <span class='ocrx_word' id='word_1_559' title='bbox 3348 1466 3403 1521; x_wconf 91' lang='lat' dir='ltr'><strong>Si</strong></span> <span class='ocrx_word' id='word_1_560' title='bbox 3435 1468 3535 1538; x_wconf 90' lang='lat' dir='ltr'><strong>qui</strong></span> <span class='ocrx_word' id='word_1_561' title='bbox 3566 1469 3721 1522; x_wconf 88' lang='lat' dir='ltr'><strong>lacus</strong></span> 
     </span>
    </p>
   </div>
   <div class='ocr_carea' id='block_1_74' title="bbox 2024 1552 3719 1624">
    <p class='ocr_par' dir='ltr' id='par_1_74' title="bbox 2024 1552 3719 1624">
     <span class='ocr_line' id='line_1_74' title="bbox 2024 1552 3719 1624; baseline 0.002 -17"><span class='ocrx_word' id='word_1_562' title='bbox 2024 1552 2081 1607; x_wconf 89' lang='lat' dir='ltr'><strong>in</strong></span> <span class='ocrx_word' id='word_1_563' title='bbox 2119 1554 2439 1624; x_wconf 87' lang='lat' dir='ltr'><strong>semetipsis</strong></span> <span class='ocrx_word' id='word_1_564' title='bbox 2470 1554 2646 1607; x_wconf 87' lang='lat' dir='ltr'><strong>stricti</strong></span> <span class='ocrx_word' id='word_1_565' title='bbox 2681 1553 2964 1620; x_wconf 89' lang='lat' dir='ltr'><strong>videntur,</strong></span> <span class='ocrx_word' id='word_1_566' title='bbox 2998 1555 3234 1609; x_wconf 88' lang='lat' dir='ltr'><strong>occultis</strong></span> <span class='ocrx_word' id='word_1_567' title='bbox 3283 1561 3475 1610; x_wconf 89' lang='lat' dir='ltr'><strong>tamen</strong></span> <span class='ocrx_word' id='word_1_568' title='bbox 3523 1557 3719 1610; x_wconf 85' lang='lat' dir='ltr'><strong>meati-</strong></span> 
     </span>
    </p>
   </div>
   <div class='ocr_carea' id='block_1_75' title="bbox 2028 1641 3719 1714">
    <p class='ocr_par' dir='ltr' id='par_1_75' title="bbox 2028 1641 3719 1714">
     <span class='ocr_line' id='line_1_75' title="bbox 2028 1641 3719 1714; baseline 0.003 -20"><span class='ocrx_word' id='word_1_569' title='bbox 2028 1642 2132 1695; x_wconf 89' lang='lat' dir='ltr'><strong>bus</strong></span> <span class='ocrx_word' id='word_1_570' title='bbox 2159 1641 2217 1695; x_wconf 87' lang='lat' dir='ltr'><strong>in</strong></span> <span class='ocrx_word' id='word_1_571' title='bbox 2246 1657 2401 1696; x_wconf 89' lang='lat' dir='ltr'><strong>mare</strong></span> <span class='ocrx_word' id='word_1_572' title='bbox 2433 1644 2802 1695; x_wconf 85' lang='lat' dir='ltr'><strong>revolvuntur</strong></span> <span class='ocrx_word' id='word_1_573' title='bbox 2836 1658 2847 1695; x_wconf 94' lang='lat'><strong>:</strong></span> <span class='ocrx_word' id='word_1_574' title='bbox 2884 1642 3126 1696; x_wconf 83' lang='lat' dir='ltr'><strong>fossores</strong></span> <span class='ocrx_word' id='word_1_575' title='bbox 3156 1658 3383 1714; x_wconf 90' lang='lat' dir='ltr'><strong>quoque</strong></span> <span class='ocrx_word' id='word_1_576' title='bbox 3415 1648 3719 1713; x_wconf 88' lang='lat' dir='ltr'><strong>puteorum</strong></span> 
     </span>
    </p>
   </div>
   <div class='ocr_carea' id='block_1_76' title="bbox 2024 1728 3722 1801">
    <p class='ocr_par' dir='ltr' id='par_1_76' title="bbox 2024 1728 3722 1801">
     <span class='ocr_line' id='line_1_76' title="bbox 2024 1728 3722 1801; baseline 0.001 -18"><span class='ocrx_word' id='word_1_577' title='bbox 2024 1728 2132 1784; x_wconf 91' lang='lat' dir='ltr'><strong>hoc</strong></span> <span class='ocrx_word' id='word_1_578' title='bbox 2167 1730 2428 1801; x_wconf 88' lang='lat' dir='ltr'><strong>probant,</strong></span> <span class='ocrx_word' id='word_1_579' title='bbox 2460 1729 2595 1801; x_wconf 90' lang='lat' dir='ltr'><strong>quia</strong></span> <span class='ocrx_word' id='word_1_580' title='bbox 2626 1730 2815 1783; x_wconf 88' lang='lat' dir='ltr'><strong>omnis</strong></span> <span class='ocrx_word' id='word_1_581' title='bbox 2858 1730 3028 1784; x_wconf 90' lang='lat' dir='ltr'><strong>tellus</strong></span> <span class='ocrx_word' id='word_1_582' title='bbox 3062 1746 3166 1801; x_wconf 90' lang='lat' dir='ltr'><strong>per</strong></span> <span class='ocrx_word' id='word_1_583' title='bbox 3203 1730 3520 1785; x_wconf 90' lang='lat' dir='ltr'><strong>invisibiles</strong></span> <span class='ocrx_word' id='word_1_584' title='bbox 3550 1747 3722 1787; x_wconf 82' lang='lat' dir='ltr'><strong>venas</strong></span> 
     </span>
    </p>
   </div>
   <div class='ocr_carea' id='block_1_77' title="bbox 2027 1818 3593 1891">
    <p class='ocr_par' dir='ltr' id='par_1_77' title="bbox 2027 1818 3593 1891">
     <span class='ocr_line' id='line_1_77' title="bbox 2027 1818 3593 1891; baseline 0.001 -18"><span class='ocrx_word' id='word_1_585' title='bbox 2027 1818 2190 1890; x_wconf 86' lang='lat' dir='ltr'><strong>aquis</strong></span> <span class='ocrx_word' id='word_1_586' title='bbox 2212 1819 2428 1889; x_wconf 89' lang='lat' dir='ltr'><strong>repleta</strong></span> <span class='ocrx_word' id='word_1_587' title='bbox 2459 1823 2565 1886; x_wconf 91' lang='lat' dir='ltr'><strong>est,</strong></span> <span class='ocrx_word' id='word_1_588' title='bbox 2592 1818 2799 1889; x_wconf 88' lang='lat' dir='ltr'><strong>quibus</strong></span> <span class='ocrx_word' id='word_1_589' title='bbox 2829 1835 2893 1873; x_wconf 86' lang='lat' dir='ltr'><strong>ex</strong></span> <span class='ocrx_word' id='word_1_590' title='bbox 2930 1818 3074 1873; x_wconf 87' lang='lat' dir='ltr'><strong>mari</strong></span> <span class='ocrx_word' id='word_1_591' title='bbox 3108 1818 3459 1891; x_wconf 89' lang='lat' dir='ltr'><strong>principium</strong></span> <span class='ocrx_word' id='word_1_592' title='bbox 3489 1825 3593 1874; x_wconf 90' lang='lat' dir='ltr'><strong>est.</strong></span> 
     </span>
    </p>
   </div>
   <div class='ocr_carea' id='block_1_78' title="bbox 2099 1907 3719 1976">
    <p class='ocr_par' dir='ltr' id='par_1_78' title="bbox 2099 1907 3719 1976">
     <span class='ocr_line' id='line_1_78' title="bbox 2099 1907 3719 1976; baseline 0.003 -17"><span class='ocrx_word' id='word_1_593' title='bbox 2099 1908 2258 1961; x_wconf 77' lang='lat' dir='ltr'><strong>Vens.</strong></span> <span class='ocrx_word' id='word_1_594' title='bbox 2295 1910 2374 1961; x_wconf 84' lang='lat' dir='ltr'><strong>tt.</strong></span> <span class='ocrx_word' id='word_1_595' title='bbox 2409 1936 2477 1946; x_wconf 90' lang='lat'><strong>—-</strong></span> <span class='ocrx_word' id='word_1_596' title='bbox 2510 1927 2535 1957; x_wconf 78' lang='grc' dir='ltr'><strong><em>ι(</em></strong></span> <span class='ocrx_word' id='word_1_597' title='bbox 2570 1908 2630 1961; x_wconf 81' lang='lat' dir='ltr'><strong>Et</strong></span> <span class='ocrx_word' id='word_1_598' title='bbox 2653 1907 2767 1961; x_wconf 89' lang='lat' dir='ltr'><strong>ait:</strong></span> <span class='ocrx_word' id='word_1_599' title='bbox 2797 1907 3090 1962; x_wconf 87' lang='lat' dir='ltr'><strong>Gcrminct</strong></span> <span class='ocrx_word' id='word_1_600' title='bbox 3120 1913 3293 1975; x_wconf 89' lang='lat' dir='ltr'><strong>terra,</strong></span> <span class='ocrx_word' id='word_1_601' title='bbox 3325 1928 3352 1959; x_wconf 79' lang='grc' dir='ltr'><strong>ιι</strong></span> <span class='ocrx_word' id='word_1_602' title='bbox 3388 1913 3495 1963; x_wconf 88' lang='lat' dir='ltr'><strong>etc.</strong></span> <span class='ocrx_word' id='word_1_603' title='bbox 3532 1908 3719 1976; x_wconf 48' lang='lat' dir='ltr'><strong>(Arcu</strong></span> 
     </span>
    </p>
   </div>
   <div class='ocr_carea' id='block_1_79' title="bbox 2024 1995 3723 2065">
    <p class='ocr_par' dir='ltr' id='par_1_79' title="bbox 2024 1995 3723 2065">
     <span class='ocr_line' id='line_1_79' title="bbox 2024 1995 3723 2065; baseline 0.002 -16"><span class='ocrx_word' id='word_1_604' title='bbox 2024 1995 2061 2049; x_wconf 93' lang='lat' dir='ltr'><strong>l.</strong></span> <span class='ocrx_word' id='word_1_605' title='bbox 2098 2012 2133 2049; x_wconf 93' lang='grc' dir='ltr'><strong>ιι</strong></span> <span class='ocrx_word' id='word_1_606' title='bbox 2176 1995 2241 2049; x_wconf 87' lang='lat' dir='ltr'><strong>de</strong></span> <span class='ocrx_word' id='word_1_607' title='bbox 2299 1995 2429 2050; x_wconf 78' lang='lat' dir='ltr'><strong>Gen.</strong></span> <span class='ocrx_word' id='word_1_608' title='bbox 2457 1995 2531 2049; x_wconf 88' lang='lat' dir='ltr'><strong>ad</strong></span> <span class='ocrx_word' id='word_1_609' title='bbox 2560 1996 2693 2061; x_wconf 62' lang='lat' dir='ltr'><strong>litt,</strong></span> <span class='ocrx_word' id='word_1_610' title='bbox 2723 2012 2769 2049; x_wconf 92' lang='lat' dir='ltr'><strong>c.</strong></span> <span class='ocrx_word' id='word_1_611' title='bbox 2810 1998 2922 2065; x_wconf 79' lang='grc'><strong>12.)</strong></span> <span class='ocrx_word' id='word_1_612' title='bbox 2956 1995 3375 2051; x_wconf 84' lang='lat' dir='ltr'><strong>Advertendum</strong></span> <span class='ocrx_word' id='word_1_613' title='bbox 3407 2002 3495 2051; x_wconf 88' lang='lat' dir='ltr'><strong>est</strong></span> <span class='ocrx_word' id='word_1_614' title='bbox 3525 1998 3723 2052; x_wconf 91' lang='lat' dir='ltr'><strong>mode-</strong></span> 
     </span>
    </p>
   </div>
   <div class='ocr_carea' id='block_1_80' title="bbox 2024 2082 3724 2154">
    <p class='ocr_par' dir='ltr' id='par_1_80' title="bbox 2024 2082 3724 2154">
     <span class='ocr_line' id='line_1_80' title="bbox 2024 2082 3724 2154; baseline 0.003 -19"><span class='ocrx_word' id='word_1_615' title='bbox 2024 2098 2222 2137; x_wconf 89' lang='lat' dir='ltr'><strong>ramen</strong></span> <span class='ocrx_word' id='word_1_616' title='bbox 2275 2082 2618 2137; x_wconf 89' lang='lat' dir='ltr'><strong>ordiuatoris</strong></span> <span class='ocrx_word' id='word_1_617' title='bbox 2667 2100 2679 2136; x_wconf 90' lang='lat'><strong>:</strong></span> <span class='ocrx_word' id='word_1_618' title='bbox 2730 2083 2989 2154; x_wconf 89' lang='lat' dir='ltr'><strong>quamvis</strong></span> <span class='ocrx_word' id='word_1_619' title='bbox 3024 2084 3291 2139; x_wconf 88' lang='lat' dir='ltr'><strong>distincta</strong></span> <span class='ocrx_word' id='word_1_620' title='bbox 3331 2090 3417 2140; x_wconf 90' lang='lat' dir='ltr'><strong>est</strong></span> <span class='ocrx_word' id='word_1_621' title='bbox 3463 2090 3724 2141; x_wconf 85' lang='lat' dir='ltr'><strong>creatura</strong></span> 
     </span>
    </p>
   </div>
   <div class='ocr_carea' id='block_1_81' title="bbox 2022 2171 3721 2245">
    <p class='ocr_par' dir='ltr' id='par_1_81' title="bbox 2022 2171 3721 2245">
     <span class='ocr_line' id='line_1_81' title="bbox 2022 2171 3721 2245; baseline 0.001 -19"><span class='ocrx_word' id='word_1_622' title='bbox 2022 2171 2332 2226; x_wconf 88' lang='lat' dir='ltr'><strong>herbarum</strong></span> <span class='ocrx_word' id='word_1_623' title='bbox 2360 2177 2530 2243; x_wconf 88' lang='lat' dir='ltr'><strong>atque</strong></span> <span class='ocrx_word' id='word_1_624' title='bbox 2562 2171 2849 2241; x_wconf 84' lang='lat' dir='ltr'><strong>lignorum</strong></span> <span class='ocrx_word' id='word_1_625' title='bbox 2872 2188 2905 2227; x_wconf 91' lang='lat' dir='ltr'><strong>a</strong></span> <span class='ocrx_word' id='word_1_626' title='bbox 2934 2172 3118 2244; x_wconf 89' lang='lat' dir='ltr'><strong>specie</strong></span> <span class='ocrx_word' id='word_1_627' title='bbox 3141 2178 3424 2227; x_wconf 86' lang='lat' dir='ltr'><strong>terrarum</strong></span> <span class='ocrx_word' id='word_1_628' title='bbox 3460 2178 3516 2229; x_wconf 91' lang='lat' dir='ltr'><strong>et</strong></span> <span class='ocrx_word' id='word_1_629' title='bbox 3543 2189 3721 2245; x_wconf 85' lang='lat' dir='ltr'><strong>aqua-</strong></span> 
     </span>
    </p>
   </div>
   <div class='ocr_carea' id='block_1_82' title="bbox 2021 2260 3723 2333">
    <p class='ocr_par' dir='ltr' id='par_1_82' title="bbox 2021 2260 3723 2333">
     <span class='ocr_line' id='line_1_82' title="bbox 2021 2260 3723 2333; baseline 0.002 -19"><span class='ocrx_word' id='word_1_630' title='bbox 2021 2276 2175 2329; x_wconf 89' lang='lat' dir='ltr'><strong>rum,</strong></span> <span class='ocrx_word' id='word_1_631' title='bbox 2222 2264 2288 2313; x_wconf 89' lang='lat' dir='ltr'><strong>ut</strong></span> <span class='ocrx_word' id='word_1_632' title='bbox 2334 2260 2393 2313; x_wconf 88' lang='lat' dir='ltr'><strong>in</strong></span> <span class='ocrx_word' id='word_1_633' title='bbox 2449 2260 2747 2314; x_wconf 88' lang='lat' dir='ltr'><strong>elementis</strong></span> <span class='ocrx_word' id='word_1_634' title='bbox 2791 2260 3084 2314; x_wconf 90' lang='lat' dir='ltr'><strong>numerari</strong></span> <span class='ocrx_word' id='word_1_635' title='bbox 3131 2277 3245 2316; x_wconf 92' lang='lat' dir='ltr'><strong>non</strong></span> <span class='ocrx_word' id='word_1_636' title='bbox 3286 2261 3551 2332; x_wconf 84' lang='lat' dir='ltr'><strong>possint:</strong></span> <span class='ocrx_word' id='word_1_637' title='bbox 3587 2263 3723 2333; x_wconf 85' lang='lat' dir='ltr'><strong>quia</strong></span> 
     </span>
    </p>
   </div>
   <div class='ocr_carea' id='block_1_83' title="bbox 2020 2348 3719 2420">
    <p class='ocr_par' dir='ltr' id='par_1_83' title="bbox 2020 2348 3719 2420">
     <span class='ocr_line' id='line_1_83' title="bbox 2020 2348 3719 2420; baseline 0.002 -18"><span class='ocrx_word' id='word_1_638' title='bbox 2020 2353 2211 2402; x_wconf 87' lang='lat' dir='ltr'><strong>tamen</strong></span> <span class='ocrx_word' id='word_1_639' title='bbox 2265 2348 2376 2402; x_wconf 81' lang='lat' dir='ltr'><strong>ﬁxa</strong></span> <span class='ocrx_word' id='word_1_640' title='bbox 2423 2348 2710 2402; x_wconf 87' lang='lat' dir='ltr'><strong>radicibus</strong></span> <span class='ocrx_word' id='word_1_641' title='bbox 2760 2353 2929 2403; x_wconf 62' lang='lat' dir='ltr'><strong>terra:</strong></span> <span class='ocrx_word' id='word_1_642' title='bbox 2975 2353 3307 2420; x_wconf 89' lang='lat' dir='ltr'><strong>nectuntur,</strong></span> <span class='ocrx_word' id='word_1_643' title='bbox 3356 2351 3424 2404; x_wconf 86' lang='lat' dir='ltr'><strong>ad</strong></span> <span class='ocrx_word' id='word_1_644' title='bbox 3455 2351 3719 2406; x_wconf 88' lang='lat' dir='ltr'><strong>eumdem</strong></span> 
     </span>
    </p>
   </div>
   <div class='ocr_carea' id='block_1_84' title="bbox 2023 2435 2726 2506">
    <p class='ocr_par' dir='ltr' id='par_1_84' title="bbox 2023 2435 2726 2506">
     <span class='ocr_line' id='line_1_84' title="bbox 2023 2435 2726 2506; baseline 0.003 -16"><span class='ocrx_word' id='word_1_645' title='bbox 2023 2435 2175 2490; x_wconf 92' lang='lat' dir='ltr'><strong>diem</strong></span> <span class='ocrx_word' id='word_1_646' title='bbox 2215 2436 2394 2489; x_wconf 86' lang='lat' dir='ltr'><strong>voluit</strong></span> <span class='ocrx_word' id='word_1_647' title='bbox 2421 2436 2726 2506; x_wconf 88' lang='lat' dir='ltr'><strong>pertinere.</strong></span> 
     </span>
    </p>
   </div>
   <div class='ocr_carea' id='block_1_85' title="bbox 2094 2523 3722 2597">
    <p class='ocr_par' dir='ltr' id='par_1_85' title="bbox 2094 2523 3722 2597">
     <span class='ocr_line' id='line_1_85' title="bbox 2094 2523 3722 2597; baseline 0.002 -21"><span class='ocrx_word' id='word_1_648' title='bbox 2094 2524 2285 2593; x_wconf 65' lang='lat' dir='ltr'><strong>(Beas,</strong></span> <span class='ocrx_word' id='word_1_649' title='bbox 2325 2523 2420 2577; x_wconf 66' lang='lat' dir='ltr'><strong>ubi</strong></span> <span class='ocrx_word' id='word_1_650' title='bbox 2465 2524 2678 2594; x_wconf 83' lang='lat' dir='ltr'><strong>supra.)</strong></span> <span class='ocrx_word' id='word_1_651' title='bbox 2717 2525 2875 2578; x_wconf 87' lang='lat' dir='ltr'><strong>Patet</strong></span> <span class='ocrx_word' id='word_1_652' title='bbox 2919 2523 2981 2578; x_wconf 90' lang='lat' dir='ltr'><strong>in</strong></span> <span class='ocrx_word' id='word_1_653' title='bbox 3018 2524 3107 2579; x_wconf 89' lang='lat' dir='ltr'><strong>his</strong></span> <span class='ocrx_word' id='word_1_654' title='bbox 3140 2525 3329 2580; x_wconf 87' lang='lat' dir='ltr'><strong>verbis</strong></span> <span class='ocrx_word' id='word_1_655' title='bbox 3358 2526 3515 2597; x_wconf 89' lang='lat' dir='ltr'><strong>quod</strong></span> <span class='ocrx_word' id='word_1_656' title='bbox 3548 2542 3722 2581; x_wconf 90' lang='lat' dir='ltr'><strong>verno</strong></span> 
     </span>
    </p>
   </div>
   <div class='ocr_carea' id='block_1_86' title="bbox 2022 2612 3721 2684">
    <p class='ocr_par' dir='ltr' id='par_1_86' title="bbox 2022 2612 3721 2684">
     <span class='ocr_line' id='line_1_86' title="bbox 2022 2612 3721 2684; baseline 0.002 -19"><span class='ocrx_word' id='word_1_657' title='bbox 2022 2616 2277 2682; x_wconf 88' lang='lat' dir='ltr'><strong>tempore</strong></span> <span class='ocrx_word' id='word_1_658' title='bbox 2308 2612 2557 2667; x_wconf 89' lang='lat' dir='ltr'><strong>mundus</strong></span> <span class='ocrx_word' id='word_1_659' title='bbox 2588 2612 2870 2683; x_wconf 88' lang='lat' dir='ltr'><strong>perfectus</strong></span> <span class='ocrx_word' id='word_1_660' title='bbox 2902 2617 2986 2666; x_wconf 89' lang='lat' dir='ltr'><strong>est</strong></span> <span class='ocrx_word' id='word_1_661' title='bbox 3016 2617 3070 2667; x_wconf 90' lang='lat' dir='ltr'><strong>et</strong></span> <span class='ocrx_word' id='word_1_662' title='bbox 3099 2619 3357 2681; x_wconf 91' lang='lat' dir='ltr'><strong>ornatus,</strong></span> <span class='ocrx_word' id='word_1_663' title='bbox 3390 2613 3450 2668; x_wconf 93' lang='lat' dir='ltr'><strong>iu</strong></span> <span class='ocrx_word' id='word_1_664' title='bbox 3490 2630 3605 2684; x_wconf 91' lang='lat' dir='ltr'><strong>quo</strong></span> <span class='ocrx_word' id='word_1_665' title='bbox 3637 2631 3721 2669; x_wconf 85' lang='lat' dir='ltr'><strong>so-</strong></span> 
     </span>
    </p>
   </div>
   <div class='ocr_carea' id='block_1_87' title="bbox 2024 2699 3716 2772">
    <p class='ocr_par' dir='ltr' id='par_1_87' title="bbox 2024 2699 3716 2772">
     <span class='ocr_line' id='line_1_87' title="bbox 2024 2699 3716 2772; baseline 0.002 -18"><span class='ocrx_word' id='word_1_666' title='bbox 2024 2701 2141 2755; x_wconf 90' lang='lat' dir='ltr'><strong>lent</strong></span> <span class='ocrx_word' id='word_1_667' title='bbox 2164 2699 2357 2755; x_wconf 67' lang='lat' dir='ltr'><strong>herba&quot;:</strong></span> <span class='ocrx_word' id='word_1_668' title='bbox 2386 2702 2633 2754; x_wconf 87' lang='lat' dir='ltr'><strong>virentes</strong></span> <span class='ocrx_word' id='word_1_669' title='bbox 2669 2716 2969 2770; x_wconf 88' lang='lat' dir='ltr'><strong>apparere,</strong></span> <span class='ocrx_word' id='word_1_670' title='bbox 3002 2706 3059 2756; x_wconf 90' lang='lat' dir='ltr'><strong>et</strong></span> <span class='ocrx_word' id='word_1_671' title='bbox 3085 2701 3241 2771; x_wconf 87' lang='lat' dir='ltr'><strong>ligna</strong></span> <span class='ocrx_word' id='word_1_672' title='bbox 3272 2702 3460 2772; x_wconf 89' lang='lat' dir='ltr'><strong>pomis</strong></span> <span class='ocrx_word' id='word_1_673' title='bbox 3492 2706 3716 2757; x_wconf 85' lang='lat' dir='ltr'><strong>onusta.</strong></span> 
     </span>
    </p>
   </div>
   <div class='ocr_carea' id='block_1_88' title="bbox 2022 2788 3717 2861">
    <p class='ocr_par' dir='ltr' id='par_1_88' title="bbox 2022 2788 3717 2861">
     <span class='ocr_line' id='line_1_88' title="bbox 2022 2788 3717 2861; baseline 0.001 -18"><span class='ocrx_word' id='word_1_674' title='bbox 2022 2790 2319 2861; x_wconf 89' lang='lat' dir='ltr'><strong>Simulque</strong></span> <span class='ocrx_word' id='word_1_675' title='bbox 2347 2788 2663 2844; x_wconf 87' lang='lat' dir='ltr'><strong>notandum</strong></span> <span class='ocrx_word' id='word_1_676' title='bbox 2697 2789 2851 2861; x_wconf 90' lang='lat' dir='ltr'><strong>quod</strong></span> <span class='ocrx_word' id='word_1_677' title='bbox 2876 2805 2993 2843; x_wconf 92' lang='lat' dir='ltr'><strong>non</strong></span> <span class='ocrx_word' id='word_1_678' title='bbox 3027 2790 3213 2861; x_wconf 89' lang='lat' dir='ltr'><strong>prima</strong></span> <span class='ocrx_word' id='word_1_679' title='bbox 3251 2790 3559 2846; x_wconf 83' lang='lat' dir='ltr'><strong>herbarum</strong></span> <span class='ocrx_word' id='word_1_680' title='bbox 3590 2807 3717 2861; x_wconf 84' lang='lat' dir='ltr'><strong>ger-</strong></span> 
     </span>
    </p>
   </div>
   <div class='ocr_carea' id='block_1_89' title="bbox 2023 2878 3717 2949">
    <p class='ocr_par' dir='ltr' id='par_1_89' title="bbox 2023 2878 3717 2949">
     <span class='ocr_line' id='line_1_89' title="bbox 2023 2878 3717 2949; baseline 0.001 -17"><span class='ocrx_word' id='word_1_681' title='bbox 2023 2878 2179 2932; x_wconf 88' lang='lat' dir='ltr'><strong>mina</strong></span> <span class='ocrx_word' id='word_1_682' title='bbox 2210 2880 2294 2932; x_wconf 89' lang='lat' dir='ltr'><strong>vel</strong></span> <span class='ocrx_word' id='word_1_683' title='bbox 2339 2879 2611 2933; x_wconf 88' lang='lat' dir='ltr'><strong>arborum</strong></span> <span class='ocrx_word' id='word_1_684' title='bbox 2641 2894 2852 2949; x_wconf 90' lang='lat' dir='ltr'><strong>genera</strong></span> <span class='ocrx_word' id='word_1_685' title='bbox 2889 2878 2957 2933; x_wconf 90' lang='lat' dir='ltr'><strong>de</strong></span> <span class='ocrx_word' id='word_1_686' title='bbox 2984 2878 3201 2933; x_wconf 90' lang='lat' dir='ltr'><strong>semine</strong></span> <span class='ocrx_word' id='word_1_687' title='bbox 3232 2879 3589 2949; x_wconf 90' lang='lat' dir='ltr'><strong>prodierunt,</strong></span> <span class='ocrx_word' id='word_1_688' title='bbox 3622 2881 3717 2935; x_wconf 88' lang='lat' dir='ltr'><strong>sed</strong></span> 
     </span>
    </p>
   </div>
   <div class='ocr_carea' id='block_1_90' title="bbox 1952 2965 3718 3038">
    <p class='ocr_par' dir='ltr' id='par_1_90' title="bbox 1952 2965 3718 3038">
     <span class='ocr_line' id='line_1_90' title="bbox 1952 2965 3718 3038; baseline -0.001 -16"><span class='ocrx_word' id='word_1_689' title='bbox 1952 2979 1991 3034; x_wconf 82' lang='lat' dir='ltr'>c</span> <span class='ocrx_word' id='word_1_690' title='bbox 2023 2967 2090 3022; x_wconf 89' lang='lat' dir='ltr'><strong>de</strong></span> <span class='ocrx_word' id='word_1_691' title='bbox 2118 2972 2269 3021; x_wconf 89' lang='lat' dir='ltr'><strong>terra</strong></span> <span class='ocrx_word' id='word_1_692' title='bbox 2304 2984 2315 3021; x_wconf 92' lang='lat'>:</span> <span class='ocrx_word' id='word_1_693' title='bbox 2352 2966 2487 3037; x_wconf 89' lang='lat' dir='ltr'><strong>quia</strong></span> <span class='ocrx_word' id='word_1_694' title='bbox 2518 2967 2588 3021; x_wconf 89' lang='lat' dir='ltr'><strong>ad</strong></span> <span class='ocrx_word' id='word_1_695' title='bbox 2638 2982 2810 3020; x_wconf 91' lang='lat' dir='ltr'><strong>unam</strong></span> <span class='ocrx_word' id='word_1_696' title='bbox 2838 2965 3159 3037; x_wconf 90' lang='lat' dir='ltr'><strong>jussionem</strong></span> <span class='ocrx_word' id='word_1_697' title='bbox 3192 2966 3513 3021; x_wconf 89' lang='lat' dir='ltr'><strong>Conditoris</strong></span> <span class='ocrx_word' id='word_1_698' title='bbox 3544 2984 3718 3038; x_wconf 87' lang='lat' dir='ltr'><strong>appa-</strong></span> 
     </span>
    </p>
   </div>
   <div class='ocr_carea' id='block_1_91' title="bbox 2020 3054 3718 3127">
    <p class='ocr_par' dir='ltr' id='par_1_91' title="bbox 2020 3054 3718 3127">
     <span class='ocr_line' id='line_1_91' title="bbox 2020 3054 3718 3127; baseline 0 -18"><span class='ocrx_word' id='word_1_699' title='bbox 2020 3055 2136 3110; x_wconf 89' lang='lat' dir='ltr'><strong>ruit</strong></span> <span class='ocrx_word' id='word_1_700' title='bbox 2165 3055 2321 3109; x_wconf 90' lang='lat' dir='ltr'><strong>arida</strong></span> <span class='ocrx_word' id='word_1_701' title='bbox 2351 3055 2541 3109; x_wconf 84' lang='lat' dir='ltr'><strong>herbis</strong></span> <span class='ocrx_word' id='word_1_702' title='bbox 2573 3060 2799 3127; x_wconf 89' lang='lat' dir='ltr'><strong>compta</strong></span> <span class='ocrx_word' id='word_1_703' title='bbox 2840 3054 3289 3126; x_wconf 88' lang='lat' dir='ltr'><strong>nemoribusque</strong></span> <span class='ocrx_word' id='word_1_704' title='bbox 3330 3056 3554 3123; x_wconf 87' lang='lat' dir='ltr'><strong>vestita,</strong></span> <span class='ocrx_word' id='word_1_705' title='bbox 3590 3072 3718 3127; x_wconf 74' lang='lat' dir='ltr'><strong>quas</strong></span> 
     </span>
    </p>
   </div>
   <div class='ocr_carea' id='block_1_92' title="bbox 2019 3144 3718 3216">
    <p class='ocr_par' dir='ltr' id='par_1_92' title="bbox 2019 3144 3718 3216">
     <span class='ocr_line' id='line_1_92' title="bbox 2019 3144 3718 3216; baseline 0.002 -19"><span class='ocrx_word' id='word_1_706' title='bbox 2019 3145 2108 3197; x_wconf 89' lang='lat' dir='ltr'><strong>sui</strong></span> <span class='ocrx_word' id='word_1_707' title='bbox 2137 3145 2361 3215; x_wconf 90' lang='lat' dir='ltr'><strong>generis</strong></span> <span class='ocrx_word' id='word_1_708' title='bbox 2392 3160 2455 3198; x_wconf 84' lang='lat' dir='ltr'><strong>ex</strong></span> <span class='ocrx_word' id='word_1_709' title='bbox 2487 3161 2545 3198; x_wconf 91' lang='lat' dir='ltr'><strong>se</strong></span> <span class='ocrx_word' id='word_1_710' title='bbox 2577 3160 2750 3215; x_wconf 89' lang='lat' dir='ltr'><strong>poma</strong></span> <span class='ocrx_word' id='word_1_711' title='bbox 2772 3144 3169 3215; x_wconf 84' lang='lat' dir='ltr'><strong>produxerunt</strong></span> <span class='ocrx_word' id='word_1_712' title='bbox 3192 3148 3245 3199; x_wconf 91' lang='lat' dir='ltr'><strong>et</strong></span> <span class='ocrx_word' id='word_1_713' title='bbox 3276 3144 3513 3199; x_wconf 91' lang='lat' dir='ltr'><strong>semina.</strong></span> <span class='ocrx_word' id='word_1_714' title='bbox 3546 3146 3718 3216; x_wconf 89' lang='lat' dir='ltr'><strong>Opor-</strong></span> 
     </span>
    </p>
   </div>
   <div class='ocr_carea' id='block_1_93' title="bbox 2019 3232 3717 3305">
    <p class='ocr_par' dir='ltr' id='par_1_93' title="bbox 2019 3232 3717 3305">
     <span class='ocr_line' id='line_1_93' title="bbox 2019 3232 3717 3305; baseline 0.001 -18"><span class='ocrx_word' id='word_1_715' title='bbox 2019 3232 2174 3287; x_wconf 89' lang='lat' dir='ltr'><strong>tebat</strong></span> <span class='ocrx_word' id='word_1_716' title='bbox 2202 3232 2356 3286; x_wconf 89' lang='lat' dir='ltr'><strong>enim</strong></span> <span class='ocrx_word' id='word_1_717' title='bbox 2388 3238 2449 3287; x_wconf 88' lang='lat' dir='ltr'><strong>ut</strong></span> <span class='ocrx_word' id='word_1_718' title='bbox 2477 3233 2658 3287; x_wconf 84' lang='lat' dir='ltr'><strong>forma</strong></span> <span class='ocrx_word' id='word_1_719' title='bbox 2690 3248 2884 3287; x_wconf 88' lang='lat' dir='ltr'><strong>rerum</strong></span> <span class='ocrx_word' id='word_1_720' title='bbox 2910 3233 3009 3287; x_wconf 92' lang='lat' dir='ltr'><strong>Dei</strong></span> <span class='ocrx_word' id='word_1_721' title='bbox 3037 3232 3281 3303; x_wconf 90' lang='lat' dir='ltr'><strong>imperio</strong></span> <span class='ocrx_word' id='word_1_722' title='bbox 3312 3233 3501 3305; x_wconf 87' lang='lat' dir='ltr'><strong>primo</strong></span> <span class='ocrx_word' id='word_1_723' title='bbox 3524 3234 3717 3305; x_wconf 80' lang='lat' dir='ltr'><strong>perfe-</strong></span> 
     </span>
    </p>
   </div>
   <div class='ocr_carea' id='block_1_94' title="bbox 2020 3322 3715 3393">
    <p class='ocr_par' dir='ltr' id='par_1_94' title="bbox 2020 3322 3715 3393">
     <span class='ocr_line' id='line_1_94' title="bbox 2020 3322 3715 3393; baseline 0.001 -16"><span class='ocrx_word' id='word_1_724' title='bbox 2020 3326 2104 3377; x_wconf 88' lang='lat' dir='ltr'><strong>cta</strong></span> <span class='ocrx_word' id='word_1_725' title='bbox 2137 3322 2392 3392; x_wconf 86' lang='lat' dir='ltr'><strong>prodiret</strong></span> <span class='ocrx_word' id='word_1_726' title='bbox 2429 3337 2441 3375; x_wconf 90' lang='lat'>:</span> <span class='ocrx_word' id='word_1_727' title='bbox 2476 3322 2768 3392; x_wconf 90' lang='lat' dir='ltr'><strong>quomodo</strong></span> <span class='ocrx_word' id='word_1_728' title='bbox 2800 3322 2993 3389; x_wconf 90' lang='lat' dir='ltr'><strong>homo,</strong></span> <span class='ocrx_word' id='word_1_729' title='bbox 3027 3326 3263 3393; x_wconf 90' lang='lat' dir='ltr'><strong>propter</strong></span> <span class='ocrx_word' id='word_1_730' title='bbox 3294 3337 3464 3393; x_wconf 91' lang='lat' dir='ltr'><strong>quem</strong></span> <span class='ocrx_word' id='word_1_731' title='bbox 3499 3324 3715 3388; x_wconf 82' lang='lat' dir='ltr'><strong>omnia,</strong></span> 
     </span>
    </p>
   </div>
   <div class='ocr_carea' id='block_1_95' title="bbox 2012 3410 2918 3481">
    <p class='ocr_par' dir='ltr' id='par_1_95' title="bbox 2012 3410 2918 3481">
     <span class='ocr_line' id='line_1_95' title="bbox 2012 3410 2918 3481; baseline 0.001 -18"><span class='ocrx_word' id='word_1_732' title='bbox 2012 3410 2253 3481; x_wconf 86' lang='lat' dir='ltr'><strong>juvenili</strong></span> <span class='ocrx_word' id='word_1_733' title='bbox 2283 3414 2448 3465; x_wconf 66' lang='lat' dir='ltr'><strong>aetate</strong></span> <span class='ocrx_word' id='word_1_734' title='bbox 2478 3411 2791 3481; x_wconf 89' lang='lat' dir='ltr'><strong>plasmatus</strong></span> <span class='ocrx_word' id='word_1_735' title='bbox 2817 3414 2918 3464; x_wconf 90' lang='lat' dir='ltr'><strong>est.</strong></span> 
     </span>
    </p>
   </div>
   <div class='ocr_carea' id='block_1_96' title="bbox 2092 3495 3713 3569">
    <p class='ocr_par' dir='ltr' id='par_1_96' title="bbox 2092 3495 3713 3569">
     <span class='ocr_line' id='line_1_96' title="bbox 2092 3495 3713 3569; baseline 0.001 -18"><span class='ocrx_word' id='word_1_736' title='bbox 2092 3497 2279 3565; x_wconf 49' lang='lat' dir='ltr'><strong>(Arcu,</strong></span> <span class='ocrx_word' id='word_1_737' title='bbox 2311 3496 2429 3552; x_wconf 81' lang='lat' dir='ltr'><strong>ibid</strong></span> <span class='ocrx_word' id='word_1_738' title='bbox 2466 3498 2503 3551; x_wconf 79' lang='grc' dir='ltr'><strong>Ι.</strong></span> <span class='ocrx_word' id='word_1_739' title='bbox 2541 3514 2620 3563; x_wconf 83' lang='grc' dir='ltr'><strong><em>ιιι,</em></strong></span> <span class='ocrx_word' id='word_1_740' title='bbox 2653 3513 2700 3552; x_wconf 91' lang='lat' dir='ltr'><strong>c.</strong></span> <span class='ocrx_word' id='word_1_741' title='bbox 2754 3497 2858 3564; x_wconf 74' lang='lat'><strong>{8.)</strong></span> <span class='ocrx_word' id='word_1_742' title='bbox 2893 3495 3181 3561; x_wconf 73' lang='lat' dir='ltr'><strong>Quaeritur</strong></span> <span class='ocrx_word' id='word_1_743' title='bbox 3208 3496 3381 3551; x_wconf 90' lang='lat' dir='ltr'><strong>etiam</strong></span> <span class='ocrx_word' id='word_1_744' title='bbox 3409 3497 3479 3551; x_wconf 88' lang='lat' dir='ltr'><strong>de</strong></span> <span class='ocrx_word' id='word_1_745' title='bbox 3510 3498 3713 3569; x_wconf 85' lang='lat' dir='ltr'><strong>spinis,</strong></span> 
     </span>
    </p>
   </div>
   <div class='ocr_carea' id='block_1_97' title="bbox 2019 3584 3711 3657">
    <p class='ocr_par' dir='ltr' id='par_1_97' title="bbox 2019 3584 3711 3657">
     <span class='ocr_line' id='line_1_97' title="bbox 2019 3584 3711 3657; baseline 0.001 -17"><span class='ocrx_word' id='word_1_746' title='bbox 2019 3590 2075 3640; x_wconf 89' lang='lat' dir='ltr'><strong>et</strong></span> <span class='ocrx_word' id='word_1_747' title='bbox 2104 3585 2351 3651; x_wconf 89' lang='lat' dir='ltr'><strong>tribulis,</strong></span> <span class='ocrx_word' id='word_1_748' title='bbox 2386 3590 2441 3639; x_wconf 90' lang='lat' dir='ltr'><strong>et</strong></span> <span class='ocrx_word' id='word_1_749' title='bbox 2482 3585 2827 3657; x_wconf 91' lang='lat' dir='ltr'><strong>quibusdam</strong></span> <span class='ocrx_word' id='word_1_750' title='bbox 2864 3584 3034 3656; x_wconf 88' lang='lat' dir='ltr'><strong>lignis</strong></span> <span class='ocrx_word' id='word_1_751' title='bbox 3063 3584 3452 3652; x_wconf 83' lang='lat' dir='ltr'><strong>infructuosis,</strong></span> <span class='ocrx_word' id='word_1_752' title='bbox 3495 3603 3597 3641; x_wconf 90' lang='lat' dir='ltr'><strong>cur</strong></span> <span class='ocrx_word' id='word_1_753' title='bbox 3626 3590 3711 3642; x_wconf 89' lang='lat' dir='ltr'><strong>vel</strong></span> 
     </span>
    </p>
   </div>
   <div class='ocr_carea' id='block_1_98' title="bbox 2018 3669 3719 3744">
    <p class='ocr_par' dir='ltr' id='par_1_98' title="bbox 2018 3669 3719 3744">
     <span class='ocr_line' id='line_1_98' title="bbox 2018 3669 3719 3744; baseline 0 -17"><span class='ocrx_word' id='word_1_754' title='bbox 2018 3673 2249 3744; x_wconf 89' lang='lat' dir='ltr'><strong>quando</strong></span> <span class='ocrx_word' id='word_1_755' title='bbox 2280 3678 2471 3727; x_wconf 88' lang='lat' dir='ltr'><strong>creata</strong></span> <span class='ocrx_word' id='word_1_756' title='bbox 2515 3671 2674 3727; x_wconf 79' lang='lat' dir='ltr'><strong>sint?</strong></span> <span class='ocrx_word' id='word_1_757' title='bbox 2700 3672 2847 3739; x_wconf 63' lang='lat' dir='ltr'><strong>{cum</strong></span> <span class='ocrx_word' id='word_1_758' title='bbox 2882 3674 3031 3727; x_wconf 91' lang='lat' dir='ltr'><strong>Deus</strong></span> <span class='ocrx_word' id='word_1_759' title='bbox 3074 3671 3283 3727; x_wconf 86' lang='lat' dir='ltr'><strong>dixerit</strong></span> <span class='ocrx_word' id='word_1_760' title='bbox 3316 3688 3328 3726; x_wconf 90' lang='lat'><strong>:</strong></span> <span class='ocrx_word' id='word_1_761' title='bbox 3369 3693 3397 3722; x_wconf 85' lang='lat'><strong>«</strong></span> <span class='ocrx_word' id='word_1_762' title='bbox 3426 3669 3719 3727; x_wconf 82' lang='lat' dir='ltr'><strong>Ger&#39;minet</strong></span> 
     </span>
    </p>
   </div>
   <div class='ocr_carea' id='block_1_99' title="bbox 2017 3759 3714 3831">
    <p class='ocr_par' dir='ltr' id='par_1_99' title="bbox 2017 3759 3714 3831">
     <span class='ocr_line' id='line_1_99' title="bbox 2017 3759 3714 3831; baseline 0.001 -18"><span class='ocrx_word' id='word_1_763' title='bbox 2017 3765 2168 3814; x_wconf 87' lang='lat' dir='ltr'><strong>terra</strong></span> <span class='ocrx_word' id='word_1_764' title='bbox 2212 3760 2469 3818; x_wconf 90' lang='lat' dir='ltr'><strong>herbam.</strong></span> <span class='ocrx_word' id='word_1_765' title='bbox 2505 3780 2531 3811; x_wconf 75' lang='grc' dir='ltr'><strong>ιι</strong></span> <span class='ocrx_word' id='word_1_766' title='bbox 2577 3766 2684 3814; x_wconf 91' lang='lat' dir='ltr'><strong>etc.</strong></span> <span class='ocrx_word' id='word_1_767' title='bbox 2740 3759 2849 3813; x_wconf 92' lang='lat' dir='ltr'><strong>Sed</strong></span> <span class='ocrx_word' id='word_1_768' title='bbox 2892 3760 3109 3814; x_wconf 84' lang='lat' dir='ltr'><strong>fructus</strong></span> <span class='ocrx_word' id='word_1_769' title='bbox 3165 3759 3398 3814; x_wconf 88' lang='lat' dir='ltr'><strong>nomine</strong></span> <span class='ocrx_word' id='word_1_770' title='bbox 3450 3761 3714 3831; x_wconf 79' lang='lat' dir='ltr'><strong>quaedam</strong></span> 
     </span>
    </p>
   </div>
   <div class='ocr_carea' id='block_1_100' title="bbox 2017 3847 3715 3917">
    <p class='ocr_par' dir='ltr' id='par_1_100' title="bbox 2017 3847 3715 3917">
     <span class='ocr_line' id='line_1_100' title="bbox 2017 3847 3715 3917; baseline -0.001 -15"><span class='ocrx_word' id='word_1_771' title='bbox 2017 3848 2232 3902; x_wconf 88' lang='lat' dir='ltr'><strong>utilitas</strong></span> <span class='ocrx_word' id='word_1_772' title='bbox 2263 3849 2519 3917; x_wconf 88' lang='lat' dir='ltr'><strong>signatur</strong></span> <span class='ocrx_word' id='word_1_773' title='bbox 2552 3865 2563 3903; x_wconf 93' lang='lat'>:</span> <span class='ocrx_word' id='word_1_774' title='bbox 2599 3850 2794 3902; x_wconf 77' lang='lat' dir='ltr'><strong>multae</strong></span> <span class='ocrx_word' id='word_1_775' title='bbox 2834 3852 3025 3901; x_wconf 88' lang='lat' dir='ltr'><strong>autem</strong></span> <span class='ocrx_word' id='word_1_776' title='bbox 3057 3847 3336 3902; x_wconf 88' lang='lat' dir='ltr'><strong>utilitates</strong></span> <span class='ocrx_word' id='word_1_777' title='bbox 3365 3852 3496 3901; x_wconf 89' lang='lat' dir='ltr'><strong>sunt</strong></span> <span class='ocrx_word' id='word_1_778' title='bbox 3529 3849 3715 3903; x_wconf 87' lang='lat' dir='ltr'><strong>mani-</strong></span> 
     </span>
    </p>
   </div>
   <div class='ocr_carea' id='block_1_101' title="bbox 2016 3934 3711 4006">
    <p class='ocr_par' dir='ltr' id='par_1_101' title="bbox 2016 3934 3711 4006">
     <span class='ocr_line' id='line_1_101' title="bbox 2016 3934 3711 4006; baseline -0.001 -15"><span class='ocrx_word' id='word_1_779' title='bbox 2016 3936 2192 4000; x_wconf 66' lang='lat' dir='ltr'><strong>festas,</strong></span> <span class='ocrx_word' id='word_1_780' title='bbox 2232 3938 2319 3989; x_wconf 89' lang='lat' dir='ltr'><strong>vel</strong></span> <span class='ocrx_word' id='word_1_781' title='bbox 2352 3938 2604 4001; x_wconf 62' lang='lat' dir='ltr'><strong>occultas,</strong></span> <span class='ocrx_word' id='word_1_782' title='bbox 2641 3934 2899 3989; x_wconf 90' lang='lat' dir='ltr'><strong>omnium</strong></span> <span class='ocrx_word' id='word_1_783' title='bbox 2925 3950 3055 4006; x_wconf 79' lang='lat' dir='ltr'><strong>quae</strong></span> <span class='ocrx_word' id='word_1_784' title='bbox 3085 3939 3238 3989; x_wconf 87' lang='lat' dir='ltr'><strong>terra</strong></span> <span class='ocrx_word' id='word_1_785' title='bbox 3278 3935 3553 3989; x_wconf 89' lang='lat' dir='ltr'><strong>radicitus</strong></span> <span class='ocrx_word' id='word_1_786' title='bbox 3592 3937 3711 3991; x_wconf 87' lang='lat' dir='ltr'><strong>alit.</strong></span> 
     </span>
    </p>
   </div>
   <div class='ocr_carea' id='block_1_102' title="bbox 2022 4024 3708 4094">
    <p class='ocr_par' dir='ltr' id='par_1_102' title="bbox 2022 4024 3708 4094">
     <span class='ocr_line' id='line_1_102' title="bbox 2022 4024 3708 4094; baseline -0.001 -14"><span class='ocrx_word' id='word_1_787' title='bbox 2022 4027 2323 4080; x_wconf 88' lang='lat' dir='ltr'><strong>Possumus</strong></span> <span class='ocrx_word' id='word_1_788' title='bbox 2352 4030 2543 4079; x_wconf 88' lang='lat' dir='ltr'><strong>autem</strong></span> <span class='ocrx_word' id='word_1_789' title='bbox 2587 4024 2845 4078; x_wconf 89' lang='lat' dir='ltr'><strong>absolute</strong></span> <span class='ocrx_word' id='word_1_790' title='bbox 2894 4025 3244 4094; x_wconf 89' lang='lat' dir='ltr'><strong>respondere</strong></span> <span class='ocrx_word' id='word_1_791' title='bbox 3289 4025 3479 4094; x_wconf 89' lang='lat' dir='ltr'><strong>spinas</strong></span> <span class='ocrx_word' id='word_1_792' title='bbox 3520 4030 3576 4080; x_wconf 89' lang='lat' dir='ltr'><strong>et</strong></span> <span class='ocrx_word' id='word_1_793' title='bbox 3603 4026 3708 4079; x_wconf 88' lang='lat' dir='ltr'><strong>tri-</strong></span> 
     </span>
    </p>
   </div>
   <div class='ocr_carea' id='block_1_103' title="bbox 2020 4111 3716 4185">
    <p class='ocr_par' dir='ltr' id='par_1_103' title="bbox 2020 4111 3716 4185">
     <span class='ocr_line' id='line_1_103' title="bbox 2020 4111 3716 4185; baseline -0.001 -17"><span class='ocrx_word' id='word_1_794' title='bbox 2020 4114 2185 4168; x_wconf 90' lang='lat' dir='ltr'><strong>bulos</strong></span> <span class='ocrx_word' id='word_1_795' title='bbox 2214 4118 2338 4184; x_wconf 77' lang='lat' dir='ltr'><strong>post</strong></span> <span class='ocrx_word' id='word_1_796' title='bbox 2366 4119 2658 4185; x_wconf 88' lang='lat' dir='ltr'><strong>peccatum</strong></span> <span class='ocrx_word' id='word_1_797' title='bbox 2682 4118 2895 4166; x_wconf 90' lang='lat' dir='ltr'><strong>terram</strong></span> <span class='ocrx_word' id='word_1_798' title='bbox 2917 4111 3139 4166; x_wconf 89' lang='lat' dir='ltr'><strong>homini</strong></span> <span class='ocrx_word' id='word_1_799' title='bbox 3170 4112 3239 4165; x_wconf 88' lang='lat' dir='ltr'><strong>ad</strong></span> <span class='ocrx_word' id='word_1_800' title='bbox 3262 4111 3516 4167; x_wconf 88' lang='lat' dir='ltr'><strong>laborem</strong></span> <span class='ocrx_word' id='word_1_801' title='bbox 3538 4128 3716 4184; x_wconf 80' lang='lat' dir='ltr'><strong>pepe-</strong></span> 
     </span>
    </p>
   </div>
   <div class='ocr_carea' id='block_1_104' title="bbox 2018 4199 3715 4271">
    <p class='ocr_par' dir='ltr' id='par_1_104' title="bbox 2018 4199 3715 4271">
     <span class='ocr_line' id='line_1_104' title="bbox 2018 4199 3715 4271; baseline 0 -15"><span class='ocrx_word' id='word_1_802' title='bbox 2018 4202 2157 4256; x_wconf 90' lang='lat' dir='ltr'><strong>risse</strong></span> <span class='ocrx_word' id='word_1_803' title='bbox 2190 4219 2201 4256; x_wconf 90' lang='lat'><strong>:</strong></span> <span class='ocrx_word' id='word_1_804' title='bbox 2237 4217 2355 4255; x_wconf 90' lang='lat' dir='ltr'><strong>non</strong></span> <span class='ocrx_word' id='word_1_805' title='bbox 2386 4200 2535 4271; x_wconf 90' lang='lat' dir='ltr'><strong>quod</strong></span> <span class='ocrx_word' id='word_1_806' title='bbox 2564 4199 2698 4254; x_wconf 91' lang='lat' dir='ltr'><strong>alibi</strong></span> <span class='ocrx_word' id='word_1_807' title='bbox 2753 4204 2919 4255; x_wconf 87' lang='lat' dir='ltr'><strong>antea</strong></span> <span class='ocrx_word' id='word_1_808' title='bbox 2971 4204 3356 4268; x_wconf 89' lang='lat' dir='ltr'><strong>nascerentur,</strong></span> <span class='ocrx_word' id='word_1_809' title='bbox 3410 4204 3466 4253; x_wconf 87' lang='lat' dir='ltr'><strong>et</strong></span> <span class='ocrx_word' id='word_1_810' title='bbox 3494 4206 3623 4271; x_wconf 92' lang='lat' dir='ltr'><strong>post</strong></span> <span class='ocrx_word' id='word_1_811' title='bbox 3655 4202 3715 4255; x_wconf 89' lang='lat' dir='ltr'><strong>in</strong></span> 
     </span>
    </p>
   </div>
   <div class='ocr_carea' id='block_1_105' title="bbox 2019 4289 3711 4361">
    <p class='ocr_par' dir='ltr' id='par_1_105' title="bbox 2019 4289 3711 4361">
     <span class='ocr_line' id='line_1_105' title="bbox 2019 4289 3711 4361; baseline 0 -17"><span class='ocrx_word' id='word_1_812' title='bbox 2019 4290 2171 4361; x_wconf 88' lang='lat' dir='ltr'><strong>agris</strong></span> <span class='ocrx_word' id='word_1_813' title='bbox 2201 4306 2340 4361; x_wconf 85' lang='lat' dir='ltr'><strong>quos</strong></span> <span class='ocrx_word' id='word_1_814' title='bbox 2368 4290 2541 4343; x_wconf 87' lang='lat' dir='ltr'><strong>homo</strong></span> <span class='ocrx_word' id='word_1_815' title='bbox 2577 4289 2790 4343; x_wconf 89' lang='lat' dir='ltr'><strong>coleret</strong></span> <span class='ocrx_word' id='word_1_816' title='bbox 2821 4306 2833 4343; x_wconf 90' lang='lat'><strong>:</strong></span> <span class='ocrx_word' id='word_1_817' title='bbox 2864 4290 2959 4343; x_wconf 90' lang='lat' dir='ltr'><strong>sed</strong></span> <span class='ocrx_word' id='word_1_818' title='bbox 2991 4290 3151 4359; x_wconf 88' lang='lat' dir='ltr'><strong>prius</strong></span> <span class='ocrx_word' id='word_1_819' title='bbox 3195 4294 3253 4343; x_wconf 90' lang='lat' dir='ltr'><strong>et</strong></span> <span class='ocrx_word' id='word_1_820' title='bbox 3280 4293 3474 4360; x_wconf 89' lang='lat' dir='ltr'><strong>postea</strong></span> <span class='ocrx_word' id='word_1_821' title='bbox 3513 4290 3573 4343; x_wconf 94' lang='lat' dir='ltr'><strong>in</strong></span> <span class='ocrx_word' id='word_1_822' title='bbox 3604 4291 3711 4345; x_wconf 89' lang='lat' dir='ltr'><strong>eis-</strong></span> 
     </span>
    </p>
   </div>
   <div class='ocr_carea' id='block_1_106' title="bbox 2018 4376 3714 4448">
    <p class='ocr_par' dir='ltr' id='par_1_106' title="bbox 2018 4376 3714 4448">
     <span class='ocr_line' id='line_1_106' title="bbox 2018 4376 3714 4448; baseline 0 -16"><span class='ocrx_word' id='word_1_823' title='bbox 2018 4378 2147 4433; x_wconf 84' lang='lat' dir='ltr'><strong>dem</strong></span> <span class='ocrx_word' id='word_1_824' title='bbox 2189 4376 2345 4443; x_wconf 91' lang='lat' dir='ltr'><strong>locis,</strong></span> <span class='ocrx_word' id='word_1_825' title='bbox 2386 4376 2545 4447; x_wconf 89' lang='lat' dir='ltr'><strong>prius</strong></span> <span class='ocrx_word' id='word_1_826' title='bbox 2576 4382 2767 4431; x_wconf 83' lang='lat' dir='ltr'><strong>tamen</strong></span> <span class='ocrx_word' id='word_1_827' title='bbox 2808 4392 2926 4430; x_wconf 90' lang='lat' dir='ltr'><strong>non</strong></span> <span class='ocrx_word' id='word_1_828' title='bbox 2956 4376 3197 4446; x_wconf 90' lang='lat' dir='ltr'><strong>homini,</strong></span> <span class='ocrx_word' id='word_1_829' title='bbox 3241 4377 3338 4431; x_wconf 86' lang='lat' dir='ltr'><strong>sed</strong></span> <span class='ocrx_word' id='word_1_830' title='bbox 3374 4382 3518 4448; x_wconf 87' lang='lat' dir='ltr'><strong>post.</strong></span> <span class='ocrx_word' id='word_1_831' title='bbox 3556 4377 3714 4432; x_wconf 92' lang='lat' dir='ltr'><strong>Unde</strong></span> 
     </span>
    </p>
   </div>
   <div class='ocr_carea' id='block_1_107' title="bbox 2021 4464 3713 4537">
    <p class='ocr_par' dir='ltr' id='par_1_107' title="bbox 2021 4464 3713 4537">
     <span class='ocr_line' id='line_1_107' title="bbox 2021 4464 3713 4537; baseline 0.002 -20"><span class='ocrx_word' id='word_1_832' title='bbox 2021 4487 2049 4517; x_wconf 82' lang='lat'><strong>«</strong></span> <span class='ocrx_word' id='word_1_833' title='bbox 2087 4465 2269 4537; x_wconf 85' lang='lat' dir='ltr'><strong>pariet</strong></span> <span class='ocrx_word' id='word_1_834' title='bbox 2291 4465 2415 4531; x_wconf 89' lang='lat' dir='ltr'><strong>tibi,</strong></span> <span class='ocrx_word' id='word_1_835' title='bbox 2449 4486 2476 4514; x_wconf 90' lang='grc'><strong>››</strong></span> <span class='ocrx_word' id='word_1_836' title='bbox 2514 4465 2566 4520; x_wconf 90' lang='lat' dir='ltr'><strong>id</strong></span> <span class='ocrx_word' id='word_1_837' title='bbox 2597 4470 2701 4531; x_wconf 89' lang='lat' dir='ltr'><strong>est,</strong></span> <span class='ocrx_word' id='word_1_838' title='bbox 2736 4471 2798 4520; x_wconf 90' lang='lat' dir='ltr'><strong>ut</strong></span> <span class='ocrx_word' id='word_1_839' title='bbox 2827 4465 2928 4519; x_wconf 88' lang='lat' dir='ltr'><strong>tibi</strong></span> <span class='ocrx_word' id='word_1_840' title='bbox 2959 4464 3111 4518; x_wconf 89' lang='lat' dir='ltr'><strong>nasci</strong></span> <span class='ocrx_word' id='word_1_841' title='bbox 3146 4464 3423 4536; x_wconf 89' lang='lat' dir='ltr'><strong>incipiant</strong></span> <span class='ocrx_word' id='word_1_842' title='bbox 3452 4465 3521 4520; x_wconf 89' lang='lat' dir='ltr'><strong>ad</strong></span> <span class='ocrx_word' id='word_1_843' title='bbox 3553 4466 3713 4520; x_wconf 89' lang='lat' dir='ltr'><strong>labo-</strong></span> 
     </span>
    </p>
   </div>
   <div class='ocr_carea' id='block_1_108' title="bbox 2018 4553 3711 4626">
    <p class='ocr_par' dir='ltr' id='par_1_108' title="bbox 2018 4553 3711 4626">
     <span class='ocr_line' id='line_1_108' title="bbox 2018 4553 3711 4626; baseline -0.001 -17"><span class='ocrx_word' id='word_1_844' title='bbox 2018 4571 2163 4625; x_wconf 88' lang='lat' dir='ltr'><strong>rem,</strong></span> <span class='ocrx_word' id='word_1_845' title='bbox 2193 4571 2321 4626; x_wconf 80' lang='lat' dir='ltr'><strong>quae</strong></span> <span class='ocrx_word' id='word_1_846' title='bbox 2363 4554 2431 4608; x_wconf 89' lang='lat' dir='ltr'><strong>ad</strong></span> <span class='ocrx_word' id='word_1_847' title='bbox 2479 4559 2705 4624; x_wconf 89' lang='lat' dir='ltr'><strong>pastum</strong></span> <span class='ocrx_word' id='word_1_848' title='bbox 2745 4553 3148 4609; x_wconf 89' lang='lat' dir='ltr'><strong>tantummodo</strong></span> <span class='ocrx_word' id='word_1_849' title='bbox 3203 4554 3332 4609; x_wconf 89' lang='lat' dir='ltr'><strong>aliis</strong></span> <span class='ocrx_word' id='word_1_850' title='bbox 3362 4553 3711 4609; x_wconf 88' lang='lat' dir='ltr'><strong>animalibus</strong></span> 
     </span>
    </p>
   </div>
   <div class='ocr_carea' id='block_1_109' title="bbox 2017 4641 2571 4697">
    <p class='ocr_par' dir='ltr' id='par_1_109' title="bbox 2017 4641 2571 4697">
     <span class='ocr_line' id='line_1_109' title="bbox 2017 4641 2571 4697; baseline -0.004 0"><span class='ocrx_word' id='word_1_851' title='bbox 2017 4646 2146 4697; x_wconf 87' lang='lat' dir='ltr'><strong>ante</strong></span> <span class='ocrx_word' id='word_1_852' title='bbox 2177 4641 2571 4697; x_wconf 84' lang='lat' dir='ltr'><strong>nascebantur.</strong></span> 
     </span>
    </p>
   </div>
   <div class='ocr_carea' id='block_1_110' title="bbox 2093 4726 3714 4799">
    <p class='ocr_par' dir='ltr' id='par_1_110' title="bbox 2093 4726 3714 4799">
     <span class='ocr_line' id='line_1_110' title="bbox 2093 4726 3714 4799; baseline 0.003 -19"><span class='ocrx_word' id='word_1_853' title='bbox 2093 4752 2114 4780; x_wconf 73' lang='grc' dir='ltr'><strong>ι</strong></span> <span class='ocrx_word' id='word_1_854' title='bbox 2154 4730 2473 4785; x_wconf 86' lang='lat' dir='ltr'><strong>Facientem</strong></span> <span class='ocrx_word' id='word_1_855' title='bbox 2520 4746 2736 4786; x_wconf 86' lang='lat' dir='ltr'><strong>semen.</strong></span> <span class='ocrx_word' id='word_1_856' title='bbox 2782 4750 2810 4781; x_wconf 73' lang='grc' dir='ltr'><strong><em>ι)</em></strong></span> <span class='ocrx_word' id='word_1_857' title='bbox 2853 4731 3041 4799; x_wconf 73' lang='grc' dir='ltr'><strong>(ΒευΑ,</strong></span> <span class='ocrx_word' id='word_1_858' title='bbox 3088 4726 3251 4798; x_wconf 75' lang='lat' dir='ltr'><strong>ibid.)</strong></span> <span class='ocrx_word' id='word_1_859' title='bbox 3291 4728 3495 4784; x_wconf 91' lang='lat' dir='ltr'><strong>Omnia</strong></span> <span class='ocrx_word' id='word_1_860' title='bbox 3523 4734 3714 4785; x_wconf 87' lang='lat' dir='ltr'><strong>creata</strong></span> 
     </span>
    </p>
   </div>
   <div class='ocr_carea' id='block_1_111' title="bbox 2017 4817 3712 4890">
    <p class='ocr_par' dir='ltr' id='par_1_111' title="bbox 2017 4817 3712 4890">
     <span class='ocr_line' id='line_1_111' title="bbox 2017 4817 3712 4890; baseline -0.001 -17"><span class='ocrx_word' id='word_1_861' title='bbox 2017 4823 2149 4874; x_wconf 90' lang='lat' dir='ltr'><strong>sunt</strong></span> <span class='ocrx_word' id='word_1_862' title='bbox 2173 4819 2437 4889; x_wconf 82' lang='lat' dir='ltr'><strong>perfecta,</strong></span> <span class='ocrx_word' id='word_1_863' title='bbox 2476 4823 2532 4873; x_wconf 90' lang='lat' dir='ltr'><strong>et</strong></span> <span class='ocrx_word' id='word_1_864' title='bbox 2558 4820 2729 4873; x_wconf 88' lang='lat' dir='ltr'><strong>homo</strong></span> <span class='ocrx_word' id='word_1_865' title='bbox 2757 4818 3043 4890; x_wconf 81' lang='lat' dir='ltr'><strong>perfectus</strong></span> <span class='ocrx_word' id='word_1_866' title='bbox 3081 4820 3249 4871; x_wconf 69' lang='lat' dir='ltr'><strong>astate</strong></span> <span class='ocrx_word' id='word_1_867' title='bbox 3280 4819 3420 4882; x_wconf 85' lang='lat' dir='ltr'><strong>erat,</strong></span> <span class='ocrx_word' id='word_1_868' title='bbox 3449 4821 3507 4870; x_wconf 92' lang='lat' dir='ltr'><strong>et</strong></span> <span class='ocrx_word' id='word_1_869' title='bbox 3539 4817 3712 4871; x_wconf 86' lang='lat' dir='ltr'><strong>arbo-</strong></span> 
     </span>
    </p>
   </div>
   <div class='ocr_carea' id='block_1_112' title="bbox 2019 4902 3714 4976">
    <p class='ocr_par' dir='ltr' id='par_1_112' title="bbox 2019 4902 3714 4976">
     <span class='ocr_line' id='line_1_112' title="bbox 2019 4902 3714 4976; baseline -0.001 -14"><span class='ocrx_word' id='word_1_870' title='bbox 2019 4924 2107 4962; x_wconf 89' lang='lat' dir='ltr'><strong>res</strong></span> <span class='ocrx_word' id='word_1_871' title='bbox 2129 4923 2258 4961; x_wconf 89' lang='lat' dir='ltr'><strong>cum</strong></span> <span class='ocrx_word' id='word_1_872' title='bbox 2301 4907 2451 4961; x_wconf 82' lang='lat' dir='ltr'><strong>foliis</strong></span> <span class='ocrx_word' id='word_1_873' title='bbox 2483 4912 2540 4961; x_wconf 88' lang='lat' dir='ltr'><strong>et</strong></span> <span class='ocrx_word' id='word_1_874' title='bbox 2577 4907 2763 4961; x_wconf 81' lang='lat' dir='ltr'><strong>fructu</strong></span> <span class='ocrx_word' id='word_1_875' title='bbox 2794 4922 2806 4959; x_wconf 91' lang='lat'>:</span> <span class='ocrx_word' id='word_1_876' title='bbox 2847 4905 2996 4959; x_wconf 88' lang='lat' dir='ltr'><strong>unde</strong></span> <span class='ocrx_word' id='word_1_877' title='bbox 3040 4904 3249 4959; x_wconf 91' lang='lat' dir='ltr'><strong>dicitur</strong></span> <span class='ocrx_word' id='word_1_878' title='bbox 3277 4903 3385 4957; x_wconf 91' lang='lat' dir='ltr'><strong>hoc</strong></span> <span class='ocrx_word' id='word_1_879' title='bbox 3428 4923 3454 4952; x_wconf 75' lang='grc' dir='ltr'><strong><em>κ</em></strong></span> <span class='ocrx_word' id='word_1_880' title='bbox 3487 4902 3714 4976; x_wconf 88' lang='lat' dir='ltr'><strong>lignum</strong></span> 
     </span>
    </p>
   </div>
   <div class='ocr_carea' id='block_1_113' title="bbox 2017 4995 2451 5067">
    <p class='ocr_par' dir='ltr' id='par_1_113' title="bbox 2017 4995 2451 5067">
     <span class='ocr_line' id='line_1_113' title="bbox 2017 4995 2451 5067; baseline -0.009 -18"><span class='ocrx_word' id='word_1_881' title='bbox 2017 4995 2383 5067; x_wconf 89' lang='lat' dir='ltr'><strong>pomiferum.</strong></span> <span class='ocrx_word' id='word_1_882' title='bbox 2424 5014 2451 5045; x_wconf 73' lang='grc' dir='ltr'><strong><em>ι)</em></strong></span> 
     </span>
    </p>
   </div>
   <div class='ocr_carea' id='block_1_114' title="bbox 2091 5078 3710 5152">
    <p class='ocr_par' dir='ltr' id='par_1_114' title="bbox 2091 5078 3710 5152">
     <span class='ocr_line' id='line_1_114' title="bbox 2091 5078 3710 5152; baseline 0.001 -15"><span class='ocrx_word' id='word_1_883' title='bbox 2091 5086 2248 5150; x_wconf 70' lang='lat' dir='ltr'><strong>Vens,</strong></span> <span class='ocrx_word' id='word_1_884' title='bbox 2287 5087 2369 5139; x_wconf 80' lang='grc'><strong>12,</strong></span> <span class='ocrx_word' id='word_1_885' title='bbox 2424 5113 2492 5124; x_wconf 91' lang='grc'><strong><em>-</em></strong></span> <span class='ocrx_word' id='word_1_886' title='bbox 2545 5106 2565 5131; x_wconf 76' lang='grc' dir='ltr'><strong>ι</strong></span> <span class='ocrx_word' id='word_1_887' title='bbox 2607 5083 2671 5136; x_wconf 88' lang='lat' dir='ltr'><strong>Et</strong></span> <span class='ocrx_word' id='word_1_888' title='bbox 2727 5080 2970 5152; x_wconf 84' lang='lat' dir='ltr'><strong>protulit</strong></span> <span class='ocrx_word' id='word_1_889' title='bbox 3023 5082 3171 5133; x_wconf 88' lang='lat' dir='ltr'><strong>terra</strong></span> <span class='ocrx_word' id='word_1_890' title='bbox 3215 5078 3475 5148; x_wconf 86' lang='lat' dir='ltr'><strong>herbam,</strong></span> <span class='ocrx_word' id='word_1_891' title='bbox 3524 5102 3546 5132; x_wconf 77' lang='grc' dir='ltr'><strong>ι</strong></span> <span class='ocrx_word' id='word_1_892' title='bbox 3601 5087 3710 5138; x_wconf 90' lang='lat' dir='ltr'><strong>etc.</strong></span> 
     </span>
    </p>
   </div>
   <div class='ocr_carea' id='block_1_115' title="bbox 2019 5167 3715 5240">
    <p class='ocr_par' dir='ltr' id='par_1_115' title="bbox 2019 5167 3715 5240">
     <span class='ocr_line' id='line_1_115' title="bbox 2019 5167 3715 5240; baseline -0.001 -14"><span class='ocrx_word' id='word_1_893' title='bbox 2019 5173 2236 5240; x_wconf 55' lang='lat' dir='ltr'><strong>(Quae,</strong></span> <span class='ocrx_word' id='word_1_894' title='bbox 2290 5173 2325 5225; x_wconf 93' lang='grc' dir='ltr'><strong>Ι.</strong></span> <span class='ocrx_word' id='word_1_895' title='bbox 2384 5187 2474 5225; x_wconf 71' lang='grc' dir='ltr'><strong>χιχ</strong></span> <span class='ocrx_word' id='word_1_896' title='bbox 2522 5170 2736 5236; x_wconf 77' lang='lat' dir='ltr'><strong>Moral.,</strong></span> <span class='ocrx_word' id='word_1_897' title='bbox 2794 5184 2841 5222; x_wconf 92' lang='lat' dir='ltr'><strong>c.</strong></span> <span class='ocrx_word' id='word_1_898' title='bbox 2894 5171 2998 5234; x_wconf 80' lang='lat' dir='ltr'><strong>t2,</strong></span> <span class='ocrx_word' id='word_1_899' title='bbox 3042 5167 3080 5222; x_wconf 91' lang='lat'><strong>1.</strong></span> <span class='ocrx_word' id='word_1_900' title='bbox 3121 5183 3196 5232; x_wconf 80' lang='lat' dir='ltr'><strong>v1,</strong></span> <span class='ocrx_word' id='word_1_901' title='bbox 3244 5184 3294 5224; x_wconf 93' lang='lat' dir='ltr'><strong>c.</strong></span> <span class='ocrx_word' id='word_1_902' title='bbox 3355 5172 3438 5237; x_wconf 79' lang='grc'><strong>16,</strong></span> <span class='ocrx_word' id='word_1_903' title='bbox 3473 5174 3596 5224; x_wconf 91' lang='lat' dir='ltr'><strong>tom</strong></span> <span class='ocrx_word' id='word_1_904' title='bbox 3646 5172 3715 5239; x_wconf 87' lang='grc' dir='ltr'><strong>Ι.)</strong></span> 
     </span>
    </p>
   </div>
   <div class='ocr_carea' id='block_1_116' title="bbox 2017 5256 3715 5325">
    <p class='ocr_par' dir='ltr' id='par_1_116' title="bbox 2017 5256 3715 5325">
     <span class='ocr_line' id='line_1_116' title="bbox 2017 5256 3715 5325; baseline 0 -11"><span class='ocrx_word' id='word_1_905' title='bbox 2017 5260 2178 5325; x_wconf 83' lang='lat' dir='ltr'><strong>Quod</strong></span> <span class='ocrx_word' id='word_1_906' title='bbox 2218 5264 2455 5314; x_wconf 89' lang='lat' dir='ltr'><strong>testatur</strong></span> <span class='ocrx_word' id='word_1_907' title='bbox 2485 5257 2742 5322; x_wconf 87' lang='lat' dir='ltr'><strong>historia,</strong></span> <span class='ocrx_word' id='word_1_908' title='bbox 2790 5256 2867 5311; x_wconf 91' lang='lat' dir='ltr'><strong>sic</strong></span> <span class='ocrx_word' id='word_1_909' title='bbox 2914 5262 3001 5310; x_wconf 90' lang='lat' dir='ltr'><strong>est</strong></span> <span class='ocrx_word' id='word_1_910' title='bbox 3044 5256 3318 5311; x_wconf 88' lang='lat' dir='ltr'><strong>veraciter</strong></span> <span class='ocrx_word' id='word_1_911' title='bbox 3360 5257 3597 5323; x_wconf 84' lang='lat' dir='ltr'><strong>factum,</strong></span> <span class='ocrx_word' id='word_1_912' title='bbox 3653 5266 3715 5314; x_wconf 90' lang='lat' dir='ltr'><strong>ut</strong></span> 
     </span>
    </p>
   </div>
   <div class='ocr_carea' id='block_1_117' title="bbox 2018 5344 3715 5419">
    <p class='ocr_par' dir='ltr' id='par_1_117' title="bbox 2018 5344 3715 5419">
     <span class='ocr_line' id='line_1_117' title="bbox 2018 5344 3715 5419; baseline -0.001 -16"><span class='ocrx_word' id='word_1_913' title='bbox 2018 5347 2369 5419; x_wconf 89' lang='lat' dir='ltr'><strong>signiﬁcaret</strong></span> <span class='ocrx_word' id='word_1_914' title='bbox 2405 5346 2564 5400; x_wconf 92' lang='lat' dir='ltr'><strong>aliud</strong></span> <span class='ocrx_word' id='word_1_915' title='bbox 2620 5345 2963 5400; x_wconf 83' lang='lat' dir='ltr'><strong>faciendum.</strong></span> <span class='ocrx_word' id='word_1_916' title='bbox 3012 5346 3185 5400; x_wconf 87' lang='lat' dir='ltr'><strong>Terra</strong></span> <span class='ocrx_word' id='word_1_917' title='bbox 3214 5344 3369 5399; x_wconf 91' lang='lat' dir='ltr'><strong>enim</strong></span> <span class='ocrx_word' id='word_1_918' title='bbox 3401 5350 3487 5400; x_wconf 88' lang='lat' dir='ltr'><strong>est</strong></span> <span class='ocrx_word' id='word_1_919' title='bbox 3538 5348 3715 5401; x_wconf 64' lang='lat' dir='ltr'><strong>Eccleo</strong></span> 
     </span>
    </p>
   </div>
   <div class='ocr_carea' id='block_1_118' title="bbox 2019 5433 3715 5508">
    <p class='ocr_par' dir='ltr' id='par_1_118' title="bbox 2019 5433 3715 5508">
     <span class='ocr_line' id='line_1_118' title="bbox 2019 5433 3715 5508; baseline 0.001 -18"><span class='ocrx_word' id='word_1_920' title='bbox 2019 5437 2119 5505; x_wconf 87' lang='lat' dir='ltr'><strong>sia,</strong></span> <span class='ocrx_word' id='word_1_921' title='bbox 2154 5452 2283 5508; x_wconf 77' lang='lat' dir='ltr'><strong>quce</strong></span> <span class='ocrx_word' id='word_1_922' title='bbox 2318 5434 2471 5488; x_wconf 90' lang='lat' dir='ltr'><strong>verbi</strong></span> <span class='ocrx_word' id='word_1_923' title='bbox 2513 5433 2726 5507; x_wconf 90' lang='lat' dir='ltr'><strong>pabulo</strong></span> <span class='ocrx_word' id='word_1_924' title='bbox 2765 5450 2871 5489; x_wconf 92' lang='lat' dir='ltr'><strong>nos</strong></span> <span class='ocrx_word' id='word_1_925' title='bbox 2901 5433 3103 5501; x_wconf 88' lang='lat' dir='ltr'><strong>reﬁcit,</strong></span> <span class='ocrx_word' id='word_1_926' title='bbox 3136 5438 3192 5488; x_wconf 87' lang='lat' dir='ltr'><strong>et</strong></span> <span class='ocrx_word' id='word_1_927' title='bbox 3244 5434 3551 5504; x_wconf 88' lang='lat' dir='ltr'><strong>patrocinii</strong></span> <span class='ocrx_word' id='word_1_928' title='bbox 3579 5451 3715 5491; x_wconf 78' lang='lat' dir='ltr'><strong>um-</strong></span> 
     </span>
    </p>
   </div>
   <div class='ocr_carea' id='block_1_119' title="bbox 2018 5522 3717 5598">
    <p class='ocr_par' dir='ltr' id='par_1_119' title="bbox 2018 5522 3717 5598">
     <span class='ocr_line' id='line_1_119' title="bbox 2018 5522 3717 5598; baseline 0.001 -17"><span class='ocrx_word' id='word_1_929' title='bbox 2018 5524 2250 5582; x_wconf 81' lang='lat' dir='ltr'><strong>bracqu</strong></span> <span class='ocrx_word' id='word_1_930' title='bbox 2294 5523 2541 5579; x_wconf 76' lang='lat' dir='ltr'><strong>custodit</strong></span> <span class='ocrx_word' id='word_1_931' title='bbox 2577 5540 2589 5579; x_wconf 89' lang='lat'><strong>:</strong></span> <span class='ocrx_word' id='word_1_932' title='bbox 2624 5522 2912 5598; x_wconf 91' lang='lat' dir='ltr'><strong>loquendo</strong></span> <span class='ocrx_word' id='word_1_933' title='bbox 2959 5523 3161 5597; x_wconf 83' lang='lat' dir='ltr'><strong>pascit,</strong></span> <span class='ocrx_word' id='word_1_934' title='bbox 3210 5522 3548 5596; x_wconf 80' lang='lat' dir='ltr'><strong>opitulando</strong></span> <span class='ocrx_word' id='word_1_935' title='bbox 3586 5540 3717 5598; x_wconf 87' lang='lat' dir='ltr'><strong>pro-</strong></span> 
     </span>
    </p>
   </div>
  </div>
