4086 6190
341 275 410 327 75
970 270 1359 326 WALAFRIDI
1398 272 1644 328 STBABI
1686 272 1881 328 FULI).
1927 271 2087 326 MON.
2134 271 2286 326 OPI’.
2333 270 2518 324 PARS»
2552 270 2594 325 ι.
2635 298 2703 308 -—-
2742 268 3205 326 THEOLOGICA.
3779 275 3846 325 76

345 394 520 464 tegit;
583 400 647 448 ut
694 409 809 448 non
857 393 1041 447 solum
1085 392 1321 447 herbam
1379 393 1700 448 refectionis
1757 394 2026 464 proferat,
2062 395 2110 449 A
2148 409 2322 464 quam
2349 393 2536 447 sidera
2563 393 2784 458 tierent,
2815 394 2954 447 ordo
2984 398 3310 464 temporum
3345 394 3518 448 nullis
3545 396 3852 450 notabatur

345 484 440 537 sed
469 483 639 536 etiam
687 483 950 536 arborem
999 481 1384 551 protectionis.
1416 510 1489 523 -
1535 502 1561 533 (ι
1599 483 1974 552 Lignumque.
2011 502 2038 532 ι)

349 570 594 640 Lignum
641 571 956 625 secundum
1006 570 1253 639 speciem
1308 585 1468 623 suam
1511 585 1705 624 semen
1751 570 2039 640 produxit,

346 673 474 712 cum
507 675 666 712 mens
712 663 907 712 nostra
936 673 998 711 ex
1046 659 1132 712 sui
1175 658 1629 712 consideratione
1679 659 1833 729 quod
1870 659 1930 712 in
1962 660 2040 712 al-

347 751 534 802 terum
575 748 743 802 faciat
793 746 1030 816 colligit,
1087 749 1141 800 et
1197 749 1333 800 recti
1384 746 1576 816 operis
1607 761 1840 814 germen
1871 748 2040 817 parit.

349 834 488 889 Hinc
511 836 742 906 quidam
775 835 1002 906 sapiens
1033 833 1109 886 ait
1151 849 1162 886 :
1208 853 1232 882 «
1277 833 1436 896 Quod
1475 834 1574 886 tibi
1624 851 1741 888 non
1791 834 1872 887 vis
1900 835 2042 899 ﬁeri,

347 922 446 976 alii
477 940 595 978 non
631 923 833 978 feceris
875 922 1030 993 (Tob.
1079 921 1166 988 iv).
1212 942 1231 967 υ
1291 923 1352 974 Et
1389 921 1526 975 alibi
1569 937 1582 974 :
1621 941 1648 971 ι(
1683 923 2046 992 Quaecunque

356 1011 526 1065 vultis
582 1017 640 1066 ut
683 1011 893 1065 faciant
935 1009 1092 1063 vobis
1141 1008 1422 1069 homines,
1474 1013 1529 1062 et
1557 1025 1655 1062 vos
1690 1010 1886 1063 eadem
1935 1009 2049 1062 illis

351 1099 515 1153 facite
566 1100 758 1168 (Matth
825 1098 939 1166 vn).
1003 1118 1022 1143 ιι
1080 1096 1246 1160 Quasi
1298 1095 1548 1166 speciem
1579 1103 1820 1150 vestram
1876 1098 2047 1149 alter-

351 1193 539 1240 utrum
590 1185 870 1257 respicite,
895 1190 953 1238 et
983 1201 1047 1238 ex
1089 1184 1512 1254 vobismetipsis
1549 1185 1868 1254 cognoscite
1910 1185 2047 1256 quid

351 1278 610 1342 oporteat
643 1289 738 1325 vos
768 1272 894 1324 aliis
922 1271 1209 1324 exhibere.

418 1360 765 1415 Sementem.
826 1379 853 1412 ››
908 1361 1142 1429 (Susa,
1220 1359 1375 1425 RABI)
1439 1359 1741 1426 Sementis,
1821 1360 2048 1430 frugum

353 1456 407 1502 et
436 1450 745 1514 arborum;
780 1465 995 1508 semen.
1028 1448 1350 1513 hominum,
1384 1453 1440 1501 et
1469 1449 1843 1506 animalium.
1875 1451 2052 1504 Semi-

351 1536 512 1592 nium
556 1537 640 1590 vel
700 1542 1047 1601 sementum,
1083 1537 1359 1606 cujusque
1391 1536 1473 1588 rei
1506 1535 1824 1591 exordium.
1859 1538 2048 1590 Tertio

355 1625 470 1693 die,
512 1641 626 1696 quo
667 1631 918 1679 mentem
950 1640 1108 1677 suam
1159 1624 1229 1678 ad
1279 1625 1548 1678 serendos
1589 1624 1869 1678 bonorum
1913 1640 2048 1693 ope-

353 1729 478 1767 rum
513 1713 726 1767 fructus
759 1717 1045 1783 praeparat
1085 1713 1257 1766 homo
1291 1729 1303 1766 :
1345 1719 1603 1782 separata
1641 1713 1784 1773 labe,
1818 1728 1882 1766 ac
1935 1713 2045 1764 llu-

352 1802 534 1855 ctibus
565 1802 879 1855 carnalium
906 1800 1310 1869 tentationum,
1333 1806 1604 1871 tanquam
1631 1801 1847 1854 aridam
1877 1801 2048 1854 habet

355 1897 566 1944 terram
624 1888 1036 1943 tentationibus
1090 1889 1386 1958 separatis,
1447 1897 1508 1943 ut
1576 1890 1761 1944 dicere
1821 1889 2046 1960 possit:

357 1999 378 2025 ι
415 1979 599 2033 Mente
633 1977 814 2031 servio
846 1977 955 2046 legi
993 1977 1109 2042 Dei,
1155 1997 1181 2026 »
1216 1984 1321 2030 etc.
1361 1977 1519 2046 (Rom
1577 1981 1692 2042 vn).
2016 2047 2020 2050 ι

426 2067 586 2120 Vens.
637 2069 717 2119 l3.
761 2095 829 2105 —
878 2085 904 2115 ς(
955 2066 1017 2117 Et
1068 2065 1276 2118 factum
1309 2071 1395 2118 est
1423 2081 1654 2135 vespere
1701 2070 1757 2120 et
1806 2083 1987 2121 mane.
2025 2092 2043 2114 η

357 2155 503 2222 (lsm.
555 2155 612 2206 in
670 2154 821 2218 Gen,
877 2156 1013 2205 tom.
1069 2152 1128 2218 V,
1181 2151 1288 2205 col.
1325 2153 1472 2218 207.)
1524 2154 1683 2207 Mane
1733 2153 1886 2207 tertii
1937 2154 2052 2208 diei

354 2242 554 2311 incipit
581 2240 651 2294 ab
691 2240 996 2306 Abraham,
1037 2245 1169 2306 etc.,
1217 2255 1384 2308 usque
1423 2241 1499 2294 ad
1540 2241 1784 2311 Vespera
1824 2243 1880 2294 in
1923 2259 2051 2313 pec-

353 2329 489 2382 catis
521 2329 719 2399 populi
751 2328 956 2398 quibus
989 2328 1190 2382 divina
1239 2328 1505 2383 mandata
1549 2331 1922 2400 praeteribant
1953 2348 2050 2385 us-

355 2433 466 2488 que
492 2418 560 2471 ad
583 2416 764 2471 Saulis
796 2416 1091 2470 malitiam.

432 2507 606 2572 (1510.,
645 2504 809 2573 ibid.)
855 2505 954 2558 Die
984 2504 1154 2558 tertia
1203 2505 1570 2575 congregavit
1612 2522 1790 2576 aquas
1820 2506 2052 2560 inferio-

351 2611 445 2648 res
484 2599 538 2647 et
587 2593 783 2657 salsas,
818 2591 1074 2645 inﬁdeles
1105 2592 1318 2646 scilicet
1363 2594 1952 2664 concupiscentiarum
1998 2602 2054 2651 et

358 2683 735 2736 tentationum
769 2679 1034 2735 ﬂuctibus
1072 2697 1191 2734 sese
1241 2681 1600 2750 quatientes:
1635 2689 1692 2736 et
1738 2686 2055 2754 segregavit

358 2771 428 2825 ab
458 2771 539 2824 eis
569 2769 807 2837 aridam,
841 2769 897 2824 id
934 2774 1038 2836 est,
1097 2769 1293 2824 ﬁdeles
1339 2770 1556 2825 fontem
1589 2771 1720 2826 fidei
1778 2773 2049 2829 sitientes.

357 2859 619 2914 Inﬁdeles
670 2874 804 2912 vero
836 2858 1107 2926 coercuit,
1140 2874 1210 2912 ne
1267 2858 1585 2928 iniquitatis
1643 2875 1759 2912 sum
1790 2859 2055 2914 ﬂuctibus

2151 481 2398 548 indiciis,
2426 482 2511 536 vel
2555 481 2872 535 meridiana
2902 482 3059 547 hora,
3093 482 3179 536 vel
3222 482 3492 553 quaelibet
3522 483 3651 536 alia.
3703 483 3851 538 Sunt

2152 586 2288 640 ergo
2325 570 2628 624 luminaria
2659 589 2686 620 α
2717 568 2777 622 in
2823 570 3008 638 signa,
3045 589 3071 620 ι)
3114 575 3260 635 etc.;
3303 586 3417 624 non
3455 570 3609 641 quod
3636 586 3670 624 a
3713 589 3850 626 con-

2153 659 2369 711 ditione
2417 658 2623 711 horum
2668 662 2928 728 tempora
2965 658 3262 728 coeperint,
3297 659 3383 713 vel
3414 659 3536 713 dies
3565 660 3653 714 vel
3679 661 3848 727 anui;

2153 747 2244 800 sed
2279 746 2414 817 quia
2442 761 2546 816 per
2572 751 2730 800 ortus
2759 762 2978 812 eorum,
3020 750 3104 800 vel
3161 747 3452 808 transitus,
3497 753 3850 819 temporum,

2153 835 2376 889 dierum
2406 850 2805 906 annorumque
2837 835 3102 906 signatur
3131 835 3290 890 ordo.
3843 832 3845 834 ’

2226 926 2367 977 Vens
2427 927 2510 977 lii.
2565 953 2633 963 —
2692 944 2718 974 α
2766 924 2833 976 Ut
2890 924 3132 989 luceant,
3190 944 3217 974 η
3272 929 3375 978 etc.
3426 925 3626 995 (Bson,
3684 926 3853 994 ibid)

2155 1011 2394 1081 Semper
2421 1010 2727 1065 luminaria
2766 1012 2825 1064 in
2858 1011 3222 1064 ﬁrmamento
3256 1011 3464 1075 lucent,
3502 1013 3599 1066 sed
3633 1028 3852 1084 oppor-

2155 1101 2309 1154 tunis
2339 1099 2698 1170 temporibus
2718 1104 2930 1152 terram
2964 1098 3313 1153 illuminant.
3347 1099 3667 1170 Aliquoties
3698 1100 3855 1155 enim

2157 1187 2464 1241 nebulosus
2496 1202 2592 1238 aer
2620 1184 2842 1238 obsistit
2872 1201 2887 1239 :
2915 1190 3073 1238 ortus
3093 1185 3263 1239 etiam
3295 1187 3378 1240 sol
3402 1188 3606 1258 majori
3637 1188 3857 1242 lumine.

2159 1276 2355 1329 lunam
2389 1275 2692 1344 stellasque
2714 1289 2784 1327 ne
2804 1279 3012 1327 terram
3037 1274 3384 1339 illuminent,
3407 1275 3668 1345 impedit.
3698 1277 3859 1331 Unde

2161 1363 2239 1416 sic
2267 1369 2516 1426 voratur,
2551 1363 2687 1432 quia
2716 1361 2866 1415 solus
2895 1361 3124 1415 obstusa
3165 1362 3322 1431 luna,
3359 1363 3652 1434 stellisque
3682 1369 3858 1418 caste-

2161 1452 2260 1516 ris,
2293 1467 2394 1520 per
2423 1451 2575 1504 diem
2609 1451 2825 1520 fulgeat
2853 1449 3038 1504 terris.

2234 1541 2393 1592 Vens.
2434 1541 2509 1592 t6.
2552 1569 2612 1578 —
2654 1559 2680 1588 (ι
2723 1538 2870 1591 Fecit
2904 1539 3048 1592 Deus
3078 1537 3192 1592 duo
3234 1537 3616 1594 luminaria.»
3660 1541 3860 1610 (Bson,

2162 1628 2322 1699 ibid.)
2365 1627 2686 1680 Luminaria
2723 1643 2930 1696 magna
2959 1641 3263 1696 possumus
3291 1627 3568 1698 accipere,
3601 1644 3717 1682 non
3744 1635 3863 1686 tam

2163 1715 2403 1770 aliorum
2453 1715 2880 1785 comparatione
2911 1730 3082 1786 quam
3112 1731 3216 1785 per
3245 1731 3303 1768 se
3330 1731 3345 1781 ;
3377 1721 3441 1768 ut
3468 1717 3674 1770 coelum
3715 1716 3860 1770 dici-

2159 1809 2255 1858 tur
2280 1819 2576 1874 magnum,
2621 1810 2675 1856 et
2721 1819 2994 1873 magnum
3046 1818 3247 1873 mare,
3273 1803 3367 1858 Sol
3411 1804 3567 1858 enim
3612 1820 3859 1875 magnus

2159 1892 2388 1960 dicitur,
2423 1892 2556 1962 quia
2586 1893 2837 1958 complet
2865 1893 3064 1946 orbem
3098 1897 3265 1946 terra:
3297 1908 3399 1946 suo
3437 1893 3626 1948 calore
3661 1910 3674 1948 :
3709 1895 3861 1948 sicut

2164 1982 2296 2035 luna
2321 1997 2423 2034 suo
2457 1981 2694 2046 lumine,
2726 1996 2854 2050 quas
2894 1980 2952 2034 in
2983 1996 3345 2052 quacumque
3377 1986 3538 2052 parte
3577 1983 3703 2036 cceli
3731 1982 3858 2036 fue-

2161 2070 2293 2133 rint,
2329 2074 2506 2123 totam
2547 2075 2758 2122 terram
2790 2069 3136 2136 illuminant,
3170 2073 3227 2123 et
3258 2085 3290 2122 a
3319 2070 3539 2123 cunctis
3568 2069 3858 2126 videntur.

2164 2157 2569 2228 Magnitudinis
2590 2172 2790 2211 eorum
2823 2173 3096 2227 maguum
3129 2161 3212 2211 est
3241 2161 3669 2228 argumentum,
3702 2159 3858 2229 quod

2162 2245 2431 2301 omnibus
2462 2244 2792 2298 hominibus
2826 2244 2974 2298 idem
3003 2244 3157 2298 orbis
3187 2260 3386 2298 eorum
3421 2245 3644 2299 videtur
3675 2261 3688 2299 :
3721 2261 3858 2300 nam

2162 2334 2210 2388 si
2239 2334 2424 2403 longe
2469 2333 2670 2403 positis
2717 2334 2907 2387 minor
2953 2337 3009 2388 et
3045 2349 3226 2404 prope
3265 2335 3470 2404 major,
3531 2333 3859 2402 exiguitatis

2163 2421 2433 2476 indicium
2465 2426 2631 2476 esset.

2235 2530 2261 2558 «ί
2298 2510 2600 2564 Luminare
2630 2510 2830 2580 majus,
2867 2533 2894 2558 ››
2932 2516 3036 2564 etc.
3076 2511 3267 2580 (BEDA,
3301 2510 3460 2580 ibid.)
3493 2511 3704 2579 Solem,
3739 2512 3857 2566 sci-

2163 2599 2294 2654 licet
2324 2615 2440 2652 non
2484 2601 2668 2652 solum
2700 2599 2954 2670 corporis
3001 2599 3204 2664 forma,
3247 2600 3343 2653 sed
3374 2600 3607 2653 luminis
3634 2603 3862 2670 magni-

2165 2687 2386 2752 tudine,
2443 2687 2577 2758 quia
2633 2688 2916 2742 luminare
2973 2687 3164 2741 minus
3217 2692 3273 2741 et
3342 2689 3532 2742 stellas
3590 2689 3855 2743 illustrat.

2165 2776 2339 2846 Major
2367 2782 2452 2829 est
2498 2776 2668 2829 etiam
2701 2762 2758 2829 in
2793 2777 3000 2842 calore,
3062 2776 3197 2846 quia
3243 2777 3527 2831 mundum
3579 2778 3856 2846 calefacit,

2162 2877 2292 2915 cum
2319 2860 2623 2930 praeteritis
2654 2867 2784 2913 ante
2824 2861 2946 2930 ejus
2975 2861 3325 2915 creationem
3356 2861 3557 2915 diebus
3587 2862 3730 2916 nihil
3759 2880 3856 2918 ca-

358 2948 593 3012 aridam,
639 2946 693 3000 id
726 2951 812 3000 est
842 2946 1094 3000 animam
1136 2945 1424 2999 sitientem
1453 2947 1651 3011 Deum,
1685 2946 2044 3013 conturbent,
2085 2968 2123 3023 ε
2164 2949 2296 3004 l0ris
2326 2949 2636 3004 habuisset.
2682 2949 2838 3013 Quod
2889 2955 3084 3004 autem
3130 2950 3365 3021 aqualis
3407 2951 3692 3022 uniusque
3727 2969 3856 3006 ma-

357 3035 457 3089 sed
487 3035 652 3088 liceat
681 3033 734 3088 ei
763 3033 1089 3103 germinare
1123 3033 1339 3088 fructus
1388 3034 1668 3090 bonorum
1701 3053 1962 3107 operum,
1997 3042 2053 3090 et

357 3123 596 3192 diligere
627 3122 978 3192 proximum,
1004 3126 1065 3175 ut
1094 3122 1299 3176 habeat
1332 3123 1388 3176 in
1420 3140 1477 3178 se
1508 3141 1702 3179 semen
1736 3127 2049 3180 secundum

359 3209 793 3264 similitudinem
842 3226 1041 3276 suam;
1094 3215 1156 3264 ut
1201 3211 1410 3265 scilicet
1456 3228 1523 3265 ex
1564 3230 1666 3266 sua
1718 3214 2050 3269 inﬁrmitate

359 3297 740 3369 compatiatur
785 3299 882 3352 alii
914 3298 1218 3368 indigenti,
1261 3304 1318 3352 et
1357 3301 1629 3370 producat
1659 3302 1879 3371 lignum
1909 3302 2050 3357 forte

360 3386 734 3453 t‘ructiferum,
769 3385 824 3440 id
856 3391 959 3453 est,
995 3385 1332 3453 beneﬁcum,
1366 3386 1664 3458 eripiendo
1691 3405 2048 3460 oppressum,

359 3480 413 3528 et
445 3473 752 3545 prmbendo
780 3473 833 3527 ei
864 3473 1230 3543 protectionis
1259 3475 1696 3531 umbraculum..

431 3565 596 3616 Vens.
643 3563 724 3616 14.
776 3590 848 3603 -
904 3583 924 3609 ι
993 3562 1140 3616 Dixit
1190 3566 1379 3617 autem
1429 3564 1575 3618 Deus
1608 3570 1636 3618 ':
1678 3566 1838 3620 Fiant
1886 3567 2052 3621 lumi-

358 3673 386 3704 (ι
427 3653 608 3714 naria,
645 3670 670 3701 ››
704 3655 806 3704 etc.
834 3651 1022 3721 (306.,
1055 3651 1120 3705 de
1141 3655 1265 3706 Gen.
1293 3653 1366 3705 ad
1387 3653 1519 3718 litt,
1548 3653 1646 3708 lib.
1674 3672 1730 3720 ιι,
1755 3671 1803 3710 c.
1827 3658 1909 3722 l3,
1938 3657 2049 3726 14.)

355 3739 497 3804 Quia
525 3737 730 3791 \‘isibili
763 3738 976 3791 mundo
1028 3739 1428 3793 constituendo
1478 3740 1590 3793 duo
1636 3741 1755 3795 dies
1803 3749 1938 3797 sunt
1966 3749 2049 3797 at-

355 3827 572 3893 tributi,
603 3843 884 3897 snprema:
917 3826 1129 3880 scilicet
1157 3833 1213 3880 et
1245 3827 1488 3882 infirmae
1519 3831 1666 3899 parti
1699 3831 1897 3884 mundi
1928 3847 1942 3885 :
1969 3832 2048 3885 vi-

353 3917 632 3980 siliilibus,
685 3922 742 3970 et
799 3915 1111 3969 mobilibus
1168 3916 1367 3970 mundi
1416 3917 1692 3987 partibus,
1741 3935 1869 3990 quae
1901 3920 2050 3973 intra

355 4005 629 4059 mundum
688 4011 972 4071 creantur,
1031 4011 1144 4057 tres
1176 4004 1383 4076 reliqui
1428 4005 1684 4076 deputati
1732 4013 1882 4072 sunt,
1916 4015 2002 4062 etc
2033 4049 2047 4074 ,

353 4110 518 4164 usque
549 4094 624 4146 ait
668 4093 724 4146 in
777 4092 1227 4160 inchoationem,
1277 4110 1373 4146 seu
1427 4095 1812 4166 principatum
1845 4097 2044 4159 noctis,

352 4183 503 4253 quod
537 4183 598 4236 ﬁt
629 4198 758 4235 cum
791 4182 962 4251 plena
995 4186 1098 4234 est.

429 4273 491 4325 Et
541 4271 796 4324 dividant
846 4269 1016 4322 diem.
1072 4289 1100 4319 ιι
1133 4270 1323 4338 (ΒεοΑ,
1375 4274 1435 4325 in
1496 4274 1773 4343 Hewaem.)
1821 4275 1893 4327 Ea
1934 4273 2046 4328 sci-
2080 4251 2118 4304 θ

354 4359 484 4413 licet
511 4357 807 4422 divisione,
841 4363 906 4410 ut
943 4358 1028 4410 sol
1081 4358 1254 4422 diem,
1288 4359 1422 4412 luna
1454 4365 1679 4414 noctem
1729 4362 2038 4418 illuminet.

357 4448 470 4501 Hoc
497 4446 652 4501 enim
685 4445 845 4499 factis
892 4445 1175 4499 sideribus
1219 4447 1290 4500 ad
1335 4457 1710 4517 augmentum
1756 4450 2044 4520 primariae

349 4537 488 4592 lucis
519 4535 770 4599 accessit,
813 4533 1077 4588 utetiam
1113 4550 1220 4588 nox
1267 4536 1525 4605 prodiret
1556 4537 1859 4604 luminosa,
1894 4541 2044 4594 lunas

348 4627 435 4680 vel
470 4626 762 4678 stellarum
797 4622 1099 4693 splendore
1154 4622 1393 4689 radiata,
1434 4641 1561 4696 quae
1607 4627 1879 4681 hactenus
1918 4636 2042 4682 tan-

348 4717 469 4767 tum
503 4711 767 4766 tenebras
797 4714 1058 4763 noverat.
1097 4709 1161 4762 Et
1204 4709 1249 4762 si
1281 4710 1433 4764 enim
1467 4728 1580 4765 nox
1618 4713 1921 4768 tenebrosa
1961 4716 2042 4769 vi-

347 4801 513 4855 detur
542 4800 843 4853 obscurato
873 4813 1027 4866 aere,
1061 4796 1162 4868 qui
1204 4799 1371 4851 terris
1400 4800 1696 4868 proximus
1730 4807 1835 4867 est,
1883 4819 2046 4871 supe-

346 4888 494 4941 riora
550 4892 741 4942 tamen
811 4885 960 4941 acris
1021 4886 1205 4957 spatia
1285 4886 1537 4941 siderum
1610 4889 1834 4960 fulgore
1909 4896 2041 4944 sunt

347 4975 550 5029 lucida.

416 5062 599 5131 (Aea,
646 5062 742 5116 lib.
778 5079 813 5116 ιι
844 5062 908 5116 de
957 5063 1088 5118 Gen.
1121 5063 1196 5116 ad
1251 5065 1380 5118 ma.
1415 5079 1464 5116 c.
1526 5067 1626 5130 18.)
1659 5065 1816 5119 Solet
1859 5068 2041 5137 qnmri

344 5155 536 5204 utrum
568 5148 688 5200 haec
720 5149 1024 5203 luminar'a
1056 5167 1291 5220 corpora
1322 5152 1440 5204 sola
1486 5151 1620 5220 sint,
1653 5159 1750 5207 aut
1797 5154 2043 5209 habeant

345 5242 587 5292 rectores
612 5234 864 5304 spiritus.
893 5242 950 5289 et
979 5241 1048 5290 ab
1091 5239 1171 5291 eis
1202 5239 1448 5294 vitaliter
1491 5239 1861 5311 inspirentur,
1897 5243 2040 5296 sicut

341 5341 444 5397 per
496 5323 714 5378 animas
767 5325 1107 5380 animalium
1149 5343 1346 5382 carnes
1413 5329 1761 5387 animantur.
1811 5332 1916 5386 Sed
1969 5332 2038 5386 de

342 5420 458 5470 tam
489 5411 726 5466 obscura
755 5427 816 5466 re
844 5411 985 5466 nihil
1020 5418 1229 5468 temere
1255 5417 1622 5473 credendum.

415 5523 439 5553 ιι
469 5502 532 5556 Et
561 5501 675 5555 sint
707 5500 762 5555 in
795 5501 978 5572 signa,
1017 5525 1034 5547 ι»
1089 5507 1191 5557 rte.
1235 5504 1423 5574 (Item,
1462 5507 1620 5575 ibid.)
1662 5507 1804 5573 Quia
1845 5509 2025 5579 prius-

2161 3033 2478 3103 gnitudinis
2533 3035 2667 3090 luna
2713 3052 2843 3091 cum
2896 3039 3013 3092 sole
3045 3039 3318 3103 cernitur,
3354 3039 3487 3094 hinc
3523 3056 3644 3095 esse
3691 3041 3859 3096 aiunt

2160 3122 2314 3192 quod
2348 3125 2528 3177 multo
2571 3125 2934 3195 longinquior
2987 3143 3021 3180 a
3075 3128 3242 3180 terris
3273 3133 3445 3198 atque
3487 3130 3654 3183 altior
3680 3146 3857 3200 quam

2164 3211 2296 3264 luna
2327 3211 2558 3279 incedit,
2604 3213 2848 3284 ideoque
2881 3216 3222 3284 magnitudo
3273 3218 3397 3287 ejus
3439 3233 3469 3271 a
3527 3218 3690 3272 nobis
3735 3235 3856 3273 non

2161 3304 2350 3369 posset
2379 3301 2654 3371 diguosci.
2689 3302 2896 3358 Omnia
2923 3304 3078 3358 enim
3109 3304 3336 3375 longius
3381 3306 3567 3376 posita
3587 3307 3859 3362 videntur

2161 3387 2440 3443 breviora.

2237 3501 2258 3526 ι
2291 3479 2353 3532 Et
2385 3478 2666 3533 luminare
2696 3480 2908 3546 minus,
2953 3498 2980 3533 ι
3011 3487 3116 3534 etc.
3162 3483 3227 3536 Et
3273 3481 3318 3535 si
3349 3482 3544 3537 lunam
3576 3489 3634 3538 et
3663 3485 3856 3539 stellas

2165 3569 2409 3638 majores
2441 3567 2499 3621 in
2517 3568 2606 3622 die
2636 3569 2940 3639 aliquando
2969 3569 3148 3624 videri
3174 3570 3486 3640 contingat,
3523 3587 3636 3625 non
3662 3578 3856 3628 tamen

2161 3656 2293 3719 diei,
2328 3656 2428 3710 sed
2463 3657 2612 3712 nocti
2645 3659 2784 3712 lucis
2809 3657 3081 3712 'solatium
3111 3675 3204 3712 cas
3234 3659 3437 3713 alferre
3459 3667 3697 3716 constat.

2231 3747 2414 3812 (AUG.,
2458 3745 2525 3800 de
2572 3748 2707 3800 Gen.
2760 3746 2836 3800 ad
2888 3749 2996 3802 litt.
3048 3747 3149 3801 lib.
3199 3763 3263 3813 ιι,
3313 3763 3360 3801 c.
3414 3751 3493 3812 t5,
3547 3755 3683 3801 tom.
3729 3749 3850 3818 Ill.)

2160 3833 2316 3885 Tunc
2340 3832 2494 3886 enim
2522 3833 2581 3888 in
2612 3835 2792 3887 noctis
2821 3834 3056 3888 exordio
3079 3835 3302 3888 videtur
3334 3837 3487 3898 luna,
3523 3852 3654 3890 cum
3684 3836 3857 3906 plena

2160 3924 2261 3984 est,
2295 3921 2433 3973 alias
2453 3937 2571 3975 non
2605 3938 2617 3975 :
2649 3929 2704 3975 et
2730 3938 2832 3992 per
2863 3923 3013 3977 diem
3041 3922 3241 3994 incipit
3277 3923 3451 3976 videri
3487 3927 3618 3978 ante
3661 3925 3852 3995 pleni-

2159 4008 2439 4075 tudinem,
2473 4015 2528 4062 et
2557 4009 2614 4063 in
2649 4026 2954 4081 progressu
2985 4012 3184 4065 noctis.

2231 4098 2393 4152 Vens.
2434 4102 2516 4161 l7,
2557 4101 2616 4153 t8
2647 4128 2717 4139 —
2755 4139 2769 4153 .
2816 4139 2830 4156 .
2877 4142 2888 4154 .
2933 4140 2946 4154 .
2992 4120 3019 4150 (ι
3066 4101 3133 4154 Ut
3189 4099 3462 4168 lucerent,
3498 4119 3525 4151 »ι
3571 4105 3676 4154 etc.
3725 4101 3856 4155 Haec

2158 4186 2227 4239 de
2261 4186 2482 4258 magnis
2517 4187 2897 4241 luminaribus
2929 4187 3172 4258 intelligi
3202 4196 3443 4258 possunt
3471 4194 3527 4243 et
3556 4189 3764 4254 stellis;
3790 4193 3857 4244 ut

2158 4275 2312 4345 quod
2341 4276 2554 4330 dictum
2587 4282 2692 4341 est,
2719 4296 2745 4326 ‹‹
2779 4283 2842 4330 ut
2861 4283 3176 4347 praeessent
3206 4276 3340 4344 diei,
3375 4296 3402 4328 ιο
3435 4277 3504 4331 ad
3528 4278 3707 4331 solem
3734 4293 3856 4348 spe-

2155 4363 2406 4429 cialiter;
2436 4365 2588 4435 quod
2617 4365 2980 4435 subjunctum
3005 4371 3108 4429 est,
3147 4389 3167 4412 ιι
3205 4371 3260 4420 et
3299 4365 3468 4431 nocti,
3501 4386 3522 4414 ι
3554 4367 3621 4421 ad
3654 4366 3850 4420 lunam

2155 4457 2210 4505 et
2238 4453 2424 4506 stellas
2455 4454 2774 4523 pertineat;
2819 4454 2968 4524 quod
3011 4471 3145 4508 vero
3185 4454 3435 4522 additur,
3469 4473 3497 4505 α
3533 4455 3856 4508 dividerent

2153 4541 2338 4594 lucem
2370 4557 2434 4594 ac
2464 4541 2748 4604 tenebras,
2785 4562 2811 4591 ιι
2845 4543 3113 4597 omnibus
3143 4557 3308 4614 teque
3339 4543 3678 4608 conveniat;
3721 4559 3853 4612 qua:

2153 4645 2496 4701 quocunque
2527 4630 2819 4699 incedunt,
2853 4631 3036 4686 lucem
3069 4631 3479 4685 circumferunt
3504 4651 3518 4698 ;
3541 4631 3691 4686 unde
3720 4647 3853 4686 cum

2151 4719 2382 4784 absunt,
2436 4719 2742 4774 tenebrosa
2784 4725 2988 4775 cuncta
3045 4720 3397 4791 relinquunt.
3449 4719 3506 4774 Si
3559 4724 3857 4791 quaeratur

2151 4807 2321 4877 quale
2374 4807 2564 4877 potuit
2602 4823 2723 4862 esse
2774 4809 2966 4863 lumen
3013 4809 3286 4863 diurnum
3330 4813 3462 4863 ante
3501 4808 3853 4864 creationem

2153 4895 2426 4963 siderum,
2461 4897 2873 4966 respondemus
2903 4897 3072 4967 quale
3103 4896 3356 4951 videmus
3388 4896 3523 4950 solis
3553 4901 3680 4949 ortu
3714 4911 3852 4966 pro-

2150 4981 2420 5049 ximante,
2463 4983 2708 5037 necdum
2747 4988 3060 5053 apparente
3107 4999 3121 5038 :
3177 4984 3408 5055 quando
3460 4983 3675 5038 scilicet
3702 4985 3856 5038 lucet

2151 5070 2367 5123 obtusis
2416 5071 2589 5125 radiis
2631 5073 2922 5126 stellarum
2973 5071 3116 5140 dies,
3160 5072 3261 5127 sed
3304 5073 3543 5128 minime
3582 5073 3664 5126 sol
3697 5077 3856 5127 ortus

2150 5159 2413 5229 refulget.

2219 5247 2348 5317 (lsm
2380 5288 2394 5311 ,
2439 5250 2494 5301 in
2534 5251 2649 5302 Gen
2678 5291 2691 5312 ,
2723 5253 2838 5303 tom
2872 5249 2934 5315 V,
2967 5242 3091 5303 ‘col.
3153 5249 3303 5320 207.)
3366 5250 3466 5304 Die
3505 5255 3708 5320 quarta
3740 5249 3858 5303 mi-

2147 5342 2390 5391 cuerunt
2418 5337 2724 5392 luminaria
2753 5339 2810 5392 in
2839 5339 3214 5392 firmamento
3247 5339 3397 5404 cmli,
3427 5343 3559 5404 etc.,
3593 5353 3762 5407 usque
3780 5337 3859 5392 ad

2147 5424 2281 5494 quia
2318 5430 2449 5496 post
2493 5425 2643 5481 bona
2683 5442 2858 5498 opera
2887 5427 3046 5482 venit
3075 5426 3439 5494 illuminatio,
3475 5443 3592 5499 qua
3625 5427 3850 5483 videtur

2144 5512 2358 5584 species
2389 5531 2653 5586 supernae
2687 5514 2962 5572 veritatis.
