4086 6190
229 289 289 338 T7
1391 288 1648 343 GLQSSA
1689 288 2094 345 0RDINARH.
2136 318 2203 328 —
2247 289 2375 344 LIB.
2417 289 2570 345 GEN.
3674 294 3739 345 78

296 410 493 479 (Ane.,
538 408 760 465 deGen.
818 413 1003 465 contra
1057 410 1316 477 Manich.,
1367 408 1462 464 lib.
1500 427 1611 478 1,c.
1645 413 1736 471 2t,
1796 416 1932 465 tom.
1967 416 2008 469 Α
2047 413 2255 466 Taeon.
2313 429 2368 484 q.
2429 414 2570 466 18in
2616 412 2773 480 Gen.)
2830 411 2995 465 Pueri
3049 416 3173 466 tum
3232 412 3732 479 terriculamentis,

234 498 324 563 ΙΙΙ,
356 498 468 552 col.
510 499 656 568 194.)
716 498 931 562 Quarto
988 499 1102 566 die,
1133 516 1247 569 quo
1296 500 1356 553 in
1406 500 1502 553 illo
1562 500 1925 555 ﬁrmamento

226 586 545 655 disciplinae
604 602 766 640 mens
832 586 1154 657 spirituales
1209 587 1618 657 intelligentias
1657 594 1929 658 operatur

236 683 410 745 atque
436 674 761 745 distinguit,
822 675 974 729 videt
1020 692 1148 746 qua:
1180 676 1254 730 sit
1312 676 1794 731 incommutabilis
1828 694 1927 732 ve-

232 766 390 829 ritas,
452 779 583 833 quae
633 764 778 817 sicut
807 764 889 817 sol
935 763 1147 835 fulgeat
1174 764 1233 817 in
1288 765 1586 830 anima;et
1639 765 1926 836 quomodo

230 853 426 905 anima
467 852 650 922 ipsius
708 853 991 923 particeps
1048 852 1166 920 ﬁat,
1201 858 1256 906 et
1303 854 1527 924 corpori
1583 856 1845 907 ordinem
1873 858 1929 907 et

233 940 723 1009 pulchritudinem
756 940 988 1005 tribuat,
1020 945 1293 1011 tanquam
1326 942 1457 994 luna
1478 941 1809 995 illuminans
1827 959 1929 995 no-

229 1037 402 1084 ctem.
438 1031 501 1083 Et
532 1029 823 1099 quomodo
855 1029 1033 1083 stellae
1064 1046 1283 1089 omnes,
1317 1029 1369 1083 id
1401 1035 1487 1083 est
1533 1030 1927 1100 intelligentiae

234 1117 581 1187 spirituales,
615 1118 674 1171 in
705 1117 876 1188 hujus
905 1118 1031 1172 vita:
1062 1118 1406 1173 obscuritate
1442 1124 1713 1190 tauquam
1746 1120 1803 1173 in
1829 1136 1925 1173 no-

231 1213 315 1259 cte
338 1206 613 1277 fulgeant.

302 1294 470 1346 Vens.
526 1296 755 1359 19,—«
776 1295 840 1348 Et
890 1294 1099 1349 factum
1149 1299 1235 1348 est
1290 1310 1522 1365 vespere
1571 1298 1624 1349 et
1680 1311 1867 1352 mane.
1898 1315 1925 1346 »

231 1388 335 1435 etc.
362 1382 553 1451 (Bene,
604 1385 664 1437 in
716 1385 998 1449 Hemaem.,
1050 1388 1190 1437 tom.
1246 1382 1314 1444 ΙΙ,
1347 1384 1431 1437 col
1466 1384 1573 1453 13.)
1608 1384 1670 1437 In
1701 1385 1803 1438 hac
1832 1401 1928 1437 ve-

234 1485 401 1540 spera
440 1472 691 1541 populus
745 1472 844 1525 Dei
887 1472 947 1524 in
995 1474 1237 1541 Egypto
1281 1488 1494 1541 agnum
1538 1473 1764 1539 obtulit,
1799 1478 1928 1540 etc.,

231 1575 400 1627 usque
422 1559 499 1612 ad
525 1575 686 1629 spem
711 1565 883 1629 atque
912 1560 1086 1613 ﬁdem
1117 1559 1373 1614 donaret.

2036 504 2158 554 tum
2179 500 2311 554 loris
2341 501 2515 554 etiam
2546 505 2601 553 et
2629 500 2803 570 virgis
2825 500 3119 571 indigent:
3151 517 3254 571 per
3284 501 3383 555 illa
3420 500 3571 573 ipsos
3626 506 3740 556 ter-

2038 605 2247 651 remus,
2280 604 2381 659 per
2407 589 2528 642 haec
2561 596 2754 642 autem
2812 589 3145 644 erudimus:
3178 591 3319 644 Cum
3378 590 3556 661 igitur
3610 590 3738 644 ani-

2038 678 2341 731 madvertit
2387 681 2444 731 et
2471 693 2574 731 nos
2621 679 2765 731 Deus
2821 678 2889 731 ad
2950 678 3237 748 ignaviam
3294 678 3595 750 proclives,
3638 679 3739 732 be-

2039 765 2175 818 stias
2230 765 2507 829 condidit,
2592 766 2769 819 veluti
2827 766 2951 820 lora
3008 767 3275 838 quaedam
3330 772 3385 822 et
3437 768 3741 822 terricula-

2037 860 2247 920 menta,
2282 860 2346 907 ut
2366 870 2470 924 per
2515 870 2581 907 ea
2605 871 2706 907 nos
2760 861 2981 909 terrens
3036 857 3103 911 ad
3135 874 3193 910 se
3254 859 3525 924 traheret,
3573 862 3743 928 atque

2037 944 2158 1011 ejus
2188 943 2462 995 auxilium
2506 942 2967 1011 imploraremus.
3031 949 3098 997 At
3138 945 3285 998 sicut
3337 945 3436 1016 qui
3497 945 3735 1016 perfecti

2036 1036 2168 1084 sunt
2198 1031 2659 1084 terriculamenta
2693 1031 3055 1101 hujusmodi,
3100 1038 3157 1086 et
3190 1035 3308 1087 lora
3339 1039 3738 1097 contemnunt;

2036 1120 2112 1173 sic
2143 1120 2321 1189 quiin
2362 1119 2567 1172 virtute
2618 1119 2842 1173 educati
2896 1124 3049 1188 sunt,
3099 1121 3419 1175 bestiarum
3480 1122 3742 1176 incursus

2036 1225 2147 1261 non
2188 1208 2517 1261 formidant.
2557 1208 2848 1278 Siquidem
2891 1210 3050 1274 Adae,
3110 1210 3449 1280 priusquam
3500 1226 3734 1280 peccas—

2036 1302 2139 1363 set,
2200 1297 2535 1350 assistebant
2604 1297 2815 1361 bestiae,
2900 1298 3246 1368 obsequium
3278 1298 3630 1368 proﬁtentes.
3679 1302 3739 1353 Et

2037 1402 2265 1439 rursum
2296 1386 2483 1454 ipsum
2520 1387 2635 1439 Noe
2659 1386 3076 1453 ingredientem
3116 1403 3327 1452 arcam,
3365 1388 3473 1453 leo,
3525 1388 3738 1457 pardus

2038 1479 2095 1528 et.
2130 1472 2442 1526 bestiarum
2502 1472 2868 1526 atrocissimae
2918 1488 3183 1543 quaeque,
3211 1474 3405 1531 ovium
3460 1491 3638 1543 more,
3661 1492 3742 1528 se-

2038 1562 2380 1632 quebantur.
2418 1561 2483 1614 Et
2545 1560 2765 1613 Danieli
2814 1561 3051 1615 aderant
3110 1561 3326 1629 leones,
3383 1562 3485 1632 qui
3523 1563 3739 1634 alioqui

301 1667 326 1700 ε
356 1649 422 1701 Et
451 1648 663 1702 factum
711 1654 795 1701 est
851 1664 1099 1718 vespere,
1130 1668 1156 1698 ι)
1190 1654 1295 1704 etc.
1360 1650 1536 1718 (Ism.,
1566 1650 1661 1703 ubi
1715 1650 1927 1718 supra.)
1964 1691 2004 1746 Β
2045 1649 2309 1715 famelici,
2342 1649 2605 1702 accedere
2638 1655 2830 1703 tamen
2874 1650 2945 1703 ad
3000 1666 3133 1703 eum
3163 1666 3278 1703 non
3332 1651 3638 1715 audebant,
3674 1668 3741 1705 eo

234 1736 392 1789 Mane
423 1743 645 1807 quartae
695 1735 808 1790 diei
830 1752 1071 1807 regnum
1134 1738 1330 1792 David.
1392 1740 1518 1792 Haec
1540 1744 1674 1792 aetas
1732 1739 1934 1792 similis

230 1831 315 1877 est
333 1824 651 1893 juventuti,
671 1841 801 1895 quae
828 1824 976 1879 inter
997 1841 1194 1879 omnes
1238 1832 1441 1897 regnat
1483 1832 1694 1893 aetates,
1751 1832 1802 1880 et
1831 1827 1925 1880 ﬁr-

228 1927 387 1965 mum
421 1917 510 1965 est
539 1914 799 1967 omnium
833 1919 1064 1968 aetatum
1094 1914 1555 1969 ﬁrmamentum:
1593 1915 1740 1968 unde
1770 1931 1932 1969 com-

231 2006 474 2071 paratur
504 2008 707 2072 quarto
738 2003 875 2069 diei,
905 2019 1019 2073 quo
1049 2003 1192 2057 facta
1208 2008 1341 2057 sunt
1396 2004 1586 2057 sidera
1621 2004 1680 2057 in
1730 2005 1932 2057 ﬁrma-

229 2096 424 2143 mento
449 2091 597 2143 caeli.
647 2090 933 2161 Splendor
978 2091 1262 2162 siquidem
1320 2092 1454 2145 solis
1510 2091 1672 2161 regni
1725 2091 1935 2161 ﬁgurat

231 2178 658 2247 excellentiam,
706 2180 934 2249 plebem
1017 2179 1507 2251 obtemperantem
1582 2179 1702 2250 regi
1784 2180 1935 2233 lunas

232 2276 511 2347 splendor
542 2276 816 2343 ostendit,
841 2282 1111 2347 tanquam
1143 2275 1523 2347 Synagogam.
1569 2277 1758 2332 Stella:
1800 2294 1933 2331 vero

230 2365 524 2437 principes
554 2366 679 2436 ejus
699 2370 854 2431 sunt,
896 2371 952 2419 et
979 2365 1172 2418 omnia
1190 2365 1425 2419 fundata
1454 2365 1513 2419 in
1545 2366 1705 2435 regni
1759 2366 1931 2420 stabi-

230 2456 409 2519 litate,
448 2459 726 2525 tanquam
760 2454 820 2507 in
851 2454 1228 2508 ﬁrmamento.

292 2544 461 2596 Vens.
526 2544 617 2595 20.
679 2561 810 2593 -ι
869 2542 1020 2597 Dixit
1083 2542 1253 2596 etiam
1281 2544 1447 2610 Deus,
1485 2565 1511 2592 υ
1582 2547 1686 2598 etc.
1738 2544 1929 2613 (Bene,

226 2631 322 2685 ubi
341 2636 558 2700 supra.)
586 2632 717 2685 Post
737 2635 999 2685 ornatam
1042 2636 1247 2702 quarto
1295 2631 1385 2685 die
1409 2632 1533 2685 cceli
1592 2632 1794 2685 faciem
1844 2633 1931 2686 lu-

228 2718 573 2780 minaribus,
592 2723 870 2771 ornantur
890 2718 1005 2773 suis
1031 2718 1375 2772 animalibus
1408 2720 1500 2772 die
1549 2720 1749 2790 quinto
1789 2720 1933 2773 infc-

230 2808 409 2861 riores
457 2807 662 2860 mundi
693 2812 902 2877 partes,
936 2824 1082 2878 aqua
1114 2807 1327 2862 scilicet
1356 2810 1411 2861 et
1448 2824 1562 2861 aer.

324 2916 352 2945 α
392 2895 546 2949 Dixit
588 2895 763 2948 etiam
817 2896 1002 2949 Deus:
1051 2895 1371 2949 Producant
1431 2911 1595 2966 aquas
1647 2895 1866 2965 reptile,
1903 2914 1928 2945 »

228 2992 335 3040 etc.
401 2985 570 3053 (Are.
631 2984 727 3036 lib.
790 3000 827 3036 ll
883 2983 948 3037 de
996 2985 1131 3037 Gen.
1164 2983 1239 3036 ad
1282 2984 1415 3049 litt,
1445 3000 1508 3036 ex
1540 2999 1588 3037 c.
1624 2988 1672 3049 l,
1706 2986 1757 3049 2,
1792 2987 1845 3048 3,
1878 2985 1929 3050 4,

224 3078 253 3127 3
283 3078 343 3128 et
380 3077 437 3141 6,
474 3078 613 3126 tom.
652 3072 769 3142 lll.)
794 3071 1101 3142 Oportebat
1130 3071 1187 3125 in
1221 3072 1480 3125 creandis
1509 3071 1924 3126 habitatoribus

224 3161 522 3216 inferioris
578 3160 780 3230 partis,
832 3163 918 3212 etc
988 3160 1249 3227 usquead
1294 3158 1455 3223 Quod
1486 3158 1923 3229 intelligendum

227 3268 341 3305 non
396 3256 485 3304 est
524 3249 637 3303 nisi
675 3249 736 3302 in
784 3263 1062 3318 aquarum
1110 3253 1372 3302 naturam
1423 3247 1742 3320 pinguioris
1778 3248 1925 3302 aeris

223 3340 502 3412 qualitate
528 3353 851 3391 conversos.

296 3452 324 3477 (ι
348 3427 575 3482 Animae
606 3425 863 3479 viventis.
899 3447 919 3472 ι
947 3424 1092 3493 (Anc
1126 3466 1161 3493 .,
1193 3423 1354 3489 ibid.,
1386 3441 1434 3478 c.
1458 3423 1537 3493 8.)
1570 3424 1629 3479 ld
1662 3428 1764 3493 est,
1796 3441 1925 3496 quin

222 3522 355 3571 sunt
386 3518 449 3571 in
481 3514 789 3568 animabus
814 3513 972 3580 vivis,
1010 3513 1153 3566 sicut
1200 3513 1443 3567 dicitur:
1496 3514 1775 3584 lgnobilia
1818 3516 1927 3568 ho-

222 3607 475 3669 minum,
506 3603 687 3669 idest,
717 3601 816 3672 qui
837 3607 967 3655 sunt
988 3600 1046 3654 in
1071 3601 1416 3657 hominibus.
1441 3601 1741 3671 ignobiles.
1765 3602 1927 3667 Quod

218 3694 463 3765 quidam
526 3696 768 3761 propter
820 3690 1144 3744 tarditatem
1228 3706 1426 3743 sensus
1470 3695 1673 3759 putant
1714 3690 1924 3745 dictum

219 3798 351 3838 esse
384 3781 475 3835 vel
510 3781 649 3851 quia
679 3780 859 3851 pisces
888 3779 1101 3833 nullius
1128 3779 1242 3833 sint
1277 3779 1565 3833 memoriae
1592 3796 1605 3846 ;
1643 3779 1741 3834 sed
1799 3797 1924 3834 cer-

218 3872 494 3926 tissimun
526 3873 610 3922 est
639 3884 737 3922 eos
762 3867 969 3922 habere
1000 3866 1356 3921 memoriam.

291 3958 485 4029 (Ara,
540 3955 638 4009 ubi
681 3970 871 4024 supra,
897 3970 945 4010 c.
979 3957 1028 4019 3,
1061 3954 1134 4024 4.)
1169 3957 1244 4010 De
1286 3953 1653 4008 conversione
1684 3954 1928 4009 elemen-

216 4052 415 4102 torum
449 4044 691 4117 quazstio
724 4047 829 4097 est.
864 4041 979 4096 Alii
1000 4042 1191 4096 dicunt
1243 4041 1434 4095 omnia
1463 4058 1627 4113 posse
1675 4043 1927 4098 converti

213 4136 276 4191 in
299 4134 523 4199 omnia,
587 4140 721 4197 etc.,
770 4147 941 4199 usque
995 4131 1069 4185 ad
1119 4132 1270 4202 quod
1318 4131 1472 4186 enim
1524 4137 1673 4186 tactu
1727 4149 1922 4204 aquas,

213 4227 542 4291 ventosque
568 4220 886 4287 sentimus;
917 4220 1045 4273 hinc
1075 4227 1159 4274 est
1190 4221 1342 4291 quod
1375 4221 1552 4275 solida
1602 4226 1753 4275 terra
1809 4238 1925 4275 om-

214 4310 395 4363 nibus
458 4306 755 4361 elementis
806 4306 1098 4373 miscetur,
1164 4307 1262 4361 sed
1306 4307 1365 4361 in
1394 4307 1483 4361 his
1542 4308 1924 4363 crassioribus

213 4396 470 4450 sentitur
500 4394 768 4465 amplius.

294 4503 324 4533 ι
356 4482 477 4537 Sub
501 4484 865 4536 ﬁrmamento
897 4504 946 4550 ι,
969 4487 1073 4536 etc.
1104 4483 1215 4536 Etsi
1236 4483 1517 4537 immenso
1557 4483 1924 4553 interjacmte

216 4572 441 4641 spatio,
492 4572 685 4624 volant
735 4575 928 4625 tamen
987 4587 1115 4624 aves
1153 4572 1259 4625 sub
1315 4572 1535 4625 sidereo
1577 4573 1738 4638 ccelo,
1796 4589 1924 4643 quas

216 4675 402 4729 super
461 4663 673 4711 terram
725 4657 955 4712 volant:
1015 4658 1161 4712 sicut
1210 4659 1468 4713 homines
1524 4659 1624 4730 qui
1676 4659 1735 4712 in
1775 4663 1926 4712 terra

216 4752 379 4811 sunt,
413 4745 520 4799 sub
557 4746 695 4799 casto
726 4761 846 4800 esse
889 4745 1174 4800 dicuntur.
1235 4747 1356 4801 Alia
1402 4747 1731 4801 translatio:
1773 4769 1793 4793 ι
1827 4746 1922 4800 Se-

216 4852 323 4889 cns
373 4833 805 4889 ﬁrmamentum
863 4834 1010 4901 cwli,
1043 4854 1068 4885 ››
1125 4836 1260 4905 quia
1314 4836 1499 4891 vicina
1547 4842 1677 4890 sunt
1727 4833 1926 4890 aetheri

214 4922 410 4993 spatia
443 4922 617 4991 hujus
649 4921 795 4974 aeris
822 4921 920 4991 qui
951 4936 1079 4974 aves
1109 4922 1391 4976 subvehit.

293 5012 490 5077 (Anq,
522 5008 587 5061 de
611 5008 738 5063 Gen.
773 5009 847 5062 ad
873 5010 1006 5075 litt,
1030 5009 1066 5063 1.
1092 5026 1170 5077 ιιι,
1204 5027 1253 5063 c.
1286 5013 1332 5069 9,
1386 5012 1468 5075 t0,
1519 5014 1652 5064 tom.
1688 5010 1778 5074 lll,
1815 5009 1920 5063 col.

215 5096 373 5165 28$.)
410 5096 736 5149 Notandum
782 5095 1061 5165 quosdam
1106 5095 1479 5166 philosophos
1511 5096 1588 5149 ita
1618 5111 1722 5149 sua
1758 5094 1923 5147 cuili-

216 5186 319 5239 bet
385 5185 675 5238 elemento
723 5182 1077 5236 distribuisse
1136 5184 1426 5244 animalia,
1468 5189 1798 5253 etc..,usque
1852 5182 1927 5236 ad

216 5274 539 5345 caliginosa
572 5276 765 5325 tamen
813 5272 959 5324 aeris
982 5273 1102 5326 loca
1157 5277 1351 5326 tenere
1404 5277 1625 5327 tantum
1662 5270 1926 5342 permissi

217 5369 375 5425 sunt,
410 5362 512 5434 qui
549 5360 630 5415 eis
658 5358 824 5433 quasi
868 5375 1058 5414 carcer
1084 5360 1158 5415 sit
1199 5376 1377 5432 usque
1435 5360 1507 5415 ad
1562 5364 1788 5432 tempus
1827 5359 1924 5431 ju-

221 5453 371 5510 dicii.

297 5545 460 5599 Vens.
497 5544 587 5597 2|.
624 5572 689 5581 -
718 5558 749 5597 ¢
784 5539 1124 5613 Creavitque
1152 5540 1296 5596 Deus
1326 5542 1447 5595 cete
1488 5537 1793 5610 grandia,»
1816 5541 1921 5606 etc,

2045 1738 2197 1808 quod
2224 1738 2283 1791 in
2314 1738 2411 1791 illo
2438 1738 2791 1792 characteres
2831 1737 3086 1792 divinam
3132 1737 3448 1807 imaginem
3479 1738 3740 1809 prmsefe-

2045 1833 2232 1880 rentes
2273 1826 2664 1896 conspicerent
2697 1827 2898 1880 Itidem
2940 1827 3158 1897 vipera,
3210 1828 3339 1881 duae
3371 1827 3571 1881 dentes
3604 1827 3742 1897 inje-

2044 1921 2195 1968 cerat
2226 1917 2284 1968 in
2317 1932 2548 1969 manum
2574 1916 2843 1984 Apostoli,
2877 1932 3007 1969 cum
3039 1916 3182 1970 nihil
3212 1921 3444 1985 peccato
3477 1922 3740 1971 tenerum

2043 2008 2139 2057 aut
2169 2005 2339 2058 molle
2370 2004 2428 2057 in
2450 2020 2516 2057 eo
2544 2001 2885 2073 ireperisset,
2920 2021 3048 2057 mox
3100 2004 3323 2070 resiliit,
3376 2003 3511 2058 etin
3548 2004 3740 2074 ignem

2043 2109 2101 2145 se
2132 2093 2395 2163 conjecit,
2452 2093 2796 2162 supplicium
2828 2093 2896 2145 de
2948 2092 3134 2162 seipsa
3192 2093 3611 2164 quodammodo
3654 2111 3743 2147 su-

2041 2196 2226 2247 mens,
2260 2180 2410 2251 quod
2444 2196 2648 2251 corpus
2679 2180 2785 2234 sibi
2818 2181 3143 2235 nullatenus
3168 2181 3512 2235 conveniens
3542 2181 3741 2236 adorta

2043 2273 2208 2322 esset.
2268 2269 2378 2321 Nos
2436 2273 2626 2321 autem
2671 2267 2799 2321 ideo
2859 2267 3070 2322 bestias
3139 2268 3538 2335 formidamus,
3606 2269 3739 2340 quia

2041 2357 2309 2410 virtutem
2345 2355 2711 2426 negligimus.
2745 2358 3026 2411 Praeterea
3058 2362 3111 2413 et
3156 2358 3220 2411 ad
3247 2356 3358 2411 alia
3402 2358 3598 2412 bestia:
3630 2375 3739 2415 non

2042 2448 2173 2497 sunt
2213 2444 2378 2498 nobis
2433 2444 2712 2499 inutiles:
2780 2461 2910 2498 nam
2938 2462 3000 2498 ex
3031 2444 3111 2498 eis
3166 2445 3370 2499 medici
3429 2444 3739 2515 pharmaca

2043 2549 2157 2586 non
2188 2549 2368 2604 pauca
2397 2539 2750 2603 componunt
2767 2534 2835 2588 ad
2869 2534 3096 2587 morbos
3124 2533 3417 2603 pellendos
3450 2548 3469 2586 ;Δ
3507 2549 3580 2587 ne
3612 2533 3739 2604 quis

2040 2622 2213 2691 igitur
2262 2622 2466 2675 bestias
2532 2622 2897 2675 considerans
2953 2622 3022 2675 de
3098 2622 3365 2676 Creatore
3419 2636 3736 2693 conquera-

2041 2710 2155 2769 tur,
2180 2706 2279 2760 sed
2308 2708 2616 2761 utilitatem
2648 2706 2965 2777 investiget.

2115 2794 2231 2849 «Et
2285 2810 2514 2849 omnem
2565 2795 2892 2859 animam,»
2953 2799 3041 2849 etc
3098 2795 3177 2849 Ad
3232 2794 3607 2849 diﬁ'ercntiam
3632 2795 3735 2850 ho-

2044 2883 2232 2947 minis,
2268 2883 2367 2953 qui
2412 2883 2705 2937 faciendus
2760 2883 2831 2936 ad
2882 2882 3192 2952 imaginem
3238 2882 3355 2950 Dei,
3394 2889 3468 2945 et,
3500 2883 3548 2936 si
3588 2900 3737 2954 prae-

1966 2980 2005 3035 C
2046 2976 2208 3040 cepta
2238 2975 2505 3039 servaret,
2579 2977 2858 3041 perpetua
2914 2970 3381 3025 immutabilitate
3444 2979 3726 3029 maneret.

2033 3059 2249 3113 Cmtera
2282 3075 2416 3114 vero
2464 3060 2737 3113 animalia
2790 3060 2865 3113 sic
2888 3059 3036 3113 facta
3088 3064 3241 3125 sunt,
3292 3064 3355 3112 ut
3381 3058 3492 3113 alia
3520 3059 3643 3113 aliis
3675 3060 3732 3113 in

2032 3147 2363 3201 alimoniam
2394 3148 2659 3202 cederent
2688 3148 2770 3202 vel
2802 3147 2963 3201 senio
3003 3147 3329 3201 deﬁcerent.

2105 3235 2267 3289 Vens.
2304 3237 2390 3291 22.
2412 3267 2478 3274 —
2500 3256 2526 3287 α
2554 3236 2961 3307 Benedixitque
3000 3234 3131 3304 illis,
3185 3240 3293 3304 etc,
3318 3254 3344 3285 »
3396 3240 3502 3289 etc.
3537 3238 3683 3307 (Anc
3712 3277 3727 3301 ,

2033 3324 2125 3378 lib.
2154 3323 2360 3380 deGen.
2410 3327 2566 3394 imp.,
2591 3342 2639 3378 c.
2677 3328 2759 3390 lii,
2810 3330 2946 3379 tom.
2984 3324 3100 3393 Ill.)
3166 3323 3621 3377 Benedictionem
3660 3326 3731 3378 ad

2033 3410 2441 3467 fecunditatem
2488 3414 2672 3467 valere
2728 3413 2925 3478 voluit,
2981 3428 3110 3483 quae
3136 3411 3194 3465 in
3218 3412 3566 3467 successione
3605 3412 3733 3484 pro-

2033 3501 2102 3555 lis
2133 3508 2388 3572 apparet,
2422 3506 2485 3555 ut
2515 3520 2580 3556 ea
2605 3501 2998 3556 benedictione
3048 3517 3161 3572 qua
3208 3500 3437 3553 inﬁrma
3467 3505 3521 3554 et
3576 3518 3729 3555 mor-

2034 3590 2170 3643 talia
2224 3597 2407 3645 creata
2468 3595 2616 3656 sunt,
2680 3606 2860 3661 genus
2928 3606 3095 3645 suum
3162 3590 3449 3643 nascendo
3534 3595 3726 3644 custo—

2034 3679 2213 3733 diant.

2107 3769 2436 3836 (Cnevsosr.,
2494 3769 2688 3823 hom.7
2746 3770 2805 3821 in
2864 3768 3024 3829 Gem,
3087 3772 3225 3821 tom.
3289 3767 3377 3830 ιν,
3426 3767 3538 3821 col.
3614 3766 3732 3835 66.)

2033 3857 2157 3927 lpsa
2189 3873 2324 3927 ergo
2357 3857 2675 3911 benedictio
2702 3861 2805 3923 est,
2835 3856 2895 3909 in
2930 3871 3137 3926 magno
3176 3871 3439 3921 numero,
3465 3860 3520 3909 ct
3577 3857 3730 3909 mul-

2034 3944 2282 3999 titudine
2305 3945 2523 4015 augeri,
2548 3951 2606 3999 et
2656 3944 3043 4014 multiplicari.
3111 3944 3253 3997 Nam
3276 3944 3411 4013 quia
3460 3943 3726 3998 animatae

2034 4038 2307 4087 creaturas
2339 4038 2503 4086 erant
2521 4032 2808 4091 animalia,
2842 4032 3218 4101 volebantque
3255 4036 3533 4100 perpetuo
3583 4048 3726 4099 esse,

2033 4119 2160 4173 ideo
2183 4120 2469 4174 subdidit:
2497 4142 2518 4167 ι
2583 4120 2845 4173 Crescite.
2880 4139 2905 4170 »
2947 4119 3192 4173 Verbum
3243 4119 3398 4172 enim
3430 4119 3570 4172 illud
3630 4137 3724 4173 us-

2033 4226 2143 4279 que
2174 4209 2231 4262 in
2264 4214 2600 4278 praesentem
2626 4210 2778 4263 diem
2808 4210 2904 4262 illa
2959 4213 3274 4262 conservat.
3312 4230 3333 4255 ι
3382 4208 3627 4262 Crescite
3672 4214 3729 4264 et

2035 4297 2573 4366 multiplicamini,»
2608 4303 2712 4351 etc.
2762 4298 2951 4363 (Br-1m,
2976 4300 3031 4350 in
3084 4296 3462 4364 Hezacm.)Ad
3508 4300 3729 4351 utrum-

2038 4402 2148 4456 que
2200 4402 2383 4457 genus
2426 4385 2807 4441 animantium
2860 4386 2929 4440 de
2978 4386 3141 4456 aquis
3209 4385 3511 4452 factorum,
3558 4385 3617 4441 id
3643 4392 3730 4442 est

2035 4475 2217 4544 pisces
2273 4481 2328 4529 et
2368 4492 2516 4541 aves,
2577 4476 2843 4545 pertinet.
2902 4474 3045 4539 Quia
3094 4473 3239 4528 sicut
3296 4491 3494 4529 omnes
3549 4475 3729 4546 pisces

2034 4563 2265 4617 nonnisi
2288 4564 2451 4635 aquis
2475 4564 2659 4617 vivere
2690 4569 2946 4634 possunt,
2978 4565 3055 4616 ita
3085 4564 3349 4634 plurimae
3379 4579 3508 4617 aves
3549 4580 3563 4628 ;
3597 4579 3727 4633 quas

2034 4653 2079 4706 si
2105 4653 2163 4706 in
2194 4654 2359 4707 terris
2400 4653 2709 4724 aliquando
2759 4654 3141 4724 requiescunt,
3177 4653 3435 4723 fetusque
3491 4653 3727 4720 faciunt,

2033 4756 2147 4795 non
2178 4745 2370 4795 tamen
2398 4741 2467 4796 de
2499 4746 2668 4805 terra,
2704 4741 2801 4795 sed
2826 4742 2894 4795 de
2917 4740 3061 4794 mari
3092 4741 3305 4807 vivunt,
3338 4745 3394 4795 et
3456 4741 3727 4796 libentius

2033 4829 2178 4883 mari
2199 4845 2371 4900 quam
2402 4832 2551 4882 terra
2580 4834 2841 4883 utuntur.

2103 4918 2347 4985 Mystice.
2380 4918 2526 4987 (lsm.
2589 4922 2645 4971 et
2681 4917 2958 4984 Auc.,ubi
3002 4917 3211 4986 supra.)
3267 4916 3368 4971 Dei
3401 4917 3602 4988 quinta
3644 4919 3727 4974 fa-

2031 5008 2120 5058 cta
2148 5011 2279 5059 sunt
2308 5006 2369 5060 in
2394 5006 2559 5076 aquis
2584 5006 2810 5075 reptilia
2841 5006 3167 5059 animarum
3196 5005 3473 5073 vivarum,
3510 5007 3568 5061 id
3617 5012 3723 5073 est,

2032 5092 2293 5147 homines
2332 5094 2389 5147 in
2436 5094 2603 5147 vitam
2658 5093 2909 5146 renovati
2933 5110 3033 5164 per
3079 5104 3493 5149 sacramentum
3542 5095 3729 5166 bapti-

2032 5181 2159 5237 smi.
2188 5183 2349 5236 Facta
2381 5188 2514 5237 sunt
2566 5182 2834 5247 volatilia,
2882 5182 2937 5235 id
2980 5186 3065 5235 est
3118 5184 3325 5237 animae
3373 5184 3625 5237 volantes
3655 5185 3727 5238 ad

2034 5287 2300 5341 superna.
2340 5271 2542 5340 Incipit
2563 5276 2831 5341 provecta
2890 5287 3051 5325 mens
3082 5272 3284 5341 quinto
3328 5273 3417 5326 die
3444 5272 3504 5325 in
3560 5272 3731 5326 actio-

2034 5361 2204 5416 nibus
2259 5359 2573 5414 turbulenti
2623 5359 2839 5423 saeculi,
2896 5363 3170 5430 tanquam
3219 5362 3278 5414 in
3342 5358 3506 5430 aquis
3555 5358 3731 5414 maris

2036 5449 2281 5521 operari,
2336 5453 2569 5519 propter
2629 5447 2934 5502 utilitatem
2989 5448 3254 5503 fraterna:
3329 5446 3634 5517 societatis,
3676 5451 3734 5503 et

2037 5539 2109 5593 de
2140 5538 2533 5609 corporalibus
2574 5536 2987 5607 agnitionibus,
3047 5553 3174 5608 qua:
3203 5536 3273 5592 ad
3331 5552 3508 5604 mare,
3567 5535 3625 5592 id
3646 5540 3734 5592 est
