4050 6188
330 298 396 348 79
947 293 1342 350 WALAFRIDI
1382 292 1627 348 STRABI
1669 293 1862 348 FULD.
1907 291 2079 348 MON.
2119 292 2270 351 OPP.
2314 289 2487 346 PARS
2528 289 2568 345 Ι.
2613 317 2680 326 --
2719 284 3176 344 THEOLOGICA.
3765 290 3835 342 80

330 416 474 470 hanc
505 415 692 475 vitam,
733 413 1042 485 pertinent,
1069 413 1382 484 producere
1417 413 1735 467 animarum
1763 413 2018 467 vivarum
2050 412 2098 467 Α
2136 411 2192 465 in
2225 409 2412 464 oflicio
2445 409 2719 480 gignendi
2746 409 2894 463 iilios
2922 425 3041 464 esse
3076 414 3391 481 peccatum,
3427 409 3573 464 sicut
3603 410 3663 464 in
3724 410 3834 465 for-

332 504 576 575 reptilia,
626 503 680 557 id
723 508 806 558 est
846 519 1022 573 opera
1063 518 1193 574 quas
1238 507 1478 572 possunt
1515 501 1722 555 animis
1760 501 1930 567 vivis;
1964 508 2020 557 et

331 600 479 648 cetos
511 609 766 662 magnos,
816 591 872 646 id
924 597 1006 646 est
1053 589 1388 644 fortissimas
1426 588 1766 659 agnitiones,
1809 589 2018 658 quibus

331 682 533 737 ﬂuctus
564 679 755 733 sazculi
785 678 1196 750 dirumpuntur
1225 683 1281 731 et
1313 681 1760 730 contemnuntur
1790 693 1804 742 ;
1837 680 1892 730 et
1923 693 2016 730 vo-

330 769 507 824 latilia
537 769 683 832 coeli,
709 768 765 821 id
797 772 900 834 est,
929 783 1090 821 voces
1129 765 1375 820 ccelestia
1402 764 1795 835 praedicantes.

401 861 576 912 Vaas.
631 860 720 917 23.
756 886 824 896 —-
877 857 994 909 «Et
1041 855 1253 909 factum
1313 861 1399 908 est
1455 870 1687 925 vespere
1719 859 1773 908 et
1828 870 2016 918 mane,

331 954 436 1002 etc.
471 947 659 1018 (Avo,
711 946 777 999 de
830 946 964 999 Gen.
1024 948 1202 998 contre
1259 944 1524 1009 Manich.,
1583 943 1678 997 lib.
1744 959 1805 1007 ιι,
1853 959 1898 997 c.
1928 946 2018 1003 23,

330 1034 615 1101 tom.lll.)
665 1032 911 1103 Mystice,
969 1047 1136 1085 mane
1197 1030 1625 1101 transmigratio
1669 1031 1728 1085 in
1781 1031 2019 1100 Babylo-

331 1124 506 1187 niam,
560 1138 686 1175 cum
731 1136 796 1173 ea
839 1119 1167 1189 captivitate
1209 1120 1459 1189 populus
1515 1117 1717 1172 leviter
1759 1118 1818 1172 in
1859 1135 2017 1188 pere-

332 1213 495 1282 grino
553 1210 669 1262 otio
734 1214 818 1262 est
864 1209 1192 1274 collocatus,
1241 1215 1383 1268 etc.,
1431 1223 1597 1274 usque
1641 1207 1715 1260 ad
1753 1207 1887 1276 quia
1943 1207 2022 1260 sic

331 1299 590 1353 exczecati
619 1304 752 1351 sunt
799 1303 860 1350 ut
909 1284 1008 1350 nec
1044 1301 1276 1367 possent
1313 1295 1602 1350 Christum
1658 1311 2018 1364 cognoscere.

399 1388 561 1440 Vens.
620 1388 790 1439 21η-
827 1406 854 1433 ‹‹
931 1385 1078 1438 Dixit
1154 1400 1385 1454 quoque
1462 1383 1606 1436 Deus
1667 1400 1680 1437 :
1744 1384 2024 1437 Producat

332 1495 360 1524 α
391 1478 561 1540 terra,
593 1493 618 1523 υ
647 1479 750 1527 etc.
790 1473 994 1540 (liena,
1036 1474 1094 1524 in
1117 1473 1398 1532 Muraena,
1441 1475 1582 1524 tom.
1626 1470 1720 1533 llI,
1779 1470 1888 1523 col.
1917 1468 2019 1536 l3.)

334 1566 465 1617 Post
493 1562 698 1615 coelum
747 1562 1027 1631 repletum
1073 1559 1358 1613 sideribus
1419 1563 1474 1612 et
1533 1575 1721 1612 aerem
1778 1557 2020 1611 volatili-

331 1651 436 1704 bus
465 1650 563 1721 qui
607 1654 843 1721 propter
897 1648 1164 1702 viciniam
1239 1648 1444 1702 caalum
1503 1647 1850 1710 nominatur,
1891 1651 2021 1712 etc,

329 1755 498 1807 usque
527 1738 600 1791 ad
624 1737 853 1790 nomine
912 1735 1352 1807 quadrupedum
1382 1735 1574 1789 omnia
1614 1736 2026 1805 comprehensa

331 1831 464 1880 sunt
521 1831 728 1896 praeter
791 1825 1002 1879 bestias
1031 1829 1088 1878 et
1129 1824 1374 1895 reptilia,
1433 1823 1548 1878 sive
1608 1823 1841 1884 domita,
1912 1824 2028 1877 sive

333 1916 449 1968 fera
474 1922 532 1968 et
555 1914 818 1984 agrestia.

406 2021 432 2053 ‹‹
468 2003 750 2056 Producat
800 2006 975 2068 terra,
1009 2021 1035 2051 ι)
1101 2006 1209 2056 etc.
1287 2001 1472 2072 (Αυσ.,
1507 1999 1602 2054 lib.
1663 2001 1807 2053 min
1871 2000 2026 2068 Gen,

331 2106 377 2144 c.
427 2095 508 2152 ll.
579 2094 722 2144 tom.
784 2091 901 2158 Ill.)
951 2090 1319 2161 Consequens
1379 2091 1501 2143 erat
1532 2091 1596 2142 ut
1646 2093 1856 2143 terram
1906 2089 2028 2158 jam

335 2183 563 2232 ornaret
583 2179 699 2232 suis
747 2177 1112 2233 animalibus.
1169 2179 1277 2232 Ter
1331 2176 1592 2241 dicendo,
1643 2177 1806 2247 juxta
1849 2193 2029 2247 genus

332 2282 534 2334 suum,»
561 2271 704 2331 etc.,
736 2281 905 2334 usque
935 2265 1010 2319 ad
1051 2266 1114 2320 Et
1146 2265 1374 2319 nomine
1406 2280 1675 2335 pecorum
1708 2271 1764 2319 et
1794 2265 2030 2319 bestia-3

331 2370 460 2409 rum
517 2370 684 2408 omne
745 2353 1073 2408 irrationale
1128 2353 1339 2407 animal
1427 2353 1568 2406 solet
1621 2354 2028 2424 comprehendi

337 2460 366 2492 lt
400 2443 462 2496 In
511 2457 721 2512 genere
766 2456 892 2494 suo.
940 2460 967 2491 »
1019 2442 1202 2511 (Ana,
1248 2441 1384 2494 ibid.
1419 2455 1464 2494 c.
1529 2444 1635 2498 l2.)
1679 2443 1806 2495 llaec
1872 2443 2031 2497 forsi-

337 2537 435 2584 tan
462 2531 772 2585 secundum
831 2545 1011 2600 genus
1051 2529 1339 2594 dicuntur,
1388 2530 1525 2599 quia
1557 2530 1634 2582 ita
1691 2535 1813 2583 orta
1847 2535 1907 2584 ut
1962 2549 2025 2585 ex

336 2620 418 2674 eis
456 2624 761 2674 nascantur
813 2617 945 2684 alia,
1005 2623 1061 2672 et
1105 2617 1342 2687 originis
1395 2619 1635 2672 formam
1679 2621 2029 2673 successione

337 2714 692 2762 conservent.
728 2708 804 2761 De
835 2706 1066 2761 homine
1118 2712 1311 2760 autem
1362 2707 1470 2760 hoc
1520 2706 1736 2760 dictum
1793 2723 1909 2761 non
1948 2714 2030 2762 est

337 2797 471 2868 quia
500 2812 651 2850 unus
681 2796 876 2862 fiebat,
909 2797 979 2849 de
1008 2810 1123 2866 quo
1155 2799 1211 2849 et
1239 2794 1456 2849 femina
1498 2794 1660 2848 facta.
1706 2796 1827 2849 Non
1874 2795 2028 2850 enim

337 2886 516 2940 multa
543 2900 754 2955 genera
782 2884 1087 2938 hominum
1134 2883 1278 2938 facta
1334 2888 1488 2949 sunt,
1530 2883 1676 2938 sicut
1722 2884 2027 2940 herbarum

2128 499 2411 554 nicatione
2441 500 2562 553 sine
2593 499 2886 568 conjugio.

2198 589 2358 642 Vens.
2391 591 2478 642 25.
2511 618 2578 628 —-
2614 608 2636 637 ι
2678 587 2743 640 Et
2771 587 2904 640 fecit
2957 587 3102 642 Deus
3160 587 3368 641 bestias
3430 593 3665 648 terras.»
3715 593 3826 642 etc'

2129 677 2295 745 (Bauli
2317 678 2373 730 in
2424 675 2700 745 Ilexaem.)
2762 675 2989 730 Ordinis
3013 680 3100 729 est
3158 676 3419 729 mutatio.
3454 676 3563 729 Nec
3615 681 3826 730 curant

2130 765 2266 818 dum
2301 764 2360 817 in
2393 769 2584 818 nostra
2632 764 2860 834 loquela
2915 763 3053 834 quid
3104 763 3262 834 prius
3318 770 3710 819 creaturarum
3742 781 3828 818 or-

2131 854 2262 909 dine
2319 855 2702 921 nominemus,
2772 870 2902 908 cum
2966 855 3114 908 Deus
3172 853 3446 908 creaverit
3501 852 3696 907 omnia
3755 852 3832 906 si-

2133 944 2274 998 mul.

2203 1029 2380 1097 (lsm.,
2421 1031 2477 1082 in
2509 1030 2662 1096 Gen.,
2689 1033 2827 1082 tom.
2867 1028 2930 1097 V,
2961 1029 3067 1082 col.
3099 1029 3245 1094 207,)
3287 1026 3455 1082 Sexta
3483 1025 3574 1081 die
3627 1027 3832 1096 produ-

2129 1116 2206 1170 cit
2233 1123 2385 1170 terra
2440 1118 2694 1171 animam
2753 1117 2955 1181 vivam,
3000 1117 3228 1188 quando
3293 1131 3424 1168 caro
3499 1121 3697 1168 nostra
3752 1114 3828 1167 ab

2134 1204 2399 1274 operibus
2426 1205 2666 1258 mortuis
2697 1204 3005 1269 abstinens,
3061 1203 3184 1256 viva
3230 1203 3506 1257 virtutum
3565 1202 3834 1273 germina

2133 1293 2302 1364 parit,
2335 1292 2649 1346 secundum
2681 1308 2864 1362 genus
2891 1307 3080 1355 suum,
3117 1291 3173 1344 id
3217 1291 3502 1356 est,vitam
3549 1290 3834 1344 imitando

2133 1385 2482 1435 sanctorum.
2558 1379 2770 1434 Undel
2852 1379 2982 1433 Cor.
3066 1394 3160 1432 iv:
3221 1401 3242 1428 ι
3331 1379 3656 1433 lmitatores
3715 1378 3836 1432 mei

2134 1473 2332 1534 estote,
2376 1488 2403 1520 ι)
2462 1473 2567 1523 etc.
2625 1467 2950 1522 Secundum
3011 1483 3190 1538 genus
3245 1471 3509 1521 nostrum
3568 1466 3833 1525 vivimus.

2134 1555 2362 1625 quando
2389 1559 2611 1609 sanctos
2663 1554 2828 1626 quasi
2860 1554 3147 1624 proximos
3198 1553 3513 1608 imitamur.
3567 1553 3841 1608 Producit

2143 1649 2291 1696 terra
2313 1642 2541 1708 bestias,
2570 1643 2628 1697 id
2673 1647 2774 1704 est,
2833 1642 3095 1696 homines
3147 1641 3435 1696 ferocitate
3490 1641 3839 1714 superbien-

2144 1736 2242 1785 tes.
2271 1733 2338 1786 Et
2382 1747 2607 1802 pecora,
2645 1731 2702 1785 id
2742 1735 2840 1794 est,
2897 1730 3235 1800 simpliciter
3279 1729 3551 1784 viventes.
3615 1730 3677 1782 Et
3723 1745 3840 1782 ser-

2142 1824 2352 1892 pentes,
2385 1824 2597 1874 astutos
2623 1819 2839 1874 scilicet
2861 1822 2918 1873 et
2964 1818 3178 1872 bonum
3207 1835 3238 1872 a
3294 1818 3446 1871 malo
3506 1817 3841 1872 discernen-

2141 1925 2238 1981 tes,
2271 1922 2327 1972 et
2359 1916 2522 1988 quasi
2554 1915 2832 1986 reptando
2891 1919 3206 1969 scrutantes
3253 1919 3500 1982 terrena,
3550 1930 3652 1986 per
3707 1929 3841 1986 quia

2141 2004 2465 2074 intelligant
2493 2003 2759 2058 coelestia.

2211 2091 2369 2146 Vaas.
2427 2093 2515 2146 26.
2576 2113 2691 2138 -ι
2779 2090 3072 2144 Faciamus
3165 2089 3477 2144 hominem.
3518 2109 3545 2141 ι)
3647 2088 3835 2160 (AI:G.,

2137 2177 2298 2246 ibid,
2332 2193 2381 2232 c.
2418 2177 2528 2249 19,)
2570 2177 2895 2232 lusinuataa
2943 2176 3238 2248 pluralitas
3299 2193 3677 2249 personarum
3729 2179 3839 2232 Pa-

2138 2263 2259 2333 tris,
2293 2270 2352 2320 et
2382 2264 2528 2330 Filii,
2554 2269 2609 2318 et
2636 2263 2879 2334 Spiritus
2909 2264 3108 2328 sancti,
3143 2267 3197 2318 et
3217 2265 3407 2318 statim
3463 2265 3657 2320 unitas
3711 2265 3838 2319 dei-

2137 2353 2287 2418 tatis,
2336 2368 2466 2406 cum
2527 2352 2780 2407 dicitur:
2836 2371 2865 2404 α
2917 2353 2980 2407 Et
3028 2353 3160 2408 fecit
3216 2354 3361 2408 Deus
3415 2352 3710 2408 hominem
3764 2353 3838 2407 ad

2139 2441 2450 2512 imaginem
2494 2441 2612 2508 Dei,
2669 2462 2690 2489 ι
2750 2457 2863 2495 non
2918 2442 3082 2495 Pater
3135 2441 3205 2496 ad
3251 2439 3564 2512 imaginem
3612 2445 3837 2496 tantum

2143 2529 2286 2584 Filii.
2338 2529 2459 2583 Non
2498 2529 2654 2583 enim
2715 2545 2844 2583 vere
2901 2529 3185 2583 diceretur
3225 2529 3299 2583 ad
3365 2529 3678 2601 imaginem
3724 2545 3839 2584 no-

2140 2622 2315 2671 stram
2350 2633 2364 2684 ;
2395 2617 2490 2671 sed
2545 2617 2624 2670 ita
2673 2617 2887 2672 dictum
2910 2622 3033 2671 est:
3068 2637 3096 2670 α
3149 2618 3301 2672 Fecit
3343 2619 3490 2673 Deus
3541 2619 3840 2672 hominem

2139 2705 2210 2760 ad
2236 2705 2549 2775 imaginem
2583 2705 2702 2771 Dei,
2740 2724 2766 2758 ι
2801 2721 2864 2760 ac
2915 2706 2964 2760 si
3008 2706 3296 2761 diceretur
3327 2726 3353 2757 α
3387 2707 3458 2761 ad
3516 2706 3836 2776 imaginem

2139 2809 2320 2849 suam.
2362 2815 2383 2842 ι
2446 2795 2587 2849 Cum
2633 2799 2828 2848 autem
2888 2794 3136 2849 dicitur:
3185 2796 3257 2849 ad
3291 2795 3606 2865 imaginem
3658 2795 3776 2862 Dei,
3806 2814 3835 2844 ιο

2141 2899 2270 2937 cum
2305 2882 2567 2953 superius
2599 2882 2813 2937 dictum
2836 2883 2928 2950 sit,
2966 2905 2988 2933 ι
3019 2883 3088 2938 ad
3130 2883 3445 2955 imaginem
3500 2887 3771 2948 nostram,
3814 2905 3838 2934 ι

336 2975 733 3043 etlignorum;
765 2977 830 3026 ut
851 2972 1092 3037 dicatur,
1151 2972 1465 3025 secundum
1515 2986 1695 3041 genus
1752 2989 1941 3041 suum,
1973 2990 2037 3028 ac
2067 2979 2105 3033 C
2142 2972 2500 3043 significatur
2529 2971 2684 3043 quod
2716 2987 2831 3026 non
2862 2971 2982 3042 agit
3009 2972 3304 3043 pluralitas
3355 2986 3753 3042 personarum,
3774 2978 3846 3026 ut

338 3062 384 3116 si
412 3061 695 3116 diceretur
722 3060 1060 3132 generatim,
1117 3065 1184 3114 ut
1211 3059 1362 3114 inter
1391 3076 1448 3113 se
1494 3061 1722 3125 similia,
1773 3067 1946 3132 atque
1975 3062 2033 3116 in

341 3165 510 3203 unam
543 3148 828 3218 originem
879 3147 1112 3202 seminis
1163 3147 1511 3217 pertinentia
1545 3148 2036 3220 distinguerentur

340 3253 370 3290 a
399 3235 639 3290 caeteris.

411 3326 594 3396 (506.,
659 3322 793 3377 ibid.
828 3338 874 3376 c.
914 3323 1024 3392 14.)
1051 3323 1128 3377 De
1161 3322 1505 3394 quibusdam
1536 3323 1779 3380 minutis
1813 3327 2033 3380 anima-

341 3395 489 3468 libus
520 3411 757 3483 quaestio
788 3416 1038 3480 est,etc.,
1081 3426 1250 3480 usque
1279 3411 1354 3464 ad
1409 3410 1518 3465 nisi
1567 3412 1720 3483 quod
1752 3415 2034 3484 potentia-

339 3500 545 3555 literin
579 3498 737 3570 ipsis,
775 3504 832 3553 et
862 3499 1232 3554 materialiter
1254 3507 1415 3555 erant
1447 3503 1873 3570 prmseminata.

410 3587 596 3655 (Aea,
657 3586 792 3640 ibid.
846 3591 1008 3654 c.15,
1054 3587 1160 3658 l6.)
1190 3589 1266 3641 De
1309 3589 1608 3643 venenosis
1647 3597 1703 3645 et
1748 3591 2032 3662 pernicio-

339 3674 415 3729 sis
436 3675 733 3746 quaeritur,
775 3681 904 3742 etc.,
950 3691 1121 3746 usque
1169 3677 1243 3731 ad
1273 3693 1402 3749 quae
1425 3683 1630 3734 cuncta
1674 3681 1876 3736 merito
1899 3697 2033 3738 con-

337 3764 580 3818 siderata
598 3765 920 3819 laudantur.

407 3852 594 3921 (Ana,
623 3853 785 3920 ibid,
818 3854 996 3923 c.17.)
1032 3854 1174 3909 Illud
1199 3854 1370 3910 etiam
1404 3859 1611 3922 movet,
1663 3861 1803 3920 etc.,
1864 3873 2033 3927 usque

335 3941 410 3996 ad
445 3942 542 3996 sed
583 3941 695 4012 pias
724 3941 1076 3997 fortitudinis
1135 3959 1408 3998 numeros
1448 3943 1517 3998 ad
1564 3945 1758 4000 omnia
1816 3961 2031 4016 pracpa-

333 4046 458 4084 rare
488 4045 605 4084 non
625 4030 912 4086 dubitent.

405 4111 656 4182 (fama,
706 4118 896 4181 quazst.
935 4113 1084 4166 18in
1139 4111 1299 4182 Gen.)
1329 4113 1407 4167 Ne
1463 4113 1694 4181 bestias,
1750 4114 1905 4169 velut
1959 4115 2030 4170 ab

332 4198 442 4264 bis,
495 4214 727 4269 prorsus
783 4199 966 4262 illaesi,
1020 4204 1476 4265 contemnamus,
1527 4203 1690 4272 quasi
1740 4205 2028 4258 nullarum

331 4285 444 4339 sint
469 4285 697 4340 virium.
742 4287 1167 4357 Nonnunquam
1221 4289 1503 4358 permittit
1537 4292 1680 4344 Deus
1717 4292 1859 4346 duos
1932 4297 2030 4346 aut

330 4379 495 4427 trese
542 4373 739 4428 multis
782 4374 1036 4428 millibus
1074 4376 1161 4430 vel
1193 4392 1225 4430 a
1270 4377 1666 4448 scorpionibus
1703 4379 1905 4450 pungi,
1939 4381 2026 4435 vel

329 4478 363 4514 a
403 4462 761 4532 serpentibus
813 4463 1104 4530 morderi;
1174 4468 1240 4518 ut
1268 4479 1374 4518 nos
1434 4465 1594 4519 veriti
1641 4481 1713 4520 ne
1772 4467 1912 4538 quid
1951 4467 2026 4520 si-

328 4549 462 4603 mile
507 4549 813 4620 patiamur,
863 4551 1040 4604 Deum
1090 4555 1405 4606 creatorem
1453 4552 1510 4606 in
1558 4553 1832 4608 auxilium
1867 4555 2024 4609 invo-

327 4652 540 4692 cemus.

399 4725 560 4794 (Anc.
595 4727 654 4779 in
713 4729 822 4782 Gen
853 4767 866 4792 ,
929 4725 966 4780 1.
1004 4741 1086 4792 ιιι,
1139 4741 1188 4781 c.
1230 4729 1334 4796 t3.)
1387 4727 1677 4793 Quaeritur
1727 4746 1904 4802 quare
1935 4731 2027 4786 hic

324 4829 438 4867 non
496 4815 569 4868 sit
602 4814 887 4883 additum,
951 4815 1103 4887 quod
1157 4816 1372 4870 dictum
1432 4822 1516 4871 est
1556 4818 1626 4872 de
1683 4819 2025 4875 animalibus

323 4917 634 4972 aquarum:
672 4922 699 4954 ‹‹
734 4903 1140 4976 Benedixitque
1191 4905 1274 4959 eis
1306 4906 1452 4960 Deus
1512 4905 1705 4961 dieens
1735 4925 1748 4961 :
1783 4909 2024 4964 Crescite

321 4993 378 5043 et
437 4991 924 5061 multiplicamini,
981 5014 1003 5042 ι
1066 4997 1173 5048 etc.
1253 4995 1416 5048 Forte
1474 4996 1626 5066 quod
1701 4996 1772 5051 de
1840 4997 2025 5068 prima

320 5081 578 5131 creatura
636 5079 843 5134 animas
899 5081 1139 5136 viventis
1196 5081 1412 5137 dictum
1483 5089 1625 5150 erat,
1657 5084 1726 5138 de
1778 5087 2024 5140 secunda

318 5165 873 5237 subintelligendum
930 5169 1187 5240 reliquit,
1240 5171 1486 5226 maxime
1549 5173 1685 5242 quia
1740 5172 1799 5228 in
1855 5174 2025 5244 hujus

316 5255 430 5310 diei
460 5253 730 5325 operibus
765 5256 875 5309 alia
929 5257 1094 5327 plura
1142 5258 1420 5314 dicturus.
1485 5261 1696 5315 Herbas
1721 5267 1914 5316 autem
1941 5266 2020 5316 at-

316 5359 431 5415 que
464 5343 616 5414 ligna
635 5343 770 5415 quia
795 5360 914 5398 non
970 5345 1182 5401 habent
1252 5349 1572 5419 generandi
1611 5350 1896 5416 affectum,
1923 5351 2024 5404 hu-

307 5432 404 5504 jus
452 5431 867 5487 benedictionis
922 5432 1159 5490 forsitan
1212 5435 1453 5508 indigna
1511 5437 1802 5510 judicavit.
1864 5439 2024 5505 Quod

315 5519 639 5578 necessario
683 5521 995 5595 repetitum
1045 5527 1133 5580 est
1185 5523 1243 5579 in
1289 5524 1544 5596 homine,
1569 5545 1639 5583 ne
1692 5529 1821 5602 quis
1857 5536 2023 5601 putet

2143 3061 2336 3130 plures
2383 3060 2521 3114 deos
2575 3061 2898 3128 credamus,
2957 3060 3050 3114 sed
3084 3067 3146 3115 ut
3207 3061 3452 3128 Patrem,
3501 3065 3558 3113 et
3611 3060 3843 3128 Filium,

2141 3154 2199 3204 et
2226 3148 2503 3219 Spiritum
2529 3154 2786 3204 sanctum
2817 3164 2998 3203 unum
3030 3149 3211 3203 Deum
3241 3148 3607 3220 accipiamus.

2214 3237 2541 3293 «Faciamus
2620 3238 2933 3292 hominem.
2997 3257 3025 3289 ii
3085 3237 3357 3308 (Bam,in
3405 3240 3692 3306 Hemaem.)
3734 3240 3845 3310 Ap-

2139 3331 2302 3398 paret
2330 3342 2506 3397 quare
2562 3326 2778 3381 dictum
2833 3327 2904 3381 sit
2943 3331 3005 3382 ut
3061 3331 3266 3382 caetera
3309 3328 3530 3394 tierent,
3585 3333 3717 3394 etc.,
3750 3344 3848 3382 us-

2139 3432 2242 3486 que
2271 3415 2345 3470 ad
2376 3415 2472 3470 sed
2505 3419 2569 3469 ut
2596 3431 2788 3471 veram
2820 3419 2945 3488 post
2973 3422 3215 3471 mortem
3273 3432 3331 3471 se
3388 3432 3617 3471 carnem
3679 3433 3842 3471 rece-

2143 3504 2293 3577 pisse
2328 3508 2692 3559 monstraret.

2215 3615 2236 3642 ι
2267 3593 2331 3647 Et
2351 3591 2544 3664 praesit
2576 3633 2591 3662 ,
2625 3612 2652 3644 ››
2677 3597 2784 3658 etc,
2835 3593 3020 3663 (Aro.,
3083 3593 3179 3648 lib.
3233 3610 3291 3647 ιιι
3326 3593 3393 3647 de
3450 3595 3586 3648 Gen.
3614 3609 3662 3648 c.
3719 3596 3843 3663 20.)

2148 3681 2472 3736 Notandum
2511 3680 2684 3735 etiam
2729 3681 2866 3752 quia
2911 3697 3040 3735 cum
3077 3682 3361 3736 dixisseta
3385 3681 3454 3736 ad
3521 3681 3840 3752 imaginem

2139 3773 2412 3836 nostram,
2465 3789 2492 3820 ii
2544 3770 2815 3823 continuo
2881 3769 3175 3840 subjunxit
3225 3771 3394 3825 :«Et
3420 3770 3616 3840 pressit
3669 3769 3844 3840 pisci-

2137 3857 2242 3912 bus
2274 3857 2444 3912 maris
2466 3862 2522 3912 et
2542 3858 2870 3912 volatilibus
2921 3859 3068 3913 caeli.
3105 3879 3132 3910 ››
3199 3859 3266 3913 Ut
3286 3858 3500 3912 scilicet
3554 3858 3846 3929 intelliga~

2139 3961 2266 4000 mus
2293 3946 2353 3999 in
2382 3946 2491 4000 hoc
2541 3946 2751 4000 factum
2801 3946 3091 4001 hominem
3122 3946 3196 4001 ad
3251 3947 3563 4017 imaginem
3623 3947 3740 4013 Dei,
3776 3948 3842 4004 in

2137 4049 2253 4105 quo
2285 4032 2768 4088 irrationabilibus
2828 4036 3137 4091 antecellit.
3174 4036 3230 4090 id
3291 4041 3485 4090 autem
3533 4040 3619 4090 est
3668 4036 3842 4103 ratio,

2136 4123 2222 4177 vel
2244 4138 2426 4189 mens,
2459 4123 2547 4177 vel
2599 4122 3074 4192 intelligentiavel
3121 4124 3167 4178 si
3223 4123 3335 4178 alio
3390 4124 3624 4178 nomine
3680 4140 3846 4180 com-

2137 4211 2363 4265 modius
2389 4216 2634 4278 vocetur,
2690 4211 2751 4266 in
2798 4227 2913 4282 quo
2967 4212 3182 4267 scilicet
3199 4213 3651 4284 contemplanda:
3683 4213 3846 4267 veri—

2141 4299 2242 4354 tati
2272 4299 2540 4354 inhaeret.

2211 4387 2372 4440 Vens.
2403 4389 2494 4453 27,
2520 4417 2587 4426 ——-
2620 4405 2646 4440 α
2694 4387 2759 4442 Et
2812 4388 3024 4443 creavit
3049 4388 3192 4442 Deus
3233 4387 3527 4443 hominem
3562 4387 3631 4442 ad
3689 4388 3842 4443 ima-

2138 4474 2449 4542 «ginem,»
2474 4480 2581 4529 etc.
2615 4476 2798 4544 (8am,
2823 4478 2880 4530 in
2930 4477 3081 4536 Gem.
3143 4492 3189 4530 c.
3232 4479 3250 4530 1
3304 4476 3411 4542 Qui
3470 4493 3586 4532 non
3640 4493 3847 4548 quem~

2136 4561 2271 4616 libet
2322 4566 2656 4618 sanctorum
2708 4564 3007 4631 imitando,
3049 4564 3148 4618 sed
3177 4564 3362 4635 ipsam
3405 4565 3703 4619 veritatem
3744 4564 3845 4619 in-

2135 4653 2369 4720 tuendo,
2403 4657 2675 4724 operatur
2705 4654 3006 4724 justitiam,
3061 4660 3124 4709 ut
3154 4655 3335 4725 ipsam
3392 4655 3696 4710 veritatem
3743 4653 3847 4708 in-

2135 4740 2356 4812 telligat
2385 4746 2443 4795 et
2489 4746 2762 4812 sequatur
2815 4759 2828 4797 :
2884 4742 2977 4797 hic
3029 4742 3245 4814 accepit
3283 4747 3618 4814 potestatem
3665 4757 3849 4813 super

2135 4828 2350 4896 omnia,
2381 4828 2518 4900 quia
2567 4827 2876 4900 spiritualis
2932 4830 3178 4902 quisque
3229 4829 3556 4891 eti‘ectus,et
3616 4831 3730 4885 Deo
3761 4830 3848 4884 si-

2136 4916 2304 4983 milis,
2337 4917 2529 4971 omnia
2549 4917 2785 4988 judicat,
2821 4923 2878 4972 et
2902 4917 3022 4988 ipse
3044 4935 3074 4971 a
3106 4917 3336 4972 nemine
3365 4917 3671 4990 judicatur.

2208 5022 2237 5052 ‹‹
2319 5003 2382 5057 Et
2436 5003 2648 5058 creavit
2715 5005 2880 5068 Deus,
2947 5025 2968 5054 ι
3059 5010 3164 5060 etc.
3240 5005 3426 5075 (Ana,
3482 5005 3581 5060 ubi
3642 5021 3846 5075 supra,

2132 5105 2254 5160 cap.
2346 5092 2435 5158 20,
2501 5095 2592 5154 2t,
2665 5095 2774 5162 22,)
2862 5093 3185 5148 Notandum
3283 5094 3439 5166 quod
3548 5094 3693 5148 sicut
3771 5093 3845 5152 in

2132 5178 2376 5234 creanda
2419 5180 2547 5234 luce
2611 5181 2820 5236 dicitur
2870 5198 2940 5237 ζα
2986 5182 3105 5238 Fiat
3145 5183 3260 5249 lux,
3314 5203 3336 5231 ο
3374 5185 3431 5236 et
3493 5183 3684 5237 statim
3753 5197 3845 5237 se-

2133 5267 2346 5339 quitur,
2379 5273 2481 5322 «et
2538 5269 2682 5324 facta
2739 5274 2820 5323 est
2878 5271 3171 5337 luxnsic
3230 5286 3360 5326 cum
3411 5271 3658 5325 dicitur:
3689 5271 3845 5325 «Fa~

2133 5356 2350 5409 ciamus
2396 5356 2709 5422 hominem,
2759 5380 2780 5407 ι
2837 5359 3102 5426 infertur,
3134 5380 3156 5408 ι
3208 5365 3267 5414 et
3285 5359 3418 5414 fecit
3467 5359 3614 5414 Deus
3650 5358 3846 5416 homi-

2135 5459 2266 5499 nem
2295 5444 2366 5499 ad
2398 5444 2711 5518 imaginem
2737 5447 2837 5503 Dei
2895 5464 2908 5504 :
2942 5471 2962 5497 ι
2991 5447 3128 5522 quia
3176 5448 3284 5502 ista
3340 5450 3548 5504 natura
3600 5446 3841 5504 intelle-

2130 5532 2334 5590 ctualis
2378 5539 2485 5602 est,
2526 5535 2672 5592 sicut
2725 5535 2826 5593 illa
2861 5536 2954 5594 lux
2989 5542 3084 5593 :et
3130 5535 3238 5593 hoc
3268 5539 3352 5592 est
3408 5535 3460 5593 ei
3481 5535 3627 5604 ﬁeri,
3675 5537 3837 5610 quod
3910 5604 3920 5612 ,
