  <div class='ocr_page' id='page_1' title='image "/cluster/home/n/w/nwhite01/storage/ocr_20150623/113/hvd.32044054759782/046.png"; bbox 0 0 4086 6190; ppageno 0'>
   <div class='ocr_carea' id='block_1_1' title="bbox 239 286 3745 371">
    <p class='ocr_par' dir='ltr' id='par_1_1' title="bbox 239 286 3745 371">
     <span class='ocr_line' id='line_1_1' title="bbox 239 286 3745 371; baseline 0.009 -33"><span class='ocrx_word' id='word_1_1' title='bbox 239 286 303 338; x_wconf 83' lang='lat'><strong>8|</strong></span> <span class='ocrx_word' id='word_1_2' title='bbox 1410 294 1663 349; x_wconf 79' lang='lat' dir='ltr'><strong>GLOSSA</strong></span> <span class='ocrx_word' id='word_1_3' title='bbox 1701 294 2103 354; x_wconf 74' lang='lat' dir='ltr'><strong>ORDINABIA.</strong></span> <span class='ocrx_word' id='word_1_4' title='bbox 2149 331 2217 338; x_wconf 90' lang='lat'><strong><em>—</em></strong></span> <span class='ocrx_word' id='word_1_5' title='bbox 2261 302 2389 355; x_wconf 83' lang='lat' dir='ltr'><strong>LIB.</strong></span> <span class='ocrx_word' id='word_1_6' title='bbox 2432 304 2589 359; x_wconf 82' lang='lat' dir='ltr'><strong>GEN.</strong></span> <span class='ocrx_word' id='word_1_7' title='bbox 3676 321 3745 371; x_wconf 77' lang='lat'><strong>82</strong></span> 
     </span>
    </p>
   </div>
   <div class='ocr_carea' id='block_1_2' title="bbox 234 412 3738 499">
    <p class='ocr_par' dir='ltr' id='par_1_2' title="bbox 234 412 3738 499">
     <span class='ocr_line' id='line_1_2' title="bbox 234 412 3738 499; baseline 0.008 -34"><span class='ocrx_word' id='word_1_8' title='bbox 234 426 552 483; x_wconf 77' lang='lat' dir='ltr'><strong>agnoscere</strong></span> <span class='ocrx_word' id='word_1_9' title='bbox 600 412 869 481; x_wconf 79' lang='lat' dir='ltr'><strong>Verbum,</strong></span> <span class='ocrx_word' id='word_1_10' title='bbox 898 429 1001 484; x_wconf 89' lang='lat' dir='ltr'><strong>per</strong></span> <span class='ocrx_word' id='word_1_11' title='bbox 1030 416 1179 487; x_wconf 85' lang='lat' dir='ltr'><strong>quod</strong></span> <span class='ocrx_word' id='word_1_12' title='bbox 1210 416 1294 479; x_wconf 88' lang='lat' dir='ltr'><strong>tit,</strong></span> <span class='ocrx_word' id='word_1_13' title='bbox 1347 421 1475 479; x_wconf 87' lang='lat' dir='ltr'><strong>etc.,</strong></span> <span class='ocrx_word' id='word_1_14' title='bbox 1509 434 1676 488; x_wconf 79' lang='lat' dir='ltr'><strong>usque</strong></span> <span class='ocrx_word' id='word_1_15' title='bbox 1706 420 1782 474; x_wconf 85' lang='lat' dir='ltr'><strong>ad</strong></span> <span class='ocrx_word' id='word_1_16' title='bbox 1838 420 1937 476; x_wconf 91' lang='lat' dir='ltr'><strong>sed</strong></span> <span class='ocrx_word' id='word_1_17' title='bbox 1966 424 2008 478; x_wconf 79' lang='grc' dir='ltr'><strong>Α</strong></span> <span class='ocrx_word' id='word_1_18' title='bbox 2052 423 2171 489; x_wconf 88' lang='lat' dir='ltr'><strong>Dei,</strong></span> <span class='ocrx_word' id='word_1_19' title='bbox 2205 426 2489 480; x_wconf 85' lang='lat' dir='ltr'><strong>masculus</strong></span> <span class='ocrx_word' id='word_1_20' title='bbox 2520 432 2577 482; x_wconf 91' lang='lat' dir='ltr'><strong>et</strong></span> <span class='ocrx_word' id='word_1_21' title='bbox 2604 428 2847 498; x_wconf 81' lang='lat' dir='ltr'><strong>femina;</strong></span> <span class='ocrx_word' id='word_1_22' title='bbox 2882 432 2938 486; x_wconf 89' lang='lat' dir='ltr'>id</span> <span class='ocrx_word' id='word_1_23' title='bbox 2969 439 3073 499; x_wconf 90' lang='lat' dir='ltr'><strong>est,</strong></span> <span class='ocrx_word' id='word_1_24' title='bbox 3110 435 3427 490; x_wconf 86' lang='lat' dir='ltr'><strong>intellectus</strong></span> <span class='ocrx_word' id='word_1_25' title='bbox 3458 442 3515 490; x_wconf 90' lang='lat' dir='ltr'><strong>et</strong></span> <span class='ocrx_word' id='word_1_26' title='bbox 3543 439 3687 492; x_wconf 88' lang='lat' dir='ltr'><strong>actio</strong></span> <span class='ocrx_word' id='word_1_27' title='bbox 3728 458 3738 493; x_wconf 90' lang='lat'>:</span> 
     </span>
    </p>
   </div>
   <div class='ocr_carea' id='block_1_3' title="bbox 237 500 1065 572">
    <p class='ocr_par' dir='ltr' id='par_1_3' title="bbox 237 500 1065 572">
     <span class='ocr_line' id='line_1_3' title="bbox 237 500 1065 572; baseline 0.001 -17"><span class='ocrx_word' id='word_1_28' title='bbox 237 500 619 555; x_wconf 77' lang='lat' dir='ltr'><strong>materialiter</strong></span> <span class='ocrx_word' id='word_1_29' title='bbox 647 502 1065 572; x_wconf 66' lang='lat' dir='ltr'><strong>praeseminata.</strong></span> 
     </span>
    </p>
   </div>
   <div class='ocr_carea' id='block_1_4' title="bbox 306 589 1939 664">
    <p class='ocr_par' dir='ltr' id='par_1_4' title="bbox 306 589 1939 664">
     <span class='ocr_line' id='line_1_4' title="bbox 306 589 1939 664; baseline 0.007 -25"><span class='ocrx_word' id='word_1_30' title='bbox 306 608 334 639; x_wconf 73' lang='grc' dir='ltr'>α</span> <span class='ocrx_word' id='word_1_31' title='bbox 368 589 683 643; x_wconf 74' lang='lat' dir='ltr'><strong>Masculum</strong></span> <span class='ocrx_word' id='word_1_32' title='bbox 729 593 787 644; x_wconf 90' lang='lat' dir='ltr'><strong>et</strong></span> <span class='ocrx_word' id='word_1_33' title='bbox 824 590 1097 644; x_wconf 78' lang='lat' dir='ltr'><strong>feminam</strong></span> <span class='ocrx_word' id='word_1_34' title='bbox 1130 591 1342 647; x_wconf 90' lang='lat' dir='ltr'><strong>creavit</strong></span> <span class='ocrx_word' id='word_1_35' title='bbox 1371 608 1486 660; x_wconf 88' lang='lat' dir='ltr'><strong>eos,</strong></span> <span class='ocrx_word' id='word_1_36' title='bbox 1520 614 1547 644; x_wconf 77' lang='grc' dir='ltr'><strong>ι)</strong></span> <span class='ocrx_word' id='word_1_37' title='bbox 1607 600 1712 650; x_wconf 92' lang='lat' dir='ltr'><strong>etc.</strong></span> <span class='ocrx_word' id='word_1_38' title='bbox 1750 597 1939 664; x_wconf 62' lang='lat' dir='ltr'><strong>(Reos,</strong></span> 
     </span>
    </p>
   </div>
   <div class='ocr_carea' id='block_1_5' title="bbox 232 678 1940 756">
    <p class='ocr_par' dir='ltr' id='par_1_5' title="bbox 232 678 1940 756">
     <span class='ocr_line' id='line_1_5' title="bbox 232 678 1940 756; baseline 0.005 -25"><span class='ocrx_word' id='word_1_39' title='bbox 232 679 293 731; x_wconf 84' lang='lat' dir='ltr'><strong>in</strong></span> <span class='ocrx_word' id='word_1_40' title='bbox 327 678 614 745; x_wconf 67' lang='lat' dir='ltr'><strong>Hexaem.)</strong></span> <span class='ocrx_word' id='word_1_41' title='bbox 647 680 854 733; x_wconf 77' lang='lat' dir='ltr'><strong>Postea</strong></span> <span class='ocrx_word' id='word_1_42' title='bbox 882 680 1110 750; x_wconf 83' lang='lat' dir='ltr'><strong>plenius</strong></span> <span class='ocrx_word' id='word_1_43' title='bbox 1132 685 1188 735; x_wconf 91' lang='lat' dir='ltr'><strong>et</strong></span> <span class='ocrx_word' id='word_1_44' title='bbox 1220 682 1373 738; x_wconf 86' lang='lat' dir='ltr'><strong>unde</strong></span> <span class='ocrx_word' id='word_1_45' title='bbox 1405 688 1460 737; x_wconf 92' lang='lat' dir='ltr'><strong>et</strong></span> <span class='ocrx_word' id='word_1_46' title='bbox 1487 684 1778 756; x_wconf 92' lang='lat' dir='ltr'><strong>quomodo</strong></span> <span class='ocrx_word' id='word_1_47' title='bbox 1837 688 1940 739; x_wconf 88' lang='lat' dir='ltr'><strong>ho-</strong></span> 
     </span>
    </p>
   </div>
   <div class='ocr_carea' id='block_1_6' title="bbox 231 766 1937 840">
    <p class='ocr_par' dir='ltr' id='par_1_6' title="bbox 231 766 1937 840">
     <span class='ocr_line' id='line_1_6' title="bbox 231 766 1937 840; baseline 0.006 -22"><span class='ocrx_word' id='word_1_48' title='bbox 231 766 425 819; x_wconf 84' lang='lat' dir='ltr'><strong>mines</strong></span> <span class='ocrx_word' id='word_1_49' title='bbox 448 766 581 820; x_wconf 89' lang='lat' dir='ltr'><strong>facti</strong></span> <span class='ocrx_word' id='word_1_50' title='bbox 612 770 746 820; x_wconf 89' lang='lat' dir='ltr'><strong>sunt</strong></span> <span class='ocrx_word' id='word_1_51' title='bbox 797 767 1120 838; x_wconf 78' lang='lat' dir='ltr'><strong>exponitur,</strong></span> <span class='ocrx_word' id='word_1_52' title='bbox 1166 773 1298 835; x_wconf 90' lang='lat' dir='ltr'><strong>etc.,</strong></span> <span class='ocrx_word' id='word_1_53' title='bbox 1338 785 1508 840; x_wconf 81' lang='lat' dir='ltr'><strong>usque</strong></span> <span class='ocrx_word' id='word_1_54' title='bbox 1562 773 1635 825; x_wconf 87' lang='lat' dir='ltr'><strong>ad</strong></span> <span class='ocrx_word' id='word_1_55' title='bbox 1682 772 1787 827; x_wconf 89' lang='lat' dir='ltr'><strong>etsi</strong></span> <span class='ocrx_word' id='word_1_56' title='bbox 1822 773 1937 827; x_wconf 87' lang='lat' dir='ltr'><strong>vir-</strong></span> 
     </span>
    </p>
   </div>
   <div class='ocr_carea' id='block_1_7' title="bbox 230 852 840 925">
    <p class='ocr_par' dir='ltr' id='par_1_7' title="bbox 230 852 840 925">
     <span class='ocr_line' id='line_1_7' title="bbox 230 852 840 925; baseline 0.007 -19"><span class='ocrx_word' id='word_1_57' title='bbox 230 852 450 923; x_wconf 87' lang='lat' dir='ltr'><strong>ginitas</strong></span> <span class='ocrx_word' id='word_1_58' title='bbox 480 853 840 925; x_wconf 67' lang='lat' dir='ltr'><strong>praeferatur.</strong></span> 
     </span>
    </p>
   </div>
   <div class='ocr_carea' id='block_1_8' title="bbox 309 943 1937 1015">
    <p class='ocr_par' dir='ltr' id='par_1_8' title="bbox 309 943 1937 1015">
     <span class='ocr_line' id='line_1_8' title="bbox 309 943 1937 1015; baseline 0.006 -20"><span class='ocrx_word' id='word_1_59' title='bbox 309 943 503 1011; x_wconf 69' lang='lat' dir='ltr'><strong>(Beas,</strong></span> <span class='ocrx_word' id='word_1_60' title='bbox 537 944 692 1010; x_wconf 85' lang='lat' dir='ltr'><strong>Isin.,</strong></span> <span class='ocrx_word' id='word_1_61' title='bbox 717 948 777 998; x_wconf 75' lang='lat' dir='ltr'><strong>ut</strong></span> <span class='ocrx_word' id='word_1_62' title='bbox 810 945 1022 1015; x_wconf 82' lang='lat' dir='ltr'><strong>supra.)</strong></span> <span class='ocrx_word' id='word_1_63' title='bbox 1051 946 1182 1000; x_wconf 90' lang='lat' dir='ltr'><strong>Post</strong></span> <span class='ocrx_word' id='word_1_64' title='bbox 1206 945 1329 1001; x_wconf 67' lang='lat' dir='ltr'><strong>hinc</strong></span> <span class='ocrx_word' id='word_1_65' title='bbox 1383 968 1408 997; x_wconf 76' lang='grc' dir='ltr'><strong>(ι</strong></span> <span class='ocrx_word' id='word_1_66' title='bbox 1443 948 1575 1003; x_wconf 85' lang='lat' dir='ltr'><strong>fecit</strong></span> <span class='ocrx_word' id='word_1_67' title='bbox 1632 950 1781 1004; x_wconf 85' lang='lat' dir='ltr'><strong>Deus</strong></span> <span class='ocrx_word' id='word_1_68' title='bbox 1828 951 1937 1004; x_wconf 81' lang='lat' dir='ltr'><strong>lio-</strong></span> 
     </span>
    </p>
   </div>
   <div class='ocr_carea' id='block_1_9' title="bbox 230 1029 1935 1101">
    <p class='ocr_par' dir='ltr' id='par_1_9' title="bbox 230 1029 1935 1101">
     <span class='ocr_line' id='line_1_9' title="bbox 230 1029 1935 1101; baseline 0.006 -19"><span class='ocrx_word' id='word_1_69' title='bbox 230 1029 459 1083; x_wconf 83' lang='lat' dir='ltr'><strong>minem</strong></span> <span class='ocrx_word' id='word_1_70' title='bbox 488 1030 559 1083; x_wconf 89' lang='lat' dir='ltr'><strong>ad</strong></span> <span class='ocrx_word' id='word_1_71' title='bbox 615 1030 928 1101; x_wconf 80' lang='lat' dir='ltr'><strong>imaginem</strong></span> <span class='ocrx_word' id='word_1_72' title='bbox 962 1038 1017 1087; x_wconf 93' lang='lat' dir='ltr'><strong>et</strong></span> <span class='ocrx_word' id='word_1_73' title='bbox 1068 1033 1505 1089; x_wconf 82' lang='lat' dir='ltr'><strong>similitudinem</strong></span> <span class='ocrx_word' id='word_1_74' title='bbox 1556 1052 1737 1091; x_wconf 88' lang='lat' dir='ltr'><strong>suam.</strong></span> <span class='ocrx_word' id='word_1_75' title='bbox 1776 1056 1803 1087; x_wconf 81' lang='lat'><strong>»</strong></span> <span class='ocrx_word' id='word_1_76' title='bbox 1862 1039 1935 1092; x_wconf 84' lang='lat' dir='ltr'><strong>vi-</strong></span> 
     </span>
    </p>
   </div>
   <div class='ocr_carea' id='block_1_10' title="bbox 234 1116 1933 1190">
    <p class='ocr_par' dir='ltr' id='par_1_10' title="bbox 234 1116 1933 1190">
     <span class='ocr_line' id='line_1_10' title="bbox 234 1116 1933 1190; baseline 0.006 -21"><span class='ocrx_word' id='word_1_77' title='bbox 234 1131 367 1169; x_wconf 90' lang='lat' dir='ltr'><strong>rum</strong></span> <span class='ocrx_word' id='word_1_78' title='bbox 403 1116 619 1171; x_wconf 87' lang='lat' dir='ltr'><strong>scilicet</strong></span> <span class='ocrx_word' id='word_1_79' title='bbox 648 1119 986 1188; x_wconf 88' lang='lat' dir='ltr'><strong>perfectum,</strong></span> <span class='ocrx_word' id='word_1_80' title='bbox 1019 1124 1150 1187; x_wconf 88' lang='lat' dir='ltr'><strong>etc.,</strong></span> <span class='ocrx_word' id='word_1_81' title='bbox 1180 1136 1352 1190; x_wconf 84' lang='lat' dir='ltr'><strong>usque</strong></span> <span class='ocrx_word' id='word_1_82' title='bbox 1381 1122 1454 1176; x_wconf 81' lang='lat' dir='ltr'><strong>ad</strong></span> <span class='ocrx_word' id='word_1_83' title='bbox 1485 1123 1634 1177; x_wconf 90' lang='lat' dir='ltr'><strong>unde</strong></span> <span class='ocrx_word' id='word_1_84' title='bbox 1681 1125 1887 1179; x_wconf 84' lang='lat' dir='ltr'><strong>Paulus</strong></span> <span class='ocrx_word' id='word_1_85' title='bbox 1920 1142 1933 1179; x_wconf 89' lang='lat'><strong>:</strong></span> 
     </span>
    </p>
   </div>
   <div class='ocr_carea' id='block_1_11' title="bbox 236 1205 1933 1281">
    <p class='ocr_par' dir='ltr' id='par_1_11' title="bbox 236 1205 1933 1281">
     <span class='ocr_line' id='line_1_11' title="bbox 236 1205 1933 1281; baseline 0.009 -29"><span class='ocrx_word' id='word_1_86' title='bbox 236 1226 264 1252; x_wconf 76' lang='grc' dir='ltr'>α</span> <span class='ocrx_word' id='word_1_87' title='bbox 298 1205 733 1259; x_wconf 85' lang='lat' dir='ltr'><strong>Seminavimus</strong></span> <span class='ocrx_word' id='word_1_88' title='bbox 761 1206 1082 1277; x_wconf 86' lang='lat' dir='ltr'><strong>spiritualia</strong></span> <span class='ocrx_word' id='word_1_89' title='bbox 1112 1208 1289 1276; x_wconf 84' lang='lat' dir='ltr'><strong>vobis,</strong></span> <span class='ocrx_word' id='word_1_90' title='bbox 1322 1226 1597 1281; x_wconf 90' lang='lat' dir='ltr'><strong>magnum</strong></span> <span class='ocrx_word' id='word_1_91' title='bbox 1621 1216 1708 1266; x_wconf 87' lang='lat' dir='ltr'><strong>est</strong></span> <span class='ocrx_word' id='word_1_92' title='bbox 1733 1212 1779 1266; x_wconf 92' lang='lat' dir='ltr'><strong>si</strong></span> <span class='ocrx_word' id='word_1_93' title='bbox 1807 1228 1933 1267; x_wconf 86' lang='lat' dir='ltr'><strong>car-</strong></span> 
     </span>
    </p>
   </div>
   <div class='ocr_carea' id='block_1_12' title="bbox 232 1293 1331 1367">
    <p class='ocr_par' dir='ltr' id='par_1_12' title="bbox 232 1293 1331 1367">
     <span class='ocr_line' id='line_1_12' title="bbox 232 1293 1331 1367; baseline 0.003 -20"><span class='ocrx_word' id='word_1_94' title='bbox 232 1293 391 1347; x_wconf 87' lang='lat' dir='ltr'><strong>nalia</strong></span> <span class='ocrx_word' id='word_1_95' title='bbox 419 1299 611 1347; x_wconf 90' lang='lat' dir='ltr'><strong>vestra</strong></span> <span class='ocrx_word' id='word_1_96' title='bbox 637 1300 918 1349; x_wconf 85' lang='lat' dir='ltr'><strong>metamus</strong></span> <span class='ocrx_word' id='word_1_97' title='bbox 949 1296 991 1366; x_wconf 87' lang='grc' dir='ltr'><strong>(Ι</strong></span> <span class='ocrx_word' id='word_1_98' title='bbox 1017 1298 1135 1352; x_wconf 84' lang='lat' dir='ltr'><strong>Cor.</strong></span> <span class='ocrx_word' id='word_1_99' title='bbox 1170 1301 1270 1367; x_wconf 81' lang='lat' dir='ltr'><strong>ix).</strong></span> <span class='ocrx_word' id='word_1_100' title='bbox 1305 1318 1331 1349; x_wconf 72' lang='grc' dir='ltr'><strong>υ</strong></span> 
     </span>
    </p>
   </div>
   <div class='ocr_carea' id='block_1_13' title="bbox 308 1382 1932 1458">
    <p class='ocr_par' dir='ltr' id='par_1_13' title="bbox 308 1382 1932 1458">
     <span class='ocr_line' id='line_1_13' title="bbox 308 1382 1932 1458; baseline 0.007 -25"><span class='ocrx_word' id='word_1_101' title='bbox 308 1382 481 1435; x_wconf 74' lang='lat' dir='ltr'><strong>Vens.</strong></span> <span class='ocrx_word' id='word_1_102' title='bbox 519 1385 607 1436; x_wconf 79' lang='lat'><strong>28.</strong></span> <span class='ocrx_word' id='word_1_103' title='bbox 854 1402 882 1435; x_wconf 72' lang='grc' dir='ltr'><strong>α</strong></span> <span class='ocrx_word' id='word_1_104' title='bbox 915 1386 979 1438; x_wconf 82' lang='lat' dir='ltr'><strong>Et</strong></span> <span class='ocrx_word' id='word_1_105' title='bbox 1007 1385 1390 1441; x_wconf 88' lang='lat' dir='ltr'><strong>dominamini</strong></span> <span class='ocrx_word' id='word_1_106' title='bbox 1428 1387 1694 1458; x_wconf 85' lang='lat' dir='ltr'><strong>piscibus,</strong></span> <span class='ocrx_word' id='word_1_107' title='bbox 1739 1407 1764 1442; x_wconf 78' lang='grc' dir='ltr'><strong><em>ι</em></strong></span> <span class='ocrx_word' id='word_1_108' title='bbox 1825 1394 1932 1444; x_wconf 86' lang='lat' dir='ltr'><strong>etc.</strong></span> 
     </span>
    </p>
   </div>
   <div class='ocr_carea' id='block_1_14' title="bbox 229 1469 1932 1546">
    <p class='ocr_par' dir='ltr' id='par_1_14' title="bbox 229 1469 1932 1546">
     <span class='ocr_line' id='line_1_14' title="bbox 229 1469 1932 1546; baseline 0.005 -23"><span class='ocrx_word' id='word_1_109' title='bbox 229 1470 401 1534; x_wconf 90' lang='lat' dir='ltr'><strong>Quod</strong></span> <span class='ocrx_word' id='word_1_110' title='bbox 428 1469 591 1541; x_wconf 87' lang='lat' dir='ltr'><strong>prius</strong></span> <span class='ocrx_word' id='word_1_111' title='bbox 610 1471 775 1542; x_wconf 90' lang='lat' dir='ltr'><strong>quasi</strong></span> <span class='ocrx_word' id='word_1_112' title='bbox 805 1474 1154 1528; x_wconf 88' lang='lat' dir='ltr'><strong>consulendo</strong></span> <span class='ocrx_word' id='word_1_113' title='bbox 1187 1475 1407 1529; x_wconf 86' lang='lat' dir='ltr'><strong>dixerat</strong></span> <span class='ocrx_word' id='word_1_114' title='bbox 1436 1476 1505 1530; x_wconf 91' lang='lat' dir='ltr'><strong>de</strong></span> <span class='ocrx_word' id='word_1_115' title='bbox 1532 1477 1636 1546; x_wconf 90' lang='lat' dir='ltr'><strong>eis,</strong></span> <span class='ocrx_word' id='word_1_116' title='bbox 1669 1494 1820 1532; x_wconf 91' lang='lat' dir='ltr'><strong>nunc</strong></span> <span class='ocrx_word' id='word_1_117' title='bbox 1846 1478 1932 1532; x_wconf 90' lang='lat' dir='ltr'><strong>di-</strong></span> 
     </span>
    </p>
   </div>
   <div class='ocr_carea' id='block_1_15' title="bbox 227 1558 1935 1631">
    <p class='ocr_par' dir='ltr' id='par_1_15' title="bbox 227 1558 1935 1631">
     <span class='ocr_line' id='line_1_15' title="bbox 227 1558 1935 1631; baseline 0.005 -20"><span class='ocrx_word' id='word_1_118' title='bbox 227 1558 638 1631; x_wconf 88' lang='lat' dir='ltr'><strong>citimperans,</strong></span> <span class='ocrx_word' id='word_1_119' title='bbox 658 1559 905 1615; x_wconf 88' lang='lat' dir='ltr'><strong>uthabet</strong></span> <span class='ocrx_word' id='word_1_120' title='bbox 926 1561 1138 1617; x_wconf 87' lang='lat' dir='ltr'><strong>scilicet</strong></span> <span class='ocrx_word' id='word_1_121' title='bbox 1153 1562 1475 1617; x_wconf 90' lang='lat' dir='ltr'><strong>dominium</strong></span> <span class='ocrx_word' id='word_1_122' title='bbox 1496 1565 1756 1620; x_wconf 91' lang='lat' dir='ltr'><strong>omnium</strong></span> <span class='ocrx_word' id='word_1_123' title='bbox 1781 1582 1935 1620; x_wconf 83' lang='lat' dir='ltr'><strong>crea-</strong></span> 
     </span>
    </p>
   </div>
   <div class='ocr_carea' id='block_1_16' title="bbox 224 1648 1930 1725">
    <p class='ocr_par' dir='ltr' id='par_1_16' title="bbox 224 1648 1930 1725">
     <span class='ocr_line' id='line_1_16' title="bbox 224 1648 1930 1725; baseline 0.005 -25"><span class='ocrx_word' id='word_1_124' title='bbox 224 1651 495 1701; x_wconf 76' lang='lat' dir='ltr'><strong>terarum</strong></span> <span class='ocrx_word' id='word_1_125' title='bbox 527 1648 590 1702; x_wconf 89' lang='lat' dir='ltr'><strong>in</strong></span> <span class='ocrx_word' id='word_1_126' title='bbox 622 1648 892 1704; x_wconf 89' lang='lat' dir='ltr'><strong>inferiore</strong></span> <span class='ocrx_word' id='word_1_127' title='bbox 922 1655 1082 1721; x_wconf 89' lang='lat' dir='ltr'><strong>parte</strong></span> <span class='ocrx_word' id='word_1_128' title='bbox 1114 1652 1333 1706; x_wconf 91' lang='lat' dir='ltr'><strong>mundi.</strong></span> <span class='ocrx_word' id='word_1_129' title='bbox 1368 1653 1531 1717; x_wconf 85' lang='lat' dir='ltr'><strong>Quod</strong></span> <span class='ocrx_word' id='word_1_130' title='bbox 1568 1670 1673 1725; x_wconf 89' lang='lat' dir='ltr'><strong>per</strong></span> <span class='ocrx_word' id='word_1_131' title='bbox 1702 1654 1930 1725; x_wconf 89' lang='lat' dir='ltr'><strong>singula</strong></span> 
     </span>
    </p>
   </div>
   <div class='ocr_carea' id='block_1_17' title="bbox 225 1737 582 1807">
    <p class='ocr_par' dir='ltr' id='par_1_17' title="bbox 225 1737 582 1807">
     <span class='ocr_line' id='line_1_17' title="bbox 225 1737 582 1807; baseline 0 -18"><span class='ocrx_word' id='word_1_132' title='bbox 225 1737 582 1807; x_wconf 80' lang='lat' dir='ltr'><strong>exsequitur.</strong></span> 
     </span>
    </p>
   </div>
   <div class='ocr_carea' id='block_1_18' title="bbox 298 1825 1933 1899">
    <p class='ocr_par' dir='ltr' id='par_1_18' title="bbox 298 1825 1933 1899">
     <span class='ocr_line' id='line_1_18' title="bbox 298 1825 1933 1899; baseline 0.007 -22"><span class='ocrx_word' id='word_1_133' title='bbox 298 1844 325 1875; x_wconf 74' lang='grc' dir='ltr'><strong>α</strong></span> <span class='ocrx_word' id='word_1_134' title='bbox 381 1827 450 1879; x_wconf 77' lang='lat' dir='ltr'><strong>Et</strong></span> <span class='ocrx_word' id='word_1_135' title='bbox 512 1825 895 1881; x_wconf 83' lang='lat' dir='ltr'><strong>dominamini</strong></span> <span class='ocrx_word' id='word_1_136' title='bbox 973 1827 1220 1899; x_wconf 88' lang='lat' dir='ltr'><strong>piscibus</strong></span> <span class='ocrx_word' id='word_1_137' title='bbox 1284 1830 1476 1885; x_wconf 89' lang='lat' dir='ltr'><strong>maris.</strong></span> <span class='ocrx_word' id='word_1_138' title='bbox 1533 1850 1561 1883; x_wconf 69' lang='grc' dir='ltr'><strong><em>ν</em></strong></span> <span class='ocrx_word' id='word_1_139' title='bbox 1618 1832 1810 1899; x_wconf 76' lang='grc' dir='ltr'><strong>(ΒεοΑ,</strong></span> <span class='ocrx_word' id='word_1_140' title='bbox 1872 1836 1933 1889; x_wconf 80' lang='lat' dir='ltr'><strong>in</strong></span> 
     </span>
    </p>
   </div>
   <div class='ocr_carea' id='block_1_19' title="bbox 224 1914 1927 1987">
    <p class='ocr_par' dir='ltr' id='par_1_19' title="bbox 224 1914 1927 1987">
     <span class='ocr_line' id='line_1_19' title="bbox 224 1914 1927 1987; baseline 0.004 -20"><span class='ocrx_word' id='word_1_141' title='bbox 224 1914 528 1985; x_wconf 72' lang='lat' dir='ltr'><strong>Hexaem.)</strong></span> <span class='ocrx_word' id='word_1_142' title='bbox 565 1916 854 1979; x_wconf 71' lang='lat' dir='ltr'><strong>Quaeritur</strong></span> <span class='ocrx_word' id='word_1_143' title='bbox 891 1932 1005 1987; x_wconf 91' lang='lat' dir='ltr'><strong>qua</strong></span> <span class='ocrx_word' id='word_1_144' title='bbox 1052 1918 1298 1972; x_wconf 87' lang='lat' dir='ltr'><strong>utilitate</strong></span> <span class='ocrx_word' id='word_1_145' title='bbox 1344 1919 1517 1973; x_wconf 86' lang='lat' dir='ltr'><strong>homo</strong></span> <span class='ocrx_word' id='word_1_146' title='bbox 1567 1920 1927 1974; x_wconf 85' lang='lat' dir='ltr'><strong>dominatum</strong></span> 
     </span>
    </p>
   </div>
   <div class='ocr_carea' id='block_1_20' title="bbox 227 2003 1932 2077">
    <p class='ocr_par' dir='ltr' id='par_1_20' title="bbox 227 2003 1932 2077">
     <span class='ocr_line' id='line_1_20' title="bbox 227 2003 1932 2077; baseline 0.004 -21"><span class='ocrx_word' id='word_1_147' title='bbox 227 2003 376 2057; x_wconf 89' lang='lat' dir='ltr'><strong>inter</strong></span> <span class='ocrx_word' id='word_1_148' title='bbox 421 2009 632 2058; x_wconf 74' lang='lat' dir='ltr'><strong>caetera</strong></span> <span class='ocrx_word' id='word_1_149' title='bbox 660 2005 977 2059; x_wconf 88' lang='lat' dir='ltr'><strong>animantia</strong></span> <span class='ocrx_word' id='word_1_150' title='bbox 1018 2006 1294 2077; x_wconf 88' lang='lat' dir='ltr'><strong>percepit,</strong></span> <span class='ocrx_word' id='word_1_151' title='bbox 1354 2011 1440 2060; x_wconf 88' lang='lat' dir='ltr'><strong>etc</strong></span> <span class='ocrx_word' id='word_1_152' title='bbox 1470 2048 1485 2075; x_wconf 92' lang='lat'><strong>,</strong></span> <span class='ocrx_word' id='word_1_153' title='bbox 1538 2023 1707 2077; x_wconf 85' lang='lat' dir='ltr'><strong>usque</strong></span> <span class='ocrx_word' id='word_1_154' title='bbox 1748 2008 1822 2062; x_wconf 88' lang='lat' dir='ltr'><strong>ad</strong></span> <span class='ocrx_word' id='word_1_155' title='bbox 1876 2012 1932 2063; x_wconf 91' lang='lat' dir='ltr'><strong>et</strong></span> 
     </span>
    </p>
   </div>
   <div class='ocr_carea' id='block_1_21' title="bbox 231 2091 1780 2164">
    <p class='ocr_par' dir='ltr' id='par_1_21' title="bbox 231 2091 1780 2164">
     <span class='ocr_line' id='line_1_21' title="bbox 231 2091 1780 2164; baseline 0.004 -19"><span class='ocrx_word' id='word_1_156' title='bbox 231 2091 405 2145; x_wconf 88' lang='lat' dir='ltr'><strong>rictus</strong></span> <span class='ocrx_word' id='word_1_157' title='bbox 432 2091 753 2146; x_wconf 87' lang='lat' dir='ltr'><strong>bestiarum</strong></span> <span class='ocrx_word' id='word_1_158' title='bbox 787 2099 844 2147; x_wconf 89' lang='lat' dir='ltr'><strong>et</strong></span> <span class='ocrx_word' id='word_1_159' title='bbox 867 2098 1196 2164; x_wconf 85' lang='lat' dir='ltr'><strong>serpentum</strong></span> <span class='ocrx_word' id='word_1_160' title='bbox 1228 2110 1513 2149; x_wconf 83' lang='lat' dir='ltr'><strong>venenum</strong></span> <span class='ocrx_word' id='word_1_161' title='bbox 1528 2095 1780 2151; x_wconf 88' lang='lat' dir='ltr'><strong>cessisse.</strong></span> 
     </span>
    </p>
   </div>
   <div class='ocr_carea' id='block_1_22' title="bbox 295 2181 1923 2253">
    <p class='ocr_par' dir='ltr' id='par_1_22' title="bbox 295 2181 1923 2253">
     <span class='ocr_line' id='line_1_22' title="bbox 295 2181 1923 2253; baseline 0.005 -23"><span class='ocrx_word' id='word_1_162' title='bbox 295 2181 457 2235; x_wconf 74' lang='lat' dir='ltr'><strong>Vens.</strong></span> <span class='ocrx_word' id='word_1_163' title='bbox 498 2184 586 2235; x_wconf 75' lang='lat'><strong>?9.</strong></span> <span class='ocrx_word' id='word_1_164' title='bbox 638 2212 708 2222; x_wconf 93' lang='lat'><strong><em>—</em></strong></span> <span class='ocrx_word' id='word_1_165' title='bbox 766 2201 793 2233; x_wconf 76' lang='grc' dir='ltr'>α</span> <span class='ocrx_word' id='word_1_166' title='bbox 831 2182 1089 2253; x_wconf 83' lang='lat' dir='ltr'><strong>Dixitque</strong></span> <span class='ocrx_word' id='word_1_167' title='bbox 1146 2184 1294 2237; x_wconf 87' lang='lat' dir='ltr'><strong>Deus</strong></span> <span class='ocrx_word' id='word_1_168' title='bbox 1325 2202 1342 2237; x_wconf 91' lang='lat'><strong><em>:</em></strong></span> <span class='ocrx_word' id='word_1_169' title='bbox 1392 2185 1527 2238; x_wconf 83' lang='lat' dir='ltr'><strong>Ecce</strong></span> <span class='ocrx_word' id='word_1_170' title='bbox 1559 2184 1710 2253; x_wconf 87' lang='lat' dir='ltr'><strong>dedi,</strong></span> <span class='ocrx_word' id='word_1_171' title='bbox 1741 2205 1768 2235; x_wconf 77' lang='grc' dir='ltr'><strong>ιο</strong></span> <span class='ocrx_word' id='word_1_172' title='bbox 1818 2188 1923 2239; x_wconf 89' lang='lat' dir='ltr'><strong>etc.</strong></span> 
     </span>
    </p>
   </div>
   <div class='ocr_carea' id='block_1_23' title="bbox 226 2270 1931 2343">
    <p class='ocr_par' dir='ltr' id='par_1_23' title="bbox 226 2270 1931 2343">
     <span class='ocr_line' id='line_1_23' title="bbox 226 2270 1931 2343; baseline 0.003 -21"><span class='ocrx_word' id='word_1_173' title='bbox 226 2270 407 2335; x_wconf 69' lang='lat'><strong>(830.,</strong></span> <span class='ocrx_word' id='word_1_174' title='bbox 440 2270 604 2335; x_wconf 76' lang='lat' dir='ltr'><strong>ibid.)</strong></span> <span class='ocrx_word' id='word_1_175' title='bbox 638 2273 796 2325; x_wconf 80' lang='lat' dir='ltr'><strong>Patet</strong></span> <span class='ocrx_word' id='word_1_176' title='bbox 824 2272 975 2341; x_wconf 89' lang='lat' dir='ltr'><strong>quod</strong></span> <span class='ocrx_word' id='word_1_177' title='bbox 1009 2276 1141 2325; x_wconf 88' lang='lat' dir='ltr'><strong>ante</strong></span> <span class='ocrx_word' id='word_1_178' title='bbox 1172 2276 1469 2343; x_wconf 90' lang='lat' dir='ltr'><strong>peccatum</strong></span> <span class='ocrx_word' id='word_1_179' title='bbox 1501 2272 1749 2327; x_wconf 90' lang='lat' dir='ltr'><strong>hominis</strong></span> <span class='ocrx_word' id='word_1_180' title='bbox 1778 2278 1931 2327; x_wconf 91' lang='lat' dir='ltr'><strong>terra</strong></span> 
     </span>
    </p>
   </div>
   <div class='ocr_carea' id='block_1_24' title="bbox 224 2359 1927 2431">
    <p class='ocr_par' dir='ltr' id='par_1_24' title="bbox 224 2359 1927 2431">
     <span class='ocr_line' id='line_1_24' title="bbox 224 2359 1927 2431; baseline 0.002 -18"><span class='ocrx_word' id='word_1_181' title='bbox 224 2359 364 2415; x_wconf 85' lang='lat' dir='ltr'><strong>nihil</strong></span> <span class='ocrx_word' id='word_1_182' title='bbox 395 2360 639 2415; x_wconf 80' lang='lat' dir='ltr'><strong>noxium</strong></span> <span class='ocrx_word' id='word_1_183' title='bbox 669 2361 927 2431; x_wconf 86' lang='lat' dir='ltr'><strong>protulit,</strong></span> <span class='ocrx_word' id='word_1_184' title='bbox 973 2378 1088 2416; x_wconf 91' lang='lat' dir='ltr'><strong>non</strong></span> <span class='ocrx_word' id='word_1_185' title='bbox 1120 2362 1358 2416; x_wconf 90' lang='lat' dir='ltr'><strong>herbam</strong></span> <span class='ocrx_word' id='word_1_186' title='bbox 1410 2368 1769 2430; x_wconf 84' lang='lat' dir='ltr'><strong>venenatam,</strong></span> <span class='ocrx_word' id='word_1_187' title='bbox 1812 2380 1927 2417; x_wconf 89' lang='lat' dir='ltr'><strong>non</strong></span> 
     </span>
    </p>
   </div>
   <div class='ocr_carea' id='block_1_25' title="bbox 223 2448 1928 2522">
    <p class='ocr_par' dir='ltr' id='par_1_25' title="bbox 223 2448 1928 2522">
     <span class='ocr_line' id='line_1_25' title="bbox 223 2448 1928 2522; baseline 0.002 -21"><span class='ocrx_word' id='word_1_188' title='bbox 223 2449 491 2503; x_wconf 88' lang='lat' dir='ltr'><strong>arborem</strong></span> <span class='ocrx_word' id='word_1_189' title='bbox 550 2448 826 2504; x_wconf 88' lang='lat' dir='ltr'><strong>sterilem.</strong></span> <span class='ocrx_word' id='word_1_190' title='bbox 861 2449 1060 2505; x_wconf 88' lang='lat' dir='ltr'><strong>Omnis</strong></span> <span class='ocrx_word' id='word_1_191' title='bbox 1090 2451 1245 2504; x_wconf 90' lang='lat' dir='ltr'><strong>enim</strong></span> <span class='ocrx_word' id='word_1_192' title='bbox 1297 2451 1474 2504; x_wconf 86' lang='lat' dir='ltr'><strong>herba</strong></span> <span class='ocrx_word' id='word_1_193' title='bbox 1514 2455 1571 2505; x_wconf 91' lang='lat' dir='ltr'><strong>et</strong></span> <span class='ocrx_word' id='word_1_194' title='bbox 1594 2451 1752 2522; x_wconf 89' lang='lat' dir='ltr'><strong>ligna</strong></span> <span class='ocrx_word' id='word_1_195' title='bbox 1792 2452 1928 2505; x_wconf 91' lang='lat' dir='ltr'><strong>data</strong></span> 
     </span>
    </p>
   </div>
   <div class='ocr_carea' id='block_1_26' title="bbox 223 2536 1926 2602">
    <p class='ocr_par' dir='ltr' id='par_1_26' title="bbox 223 2536 1926 2602">
     <span class='ocr_line' id='line_1_26' title="bbox 223 2536 1926 2602; baseline 0.003 -13"><span class='ocrx_word' id='word_1_196' title='bbox 223 2541 354 2591; x_wconf 88' lang='lat' dir='ltr'><strong>sunt</strong></span> <span class='ocrx_word' id='word_1_197' title='bbox 375 2536 736 2600; x_wconf 89' lang='lat' dir='ltr'><strong>hominibus,</strong></span> <span class='ocrx_word' id='word_1_198' title='bbox 769 2542 825 2591; x_wconf 93' lang='lat' dir='ltr'><strong>et</strong></span> <span class='ocrx_word' id='word_1_199' title='bbox 855 2536 1196 2602; x_wconf 75' lang='lat' dir='ltr'><strong>volatilibus,</strong></span> <span class='ocrx_word' id='word_1_200' title='bbox 1248 2542 1304 2592; x_wconf 90' lang='lat' dir='ltr'><strong>et</strong></span> <span class='ocrx_word' id='word_1_201' title='bbox 1346 2538 1732 2593; x_wconf 86' lang='lat' dir='ltr'><strong>animantibus</strong></span> <span class='ocrx_word' id='word_1_202' title='bbox 1759 2544 1926 2594; x_wconf 67' lang='lat' dir='ltr'><strong>terra:</strong></span> 
     </span>
    </p>
   </div>
   <div class='ocr_carea' id='block_1_27' title="bbox 225 2625 1923 2696">
    <p class='ocr_par' dir='ltr' id='par_1_27' title="bbox 225 2625 1923 2696">
     <span class='ocr_line' id='line_1_27' title="bbox 225 2625 1923 2696; baseline 0.002 -17"><span class='ocrx_word' id='word_1_203' title='bbox 225 2628 280 2681; x_wconf 90' lang='lat' dir='ltr'><strong>in</strong></span> <span class='ocrx_word' id='word_1_204' title='bbox 309 2642 529 2681; x_wconf 88' lang='lat' dir='ltr'><strong>escam.</strong></span> <span class='ocrx_word' id='word_1_205' title='bbox 564 2626 721 2680; x_wconf 86' lang='lat' dir='ltr'><strong>Unde</strong></span> <span class='ocrx_word' id='word_1_206' title='bbox 746 2630 903 2696; x_wconf 89' lang='lat' dir='ltr'><strong>patet</strong></span> <span class='ocrx_word' id='word_1_207' title='bbox 932 2625 1090 2695; x_wconf 92' lang='lat' dir='ltr'><strong>quod</strong></span> <span class='ocrx_word' id='word_1_208' title='bbox 1122 2630 1257 2679; x_wconf 91' lang='lat' dir='ltr'><strong>tunc</strong></span> <span class='ocrx_word' id='word_1_209' title='bbox 1286 2626 1559 2679; x_wconf 85' lang='lat' dir='ltr'><strong>animalia</strong></span> <span class='ocrx_word' id='word_1_210' title='bbox 1587 2627 1923 2682; x_wconf 88' lang='lat' dir='ltr'><strong>animalium</strong></span> 
     </span>
    </p>
   </div>
   <div class='ocr_carea' id='block_1_28' title="bbox 223 2714 1922 2785">
    <p class='ocr_par' dir='ltr' id='par_1_28' title="bbox 223 2714 1922 2785">
     <span class='ocr_line' id='line_1_28' title="bbox 223 2714 1922 2785; baseline 0.001 -16"><span class='ocrx_word' id='word_1_211' title='bbox 223 2731 321 2769; x_wconf 87' lang='lat' dir='ltr'><strong>esu</strong></span> <span class='ocrx_word' id='word_1_212' title='bbox 347 2731 468 2769; x_wconf 91' lang='lat' dir='ltr'><strong>non</strong></span> <span class='ocrx_word' id='word_1_213' title='bbox 504 2715 794 2785; x_wconf 82' lang='lat' dir='ltr'><strong>vivebant,</strong></span> <span class='ocrx_word' id='word_1_214' title='bbox 826 2714 926 2769; x_wconf 90' lang='lat' dir='ltr'><strong>sed</strong></span> <span class='ocrx_word' id='word_1_215' title='bbox 982 2714 1338 2769; x_wconf 88' lang='lat' dir='ltr'><strong>concorditer</strong></span> <span class='ocrx_word' id='word_1_216' title='bbox 1367 2714 1559 2769; x_wconf 87' lang='lat' dir='ltr'><strong>herbis</strong></span> <span class='ocrx_word' id='word_1_217' title='bbox 1614 2719 1671 2770; x_wconf 93' lang='lat' dir='ltr'><strong>et</strong></span> <span class='ocrx_word' id='word_1_218' title='bbox 1720 2716 1922 2771; x_wconf 85' lang='lat' dir='ltr'><strong>fructi-</strong></span> 
     </span>
    </p>
   </div>
   <div class='ocr_carea' id='block_1_29' title="bbox 224 2801 761 2857">
    <p class='ocr_par' dir='ltr' id='par_1_29' title="bbox 224 2801 761 2857">
     <span class='ocr_line' id='line_1_29' title="bbox 224 2801 761 2857; baseline 0.004 -2"><span class='ocrx_word' id='word_1_219' title='bbox 224 2801 325 2856; x_wconf 91' lang='lat' dir='ltr'><strong>bus</strong></span> <span class='ocrx_word' id='word_1_220' title='bbox 355 2802 761 2857; x_wconf 80' lang='lat' dir='ltr'><strong>vescebantur.</strong></span> 
     </span>
    </p>
   </div>
   <div class='ocr_carea' id='block_1_30' title="bbox 291 2891 1925 2961">
    <p class='ocr_par' dir='ltr' id='par_1_30' title="bbox 291 2891 1925 2961">
     <span class='ocr_line' id='line_1_30' title="bbox 291 2891 1925 2961; baseline 0.003 -18"><span class='ocrx_word' id='word_1_221' title='bbox 291 2892 469 2945; x_wconf 75' lang='lat' dir='ltr'><strong>Vens.</strong></span> <span class='ocrx_word' id='word_1_222' title='bbox 506 2893 596 2945; x_wconf 90' lang='lat'><strong>30.</strong></span> <span class='ocrx_word' id='word_1_223' title='bbox 863 2913 890 2940; x_wconf 81' lang='grc' dir='ltr'><strong>ι(</strong></span> <span class='ocrx_word' id='word_1_224' title='bbox 940 2891 1003 2945; x_wconf 86' lang='lat' dir='ltr'><strong>Et</strong></span> <span class='ocrx_word' id='word_1_225' title='bbox 1033 2891 1242 2945; x_wconf 91' lang='lat' dir='ltr'><strong>factum</strong></span> <span class='ocrx_word' id='word_1_226' title='bbox 1277 2895 1361 2946; x_wconf 91' lang='lat' dir='ltr'><strong>est</strong></span> <span class='ocrx_word' id='word_1_227' title='bbox 1391 2891 1487 2945; x_wconf 86' lang='lat' dir='ltr'><strong>ita.</strong></span> <span class='ocrx_word' id='word_1_228' title='bbox 1526 2913 1553 2941; x_wconf 80' lang='grc'>›</span> <span class='ocrx_word' id='word_1_229' title='bbox 1614 2891 1803 2961; x_wconf 77' lang='lat' dir='ltr'><strong>(AC-6.,</strong></span> <span class='ocrx_word' id='word_1_230' title='bbox 1859 2895 1925 2947; x_wconf 86' lang='lat' dir='ltr'><strong>de</strong></span> 
     </span>
    </p>
   </div>
   <div class='ocr_carea' id='block_1_31' title="bbox 2051 515 3743 596">
    <p class='ocr_par' dir='ltr' id='par_1_31' title="bbox 2051 515 3743 596">
     <span class='ocr_line' id='line_1_31' title="bbox 2051 515 3743 596; baseline 0.01 -32"><span class='ocrx_word' id='word_1_231' title='bbox 2051 527 2296 581; x_wconf 89' lang='lat' dir='ltr'><strong>quorum</strong></span> <span class='ocrx_word' id='word_1_232' title='bbox 2318 515 2678 585; x_wconf 90' lang='lat' dir='ltr'><strong>copulatione</strong></span> <span class='ocrx_word' id='word_1_233' title='bbox 2707 518 3023 588; x_wconf 87' lang='lat' dir='ltr'><strong>spiritualis</strong></span> <span class='ocrx_word' id='word_1_234' title='bbox 3058 520 3201 575; x_wconf 89' lang='lat' dir='ltr'><strong>fetus</strong></span> <span class='ocrx_word' id='word_1_235' title='bbox 3231 527 3443 578; x_wconf 89' lang='lat' dir='ltr'><strong>terram</strong></span> <span class='ocrx_word' id='word_1_236' title='bbox 3483 524 3743 596; x_wconf 81' lang='lat' dir='ltr'><strong>impleat,</strong></span> 
     </span>
    </p>
   </div>
   <div class='ocr_carea' id='block_1_32' title="bbox 2050 598 3741 683">
    <p class='ocr_par' dir='ltr' id='par_1_32' title="bbox 2050 598 3741 683">
     <span class='ocr_line' id='line_1_32' title="bbox 2050 598 3741 683; baseline 0.01 -30"><span class='ocrx_word' id='word_1_237' title='bbox 2050 598 2107 654; x_wconf 92' lang='lat' dir='ltr'><strong>id</strong></span> <span class='ocrx_word' id='word_1_238' title='bbox 2138 604 2243 671; x_wconf 91' lang='lat' dir='ltr'><strong>est,</strong></span> <span class='ocrx_word' id='word_1_239' title='bbox 2274 618 2501 657; x_wconf 87' lang='lat' dir='ltr'><strong>carnem</strong></span> <span class='ocrx_word' id='word_1_240' title='bbox 2534 605 2815 675; x_wconf 85' lang='lat' dir='ltr'><strong>subjiciat,</strong></span> <span class='ocrx_word' id='word_1_241' title='bbox 2866 614 2921 661; x_wconf 89' lang='lat' dir='ltr'><strong>et</strong></span> <span class='ocrx_word' id='word_1_242' title='bbox 2973 615 3177 663; x_wconf 63' lang='lat' dir='ltr'><strong>caatcra</strong></span> <span class='ocrx_word' id='word_1_243' title='bbox 3210 627 3339 681; x_wconf 68' lang='lat' dir='ltr'><strong>qua:</strong></span> <span class='ocrx_word' id='word_1_244' title='bbox 3384 613 3504 683; x_wconf 84' lang='lat' dir='ltr'><strong>jam</strong></span> <span class='ocrx_word' id='word_1_245' title='bbox 3556 614 3612 668; x_wconf 92' lang='lat' dir='ltr'><strong>in</strong></span> <span class='ocrx_word' id='word_1_246' title='bbox 3646 616 3741 669; x_wconf 85' lang='lat' dir='ltr'><strong>ho-</strong></span> 
     </span>
    </p>
   </div>
   <div class='ocr_carea' id='block_1_33' title="bbox 2050 688 3740 771">
    <p class='ocr_par' dir='ltr' id='par_1_33' title="bbox 2050 688 3740 771">
     <span class='ocr_line' id='line_1_33' title="bbox 2050 688 3740 771; baseline 0.009 -30"><span class='ocrx_word' id='word_1_247' title='bbox 2050 688 2219 743; x_wconf 89' lang='lat' dir='ltr'><strong>minis</strong></span> <span class='ocrx_word' id='word_1_248' title='bbox 2251 692 2599 760; x_wconf 84' lang='lat' dir='ltr'><strong>perfectione</strong></span> <span class='ocrx_word' id='word_1_249' title='bbox 2628 694 2777 748; x_wconf 90' lang='lat' dir='ltr'><strong>dicta</strong></span> <span class='ocrx_word' id='word_1_250' title='bbox 2810 702 2958 751; x_wconf 90' lang='lat' dir='ltr'><strong>sunt.</strong></span> <span class='ocrx_word' id='word_1_251' title='bbox 3012 699 3075 751; x_wconf 89' lang='lat' dir='ltr'><strong>In</strong></span> <span class='ocrx_word' id='word_1_252' title='bbox 3107 698 3229 752; x_wconf 85' lang='lat' dir='ltr'><strong>istis</strong></span> <span class='ocrx_word' id='word_1_253' title='bbox 3261 717 3509 771; x_wconf 86' lang='lat' dir='ltr'><strong>namque</strong></span> <span class='ocrx_word' id='word_1_254' title='bbox 3542 703 3740 758; x_wconf 88' lang='lat' dir='ltr'><strong>diebus</strong></span> 
     </span>
    </p>
   </div>
   <div class='ocr_carea' id='block_1_34' title="bbox 2049 780 3740 861">
    <p class='ocr_par' dir='ltr' id='par_1_34' title="bbox 2049 780 3740 861">
     <span class='ocr_line' id='line_1_34' title="bbox 2049 780 3740 861; baseline 0.011 -32"><span class='ocrx_word' id='word_1_255' title='bbox 2049 793 2283 848; x_wconf 89' lang='lat' dir='ltr'><strong>vespera</strong></span> <span class='ocrx_word' id='word_1_256' title='bbox 2329 784 2414 833; x_wconf 88' lang='lat' dir='ltr'><strong>est</strong></span> <span class='ocrx_word' id='word_1_257' title='bbox 2473 780 2596 852; x_wconf 90' lang='lat' dir='ltr'><strong>ipsa</strong></span> <span class='ocrx_word' id='word_1_258' title='bbox 2624 784 2895 852; x_wconf 83' lang='lat' dir='ltr'><strong>perfectio</strong></span> <span class='ocrx_word' id='word_1_259' title='bbox 2952 786 3313 858; x_wconf 90' lang='lat' dir='ltr'><strong>singulorum</strong></span> <span class='ocrx_word' id='word_1_260' title='bbox 3362 806 3622 861; x_wconf 89' lang='lat' dir='ltr'><strong>operum,</strong></span> <span class='ocrx_word' id='word_1_261' title='bbox 3683 800 3740 848; x_wconf 89' lang='lat' dir='ltr'><strong>et</strong></span> 
     </span>
    </p>
   </div>
   <div class='ocr_carea' id='block_1_35' title="bbox 2048 864 2940 943">
    <p class='ocr_par' dir='ltr' id='par_1_35' title="bbox 2048 864 2940 943">
     <span class='ocr_line' id='line_1_35' title="bbox 2048 864 2940 943; baseline 0.009 -23"><span class='ocrx_word' id='word_1_262' title='bbox 2048 883 2214 921; x_wconf 90' lang='lat' dir='ltr'><strong>mane</strong></span> <span class='ocrx_word' id='word_1_263' title='bbox 2243 867 2530 924; x_wconf 89' lang='lat' dir='ltr'><strong>inchoatio</strong></span> <span class='ocrx_word' id='word_1_264' title='bbox 2557 864 2940 943; x_wconf 84' lang='lat' dir='ltr'><strong>sequentium.</strong></span> 
     </span>
    </p>
   </div>
   <div class='ocr_carea' id='block_1_36' title="bbox 2728 996 3060 1051">
    <p class='ocr_par' dir='ltr' id='par_1_36' title="bbox 2728 996 3060 1051">
     <span class='ocr_line' id='line_1_36' title="bbox 2728 996 3060 1051; baseline 0.003 -1"><span class='ocrx_word' id='word_1_265' title='bbox 2728 996 2951 1051; x_wconf 80' lang='lat' dir='ltr'><strong>CAPUT</strong></span> <span class='ocrx_word' id='word_1_266' title='bbox 2995 999 3060 1051; x_wconf 92' lang='grc' dir='ltr'><strong>ΙΙ.</strong></span> 
     </span>
    </p>
   </div>
   <div class='ocr_carea' id='block_1_37' title="bbox 2118 1117 3736 1189">
    <p class='ocr_par' dir='ltr' id='par_1_37' title="bbox 2118 1117 3736 1189">
     <span class='ocr_line' id='line_1_37' title="bbox 2118 1117 3736 1189; baseline 0.009 -23"><span class='ocrx_word' id='word_1_267' title='bbox 2118 1117 2274 1171; x_wconf 76' lang='lat' dir='ltr'><strong>Vens.</strong></span> <span class='ocrx_word' id='word_1_268' title='bbox 2342 1122 2385 1171; x_wconf 83' lang='lat' dir='ltr'><strong>l.</strong></span> <span class='ocrx_word' id='word_1_269' title='bbox 2437 1148 2503 1159; x_wconf 93' lang='lat'><em>—</em></span> <span class='ocrx_word' id='word_1_270' title='bbox 2562 1139 2588 1169; x_wconf 80' lang='grc' dir='ltr'><strong>(ι</strong></span> <span class='ocrx_word' id='word_1_271' title='bbox 2650 1121 2831 1189; x_wconf 85' lang='lat' dir='ltr'><strong>Igitur</strong></span> <span class='ocrx_word' id='word_1_272' title='bbox 2884 1122 3117 1189; x_wconf 89' lang='lat' dir='ltr'><strong>perfecti</strong></span> <span class='ocrx_word' id='word_1_273' title='bbox 3176 1129 3307 1177; x_wconf 88' lang='lat' dir='ltr'><strong>sunt</strong></span> <span class='ocrx_word' id='word_1_274' title='bbox 3361 1124 3485 1178; x_wconf 69' lang='lat' dir='ltr'><strong>coeli</strong></span> <span class='ocrx_word' id='word_1_275' title='bbox 3536 1131 3592 1179; x_wconf 90' lang='lat' dir='ltr'><strong>et</strong></span> <span class='ocrx_word' id='word_1_276' title='bbox 3630 1130 3736 1181; x_wconf 83' lang='lat' dir='ltr'><strong>ter-</strong></span> 
     </span>
    </p>
   </div>
   <div class='ocr_carea' id='block_1_38' title="bbox 2047 1208 3735 1283">
    <p class='ocr_par' dir='ltr' id='par_1_38' title="bbox 2047 1208 3735 1283">
     <span class='ocr_line' id='line_1_38' title="bbox 2047 1208 3735 1283; baseline 0.008 -28"><span class='ocrx_word' id='word_1_277' title='bbox 2047 1224 2073 1255; x_wconf 72' lang='grc' dir='ltr'>ιι</span> <span class='ocrx_word' id='word_1_278' title='bbox 2107 1220 2190 1269; x_wconf 89' lang='lat' dir='ltr'><strong>ra,</strong></span> <span class='ocrx_word' id='word_1_279' title='bbox 2224 1225 2251 1256; x_wconf 68' lang='grc' dir='ltr'><strong>ιθ</strong></span> <span class='ocrx_word' id='word_1_280' title='bbox 2284 1210 2388 1260; x_wconf 89' lang='lat' dir='ltr'><strong>etc.</strong></span> <span class='ocrx_word' id='word_1_281' title='bbox 2426 1208 2709 1275; x_wconf 62' lang='grc' dir='ltr'><strong>(Αιαυικη</strong></span> <span class='ocrx_word' id='word_1_282' title='bbox 2742 1212 2799 1261; x_wconf 79' lang='lat' dir='ltr'><strong>in</strong></span> <span class='ocrx_word' id='word_1_283' title='bbox 2832 1210 3123 1265; x_wconf 84' lang='lat' dir='ltr'><strong>Gen.tom.</strong></span> <span class='ocrx_word' id='word_1_284' title='bbox 3158 1211 3198 1275; x_wconf 83' lang='grc' dir='ltr'><strong>Ι,</strong></span> <span class='ocrx_word' id='word_1_285' title='bbox 3232 1212 3336 1267; x_wconf 90' lang='lat' dir='ltr'><strong>col.</strong></span> <span class='ocrx_word' id='word_1_286' title='bbox 3369 1216 3492 1267; x_wconf 77' lang='grc'><strong>517.</strong></span> <span class='ocrx_word' id='word_1_287' title='bbox 3522 1214 3538 1283; x_wconf 92' lang='grc'><strong>)</strong></span> <span class='ocrx_word' id='word_1_288' title='bbox 3572 1216 3735 1269; x_wconf 84' lang='lat' dir='ltr'><strong>Nullo</strong></span> 
     </span>
    </p>
   </div>
   <div class='ocr_carea' id='block_1_39' title="bbox 2046 1294 3734 1367">
    <p class='ocr_par' dir='ltr' id='par_1_39' title="bbox 2046 1294 3734 1367">
     <span class='ocr_line' id='line_1_39' title="bbox 2046 1294 3734 1367; baseline 0.004 -19"><span class='ocrx_word' id='word_1_289' title='bbox 2046 1294 2215 1349; x_wconf 90' lang='lat' dir='ltr'><strong>modo</strong></span> <span class='ocrx_word' id='word_1_290' title='bbox 2247 1294 2357 1348; x_wconf 90' lang='lat' dir='ltr'><strong>dici</strong></span> <span class='ocrx_word' id='word_1_291' title='bbox 2391 1300 2573 1365; x_wconf 80' lang='lat' dir='ltr'><strong>potest</strong></span> <span class='ocrx_word' id='word_1_292' title='bbox 2602 1297 2889 1367; x_wconf 81' lang='lat' dir='ltr'><strong>quomodo</strong></span> <span class='ocrx_word' id='word_1_293' title='bbox 2918 1299 3048 1352; x_wconf 90' lang='lat' dir='ltr'><strong>fecit</strong></span> <span class='ocrx_word' id='word_1_294' title='bbox 3099 1301 3243 1353; x_wconf 87' lang='lat' dir='ltr'><strong>Deus</strong></span> <span class='ocrx_word' id='word_1_295' title='bbox 3273 1302 3476 1355; x_wconf 77' lang='lat' dir='ltr'><strong>cmlum</strong></span> <span class='ocrx_word' id='word_1_296' title='bbox 3530 1307 3585 1355; x_wconf 89' lang='lat' dir='ltr'><strong>et</strong></span> <span class='ocrx_word' id='word_1_297' title='bbox 3627 1308 3734 1357; x_wconf 88' lang='lat' dir='ltr'><strong>ter-</strong></span> 
     </span>
    </p>
   </div>
   <div class='ocr_carea' id='block_1_40' title="bbox 2045 1384 3735 1455">
    <p class='ocr_par' dir='ltr' id='par_1_40' title="bbox 2045 1384 3735 1455">
     <span class='ocr_line' id='line_1_40' title="bbox 2045 1384 3735 1455; baseline 0.006 -20"><span class='ocrx_word' id='word_1_298' title='bbox 2045 1398 2187 1437; x_wconf 90' lang='lat' dir='ltr'><strong>ram.</strong></span> <span class='ocrx_word' id='word_1_299' title='bbox 2225 1384 2332 1438; x_wconf 90' lang='lat' dir='ltr'><strong>Sed</strong></span> <span class='ocrx_word' id='word_1_300' title='bbox 2364 1384 2485 1438; x_wconf 75' lang='lat' dir='ltr'><strong>htBC</strong></span> <span class='ocrx_word' id='word_1_301' title='bbox 2516 1386 2787 1455; x_wconf 83' lang='lat' dir='ltr'><strong>expositio</strong></span> <span class='ocrx_word' id='word_1_302' title='bbox 2819 1402 2921 1455; x_wconf 89' lang='lat' dir='ltr'><strong>per</strong></span> <span class='ocrx_word' id='word_1_303' title='bbox 2950 1386 3210 1441; x_wconf 85' lang='lat' dir='ltr'><strong>ordinem</strong></span> <span class='ocrx_word' id='word_1_304' title='bbox 3240 1388 3463 1443; x_wconf 88' lang='lat' dir='ltr'><strong>dierum</strong></span> <span class='ocrx_word' id='word_1_305' title='bbox 3521 1390 3735 1445; x_wconf 87' lang='lat' dir='ltr'><strong>indicat</strong></span> 
     </span>
    </p>
   </div>
   <div class='ocr_carea' id='block_1_41' title="bbox 2044 1472 3732 1543">
    <p class='ocr_par' dir='ltr' id='par_1_41' title="bbox 2044 1472 3732 1543">
     <span class='ocr_line' id='line_1_41' title="bbox 2044 1472 3732 1543; baseline 0.004 -19"><span class='ocrx_word' id='word_1_306' title='bbox 2044 1475 2319 1543; x_wconf 88' lang='lat' dir='ltr'><strong>tanquam</strong></span> <span class='ocrx_word' id='word_1_307' title='bbox 2385 1472 2683 1527; x_wconf 88' lang='lat' dir='ltr'><strong>historiam</strong></span> <span class='ocrx_word' id='word_1_308' title='bbox 2740 1474 3017 1528; x_wconf 88' lang='lat' dir='ltr'><strong>factarum</strong></span> <span class='ocrx_word' id='word_1_309' title='bbox 3086 1491 3299 1538; x_wconf 88' lang='lat' dir='ltr'><strong>rerum,</strong></span> <span class='ocrx_word' id='word_1_310' title='bbox 3350 1478 3444 1531; x_wconf 91' lang='lat' dir='ltr'><strong>sed</strong></span> <span class='ocrx_word' id='word_1_311' title='bbox 3487 1479 3732 1533; x_wconf 85' lang='lat' dir='ltr'><strong>maxime</strong></span> 
     </span>
    </p>
   </div>
   <div class='ocr_carea' id='block_1_42' title="bbox 2043 1559 3731 1634">
    <p class='ocr_par' dir='ltr' id='par_1_42' title="bbox 2043 1559 3731 1634">
     <span class='ocr_line' id='line_1_42' title="bbox 2043 1559 3731 1634; baseline 0.005 -22"><span class='ocrx_word' id='word_1_312' title='bbox 2043 1559 2303 1613; x_wconf 88' lang='lat' dir='ltr'><strong>observat</strong></span> <span class='ocrx_word' id='word_1_313' title='bbox 2359 1559 2819 1629; x_wconf 65' lang='lat' dir='ltr'><strong>prmdicationem</strong></span> <span class='ocrx_word' id='word_1_314' title='bbox 2876 1562 3225 1628; x_wconf 86' lang='lat' dir='ltr'><strong>futurorum,</strong></span> <span class='ocrx_word' id='word_1_315' title='bbox 3259 1569 3388 1630; x_wconf 88' lang='lat' dir='ltr'><strong>etc.,</strong></span> <span class='ocrx_word' id='word_1_316' title='bbox 3450 1580 3619 1634; x_wconf 83' lang='lat' dir='ltr'><strong>usque</strong></span> <span class='ocrx_word' id='word_1_317' title='bbox 3657 1565 3731 1620; x_wconf 76' lang='lat' dir='ltr'><strong>ad</strong></span> 
     </span>
    </p>
   </div>
   <div class='ocr_carea' id='block_1_43' title="bbox 2040 1648 3347 1719">
    <p class='ocr_par' dir='ltr' id='par_1_43' title="bbox 2040 1648 3347 1719">
     <span class='ocr_line' id='line_1_43' title="bbox 2040 1648 3347 1719; baseline 0.003 -18"><span class='ocrx_word' id='word_1_318' title='bbox 2040 1664 2211 1719; x_wconf 86' lang='lat' dir='ltr'><strong>quem</strong></span> <span class='ocrx_word' id='word_1_319' title='bbox 2249 1648 2523 1703; x_wconf 88' lang='lat' dir='ltr'><strong>Dominus</strong></span> <span class='ocrx_word' id='word_1_320' title='bbox 2545 1648 2760 1702; x_wconf 84' lang='lat' dir='ltr'><strong>utiliter</strong></span> <span class='ocrx_word' id='word_1_321' title='bbox 2791 1650 2961 1704; x_wconf 87' lang='lat' dir='ltr'><strong>latere</strong></span> <span class='ocrx_word' id='word_1_322' title='bbox 2994 1651 3347 1705; x_wconf 85' lang='lat' dir='ltr'><strong>monstravit.</strong></span> 
     </span>
    </p>
   </div>
   <div class='ocr_carea' id='block_1_44' title="bbox 2113 1737 3727 1807">
    <p class='ocr_par' dir='ltr' id='par_1_44' title="bbox 2113 1737 3727 1807">
     <span class='ocr_line' id='line_1_44' title="bbox 2113 1737 3727 1807; baseline 0.003 -18"><span class='ocrx_word' id='word_1_323' title='bbox 2113 1761 2139 1789; x_wconf 73' lang='grc' dir='ltr'><strong><em>α</em></strong></span> <span class='ocrx_word' id='word_1_324' title='bbox 2172 1738 2349 1806; x_wconf 89' lang='lat' dir='ltr'><strong>Igitur</strong></span> <span class='ocrx_word' id='word_1_325' title='bbox 2378 1737 2611 1807; x_wconf 84' lang='lat' dir='ltr'><strong>perfecti</strong></span> <span class='ocrx_word' id='word_1_326' title='bbox 2644 1742 2775 1791; x_wconf 90' lang='lat' dir='ltr'><strong>sunt</strong></span> <span class='ocrx_word' id='word_1_327' title='bbox 2802 1738 2949 1805; x_wconf 63' lang='lat' dir='ltr'><strong>coeli,</strong></span> <span class='ocrx_word' id='word_1_328' title='bbox 2982 1744 3038 1792; x_wconf 90' lang='lat' dir='ltr'><strong>et</strong></span> <span class='ocrx_word' id='word_1_329' title='bbox 3085 1743 3258 1805; x_wconf 88' lang='lat' dir='ltr'><strong>terra,</strong></span> <span class='ocrx_word' id='word_1_330' title='bbox 3301 1745 3357 1794; x_wconf 88' lang='lat' dir='ltr'><strong>et</strong></span> <span class='ocrx_word' id='word_1_331' title='bbox 3418 1741 3606 1793; x_wconf 88' lang='lat' dir='ltr'><strong>omnis</strong></span> <span class='ocrx_word' id='word_1_332' title='bbox 3636 1757 3727 1794; x_wconf 90' lang='lat' dir='ltr'><strong>or-</strong></span> 
     </span>
    </p>
   </div>
   <div class='ocr_carea' id='block_1_45' title="bbox 2042 1825 3728 1898">
    <p class='ocr_par' dir='ltr' id='par_1_45' title="bbox 2042 1825 3728 1898">
     <span class='ocr_line' id='line_1_45' title="bbox 2042 1825 3728 1898; baseline 0.003 -20"><span class='ocrx_word' id='word_1_333' title='bbox 2042 1829 2207 1879; x_wconf 89' lang='lat' dir='ltr'><strong>natus</strong></span> <span class='ocrx_word' id='word_1_334' title='bbox 2233 1841 2452 1878; x_wconf 91' lang='lat' dir='ltr'><strong>eorum.</strong></span> <span class='ocrx_word' id='word_1_335' title='bbox 2491 1847 2511 1872; x_wconf 71' lang='grc' dir='ltr'><strong>ιν</strong></span> <span class='ocrx_word' id='word_1_336' title='bbox 2548 1826 2729 1894; x_wconf 60' lang='lat' dir='ltr'><strong>(Aea,</strong></span> <span class='ocrx_word' id='word_1_337' title='bbox 2761 1825 2825 1880; x_wconf 85' lang='lat' dir='ltr'><strong>de</strong></span> <span class='ocrx_word' id='word_1_338' title='bbox 2852 1828 2962 1881; x_wconf 83' lang='lat' dir='ltr'><strong>Gen</strong></span> <span class='ocrx_word' id='word_1_339' title='bbox 3028 1833 3215 1881; x_wconf 79' lang='lat' dir='ltr'><strong>contra</strong></span> <span class='ocrx_word' id='word_1_340' title='bbox 3249 1830 3509 1893; x_wconf 86' lang='lat' dir='ltr'><strong>Manich.,</strong></span> <span class='ocrx_word' id='word_1_341' title='bbox 3563 1829 3658 1883; x_wconf 87' lang='lat' dir='ltr'><strong>lib.</strong></span> <span class='ocrx_word' id='word_1_342' title='bbox 3688 1847 3728 1898; x_wconf 87' lang='grc' dir='ltr'><strong>ι,</strong></span> 
     </span>
    </p>
   </div>
   <div class='ocr_carea' id='block_1_46' title="bbox 2039 1914 3728 1987">
    <p class='ocr_par' dir='ltr' id='par_1_46' title="bbox 2039 1914 3728 1987">
     <span class='ocr_line' id='line_1_46' title="bbox 2039 1914 3728 1987; baseline 0.004 -20"><span class='ocrx_word' id='word_1_343' title='bbox 2039 1930 2086 1968; x_wconf 93' lang='lat' dir='ltr'><strong>c.</strong></span> <span class='ocrx_word' id='word_1_344' title='bbox 2120 1914 2247 1982; x_wconf 89' lang='lat' dir='ltr'><strong>ult.)</strong></span> <span class='ocrx_word' id='word_1_345' title='bbox 2295 1915 2611 1981; x_wconf 81' lang='lat' dir='ltr'><strong>Allegoricc.</strong></span> <span class='ocrx_word' id='word_1_346' title='bbox 2676 1916 2808 1968; x_wconf 88' lang='lat' dir='ltr'><strong>Post</strong></span> <span class='ocrx_word' id='word_1_347' title='bbox 2854 1916 3084 1969; x_wconf 88' lang='lat' dir='ltr'><strong>illorum</strong></span> <span class='ocrx_word' id='word_1_348' title='bbox 3137 1916 3295 1987; x_wconf 87' lang='lat' dir='ltr'><strong>quasi</strong></span> <span class='ocrx_word' id='word_1_349' title='bbox 3353 1934 3449 1971; x_wconf 79' lang='lat' dir='ltr'><strong>sex</strong></span> <span class='ocrx_word' id='word_1_350' title='bbox 3504 1918 3728 1973; x_wconf 90' lang='lat' dir='ltr'><strong>dierum</strong></span> 
     </span>
    </p>
   </div>
   <div class='ocr_carea' id='block_1_47' title="bbox 2039 2002 3724 2077">
    <p class='ocr_par' dir='ltr' id='par_1_47' title="bbox 2039 2002 3724 2077">
     <span class='ocr_line' id='line_1_47' title="bbox 2039 2002 3724 2077; baseline 0.003 -21"><span class='ocrx_word' id='word_1_351' title='bbox 2039 2017 2214 2073; x_wconf 85' lang='lat' dir='ltr'><strong>opera</strong></span> <span class='ocrx_word' id='word_1_352' title='bbox 2242 2002 2403 2055; x_wconf 90' lang='lat' dir='ltr'><strong>valde</strong></span> <span class='ocrx_word' id='word_1_353' title='bbox 2430 2002 2582 2056; x_wconf 89' lang='lat' dir='ltr'><strong>bona</strong></span> <span class='ocrx_word' id='word_1_354' title='bbox 2624 2007 2812 2073; x_wconf 88' lang='lat' dir='ltr'><strong>speret</strong></span> <span class='ocrx_word' id='word_1_355' title='bbox 2837 2004 3011 2057; x_wconf 91' lang='lat' dir='ltr'><strong>homo</strong></span> <span class='ocrx_word' id='word_1_356' title='bbox 3072 2006 3330 2075; x_wconf 82' lang='lat' dir='ltr'><strong>requiem</strong></span> <span class='ocrx_word' id='word_1_357' title='bbox 3368 2012 3724 2077; x_wconf 89' lang='lat' dir='ltr'><strong>perpetuam,</strong></span> 
     </span>
    </p>
   </div>
   <div class='ocr_carea' id='block_1_48' title="bbox 2038 2089 3725 2166">
    <p class='ocr_par' dir='ltr' id='par_1_48' title="bbox 2038 2089 3725 2166">
     <span class='ocr_line' id='line_1_48' title="bbox 2038 2089 3725 2166; baseline 0.004 -22"><span class='ocrx_word' id='word_1_358' title='bbox 2038 2095 2094 2144; x_wconf 92' lang='lat' dir='ltr'><strong>et</strong></span> <span class='ocrx_word' id='word_1_359' title='bbox 2122 2089 2407 2161; x_wconf 83' lang='lat' dir='ltr'><strong>intelligat</strong></span> <span class='ocrx_word' id='word_1_360' title='bbox 2435 2089 2573 2161; x_wconf 91' lang='lat' dir='ltr'><strong>quid</strong></span> <span class='ocrx_word' id='word_1_361' title='bbox 2604 2090 2698 2159; x_wconf 89' lang='lat' dir='ltr'><strong>sit,</strong></span> <span class='ocrx_word' id='word_1_362' title='bbox 2730 2113 2752 2139; x_wconf 78' lang='grc' dir='ltr'>ι</span> <span class='ocrx_word' id='word_1_363' title='bbox 2779 2096 2835 2145; x_wconf 92' lang='lat' dir='ltr'><strong>et</strong></span> <span class='ocrx_word' id='word_1_364' title='bbox 2866 2092 3148 2163; x_wconf 86' lang='lat' dir='ltr'><strong>requievit</strong></span> <span class='ocrx_word' id='word_1_365' title='bbox 3171 2094 3317 2147; x_wconf 88' lang='lat' dir='ltr'><strong>Deus</strong></span> <span class='ocrx_word' id='word_1_366' title='bbox 3362 2094 3453 2148; x_wconf 90' lang='lat' dir='ltr'><strong>die</strong></span> <span class='ocrx_word' id='word_1_367' title='bbox 3483 2096 3725 2166; x_wconf 85' lang='lat' dir='ltr'><strong>septimo</strong></span> 
     </span>
    </p>
   </div>
   <div class='ocr_carea' id='block_1_49' title="bbox 2036 2178 3727 2251">
    <p class='ocr_par' dir='ltr' id='par_1_49' title="bbox 2036 2178 3727 2251">
     <span class='ocr_line' id='line_1_49' title="bbox 2036 2178 3727 2251; baseline 0.002 -18"><span class='ocrx_word' id='word_1_368' title='bbox 2036 2179 2107 2233; x_wconf 92' lang='lat' dir='ltr'><strong>ab</strong></span> <span class='ocrx_word' id='word_1_369' title='bbox 2138 2178 2406 2250; x_wconf 84' lang='lat' dir='ltr'><strong>operibus</strong></span> <span class='ocrx_word' id='word_1_370' title='bbox 2434 2178 2587 2233; x_wconf 89' lang='lat' dir='ltr'><strong>suis:</strong></span> <span class='ocrx_word' id='word_1_371' title='bbox 2622 2201 2643 2227; x_wconf 79' lang='grc' dir='ltr'>ι</span> <span class='ocrx_word' id='word_1_372' title='bbox 2679 2178 2812 2250; x_wconf 90' lang='lat' dir='ltr'><strong>quia</strong></span> <span class='ocrx_word' id='word_1_373' title='bbox 2841 2184 2899 2234; x_wconf 88' lang='lat' dir='ltr'><strong>et</strong></span> <span class='ocrx_word' id='word_1_374' title='bbox 2946 2180 3068 2251; x_wconf 91' lang='lat' dir='ltr'><strong>ipse</strong></span> <span class='ocrx_word' id='word_1_375' title='bbox 3122 2181 3181 2235; x_wconf 91' lang='lat' dir='ltr'><strong>in</strong></span> <span class='ocrx_word' id='word_1_376' title='bbox 3228 2181 3393 2237; x_wconf 89' lang='lat' dir='ltr'><strong>nobis</strong></span> <span class='ocrx_word' id='word_1_377' title='bbox 3426 2184 3547 2239; x_wconf 65' lang='lat' dir='ltr'><strong>tunc</strong></span> <span class='ocrx_word' id='word_1_378' title='bbox 3574 2184 3727 2239; x_wconf 88' lang='lat' dir='ltr'><strong>bona</strong></span> 
     </span>
    </p>
   </div>
   <div class='ocr_carea' id='block_1_50' title="bbox 2036 2268 3725 2344">
    <p class='ocr_par' dir='ltr' id='par_1_50' title="bbox 2036 2268 3725 2344">
     <span class='ocr_line' id='line_1_50' title="bbox 2036 2268 3725 2344; baseline 0.004 -21"><span class='ocrx_word' id='word_1_379' title='bbox 2036 2272 2327 2338; x_wconf 87' lang='lat' dir='ltr'><strong>operatur,</strong></span> <span class='ocrx_word' id='word_1_380' title='bbox 2359 2268 2460 2338; x_wconf 93' lang='lat' dir='ltr'><strong>qui</strong></span> <span class='ocrx_word' id='word_1_381' title='bbox 2484 2268 2651 2339; x_wconf 90' lang='lat' dir='ltr'><strong>jubet</strong></span> <span class='ocrx_word' id='word_1_382' title='bbox 2685 2274 2747 2323; x_wconf 91' lang='lat' dir='ltr'><strong>ut</strong></span> <span class='ocrx_word' id='word_1_383' title='bbox 2776 2285 3101 2340; x_wconf 84' lang='lat' dir='ltr'><strong>operemur.</strong></span> <span class='ocrx_word' id='word_1_384' title='bbox 3137 2271 3201 2325; x_wconf 87' lang='lat' dir='ltr'><strong>Et</strong></span> <span class='ocrx_word' id='word_1_385' title='bbox 3230 2275 3379 2326; x_wconf 88' lang='lat' dir='ltr'><strong>recte</strong></span> <span class='ocrx_word' id='word_1_386' title='bbox 3433 2272 3725 2344; x_wconf 87' lang='lat' dir='ltr'><strong>quiescere</strong></span> 
     </span>
    </p>
   </div>
   <div class='ocr_carea' id='block_1_51' title="bbox 2034 2356 3725 2433">
    <p class='ocr_par' dir='ltr' id='par_1_51' title="bbox 2034 2356 3725 2433">
     <span class='ocr_line' id='line_1_51' title="bbox 2034 2356 3725 2433; baseline 0.005 -24"><span class='ocrx_word' id='word_1_387' title='bbox 2034 2356 2433 2427; x_wconf 78' lang='lat' dir='ltr'><strong>diciturzquia</strong></span> <span class='ocrx_word' id='word_1_388' title='bbox 2460 2360 2588 2427; x_wconf 91' lang='lat' dir='ltr'><strong>post</strong></span> <span class='ocrx_word' id='word_1_389' title='bbox 2634 2358 2757 2412; x_wconf 65' lang='lat' dir='ltr'><strong>haec</strong></span> <span class='ocrx_word' id='word_1_390' title='bbox 2796 2358 2991 2412; x_wconf 89' lang='lat' dir='ltr'><strong>omnia</strong></span> <span class='ocrx_word' id='word_1_391' title='bbox 3026 2376 3201 2431; x_wconf 89' lang='lat' dir='ltr'><strong>opera</strong></span> <span class='ocrx_word' id='word_1_392' title='bbox 3242 2362 3499 2433; x_wconf 87' lang='lat' dir='ltr'><strong>requiem</strong></span> <span class='ocrx_word' id='word_1_393' title='bbox 3559 2363 3725 2417; x_wconf 89' lang='lat' dir='ltr'><strong>nobis</strong></span> 
     </span>
    </p>
   </div>
   <div class='ocr_carea' id='block_1_52' title="bbox 2034 2445 3721 2517">
    <p class='ocr_par' dir='ltr' id='par_1_52' title="bbox 2034 2445 3721 2517">
     <span class='ocr_line' id='line_1_52' title="bbox 2034 2445 3721 2517; baseline 0.004 -18"><span class='ocrx_word' id='word_1_394' title='bbox 2034 2445 2343 2517; x_wconf 66' lang='lat' dir='ltr'><strong>praestabit,</strong></span> <span class='ocrx_word' id='word_1_395' title='bbox 2389 2446 2681 2517; x_wconf 91' lang='lat' dir='ltr'><strong>quomodo</strong></span> <span class='ocrx_word' id='word_1_396' title='bbox 2729 2447 3139 2516; x_wconf 87' lang='lat' dir='ltr'><strong>paterfamilias</strong></span> <span class='ocrx_word' id='word_1_397' title='bbox 3181 2448 3414 2503; x_wconf 90' lang='lat' dir='ltr'><strong>domum</strong></span> <span class='ocrx_word' id='word_1_398' title='bbox 3463 2451 3721 2516; x_wconf 64' lang='lat' dir='ltr'><strong>aediﬁcat,</strong></span> 
     </span>
    </p>
   </div>
   <div class='ocr_carea' id='block_1_53' title="bbox 2033 2534 3723 2611">
    <p class='ocr_par' dir='ltr' id='par_1_53' title="bbox 2033 2534 3723 2611">
     <span class='ocr_line' id='line_1_53' title="bbox 2033 2534 3723 2611; baseline 0.004 -24"><span class='ocrx_word' id='word_1_399' title='bbox 2033 2550 2163 2588; x_wconf 92' lang='lat' dir='ltr'><strong>cum</strong></span> <span class='ocrx_word' id='word_1_400' title='bbox 2191 2534 2565 2589; x_wconf 82' lang='lat' dir='ltr'><strong>servientibus</strong></span> <span class='ocrx_word' id='word_1_401' title='bbox 2596 2535 2779 2590; x_wconf 90' lang='lat' dir='ltr'><strong>facere</strong></span> <span class='ocrx_word' id='word_1_402' title='bbox 2828 2540 3112 2606; x_wconf 89' lang='lat' dir='ltr'><strong>imperat;</strong></span> <span class='ocrx_word' id='word_1_403' title='bbox 3154 2544 3205 2591; x_wconf 90' lang='lat' dir='ltr'><strong>et</strong></span> <span class='ocrx_word' id='word_1_404' title='bbox 3236 2544 3363 2609; x_wconf 86' lang='lat' dir='ltr'><strong>post</strong></span> <span class='ocrx_word' id='word_1_405' title='bbox 3417 2540 3486 2594; x_wconf 87' lang='lat' dir='ltr'><strong>ab</strong></span> <span class='ocrx_word' id='word_1_406' title='bbox 3536 2543 3723 2611; x_wconf 86' lang='lat' dir='ltr'><strong>operi-</strong></span> 
     </span>
    </p>
   </div>
   <div class='ocr_carea' id='block_1_54' title="bbox 2035 2624 3721 2700">
    <p class='ocr_par' dir='ltr' id='par_1_54' title="bbox 2035 2624 3721 2700">
     <span class='ocr_line' id='line_1_54' title="bbox 2035 2624 3721 2700; baseline 0.002 -21"><span class='ocrx_word' id='word_1_407' title='bbox 2035 2624 2140 2679; x_wconf 90' lang='lat' dir='ltr'><strong>bus</strong></span> <span class='ocrx_word' id='word_1_408' title='bbox 2171 2624 2549 2694; x_wconf 87' lang='lat' dir='ltr'><strong>requiescere.</strong></span> <span class='ocrx_word' id='word_1_409' title='bbox 2581 2640 2733 2686; x_wconf 86' lang='lat' dir='ltr'><strong>cum.</strong></span> <span class='ocrx_word' id='word_1_410' title='bbox 2761 2625 3011 2697; x_wconf 89' lang='lat' dir='ltr'><strong>perfecta</strong></span> <span class='ocrx_word' id='word_1_411' title='bbox 3051 2626 3286 2695; x_wconf 89' lang='lat' dir='ltr'><strong>fabrica,</strong></span> <span class='ocrx_word' id='word_1_412' title='bbox 3342 2628 3505 2698; x_wconf 85' lang='lat' dir='ltr'><strong>jubet</strong></span> <span class='ocrx_word' id='word_1_413' title='bbox 3556 2630 3721 2700; x_wconf 76' lang='lat' dir='ltr'><strong>quie-</strong></span> 
     </span>
    </p>
   </div>
   <div class='ocr_carea' id='block_1_55' title="bbox 2033 2728 2206 2766">
    <p class='ocr_par' dir='ltr' id='par_1_55' title="bbox 2033 2728 2206 2766">
     <span class='ocr_line' id='line_1_55' title="bbox 2033 2728 2206 2766; baseline 0.006 -1"><span class='ocrx_word' id='word_1_414' title='bbox 2033 2728 2206 2766; x_wconf 88' lang='lat' dir='ltr'><strong>scere.</strong></span> 
     </span>
    </p>
   </div>
   <div class='ocr_carea' id='block_1_56' title="bbox 2105 2799 3723 2872">
    <p class='ocr_par' dir='ltr' id='par_1_56' title="bbox 2105 2799 3723 2872">
     <span class='ocr_line' id='line_1_56' title="bbox 2105 2799 3723 2872; baseline 0.004 -18"><span class='ocrx_word' id='word_1_415' title='bbox 2105 2801 2286 2871; x_wconf 56' lang='lat' dir='ltr'><strong>(Aea,</strong></span> <span class='ocrx_word' id='word_1_416' title='bbox 2322 2800 2488 2871; x_wconf 86' lang='lat' dir='ltr'><strong>ibid.)</strong></span> <span class='ocrx_word' id='word_1_417' title='bbox 2517 2799 2697 2854; x_wconf 85' lang='lat' dir='ltr'><strong>Habet</strong></span> <span class='ocrx_word' id='word_1_418' title='bbox 2746 2800 3141 2872; x_wconf 90' lang='lat' dir='ltr'><strong>unusquisque</strong></span> <span class='ocrx_word' id='word_1_419' title='bbox 3185 2807 3443 2858; x_wconf 90' lang='lat' dir='ltr'><strong>nostrum</strong></span> <span class='ocrx_word' id='word_1_420' title='bbox 3498 2803 3559 2859; x_wconf 93' lang='lat' dir='ltr'><strong>in</strong></span> <span class='ocrx_word' id='word_1_421' title='bbox 3609 2807 3723 2860; x_wconf 87' lang='lat' dir='ltr'><strong>suis</strong></span> 
     </span>
    </p>
   </div>
   <div class='ocr_carea' id='block_1_57' title="bbox 2034 2889 3721 2961">
    <p class='ocr_par' dir='ltr' id='par_1_57' title="bbox 2034 2889 3721 2961">
     <span class='ocr_line' id='line_1_57' title="bbox 2034 2889 3721 2961; baseline 0.003 -17"><span class='ocrx_word' id='word_1_422' title='bbox 2034 2889 2305 2960; x_wconf 89' lang='lat' dir='ltr'><strong>operibus</strong></span> <span class='ocrx_word' id='word_1_423' title='bbox 2338 2893 2394 2943; x_wconf 87' lang='lat' dir='ltr'><strong>et</strong></span> <span class='ocrx_word' id='word_1_424' title='bbox 2425 2894 2576 2943; x_wconf 83' lang='lat' dir='ltr'><strong>recte</strong></span> <span class='ocrx_word' id='word_1_425' title='bbox 2631 2889 2746 2943; x_wconf 88' lang='lat' dir='ltr'><strong>vita</strong></span> <span class='ocrx_word' id='word_1_426' title='bbox 2775 2894 3048 2961; x_wconf 89' lang='lat' dir='ltr'><strong>tanquam</strong></span> <span class='ocrx_word' id='word_1_427' title='bbox 3095 2891 3392 2945; x_wconf 88' lang='lat' dir='ltr'><strong>distinctos</strong></span> <span class='ocrx_word' id='word_1_428' title='bbox 3438 2892 3576 2947; x_wconf 88' lang='lat' dir='ltr'><strong>istos</strong></span> <span class='ocrx_word' id='word_1_429' title='bbox 3628 2911 3721 2949; x_wconf 87' lang='lat' dir='ltr'><strong>sex</strong></span> 
     </span>
    </p>
   </div>
   <div class='ocr_carea' id='block_1_58' title="bbox 222 2978 3726 3053">
    <p class='ocr_par' dir='ltr' id='par_1_58' title="bbox 222 2978 3726 3053">
     <span class='ocr_line' id='line_1_58' title="bbox 222 2978 3726 3053; baseline 0 -18"><span class='ocrx_word' id='word_1_430' title='bbox 222 2980 347 3035; x_wconf 82' lang='lat' dir='ltr'><strong>Gen.</strong></span> <span class='ocrx_word' id='word_1_431' title='bbox 381 2980 461 3033; x_wconf 84' lang='lat' dir='ltr'><strong>ad</strong></span> <span class='ocrx_word' id='word_1_432' title='bbox 491 2982 578 3033; x_wconf 78' lang='lat' dir='ltr'><strong>lit.</strong></span> <span class='ocrx_word' id='word_1_433' title='bbox 609 2980 707 3033; x_wconf 91' lang='lat' dir='ltr'><strong>lib.</strong></span> <span class='ocrx_word' id='word_1_434' title='bbox 743 2997 819 3046; x_wconf 85' lang='lat' dir='ltr'><strong>Ill,</strong></span> <span class='ocrx_word' id='word_1_435' title='bbox 854 2996 901 3033; x_wconf 93' lang='lat' dir='ltr'><strong>c.</strong></span> <span class='ocrx_word' id='word_1_436' title='bbox 942 2980 1047 3049; x_wconf 84' lang='lat' dir='ltr'><strong>l3.)</strong></span> <span class='ocrx_word' id='word_1_437' title='bbox 1081 2980 1404 3034; x_wconf 81' lang='lat' dir='ltr'><strong>Notandum</strong></span> <span class='ocrx_word' id='word_1_438' title='bbox 1437 2980 1591 3050; x_wconf 91' lang='lat' dir='ltr'><strong>quod</strong></span> <span class='ocrx_word' id='word_1_439' title='bbox 1622 2980 1720 3034; x_wconf 90' lang='lat' dir='ltr'><strong>ubi</strong></span> <span class='ocrx_word' id='word_1_440' title='bbox 1750 2981 1920 3036; x_wconf 91' lang='lat' dir='ltr'><strong>datur</strong></span> <span class='ocrx_word' id='word_1_441' title='bbox 1956 2989 1997 3045; x_wconf 76' lang='grc' dir='ltr'><strong>ο</strong></span> <span class='ocrx_word' id='word_1_442' title='bbox 2036 2978 2174 3041; x_wconf 87' lang='lat' dir='ltr'><strong>dies,</strong></span> <span class='ocrx_word' id='word_1_443' title='bbox 2203 2982 2335 3049; x_wconf 88' lang='lat' dir='ltr'><strong>post</strong></span> <span class='ocrx_word' id='word_1_444' title='bbox 2363 2994 2505 3049; x_wconf 91' lang='lat' dir='ltr'><strong>quos</strong></span> <span class='ocrx_word' id='word_1_445' title='bbox 2556 2978 2761 3032; x_wconf 87' lang='lat' dir='ltr'><strong>debeat</strong></span> <span class='ocrx_word' id='word_1_446' title='bbox 2790 2979 3043 3049; x_wconf 87' lang='lat' dir='ltr'><strong>quietem</strong></span> <span class='ocrx_word' id='word_1_447' title='bbox 3095 2996 3360 3050; x_wconf 90' lang='lat' dir='ltr'><strong>sperare:</strong></span> <span class='ocrx_word' id='word_1_448' title='bbox 3415 2982 3600 3053; x_wconf 88' lang='lat' dir='ltr'><strong>primo</strong></span> <span class='ocrx_word' id='word_1_449' title='bbox 3632 2982 3726 3037; x_wconf 88' lang='lat' dir='ltr'><strong>die</strong></span> 
     </span>
    </p>
   </div>
   <div class='ocr_carea' id='block_1_59' title="bbox 219 3067 1921 3138">
    <p class='ocr_par' dir='ltr' id='par_1_59' title="bbox 219 3067 1921 3138">
     <span class='ocr_line' id='line_1_59' title="bbox 219 3067 1921 3138; baseline 0.001 -17"><span class='ocrx_word' id='word_1_450' title='bbox 219 3072 469 3138; x_wconf 86' lang='lat' dir='ltr'><strong>potestas</strong></span> <span class='ocrx_word' id='word_1_451' title='bbox 508 3067 732 3121; x_wconf 91' lang='lat' dir='ltr'><strong>homini</strong></span> <span class='ocrx_word' id='word_1_452' title='bbox 764 3068 965 3122; x_wconf 88' lang='lat' dir='ltr'><strong>herbas</strong></span> <span class='ocrx_word' id='word_1_453' title='bbox 1015 3072 1074 3123; x_wconf 92' lang='lat' dir='ltr'><strong>et</strong></span> <span class='ocrx_word' id='word_1_454' title='bbox 1122 3068 1336 3122; x_wconf 86' lang='lat' dir='ltr'><strong>fructus</strong></span> <span class='ocrx_word' id='word_1_455' title='bbox 1376 3067 1604 3131; x_wconf 89' lang='lat' dir='ltr'><strong>edendi,</strong></span> <span class='ocrx_word' id='word_1_456' title='bbox 1637 3068 1921 3123; x_wconf 85' lang='lat' dir='ltr'><strong>subinfer-</strong></span> 
     </span>
    </p>
   </div>
   <div class='ocr_carea' id='block_1_60' title="bbox 220 3154 1921 3228">
    <p class='ocr_par' dir='ltr' id='par_1_60' title="bbox 220 3154 1921 3228">
     <span class='ocr_line' id='line_1_60' title="bbox 220 3154 1921 3228; baseline 0.001 -18"><span class='ocrx_word' id='word_1_457' title='bbox 220 3161 331 3221; x_wconf 91' lang='lat' dir='ltr'><strong>tur,</strong></span> <span class='ocrx_word' id='word_1_458' title='bbox 364 3176 392 3207; x_wconf 70' lang='grc' dir='ltr'>ι</span> <span class='ocrx_word' id='word_1_459' title='bbox 442 3162 500 3211; x_wconf 90' lang='lat' dir='ltr'><strong>et</strong></span> <span class='ocrx_word' id='word_1_460' title='bbox 524 3158 737 3212; x_wconf 89' lang='lat' dir='ltr'><strong>factum</strong></span> <span class='ocrx_word' id='word_1_461' title='bbox 768 3160 854 3211; x_wconf 89' lang='lat' dir='ltr'><strong>est</strong></span> <span class='ocrx_word' id='word_1_462' title='bbox 893 3156 972 3211; x_wconf 86' lang='lat' dir='ltr'><strong>ita</strong></span> <span class='ocrx_word' id='word_1_463' title='bbox 1003 3174 1019 3210; x_wconf 87' lang='lat'><strong><em>:</em></strong></span> <span class='ocrx_word' id='word_1_464' title='bbox 1053 3175 1081 3208; x_wconf 83' lang='grc'><strong>››</strong></span> <span class='ocrx_word' id='word_1_465' title='bbox 1114 3155 1173 3210; x_wconf 89' lang='lat' dir='ltr'><strong>in</strong></span> <span class='ocrx_word' id='word_1_466' title='bbox 1223 3171 1337 3226; x_wconf 91' lang='lat' dir='ltr'><strong>quo</strong></span> <span class='ocrx_word' id='word_1_467' title='bbox 1383 3154 1739 3226; x_wconf 79' lang='lat' dir='ltr'><strong>signiﬁcatur</strong></span> <span class='ocrx_word' id='word_1_468' title='bbox 1767 3157 1921 3228; x_wconf 89' lang='lat' dir='ltr'><strong>quod</strong></span> 
     </span>
    </p>
   </div>
   <div class='ocr_carea' id='block_1_61' title="bbox 223 3243 1921 3317">
    <p class='ocr_par' dir='ltr' id='par_1_61' title="bbox 223 3243 1921 3317">
     <span class='ocr_line' id='line_1_61' title="bbox 223 3243 1921 3317; baseline 0.001 -18"><span class='ocrx_word' id='word_1_469' title='bbox 223 3245 327 3299; x_wconf 89' lang='lat' dir='ltr'><strong>hoc</strong></span> <span class='ocrx_word' id='word_1_470' title='bbox 366 3245 596 3299; x_wconf 86' lang='lat' dir='ltr'><strong>dicente</strong></span> <span class='ocrx_word' id='word_1_471' title='bbox 630 3246 766 3313; x_wconf 92' lang='lat' dir='ltr'><strong>Deo,</strong></span> <span class='ocrx_word' id='word_1_472' title='bbox 796 3245 919 3299; x_wconf 67' lang='lat' dir='ltr'><strong>hinc</strong></span> <span class='ocrx_word' id='word_1_473' title='bbox 947 3243 1053 3298; x_wconf 90' lang='lat' dir='ltr'><strong>sibi</strong></span> <span class='ocrx_word' id='word_1_474' title='bbox 1082 3244 1141 3298; x_wconf 89' lang='lat' dir='ltr'><strong>in</strong></span> <span class='ocrx_word' id='word_1_475' title='bbox 1173 3259 1335 3298; x_wconf 90' lang='lat' dir='ltr'><strong>esum</strong></span> <span class='ocrx_word' id='word_1_476' title='bbox 1391 3260 1661 3299; x_wconf 86' lang='lat' dir='ltr'><strong>concessa</strong></span> <span class='ocrx_word' id='word_1_477' title='bbox 1705 3261 1921 3317; x_wconf 84' lang='lat' dir='ltr'><strong>cogno-</strong></span> 
     </span>
    </p>
   </div>
   <div class='ocr_carea' id='block_1_62' title="bbox 222 3332 1921 3405">
    <p class='ocr_par' dir='ltr' id='par_1_62' title="bbox 222 3332 1921 3405">
     <span class='ocr_line' id='line_1_62' title="bbox 222 3332 1921 3405; baseline 0.004 -22"><span class='ocrx_word' id='word_1_478' title='bbox 222 3334 296 3386; x_wconf 79' lang='lat' dir='ltr'><strong>vit</strong></span> <span class='ocrx_word' id='word_1_479' title='bbox 324 3334 529 3402; x_wconf 91' lang='lat' dir='ltr'><strong>homo,</strong></span> <span class='ocrx_word' id='word_1_480' title='bbox 559 3350 674 3387; x_wconf 90' lang='lat' dir='ltr'><strong>non</strong></span> <span class='ocrx_word' id='word_1_481' title='bbox 713 3333 868 3405; x_wconf 89' lang='lat' dir='ltr'><strong>quod</strong></span> <span class='ocrx_word' id='word_1_482' title='bbox 896 3334 1088 3387; x_wconf 86' lang='lat' dir='ltr'><strong>statim</strong></span> <span class='ocrx_word' id='word_1_483' title='bbox 1116 3332 1318 3387; x_wconf 85' lang='lat' dir='ltr'><strong>ederit.</strong></span> <span class='ocrx_word' id='word_1_484' title='bbox 1353 3332 1411 3387; x_wconf 90' lang='lat' dir='ltr'><strong>Si</strong></span> <span class='ocrx_word' id='word_1_485' title='bbox 1440 3332 1592 3386; x_wconf 92' lang='lat' dir='ltr'><strong>enim</strong></span> <span class='ocrx_word' id='word_1_486' title='bbox 1626 3333 1695 3387; x_wconf 90' lang='lat' dir='ltr'><strong>ad</strong></span> <span class='ocrx_word' id='word_1_487' title='bbox 1726 3334 1921 3389; x_wconf 87' lang='lat' dir='ltr'><strong>omnia</strong></span> 
     </span>
    </p>
   </div>
   <div class='ocr_carea' id='block_1_63' title="bbox 221 3420 1917 3493">
    <p class='ocr_par' dir='ltr' id='par_1_63' title="bbox 221 3420 1917 3493">
     <span class='ocr_line' id='line_1_63' title="bbox 221 3420 1917 3493; baseline 0 -20"><span class='ocrx_word' id='word_1_488' title='bbox 221 3422 546 3493; x_wconf 87' lang='lat' dir='ltr'><strong>supradicta</strong></span> <span class='ocrx_word' id='word_1_489' title='bbox 578 3421 877 3475; x_wconf 88' lang='lat' dir='ltr'><strong>referimus</strong></span> <span class='ocrx_word' id='word_1_490' title='bbox 908 3420 1058 3491; x_wconf 91' lang='lat' dir='ltr'><strong>quod</strong></span> <span class='ocrx_word' id='word_1_491' title='bbox 1091 3421 1172 3475; x_wconf 90' lang='lat' dir='ltr'><strong>ait</strong></span> <span class='ocrx_word' id='word_1_492' title='bbox 1205 3442 1226 3469; x_wconf 77' lang='grc' dir='ltr'>ι</span> <span class='ocrx_word' id='word_1_493' title='bbox 1285 3425 1344 3475; x_wconf 88' lang='lat' dir='ltr'><strong>et</strong></span> <span class='ocrx_word' id='word_1_494' title='bbox 1395 3421 1605 3475; x_wconf 90' lang='lat' dir='ltr'><strong>factum</strong></span> <span class='ocrx_word' id='word_1_495' title='bbox 1639 3425 1724 3475; x_wconf 89' lang='lat' dir='ltr'><strong>est</strong></span> <span class='ocrx_word' id='word_1_496' title='bbox 1754 3420 1852 3489; x_wconf 91' lang='lat' dir='ltr'><strong>ita,</strong></span> <span class='ocrx_word' id='word_1_497' title='bbox 1889 3442 1917 3473; x_wconf 69' lang='grc' dir='ltr'><strong>η</strong></span> 
     </span>
    </p>
   </div>
   <div class='ocr_carea' id='block_1_64' title="bbox 219 3509 1919 3581">
    <p class='ocr_par' dir='ltr' id='par_1_64' title="bbox 219 3509 1919 3581">
     <span class='ocr_line' id='line_1_64' title="bbox 219 3509 1919 3581; baseline 0.002 -18"><span class='ocrx_word' id='word_1_498' title='bbox 219 3526 580 3581; x_wconf 87' lang='lat' dir='ltr'><strong>consequens</strong></span> <span class='ocrx_word' id='word_1_499' title='bbox 611 3515 730 3564; x_wconf 88' lang='lat' dir='ltr'><strong>erat</strong></span> <span class='ocrx_word' id='word_1_500' title='bbox 776 3514 840 3564; x_wconf 91' lang='lat' dir='ltr'><strong>ut</strong></span> <span class='ocrx_word' id='word_1_501' title='bbox 889 3509 1145 3563; x_wconf 87' lang='lat' dir='ltr'><strong>dicamus</strong></span> <span class='ocrx_word' id='word_1_502' title='bbox 1201 3524 1299 3564; x_wconf 90' lang='lat' dir='ltr'><strong>eos</strong></span> <span class='ocrx_word' id='word_1_503' title='bbox 1336 3509 1457 3581; x_wconf 90' lang='lat' dir='ltr'><strong>jam</strong></span> <span class='ocrx_word' id='word_1_504' title='bbox 1518 3509 1919 3581; x_wconf 87' lang='lat' dir='ltr'><strong>multiplicatos</strong></span> 
     </span>
    </p>
   </div>
   <div class='ocr_carea' id='block_1_65' title="bbox 220 3598 1667 3669">
    <p class='ocr_par' dir='ltr' id='par_1_65' title="bbox 220 3598 1667 3669">
     <span class='ocr_line' id='line_1_65' title="bbox 220 3598 1667 3669; baseline 0.001 -18"><span class='ocrx_word' id='word_1_505' title='bbox 220 3604 373 3652; x_wconf 78' lang='lat' dir='ltr'><strong>sexta</strong></span> <span class='ocrx_word' id='word_1_506' title='bbox 407 3599 521 3658; x_wconf 89' lang='lat' dir='ltr'><strong>die.</strong></span> <span class='ocrx_word' id='word_1_507' title='bbox 552 3598 704 3669; x_wconf 92' lang='lat' dir='ltr'><strong>quod</strong></span> <span class='ocrx_word' id='word_1_508' title='bbox 737 3598 1084 3668; x_wconf 89' lang='lat' dir='ltr'><strong>postmultos</strong></span> <span class='ocrx_word' id='word_1_509' title='bbox 1114 3598 1323 3652; x_wconf 89' lang='lat' dir='ltr'><strong>factum</strong></span> <span class='ocrx_word' id='word_1_510' title='bbox 1348 3601 1432 3652; x_wconf 89' lang='lat' dir='ltr'><strong>est</strong></span> <span class='ocrx_word' id='word_1_511' title='bbox 1464 3614 1667 3652; x_wconf 90' lang='lat' dir='ltr'><strong>annos.</strong></span> 
     </span>
    </p>
   </div>
   <div class='ocr_carea' id='block_1_66' title="bbox 291 3685 1917 3757">
    <p class='ocr_par' dir='ltr' id='par_1_66' title="bbox 291 3685 1917 3757">
     <span class='ocr_line' id='line_1_66' title="bbox 291 3685 1917 3757; baseline 0.001 -19"><span class='ocrx_word' id='word_1_512' title='bbox 291 3688 456 3741; x_wconf 74' lang='lat' dir='ltr'><strong>Vens.</strong></span> <span class='ocrx_word' id='word_1_513' title='bbox 501 3689 591 3741; x_wconf 87' lang='lat' dir='ltr'><strong>3i.</strong></span> <span class='ocrx_word' id='word_1_514' title='bbox 622 3717 685 3725; x_wconf 91' lang='lat'>—</span> <span class='ocrx_word' id='word_1_515' title='bbox 745 3707 768 3735; x_wconf 64' lang='lat'><strong><em>4</em></strong></span> <span class='ocrx_word' id='word_1_516' title='bbox 802 3685 1065 3756; x_wconf 87' lang='lat' dir='ltr'><strong>Viditque</strong></span> <span class='ocrx_word' id='word_1_517' title='bbox 1104 3687 1270 3751; x_wconf 90' lang='lat' dir='ltr'><strong>Deus,</strong></span> <span class='ocrx_word' id='word_1_518' title='bbox 1315 3707 1342 3735; x_wconf 69' lang='grc' dir='ltr'><strong><em>ι</em></strong></span> <span class='ocrx_word' id='word_1_519' title='bbox 1374 3692 1483 3740; x_wconf 92' lang='lat' dir='ltr'><strong>etc.</strong></span> <span class='ocrx_word' id='word_1_520' title='bbox 1517 3686 1702 3756; x_wconf 79' lang='lat' dir='ltr'><strong>(AUG.,</strong></span> <span class='ocrx_word' id='word_1_521' title='bbox 1760 3687 1917 3757; x_wconf 83' lang='lat' dir='ltr'><strong>ibid.)</strong></span> 
     </span>
    </p>
   </div>
   <div class='ocr_carea' id='block_1_67' title="bbox 218 3774 1921 3846">
    <p class='ocr_par' dir='ltr' id='par_1_67' title="bbox 218 3774 1921 3846">
     <span class='ocr_line' id='line_1_67' title="bbox 218 3774 1921 3846; baseline 0.001 -17"><span class='ocrx_word' id='word_1_522' title='bbox 218 3776 526 3843; x_wconf 64' lang='lat' dir='ltr'><strong>Queritur,</strong></span> <span class='ocrx_word' id='word_1_523' title='bbox 556 3791 683 3829; x_wconf 92' lang='lat' dir='ltr'><strong>cum</strong></span> <span class='ocrx_word' id='word_1_524' title='bbox 716 3774 1053 3846; x_wconf 79' lang='lat' dir='ltr'><strong>singillatim</strong></span> <span class='ocrx_word' id='word_1_525' title='bbox 1083 3778 1287 3829; x_wconf 65' lang='lat' dir='ltr'><strong>caetera</strong></span> <span class='ocrx_word' id='word_1_526' title='bbox 1315 3775 1463 3829; x_wconf 90' lang='lat' dir='ltr'><strong>bona</strong></span> <span class='ocrx_word' id='word_1_527' title='bbox 1504 3775 1787 3843; x_wconf 88' lang='lat' dir='ltr'><strong>dicantur,</strong></span> <span class='ocrx_word' id='word_1_528' title='bbox 1819 3792 1921 3830; x_wconf 90' lang='lat' dir='ltr'><strong>cur</strong></span> 
     </span>
    </p>
   </div>
   <div class='ocr_carea' id='block_1_68' title="bbox 220 3864 1917 3935">
    <p class='ocr_par' dir='ltr' id='par_1_68' title="bbox 220 3864 1917 3935">
     <span class='ocr_line' id='line_1_68' title="bbox 220 3864 1917 3935; baseline 0 -16"><span class='ocrx_word' id='word_1_529' title='bbox 220 3865 391 3919; x_wconf 89' lang='lat' dir='ltr'><strong>homo</strong></span> <span class='ocrx_word' id='word_1_530' title='bbox 425 3865 497 3919; x_wconf 89' lang='lat' dir='ltr'><strong>ad</strong></span> <span class='ocrx_word' id='word_1_531' title='bbox 531 3865 846 3935; x_wconf 85' lang='lat' dir='ltr'><strong>imaginem</strong></span> <span class='ocrx_word' id='word_1_532' title='bbox 878 3864 976 3918; x_wconf 89' lang='lat' dir='ltr'><strong>Dei</strong></span> <span class='ocrx_word' id='word_1_533' title='bbox 1029 3865 1208 3918; x_wconf 90' lang='lat' dir='ltr'><strong>factus</strong></span> <span class='ocrx_word' id='word_1_534' title='bbox 1241 3880 1370 3917; x_wconf 94' lang='lat' dir='ltr'><strong>cum</strong></span> <span class='ocrx_word' id='word_1_535' title='bbox 1424 3864 1641 3919; x_wconf 70' lang='lat' dir='ltr'><strong>caeteris</strong></span> <span class='ocrx_word' id='word_1_536' title='bbox 1681 3865 1789 3919; x_wconf 86' lang='lat' dir='ltr'><strong>hoc</strong></span> <span class='ocrx_word' id='word_1_537' title='bbox 1834 3866 1917 3919; x_wconf 90' lang='lat' dir='ltr'><strong>di-</strong></span> 
     </span>
    </p>
   </div>
   <div class='ocr_carea' id='block_1_69' title="bbox 218 3953 1913 4025">
    <p class='ocr_par' dir='ltr' id='par_1_69' title="bbox 218 3953 1913 4025">
     <span class='ocr_line' id='line_1_69' title="bbox 218 3953 1913 4025; baseline 0 -18"><span class='ocrx_word' id='word_1_538' title='bbox 218 3954 428 4008; x_wconf 82' lang='lat' dir='ltr'><strong>catur?</strong></span> <span class='ocrx_word' id='word_1_539' title='bbox 460 3954 570 4008; x_wconf 90' lang='lat' dir='ltr'><strong>Sed</strong></span> <span class='ocrx_word' id='word_1_540' title='bbox 600 3953 745 4008; x_wconf 91' lang='lat' dir='ltr'><strong>forte</strong></span> <span class='ocrx_word' id='word_1_541' title='bbox 783 3953 1117 4025; x_wconf 69' lang='lat' dir='ltr'><strong>priesciebat</strong></span> <span class='ocrx_word' id='word_1_542' title='bbox 1168 3954 1316 4007; x_wconf 89' lang='lat' dir='ltr'><strong>Deus</strong></span> <span class='ocrx_word' id='word_1_543' title='bbox 1342 3968 1475 4007; x_wconf 91' lang='lat' dir='ltr'><strong>eum</strong></span> <span class='ocrx_word' id='word_1_544' title='bbox 1522 3960 1913 4023; x_wconf 89' lang='lat' dir='ltr'><strong>peccaturum,</strong></span> 
     </span>
    </p>
   </div>
   <div class='ocr_carea' id='block_1_70' title="bbox 219 4041 1915 4113">
    <p class='ocr_par' dir='ltr' id='par_1_70' title="bbox 219 4041 1915 4113">
     <span class='ocr_line' id='line_1_70' title="bbox 219 4041 1915 4113; baseline 0.001 -17"><span class='ocrx_word' id='word_1_545' title='bbox 219 4058 322 4096; x_wconf 90' lang='lat' dir='ltr'><strong>nec</strong></span> <span class='ocrx_word' id='word_1_546' title='bbox 348 4043 411 4096; x_wconf 89' lang='lat' dir='ltr'><strong>in</strong></span> <span class='ocrx_word' id='word_1_547' title='bbox 453 4043 804 4112; x_wconf 68' lang='lat' dir='ltr'><strong>perfectione</strong></span> <span class='ocrx_word' id='word_1_548' title='bbox 853 4041 1122 4113; x_wconf 89' lang='lat' dir='ltr'><strong>imaginis</strong></span> <span class='ocrx_word' id='word_1_549' title='bbox 1182 4057 1538 4095; x_wconf 80' lang='lat' dir='ltr'><strong>mansurum.</strong></span> <span class='ocrx_word' id='word_1_550' title='bbox 1598 4042 1703 4106; x_wconf 87' lang='lat' dir='ltr'><strong>Qui</strong></span> <span class='ocrx_word' id='word_1_551' title='bbox 1761 4043 1915 4097; x_wconf 90' lang='lat' dir='ltr'><strong>enim</strong></span> 
     </span>
    </p>
   </div>
   <div class='ocr_carea' id='block_1_71' title="bbox 217 4129 1913 4201">
    <p class='ocr_par' dir='ltr' id='par_1_71' title="bbox 217 4129 1913 4201">
     <span class='ocr_line' id='line_1_71' title="bbox 217 4129 1913 4201; baseline 0.001 -18"><span class='ocrx_word' id='word_1_552' title='bbox 217 4132 561 4201; x_wconf 88' lang='lat' dir='ltr'><strong>singillatim</strong></span> <span class='ocrx_word' id='word_1_553' title='bbox 593 4132 777 4185; x_wconf 90' lang='lat' dir='ltr'><strong>bonus</strong></span> <span class='ocrx_word' id='word_1_554' title='bbox 799 4136 900 4198; x_wconf 89' lang='lat' dir='ltr'><strong>est,</strong></span> <span class='ocrx_word' id='word_1_555' title='bbox 936 4130 1117 4200; x_wconf 89' lang='lat' dir='ltr'><strong>magis</strong></span> <span class='ocrx_word' id='word_1_556' title='bbox 1148 4147 1279 4184; x_wconf 91' lang='lat' dir='ltr'><strong>cum</strong></span> <span class='ocrx_word' id='word_1_557' title='bbox 1319 4129 1607 4198; x_wconf 89' lang='lat' dir='ltr'><strong>omnibus,</strong></span> <span class='ocrx_word' id='word_1_558' title='bbox 1672 4132 1764 4185; x_wconf 87' lang='lat' dir='ltr'><strong>sed</strong></span> <span class='ocrx_word' id='word_1_559' title='bbox 1797 4149 1913 4186; x_wconf 87' lang='lat' dir='ltr'><strong>non</strong></span> 
     </span>
    </p>
   </div>
   <div class='ocr_carea' id='block_1_72' title="bbox 215 4218 1908 4291">
    <p class='ocr_par' dir='ltr' id='par_1_72' title="bbox 215 4218 1908 4291">
     <span class='ocr_line' id='line_1_72' title="bbox 215 4218 1908 4291; baseline 0.001 -18"><span class='ocrx_word' id='word_1_560' title='bbox 215 4218 591 4273; x_wconf 88' lang='lat' dir='ltr'><strong>convertitur.</strong></span> <span class='ocrx_word' id='word_1_561' title='bbox 625 4220 866 4273; x_wconf 85' lang='lat' dir='ltr'><strong>Cautum</strong></span> <span class='ocrx_word' id='word_1_562' title='bbox 897 4224 982 4273; x_wconf 90' lang='lat' dir='ltr'><strong>est</strong></span> <span class='ocrx_word' id='word_1_563' title='bbox 1010 4235 1147 4291; x_wconf 90' lang='lat' dir='ltr'><strong>ergo</strong></span> <span class='ocrx_word' id='word_1_564' title='bbox 1175 4224 1239 4273; x_wconf 91' lang='lat' dir='ltr'><strong>ut</strong></span> <span class='ocrx_word' id='word_1_565' title='bbox 1293 4218 1595 4284; x_wconf 86' lang='lat' dir='ltr'><strong>diceretur,</strong></span> <span class='ocrx_word' id='word_1_566' title='bbox 1643 4222 1794 4289; x_wconf 89' lang='lat' dir='ltr'><strong>quod</strong></span> <span class='ocrx_word' id='word_1_567' title='bbox 1852 4221 1908 4274; x_wconf 92' lang='lat' dir='ltr'><strong>in</strong></span> 
     </span>
    </p>
   </div>
   <div class='ocr_carea' id='block_1_73' title="bbox 216 4306 1909 4378">
    <p class='ocr_par' dir='ltr' id='par_1_73' title="bbox 216 4306 1909 4378">
     <span class='ocr_line' id='line_1_73' title="bbox 216 4306 1909 4378; baseline 0 -17"><span class='ocrx_word' id='word_1_568' title='bbox 216 4307 491 4377; x_wconf 71' lang='lat' dir='ltr'><strong>praesenti</strong></span> <span class='ocrx_word' id='word_1_569' title='bbox 522 4323 719 4361; x_wconf 89' lang='lat' dir='ltr'><strong>verum</strong></span> <span class='ocrx_word' id='word_1_570' title='bbox 758 4311 925 4372; x_wconf 75' lang='lat' dir='ltr'><strong>esset,</strong></span> <span class='ocrx_word' id='word_1_571' title='bbox 976 4312 1031 4362; x_wconf 89' lang='lat' dir='ltr'><strong>et</strong></span> <span class='ocrx_word' id='word_1_572' title='bbox 1081 4306 1499 4377; x_wconf 71' lang='lat' dir='ltr'><strong>prtescientiam</strong></span> <span class='ocrx_word' id='word_1_573' title='bbox 1527 4307 1703 4361; x_wconf 91' lang='lat' dir='ltr'><strong>futuri</strong></span> <span class='ocrx_word' id='word_1_574' title='bbox 1734 4308 1909 4378; x_wconf 85' lang='lat' dir='ltr'><strong>signi-</strong></span> 
     </span>
    </p>
   </div>
   <div class='ocr_carea' id='block_1_74' title="bbox 217 4394 1911 4467">
    <p class='ocr_par' dir='ltr' id='par_1_74' title="bbox 217 4394 1911 4467">
     <span class='ocr_line' id='line_1_74' title="bbox 217 4394 1911 4467; baseline -0.001 -16"><span class='ocrx_word' id='word_1_575' title='bbox 217 4399 437 4451; x_wconf 79' lang='lat' dir='ltr'><strong>ficaret.</strong></span> <span class='ocrx_word' id='word_1_576' title='bbox 474 4397 623 4450; x_wconf 89' lang='lat' dir='ltr'><strong>Deus</strong></span> <span class='ocrx_word' id='word_1_577' title='bbox 649 4400 838 4449; x_wconf 89' lang='lat' dir='ltr'><strong>autem</strong></span> <span class='ocrx_word' id='word_1_578' title='bbox 872 4394 1066 4449; x_wconf 89' lang='lat' dir='ltr'><strong>omnia</strong></span> <span class='ocrx_word' id='word_1_579' title='bbox 1111 4395 1416 4462; x_wconf 86' lang='lat' dir='ltr'><strong>ordinavit,</strong></span> <span class='ocrx_word' id='word_1_580' title='bbox 1450 4400 1513 4450; x_wconf 92' lang='lat' dir='ltr'><strong>ut</strong></span> <span class='ocrx_word' id='word_1_581' title='bbox 1540 4396 1586 4450; x_wconf 90' lang='lat' dir='ltr'><strong>si</strong></span> <span class='ocrx_word' id='word_1_582' title='bbox 1640 4414 1753 4467; x_wconf 87' lang='lat' dir='ltr'><strong>qua</strong></span> <span class='ocrx_word' id='word_1_583' title='bbox 1796 4399 1911 4450; x_wconf 89' lang='lat' dir='ltr'><strong>sin—</strong></span> 
     </span>
    </p>
   </div>
   <div class='ocr_carea' id='block_1_75' title="bbox 216 4483 1911 4557">
    <p class='ocr_par' dir='ltr' id='par_1_75' title="bbox 216 4483 1911 4557">
     <span class='ocr_line' id='line_1_75' title="bbox 216 4483 1911 4557; baseline 0.001 -19"><span class='ocrx_word' id='word_1_584' title='bbox 216 4485 466 4557; x_wconf 86' lang='lat' dir='ltr'><strong>gillatim</strong></span> <span class='ocrx_word' id='word_1_585' title='bbox 526 4484 737 4538; x_wconf 84' lang='lat' dir='ltr'><strong>fuerint</strong></span> <span class='ocrx_word' id='word_1_586' title='bbox 789 4483 1175 4554; x_wconf 88' lang='lat' dir='ltr'><strong>delinquendo</strong></span> <span class='ocrx_word' id='word_1_587' title='bbox 1227 4483 1529 4551; x_wconf 90' lang='lat' dir='ltr'><strong>deformia,</strong></span> <span class='ocrx_word' id='word_1_588' title='bbox 1573 4501 1798 4555; x_wconf 84' lang='lat' dir='ltr'><strong>semper</strong></span> <span class='ocrx_word' id='word_1_589' title='bbox 1829 4490 1911 4539; x_wconf 89' lang='lat' dir='ltr'><strong>ta-</strong></span> 
     </span>
    </p>
   </div>
   <div class='ocr_carea' id='block_1_76' title="bbox 219 4572 1387 4629">
    <p class='ocr_par' dir='ltr' id='par_1_76' title="bbox 219 4572 1387 4629">
     <span class='ocr_line' id='line_1_76' title="bbox 219 4572 1387 4629; baseline -0.003 -2"><span class='ocrx_word' id='word_1_590' title='bbox 219 4591 350 4629; x_wconf 91' lang='lat' dir='ltr'><strong>men</strong></span> <span class='ocrx_word' id='word_1_591' title='bbox 377 4590 511 4628; x_wconf 91' lang='lat' dir='ltr'><strong>cum</strong></span> <span class='ocrx_word' id='word_1_592' title='bbox 544 4573 624 4626; x_wconf 90' lang='lat' dir='ltr'><strong>eis</strong></span> <span class='ocrx_word' id='word_1_593' title='bbox 662 4572 1000 4627; x_wconf 90' lang='lat' dir='ltr'><strong>universitas</strong></span> <span class='ocrx_word' id='word_1_594' title='bbox 1027 4573 1099 4626; x_wconf 90' lang='lat' dir='ltr'><strong>sit</strong></span> <span class='ocrx_word' id='word_1_595' title='bbox 1120 4572 1387 4626; x_wconf 85' lang='lat' dir='ltr'><strong>formosa.</strong></span> 
     </span>
    </p>
   </div>
   <div class='ocr_carea' id='block_1_77' title="bbox 290 4662 1915 4732">
    <p class='ocr_par' dir='ltr' id='par_1_77' title="bbox 290 4662 1915 4732">
     <span class='ocr_line' id='line_1_77' title="bbox 290 4662 1915 4732; baseline 0.002 -19"><span class='ocrx_word' id='word_1_596' title='bbox 290 4684 318 4713; x_wconf 76' lang='grc' dir='ltr'>ι</span> <span class='ocrx_word' id='word_1_597' title='bbox 356 4665 426 4716; x_wconf 84' lang='lat' dir='ltr'><strong>Et</strong></span> <span class='ocrx_word' id='word_1_598' title='bbox 450 4662 660 4716; x_wconf 87' lang='lat' dir='ltr'><strong>factum</strong></span> <span class='ocrx_word' id='word_1_599' title='bbox 688 4667 775 4715; x_wconf 89' lang='lat' dir='ltr'><strong>est</strong></span> <span class='ocrx_word' id='word_1_600' title='bbox 828 4676 1060 4731; x_wconf 85' lang='lat' dir='ltr'><strong>vespere</strong></span> <span class='ocrx_word' id='word_1_601' title='bbox 1111 4666 1167 4714; x_wconf 92' lang='lat' dir='ltr'><strong>et</strong></span> <span class='ocrx_word' id='word_1_602' title='bbox 1222 4675 1412 4726; x_wconf 89' lang='lat' dir='ltr'><strong>mane,</strong></span> <span class='ocrx_word' id='word_1_603' title='bbox 1437 4681 1463 4710; x_wconf 75' lang='grc' dir='ltr'><strong>ιο</strong></span> <span class='ocrx_word' id='word_1_604' title='bbox 1498 4666 1601 4715; x_wconf 90' lang='lat' dir='ltr'><strong>etc.</strong></span> <span class='ocrx_word' id='word_1_605' title='bbox 1644 4662 1824 4732; x_wconf 79' lang='lat'><strong>(1510.,</strong></span> <span class='ocrx_word' id='word_1_606' title='bbox 1856 4665 1915 4717; x_wconf 87' lang='lat' dir='ltr'><strong>in</strong></span> 
     </span>
    </p>
   </div>
   <div class='ocr_carea' id='block_1_78' title="bbox 220 4747 1912 4819">
    <p class='ocr_par' dir='ltr' id='par_1_78' title="bbox 220 4747 1912 4819">
     <span class='ocr_line' id='line_1_78' title="bbox 220 4747 1912 4819; baseline -0.001 -14"><span class='ocrx_word' id='word_1_607' title='bbox 220 4750 375 4814; x_wconf 62' lang='lat' dir='ltr'><strong>Gem,</strong></span> <span class='ocrx_word' id='word_1_608' title='bbox 411 4750 635 4816; x_wconf 83' lang='lat' dir='ltr'><strong>tom.V,</strong></span> <span class='ocrx_word' id='word_1_609' title='bbox 653 4750 758 4802; x_wconf 93' lang='lat' dir='ltr'><strong>col.</strong></span> <span class='ocrx_word' id='word_1_610' title='bbox 794 4750 939 4811; x_wconf 78' lang='lat'><strong>207.)</strong></span> <span class='ocrx_word' id='word_1_611' title='bbox 973 4749 1133 4803; x_wconf 80' lang='lat' dir='ltr'><strong>Mane</strong></span> <span class='ocrx_word' id='word_1_612' title='bbox 1182 4747 1325 4801; x_wconf 83' lang='lat' dir='ltr'><strong>sexti</strong></span> <span class='ocrx_word' id='word_1_613' title='bbox 1374 4747 1487 4801; x_wconf 91' lang='lat' dir='ltr'><strong>diei</strong></span> <span class='ocrx_word' id='word_1_614' title='bbox 1536 4750 1599 4803; x_wconf 85' lang='lat' dir='ltr'><strong>tit</strong></span> <span class='ocrx_word' id='word_1_615' title='bbox 1638 4750 1912 4819; x_wconf 66' lang='lat' dir='ltr'><strong>praedica-</strong></span> 
     </span>
    </p>
   </div>
   <div class='ocr_carea' id='block_1_79' title="bbox 222 4836 1911 4910">
    <p class='ocr_par' dir='ltr' id='par_1_79' title="bbox 222 4836 1911 4910">
     <span class='ocr_line' id='line_1_79' title="bbox 222 4836 1911 4910; baseline 0.001 -19"><span class='ocrx_word' id='word_1_616' title='bbox 222 4838 296 4891; x_wconf 89' lang='lat' dir='ltr'><strong>tio</strong></span> <span class='ocrx_word' id='word_1_617' title='bbox 348 4838 638 4906; x_wconf 82' lang='lat' dir='ltr'><strong>Evangelii</strong></span> <span class='ocrx_word' id='word_1_618' title='bbox 684 4853 789 4906; x_wconf 89' lang='lat' dir='ltr'><strong>per</strong></span> <span class='ocrx_word' id='word_1_619' title='bbox 818 4836 1124 4892; x_wconf 87' lang='lat' dir='ltr'><strong>Christum.</strong></span> <span class='ocrx_word' id='word_1_620' title='bbox 1174 4840 1303 4902; x_wconf 89' lang='lat' dir='ltr'><strong>etc.,</strong></span> <span class='ocrx_word' id='word_1_621' title='bbox 1355 4852 1523 4906; x_wconf 85' lang='lat' dir='ltr'><strong>usque</strong></span> <span class='ocrx_word' id='word_1_622' title='bbox 1574 4838 1647 4892; x_wconf 81' lang='lat' dir='ltr'><strong>ad</strong></span> <span class='ocrx_word' id='word_1_623' title='bbox 1689 4840 1787 4910; x_wconf 91' lang='lat' dir='ltr'><strong>qui</strong></span> <span class='ocrx_word' id='word_1_624' title='bbox 1818 4856 1911 4893; x_wconf 89' lang='lat' dir='ltr'><strong>ve-</strong></span> 
     </span>
    </p>
   </div>
   <div class='ocr_carea' id='block_1_80' title="bbox 219 4925 805 4995">
    <p class='ocr_par' dir='ltr' id='par_1_80' title="bbox 219 4925 805 4995">
     <span class='ocr_line' id='line_1_80' title="bbox 219 4925 805 4995; baseline -0.003 -16"><span class='ocrx_word' id='word_1_625' title='bbox 219 4942 447 4995; x_wconf 87' lang='lat' dir='ltr'><strong>speram</strong></span> <span class='ocrx_word' id='word_1_626' title='bbox 476 4940 592 4979; x_wconf 91' lang='lat' dir='ltr'><strong>non</strong></span> <span class='ocrx_word' id='word_1_627' title='bbox 614 4925 805 4979; x_wconf 87' lang='lat' dir='ltr'><strong>habet.</strong></span> 
     </span>
    </p>
   </div>
   <div class='ocr_carea' id='block_1_81' title="bbox 288 5012 1913 5083">
    <p class='ocr_par' dir='ltr' id='par_1_81' title="bbox 288 5012 1913 5083">
     <span class='ocr_line' id='line_1_81' title="bbox 288 5012 1913 5083; baseline 0.001 -14"><span class='ocrx_word' id='word_1_628' title='bbox 288 5015 591 5070; x_wconf 77' lang='lat' dir='ltr'><strong>Moraliter.</strong></span> <span class='ocrx_word' id='word_1_629' title='bbox 650 5014 838 5080; x_wconf 60' lang='lat' dir='ltr'><strong>(Aea,</strong></span> <span class='ocrx_word' id='word_1_630' title='bbox 898 5012 963 5066; x_wconf 83' lang='lat' dir='ltr'><strong>de</strong></span> <span class='ocrx_word' id='word_1_631' title='bbox 1010 5014 1137 5069; x_wconf 85' lang='lat' dir='ltr'><strong>Gen.</strong></span> <span class='ocrx_word' id='word_1_632' title='bbox 1190 5018 1378 5069; x_wconf 80' lang='lat' dir='ltr'><strong>contra</strong></span> <span class='ocrx_word' id='word_1_633' title='bbox 1434 5016 1696 5083; x_wconf 81' lang='lat' dir='ltr'><strong>Manich.,</strong></span> <span class='ocrx_word' id='word_1_634' title='bbox 1746 5016 1843 5071; x_wconf 90' lang='lat' dir='ltr'><strong>lib.</strong></span> <span class='ocrx_word' id='word_1_635' title='bbox 1898 5034 1913 5071; x_wconf 88' lang='grc' dir='ltr'>ι</span> 
     </span>
    </p>
   </div>
   <div class='ocr_carea' id='block_1_82' title="bbox 220 5101 1911 5172">
    <p class='ocr_par' dir='ltr' id='par_1_82' title="bbox 220 5101 1911 5172">
     <span class='ocr_line' id='line_1_82' title="bbox 220 5101 1911 5172; baseline 0.002 -17"><span class='ocrx_word' id='word_1_636' title='bbox 220 5106 275 5155; x_wconf 77' lang='lat' dir='ltr'><strong>in</strong></span> <span class='ocrx_word' id='word_1_637' title='bbox 323 5103 473 5172; x_wconf 73' lang='lat' dir='ltr'><strong>ﬁne.)</strong></span> <span class='ocrx_word' id='word_1_638' title='bbox 534 5102 700 5156; x_wconf 78' lang='lat' dir='ltr'><strong>Sexto</strong></span> <span class='ocrx_word' id='word_1_639' title='bbox 758 5101 847 5155; x_wconf 89' lang='lat' dir='ltr'><strong>die</strong></span> <span class='ocrx_word' id='word_1_640' title='bbox 904 5102 1168 5172; x_wconf 88' lang='lat' dir='ltr'><strong>producit</strong></span> <span class='ocrx_word' id='word_1_641' title='bbox 1212 5107 1363 5157; x_wconf 88' lang='lat' dir='ltr'><strong>terra</strong></span> <span class='ocrx_word' id='word_1_642' title='bbox 1421 5106 1669 5158; x_wconf 88' lang='lat' dir='ltr'><strong>animam</strong></span> <span class='ocrx_word' id='word_1_643' title='bbox 1729 5105 1911 5159; x_wconf 89' lang='lat' dir='ltr'><strong>vivam</strong></span> 
     </span>
    </p>
   </div>
   <div class='ocr_carea' id='block_1_83' title="bbox 223 5189 1913 5257">
    <p class='ocr_par' dir='ltr' id='par_1_83' title="bbox 223 5189 1913 5257">
     <span class='ocr_line' id='line_1_83' title="bbox 223 5189 1913 5257; baseline 0.002 -14"><span class='ocrx_word' id='word_1_644' title='bbox 223 5190 272 5244; x_wconf 89' lang='lat' dir='ltr'><strong>id</strong></span> <span class='ocrx_word' id='word_1_645' title='bbox 305 5196 411 5255; x_wconf 88' lang='lat' dir='ltr'><strong>est,</strong></span> <span class='ocrx_word' id='word_1_646' title='bbox 469 5191 645 5245; x_wconf 92' lang='lat' dir='ltr'><strong>homo</strong></span> <span class='ocrx_word' id='word_1_647' title='bbox 694 5189 764 5243; x_wconf 86' lang='lat' dir='ltr'><strong>de</strong></span> <span class='ocrx_word' id='word_1_648' title='bbox 811 5190 1115 5245; x_wconf 87' lang='lat' dir='ltr'><strong>stabilitate</strong></span> <span class='ocrx_word' id='word_1_649' title='bbox 1160 5207 1277 5245; x_wconf 67' lang='lat' dir='ltr'><strong>sua:</strong></span> <span class='ocrx_word' id='word_1_650' title='bbox 1330 5192 1557 5257; x_wconf 86' lang='lat' dir='ltr'><strong>mentis,</strong></span> <span class='ocrx_word' id='word_1_651' title='bbox 1593 5192 1693 5245; x_wconf 90' lang='lat' dir='ltr'><strong>ubi</strong></span> <span class='ocrx_word' id='word_1_652' title='bbox 1741 5193 1913 5247; x_wconf 89' lang='lat' dir='ltr'><strong>habet</strong></span> 
     </span>
    </p>
   </div>
   <div class='ocr_carea' id='block_1_84' title="bbox 224 5278 1915 5349">
    <p class='ocr_par' dir='ltr' id='par_1_84' title="bbox 224 5278 1915 5349">
     <span class='ocr_line' id='line_1_84' title="bbox 224 5278 1915 5349; baseline 0.001 -17"><span class='ocrx_word' id='word_1_653' title='bbox 224 5280 436 5333; x_wconf 79' lang='lat' dir='ltr'><strong>fructus</strong></span> <span class='ocrx_word' id='word_1_654' title='bbox 466 5278 812 5349; x_wconf 79' lang='lat' dir='ltr'><strong>spirituales,</strong></span> <span class='ocrx_word' id='word_1_655' title='bbox 842 5278 899 5332; x_wconf 91' lang='lat' dir='ltr'><strong>id</strong></span> <span class='ocrx_word' id='word_1_656' title='bbox 949 5283 1053 5344; x_wconf 86' lang='lat' dir='ltr'><strong>est,</strong></span> <span class='ocrx_word' id='word_1_657' title='bbox 1099 5280 1273 5333; x_wconf 90' lang='lat' dir='ltr'><strong>bonas</strong></span> <span class='ocrx_word' id='word_1_658' title='bbox 1320 5278 1725 5349; x_wconf 89' lang='lat' dir='ltr'><strong>cogitationes;</strong></span> <span class='ocrx_word' id='word_1_659' title='bbox 1785 5297 1915 5334; x_wconf 88' lang='lat' dir='ltr'><strong>om-</strong></span> 
     </span>
    </p>
   </div>
   <div class='ocr_carea' id='block_1_85' title="bbox 227 5366 1910 5437">
    <p class='ocr_par' dir='ltr' id='par_1_85' title="bbox 227 5366 1910 5437">
     <span class='ocr_line' id='line_1_85' title="bbox 227 5366 1910 5437; baseline 0.001 -16"><span class='ocrx_word' id='word_1_660' title='bbox 227 5384 320 5422; x_wconf 86' lang='lat' dir='ltr'><strong>nes</strong></span> <span class='ocrx_word' id='word_1_661' title='bbox 346 5374 538 5421; x_wconf 89' lang='lat' dir='ltr'><strong>motus</strong></span> <span class='ocrx_word' id='word_1_662' title='bbox 564 5366 743 5421; x_wconf 92' lang='lat' dir='ltr'><strong>animi</strong></span> <span class='ocrx_word' id='word_1_663' title='bbox 773 5367 861 5421; x_wconf 89' lang='lat' dir='ltr'><strong>sui</strong></span> <span class='ocrx_word' id='word_1_664' title='bbox 893 5368 1057 5437; x_wconf 86' lang='lat' dir='ltr'><strong>regit,</strong></span> <span class='ocrx_word' id='word_1_665' title='bbox 1087 5373 1151 5423; x_wconf 92' lang='lat' dir='ltr'><strong>ut</strong></span> <span class='ocrx_word' id='word_1_666' title='bbox 1180 5370 1253 5422; x_wconf 91' lang='lat' dir='ltr'><strong>sit</strong></span> <span class='ocrx_word' id='word_1_667' title='bbox 1298 5368 1355 5421; x_wconf 90' lang='lat' dir='ltr'><strong>in</strong></span> <span class='ocrx_word' id='word_1_668' title='bbox 1413 5369 1511 5422; x_wconf 92' lang='lat' dir='ltr'><strong>illo</strong></span> <span class='ocrx_word' id='word_1_669' title='bbox 1543 5367 1738 5422; x_wconf 90' lang='lat' dir='ltr'><strong>anima</strong></span> <span class='ocrx_word' id='word_1_670' title='bbox 1767 5368 1910 5437; x_wconf 90' lang='lat' dir='ltr'><strong>viva,</strong></span> 
     </span>
    </p>
   </div>
   <div class='ocr_carea' id='block_1_86' title="bbox 223 5456 1916 5527">
    <p class='ocr_par' dir='ltr' id='par_1_86' title="bbox 223 5456 1916 5527">
     <span class='ocr_line' id='line_1_86' title="bbox 223 5456 1916 5527; baseline 0.001 -15"><span class='ocrx_word' id='word_1_671' title='bbox 223 5456 275 5512; x_wconf 91' lang='lat' dir='ltr'><strong>id</strong></span> <span class='ocrx_word' id='word_1_672' title='bbox 292 5463 400 5522; x_wconf 88' lang='lat' dir='ltr'><strong>est,</strong></span> <span class='ocrx_word' id='word_1_673' title='bbox 432 5456 645 5511; x_wconf 88' lang='lat' dir='ltr'><strong>rationi</strong></span> <span class='ocrx_word' id='word_1_674' title='bbox 676 5463 734 5512; x_wconf 93' lang='lat' dir='ltr'><strong>et</strong></span> <span class='ocrx_word' id='word_1_675' title='bbox 764 5456 1003 5527; x_wconf 68' lang='lat' dir='ltr'><strong>justitiae</strong></span> <span class='ocrx_word' id='word_1_676' title='bbox 1037 5456 1308 5522; x_wconf 88' lang='lat' dir='ltr'><strong>serviens,</strong></span> <span class='ocrx_word' id='word_1_677' title='bbox 1352 5472 1471 5511; x_wconf 88' lang='lat' dir='ltr'><strong>non</strong></span> <span class='ocrx_word' id='word_1_678' title='bbox 1512 5457 1831 5513; x_wconf 89' lang='lat' dir='ltr'><strong>terrenitati</strong></span> <span class='ocrx_word' id='word_1_679' title='bbox 1861 5462 1916 5513; x_wconf 91' lang='lat' dir='ltr'><strong>et</strong></span> 
     </span>
    </p>
   </div>
   <div class='ocr_carea' id='block_1_87' title="bbox 225 5545 1913 5619">
    <p class='ocr_par' dir='ltr' id='par_1_87' title="bbox 225 5545 1913 5619">
     <span class='ocr_line' id='line_1_87' title="bbox 225 5545 1913 5619; baseline 0.002 -21"><span class='ocrx_word' id='word_1_680' title='bbox 225 5549 467 5619; x_wconf 89' lang='lat' dir='ltr'><strong>peccato.</strong></span> <span class='ocrx_word' id='word_1_681' title='bbox 501 5546 585 5599; x_wconf 88' lang='lat' dir='ltr'><strong>Ita</strong></span> <span class='ocrx_word' id='word_1_682' title='bbox 616 5545 679 5600; x_wconf 85' lang='lat' dir='ltr'><strong>lit</strong></span> <span class='ocrx_word' id='word_1_683' title='bbox 704 5547 881 5599; x_wconf 84' lang='lat' dir='ltr'><strong>homo</strong></span> <span class='ocrx_word' id='word_1_684' title='bbox 909 5545 977 5599; x_wconf 88' lang='lat' dir='ltr'><strong>ad</strong></span> <span class='ocrx_word' id='word_1_685' title='bbox 1032 5545 1342 5616; x_wconf 87' lang='lat' dir='ltr'><strong>imaginem</strong></span> <span class='ocrx_word' id='word_1_686' title='bbox 1368 5549 1425 5599; x_wconf 92' lang='lat' dir='ltr'><strong>et</strong></span> <span class='ocrx_word' id='word_1_687' title='bbox 1478 5545 1913 5601; x_wconf 89' lang='lat' dir='ltr'><strong>similitudinem</strong></span> 
     </span>
    </p>
   </div>
   <div class='ocr_carea' id='block_1_88' title="bbox 2030 3066 3719 3141">
    <p class='ocr_par' dir='ltr' id='par_1_88' title="bbox 2030 3066 3719 3141">
     <span class='ocr_line' id='line_1_88' title="bbox 2030 3066 3719 3141; baseline 0.003 -21"><span class='ocrx_word' id='word_1_688' title='bbox 2030 3066 2217 3121; x_wconf 90' lang='lat' dir='ltr'><strong>lucem</strong></span> <span class='ocrx_word' id='word_1_689' title='bbox 2246 3066 2403 3133; x_wconf 83' lang='lat' dir='ltr'><strong>ﬁdei,</strong></span> <span class='ocrx_word' id='word_1_690' title='bbox 2436 3067 2664 3137; x_wconf 90' lang='lat' dir='ltr'><strong>quando</strong></span> <span class='ocrx_word' id='word_1_691' title='bbox 2692 3066 2943 3138; x_wconf 88' lang='lat' dir='ltr'><strong>primum</strong></span> <span class='ocrx_word' id='word_1_692' title='bbox 2976 3067 3293 3123; x_wconf 89' lang='lat' dir='ltr'><strong>visibilibus</strong></span> <span class='ocrx_word' id='word_1_693' title='bbox 3322 3071 3521 3136; x_wconf 87' lang='lat' dir='ltr'><strong>credit,</strong></span> <span class='ocrx_word' id='word_1_694' title='bbox 3579 3088 3719 3141; x_wconf 90' lang='lat' dir='ltr'><strong>pro-</strong></span> 
     </span>
    </p>
   </div>
   <div class='ocr_carea' id='block_1_89' title="bbox 2030 3156 3719 3231">
    <p class='ocr_par' dir='ltr' id='par_1_89' title="bbox 2030 3156 3719 3231">
     <span class='ocr_line' id='line_1_89' title="bbox 2030 3156 3719 3231; baseline 0.004 -22"><span class='ocrx_word' id='word_1_695' title='bbox 2030 3160 2156 3226; x_wconf 88' lang='lat' dir='ltr'><strong>pter</strong></span> <span class='ocrx_word' id='word_1_696' title='bbox 2184 3171 2358 3226; x_wconf 87' lang='lat' dir='ltr'><strong>quam</strong></span> <span class='ocrx_word' id='word_1_697' title='bbox 2414 3156 2589 3210; x_wconf 83' lang='lat' dir='ltr'><strong>fidem</strong></span> <span class='ocrx_word' id='word_1_698' title='bbox 2647 3156 2922 3211; x_wconf 89' lang='lat' dir='ltr'><strong>Dominus</strong></span> <span class='ocrx_word' id='word_1_699' title='bbox 2963 3157 3259 3213; x_wconf 83' lang='lat' dir='ltr'><strong>visibiliter</strong></span> <span class='ocrx_word' id='word_1_700' title='bbox 3318 3176 3592 3231; x_wconf 89' lang='lat' dir='ltr'><strong>apparere</strong></span> <span class='ocrx_word' id='word_1_701' title='bbox 3642 3161 3719 3215; x_wconf 86' lang='lat' dir='ltr'><strong>di-</strong></span> 
     </span>
    </p>
   </div>
   <div class='ocr_carea' id='block_1_90' title="bbox 2028 3244 3717 3320">
    <p class='ocr_par' dir='ltr' id='par_1_90' title="bbox 2028 3244 3717 3320">
     <span class='ocr_line' id='line_1_90' title="bbox 2028 3244 3717 3320; baseline 0.004 -22"><span class='ocrx_word' id='word_1_702' title='bbox 2028 3249 2236 3314; x_wconf 89' lang='lat' dir='ltr'><strong>gnatus</strong></span> <span class='ocrx_word' id='word_1_703' title='bbox 2256 3250 2357 3299; x_wconf 91' lang='lat' dir='ltr'><strong>est.</strong></span> <span class='ocrx_word' id='word_1_704' title='bbox 2391 3246 2651 3299; x_wconf 89' lang='lat' dir='ltr'><strong>Secundo</strong></span> <span class='ocrx_word' id='word_1_705' title='bbox 2676 3244 2767 3300; x_wconf 88' lang='lat' dir='ltr'><strong>die</strong></span> <span class='ocrx_word' id='word_1_706' title='bbox 2792 3246 3001 3301; x_wconf 90' lang='lat' dir='ltr'><strong>factum</strong></span> <span class='ocrx_word' id='word_1_707' title='bbox 3050 3252 3136 3301; x_wconf 90' lang='lat' dir='ltr'><strong>est</strong></span> <span class='ocrx_word' id='word_1_708' title='bbox 3191 3253 3463 3320; x_wconf 87' lang='lat' dir='ltr'><strong>tanquam</strong></span> <span class='ocrx_word' id='word_1_709' title='bbox 3524 3251 3717 3304; x_wconf 85' lang='lat' dir='ltr'><strong>tirma-</strong></span> 
     </span>
    </p>
   </div>
   <div class='ocr_carea' id='block_1_91' title="bbox 2028 3332 3723 3405">
    <p class='ocr_par' dir='ltr' id='par_1_91' title="bbox 2028 3332 3723 3405">
     <span class='ocr_line' id='line_1_91' title="bbox 2028 3332 3723 3405; baseline 0.004 -18"><span class='ocrx_word' id='word_1_710' title='bbox 2028 3338 2287 3388; x_wconf 90' lang='lat' dir='ltr'><strong>mentum</strong></span> <span class='ocrx_word' id='word_1_711' title='bbox 2318 3332 2651 3404; x_wconf 76' lang='lat' dir='ltr'><strong>disciplinae,</strong></span> <span class='ocrx_word' id='word_1_712' title='bbox 2680 3334 2833 3405; x_wconf 91' lang='lat' dir='ltr'><strong>quod</strong></span> <span class='ocrx_word' id='word_1_713' title='bbox 2868 3335 3137 3389; x_wconf 88' lang='lat' dir='ltr'><strong>discernit</strong></span> <span class='ocrx_word' id='word_1_714' title='bbox 3181 3336 3332 3391; x_wconf 89' lang='lat' dir='ltr'><strong>inter</strong></span> <span class='ocrx_word' id='word_1_715' title='bbox 3360 3339 3631 3393; x_wconf 86' lang='lat' dir='ltr'><strong>’carnalia</strong></span> <span class='ocrx_word' id='word_1_716' title='bbox 3664 3344 3723 3393; x_wconf 88' lang='lat' dir='ltr'><strong>et</strong></span> 
     </span>
    </p>
   </div>
   <div class='ocr_carea' id='block_1_92' title="bbox 2028 3421 3719 3493">
    <p class='ocr_par' dir='ltr' id='par_1_92' title="bbox 2028 3421 3719 3493">
     <span class='ocr_line' id='line_1_92' title="bbox 2028 3421 3719 3493; baseline 0.004 -18"><span class='ocrx_word' id='word_1_717' title='bbox 2028 3421 2347 3492; x_wconf 88' lang='lat' dir='ltr'><strong>spiritualia</strong></span> <span class='ocrx_word' id='word_1_718' title='bbox 2402 3438 2597 3493; x_wconf 89' lang='lat' dir='ltr'><strong>opera,</strong></span> <span class='ocrx_word' id='word_1_719' title='bbox 2644 3423 2791 3476; x_wconf 89' lang='lat' dir='ltr'><strong>sicut</strong></span> <span class='ocrx_word' id='word_1_720' title='bbox 2820 3423 3249 3478; x_wconf 82' lang='lat' dir='ltr'><strong>firmamentum</strong></span> <span class='ocrx_word' id='word_1_721' title='bbox 3291 3426 3440 3479; x_wconf 90' lang='lat' dir='ltr'><strong>inter</strong></span> <span class='ocrx_word' id='word_1_722' title='bbox 3485 3426 3719 3481; x_wconf 90' lang='lat' dir='ltr'><strong>inferio-</strong></span> 
     </span>
    </p>
   </div>
   <div class='ocr_carea' id='block_1_93' title="bbox 2024 3511 3718 3584">
    <p class='ocr_par' dir='ltr' id='par_1_93' title="bbox 2024 3511 3718 3584">
     <span class='ocr_line' id='line_1_93' title="bbox 2024 3511 3718 3584; baseline 0.004 -21"><span class='ocrx_word' id='word_1_723' title='bbox 2024 3526 2117 3564; x_wconf 90' lang='lat' dir='ltr'><strong>res</strong></span> <span class='ocrx_word' id='word_1_724' title='bbox 2171 3527 2351 3581; x_wconf 90' lang='lat' dir='ltr'><strong>aquas</strong></span> <span class='ocrx_word' id='word_1_725' title='bbox 2406 3516 2463 3564; x_wconf 91' lang='lat' dir='ltr'><strong>et</strong></span> <span class='ocrx_word' id='word_1_726' title='bbox 2517 3511 2856 3582; x_wconf 88' lang='lat' dir='ltr'><strong>superiores.</strong></span> <span class='ocrx_word' id='word_1_727' title='bbox 2914 3512 3102 3566; x_wconf 89' lang='lat' dir='ltr'><strong>Tertio</strong></span> <span class='ocrx_word' id='word_1_728' title='bbox 3160 3512 3251 3567; x_wconf 89' lang='lat' dir='ltr'><strong>die</strong></span> <span class='ocrx_word' id='word_1_729' title='bbox 3300 3530 3414 3584; x_wconf 93' lang='lat' dir='ltr'><strong>quo</strong></span> <span class='ocrx_word' id='word_1_730' title='bbox 3469 3522 3718 3570; x_wconf 88' lang='lat' dir='ltr'><strong>mentem</strong></span> 
     </span>
    </p>
   </div>
   <div class='ocr_carea' id='block_1_94' title="bbox 2027 3599 3718 3675">
    <p class='ocr_par' dir='ltr' id='par_1_94' title="bbox 2027 3599 3718 3675">
     <span class='ocr_line' id='line_1_94' title="bbox 2027 3599 3718 3675; baseline 0.003 -22"><span class='ocrx_word' id='word_1_731' title='bbox 2027 3614 2187 3653; x_wconf 88' lang='lat' dir='ltr'><strong>suam</strong></span> <span class='ocrx_word' id='word_1_732' title='bbox 2218 3599 2287 3653; x_wconf 88' lang='lat' dir='ltr'><strong>ad</strong></span> <span class='ocrx_word' id='word_1_733' title='bbox 2312 3600 2687 3669; x_wconf 85' lang='lat' dir='ltr'><strong>proferendos</strong></span> <span class='ocrx_word' id='word_1_734' title='bbox 2716 3600 2998 3654; x_wconf 89' lang='lat' dir='ltr'><strong>bonorum</strong></span> <span class='ocrx_word' id='word_1_735' title='bbox 3032 3617 3273 3669; x_wconf 88' lang='lat' dir='ltr'><strong>operum</strong></span> <span class='ocrx_word' id='word_1_736' title='bbox 3325 3603 3539 3657; x_wconf 88' lang='lat' dir='ltr'><strong>fructus</strong></span> <span class='ocrx_word' id='word_1_737' title='bbox 3577 3621 3718 3675; x_wconf 75' lang='lat' dir='ltr'><strong>prae-</strong></span> 
     </span>
    </p>
   </div>
   <div class='ocr_carea' id='block_1_95' title="bbox 2027 3688 3716 3760">
    <p class='ocr_par' dir='ltr' id='par_1_95' title="bbox 2027 3688 3716 3760">
     <span class='ocr_line' id='line_1_95' title="bbox 2027 3688 3716 3760; baseline 0.003 -19"><span class='ocrx_word' id='word_1_738' title='bbox 2027 3693 2206 3758; x_wconf 87' lang='lat' dir='ltr'><strong>parat,</strong></span> <span class='ocrx_word' id='word_1_739' title='bbox 2233 3693 2284 3743; x_wconf 89' lang='lat' dir='ltr'><strong>et</strong></span> <span class='ocrx_word' id='word_1_740' title='bbox 2338 3688 2526 3759; x_wconf 86' lang='lat' dir='ltr'><strong>erigit,</strong></span> <span class='ocrx_word' id='word_1_741' title='bbox 2573 3694 2831 3760; x_wconf 89' lang='lat' dir='ltr'><strong>separata</strong></span> <span class='ocrx_word' id='word_1_742' title='bbox 2884 3689 3007 3743; x_wconf 90' lang='lat' dir='ltr'><strong>labe</strong></span> <span class='ocrx_word' id='word_1_743' title='bbox 3036 3695 3092 3743; x_wconf 88' lang='lat' dir='ltr'><strong>et</strong></span> <span class='ocrx_word' id='word_1_744' title='bbox 3134 3690 3398 3745; x_wconf 81' lang='lat' dir='ltr'><strong>fluctibus</strong></span> <span class='ocrx_word' id='word_1_745' title='bbox 3445 3692 3716 3746; x_wconf 87' lang='lat' dir='ltr'><strong>tentatio-</strong></span> 
     </span>
    </p>
   </div>
   <div class='ocr_carea' id='block_1_96' title="bbox 2027 3777 3718 3847">
    <p class='ocr_par' dir='ltr' id='par_1_96' title="bbox 2027 3777 3718 3847">
     <span class='ocr_line' id='line_1_96' title="bbox 2027 3777 3718 3847; baseline 0.002 -17"><span class='ocrx_word' id='word_1_746' title='bbox 2027 3792 2167 3830; x_wconf 90' lang='lat' dir='ltr'><strong>num</strong></span> <span class='ocrx_word' id='word_1_747' title='bbox 2196 3777 2533 3843; x_wconf 89' lang='lat' dir='ltr'><strong>carnalium,</strong></span> <span class='ocrx_word' id='word_1_748' title='bbox 2589 3782 2863 3847; x_wconf 89' lang='lat' dir='ltr'><strong>tanquam</strong></span> <span class='ocrx_word' id='word_1_749' title='bbox 2897 3777 3115 3831; x_wconf 87' lang='lat' dir='ltr'><strong>aridam</strong></span> <span class='ocrx_word' id='word_1_750' title='bbox 3176 3778 3349 3832; x_wconf 87' lang='lat' dir='ltr'><strong>habet</strong></span> <span class='ocrx_word' id='word_1_751' title='bbox 3400 3785 3653 3834; x_wconf 90' lang='lat' dir='ltr'><strong>mentem</strong></span> <span class='ocrx_word' id='word_1_752' title='bbox 3684 3797 3718 3834; x_wconf 88' lang='lat' dir='ltr'><strong>a</strong></span> 
     </span>
    </p>
   </div>
   <div class='ocr_carea' id='block_1_97' title="bbox 2024 3864 3715 3936">
    <p class='ocr_par' dir='ltr' id='par_1_97' title="bbox 2024 3864 3715 3936">
     <span class='ocr_line' id='line_1_97' title="bbox 2024 3864 3715 3936; baseline 0.002 -18"><span class='ocrx_word' id='word_1_753' title='bbox 2024 3864 2551 3935; x_wconf 88' lang='lat' dir='ltr'><strong>perturbationibus</strong></span> <span class='ocrx_word' id='word_1_754' title='bbox 2576 3866 2765 3930; x_wconf 90' lang='lat' dir='ltr'><strong>maris,</strong></span> <span class='ocrx_word' id='word_1_755' title='bbox 2800 3870 2858 3918; x_wconf 91' lang='lat' dir='ltr'><strong>ut</strong></span> <span class='ocrx_word' id='word_1_756' title='bbox 2876 3866 2997 3935; x_wconf 90' lang='lat' dir='ltr'><strong>jam</strong></span> <span class='ocrx_word' id='word_1_757' title='bbox 3027 3866 3201 3936; x_wconf 86' lang='lat' dir='ltr'><strong>possit</strong></span> <span class='ocrx_word' id='word_1_758' title='bbox 3222 3867 3444 3921; x_wconf 89' lang='lat' dir='ltr'><strong>dicere:</strong></span> <span class='ocrx_word' id='word_1_759' title='bbox 3473 3888 3499 3917; x_wconf 78' lang='grc' dir='ltr'><em>α</em></span> <span class='ocrx_word' id='word_1_760' title='bbox 3535 3869 3715 3923; x_wconf 82' lang='lat' dir='ltr'><strong>Mente</strong></span> 
     </span>
    </p>
   </div>
   <div class='ocr_carea' id='block_1_98' title="bbox 2024 3952 3037 4023">
    <p class='ocr_par' dir='ltr' id='par_1_98' title="bbox 2024 3952 3037 4023">
     <span class='ocr_line' id='line_1_98' title="bbox 2024 3952 3037 4023; baseline 0 -17"><span class='ocrx_word' id='word_1_761' title='bbox 2024 3952 2209 4006; x_wconf 90' lang='lat' dir='ltr'><strong>servio</strong></span> <span class='ocrx_word' id='word_1_762' title='bbox 2242 3952 2352 4017; x_wconf 80' lang='lat' dir='ltr'><strong>legi</strong></span> <span class='ocrx_word' id='word_1_763' title='bbox 2388 3952 2483 4005; x_wconf 85' lang='lat' dir='ltr'><strong>Dei</strong></span> <span class='ocrx_word' id='word_1_764' title='bbox 2512 3956 2682 4019; x_wconf 83' lang='lat' dir='ltr'><strong>(Rom.</strong></span> <span class='ocrx_word' id='word_1_765' title='bbox 2722 3954 2837 4023; x_wconf 83' lang='lat' dir='ltr'><strong>vn),</strong></span> <span class='ocrx_word' id='word_1_766' title='bbox 2872 3974 2900 4003; x_wconf 76' lang='grc' dir='ltr'><strong>ι)</strong></span> <span class='ocrx_word' id='word_1_767' title='bbox 2932 3958 3037 4006; x_wconf 89' lang='lat' dir='ltr'><strong>etc.</strong></span> 
     </span>
    </p>
   </div>
   <div class='ocr_carea' id='block_1_99' title="bbox 2098 4039 3711 4112">
    <p class='ocr_par' dir='ltr' id='par_1_99' title="bbox 2098 4039 3711 4112">
     <span class='ocr_line' id='line_1_99' title="bbox 2098 4039 3711 4112; baseline 0.005 -21"><span class='ocrx_word' id='word_1_768' title='bbox 2098 4039 2255 4095; x_wconf 77' lang='lat' dir='ltr'><strong>Vens.</strong></span> <span class='ocrx_word' id='word_1_769' title='bbox 2315 4043 2367 4107; x_wconf 79' lang='lat'><strong>2,</strong></span> <span class='ocrx_word' id='word_1_770' title='bbox 2428 4044 2478 4095; x_wconf 81' lang='lat'><strong>3.</strong></span> <span class='ocrx_word' id='word_1_771' title='bbox 2537 4070 2605 4081; x_wconf 94' lang='lat'>—</span> <span class='ocrx_word' id='word_1_772' title='bbox 2656 4060 2683 4091; x_wconf 76' lang='grc' dir='ltr'><strong><em>α</em></strong></span> <span class='ocrx_word' id='word_1_773' title='bbox 2743 4041 3169 4112; x_wconf 84' lang='lat' dir='ltr'><strong>Complevitque</strong></span> <span class='ocrx_word' id='word_1_774' title='bbox 3224 4044 3389 4109; x_wconf 90' lang='lat' dir='ltr'><strong>Deus,</strong></span> <span class='ocrx_word' id='word_1_775' title='bbox 3450 4064 3476 4093; x_wconf 73' lang='grc' dir='ltr'><strong>ι)</strong></span> <span class='ocrx_word' id='word_1_776' title='bbox 3530 4045 3711 4109; x_wconf 77' lang='grc' dir='ltr'><strong>(ΒιςυΑ,</strong></span> 
     </span>
    </p>
   </div>
   <div class='ocr_carea' id='block_1_100' title="bbox 2023 4129 3715 4199">
    <p class='ocr_par' dir='ltr' id='par_1_100' title="bbox 2023 4129 3715 4199">
     <span class='ocr_line' id='line_1_100' title="bbox 2023 4129 3715 4199; baseline 0.001 -13"><span class='ocrx_word' id='word_1_777' title='bbox 2023 4135 2081 4186; x_wconf 89' lang='lat' dir='ltr'><strong>in</strong></span> <span class='ocrx_word' id='word_1_778' title='bbox 2111 4130 2388 4199; x_wconf 71' lang='lat' dir='ltr'><strong>Hemaem.)</strong></span> <span class='ocrx_word' id='word_1_779' title='bbox 2442 4129 2561 4184; x_wconf 84' lang='lat' dir='ltr'><strong>Alia</strong></span> <span class='ocrx_word' id='word_1_780' title='bbox 2610 4130 2905 4184; x_wconf 88' lang='lat' dir='ltr'><strong>translatio</strong></span> <span class='ocrx_word' id='word_1_781' title='bbox 2958 4146 2969 4183; x_wconf 90' lang='lat'><strong>:</strong></span> <span class='ocrx_word' id='word_1_782' title='bbox 3033 4132 3514 4186; x_wconf 79' lang='lat' dir='ltr'><strong>«Consummavit</strong></span> <span class='ocrx_word' id='word_1_783' title='bbox 3570 4135 3715 4188; x_wconf 87' lang='lat' dir='ltr'><strong>Deus</strong></span> 
     </span>
    </p>
   </div>
   <div class='ocr_carea' id='block_1_101' title="bbox 2028 4218 3714 4289">
    <p class='ocr_par' dir='ltr' id='par_1_101' title="bbox 2028 4218 3714 4289">
     <span class='ocr_line' id='line_1_101' title="bbox 2028 4218 3714 4289; baseline 0.001 -15"><span class='ocrx_word' id='word_1_784' title='bbox 2028 4221 2119 4275; x_wconf 86' lang='lat' dir='ltr'><strong>die</strong></span> <span class='ocrx_word' id='word_1_785' title='bbox 2149 4226 2303 4272; x_wconf 81' lang='lat' dir='ltr'><strong>sexto</strong></span> <span class='ocrx_word' id='word_1_786' title='bbox 2341 4234 2516 4289; x_wconf 81' lang='lat' dir='ltr'><strong>opera</strong></span> <span class='ocrx_word' id='word_1_787' title='bbox 2552 4235 2681 4289; x_wconf 67' lang='lat' dir='ltr'><strong>qua:</strong></span> <span class='ocrx_word' id='word_1_788' title='bbox 2733 4218 2882 4283; x_wconf 87' lang='lat' dir='ltr'><strong>fecit,</strong></span> <span class='ocrx_word' id='word_1_789' title='bbox 2936 4238 2961 4270; x_wconf 77' lang='grc' dir='ltr'><strong>ι)</strong></span> <span class='ocrx_word' id='word_1_790' title='bbox 3024 4236 3152 4289; x_wconf 64' lang='lat' dir='ltr'><strong>quas</strong></span> <span class='ocrx_word' id='word_1_791' title='bbox 3213 4220 3349 4274; x_wconf 83' lang='lat' dir='ltr'><strong>nihil</strong></span> <span class='ocrx_word' id='word_1_792' title='bbox 3383 4222 3714 4289; x_wconf 64' lang='lat' dir='ltr'><strong>quaestionis</strong></span> 
     </span>
    </p>
   </div>
   <div class='ocr_carea' id='block_1_102' title="bbox 2030 4307 3712 4380">
    <p class='ocr_par' dir='ltr' id='par_1_102' title="bbox 2030 4307 3712 4380">
     <span class='ocr_line' id='line_1_102' title="bbox 2030 4307 3712 4380; baseline -0.002 -17"><span class='ocrx_word' id='word_1_793' title='bbox 2030 4310 2211 4375; x_wconf 75' lang='lat' dir='ltr'><strong>affert,</strong></span> <span class='ocrx_word' id='word_1_794' title='bbox 2238 4307 2373 4380; x_wconf 85' lang='lat' dir='ltr'><strong>quia</strong></span> <span class='ocrx_word' id='word_1_795' title='bbox 2405 4307 2700 4361; x_wconf 84' lang='lat' dir='ltr'><strong>manifesta</strong></span> <span class='ocrx_word' id='word_1_796' title='bbox 2731 4312 2863 4360; x_wconf 86' lang='lat' dir='ltr'><strong>sunt</strong></span> <span class='ocrx_word' id='word_1_797' title='bbox 2883 4324 3010 4377; x_wconf 65' lang='lat' dir='ltr'><strong>qua:</strong></span> <span class='ocrx_word' id='word_1_798' title='bbox 3042 4309 3099 4361; x_wconf 89' lang='lat' dir='ltr'><strong>in</strong></span> <span class='ocrx_word' id='word_1_799' title='bbox 3130 4326 3197 4362; x_wconf 84' lang='lat' dir='ltr'><strong>eo</strong></span> <span class='ocrx_word' id='word_1_800' title='bbox 3230 4311 3373 4363; x_wconf 87' lang='lat' dir='ltr'><strong>facta</strong></span> <span class='ocrx_word' id='word_1_801' title='bbox 3403 4316 3552 4375; x_wconf 89' lang='lat' dir='ltr'><strong>sunt,</strong></span> <span class='ocrx_word' id='word_1_802' title='bbox 3581 4316 3679 4364; x_wconf 88' lang='lat' dir='ltr'><strong>etc.</strong></span> <span class='ocrx_word' id='word_1_803' title='bbox 3700 4354 3712 4378; x_wconf 72' lang='grc'>,</span> 
     </span>
    </p>
   </div>
   <div class='ocr_carea' id='block_1_103' title="bbox 2019 4396 3714 4467">
    <p class='ocr_par' dir='ltr' id='par_1_103' title="bbox 2019 4396 3714 4467">
     <span class='ocr_line' id='line_1_103' title="bbox 2019 4396 3714 4467; baseline 0 -15"><span class='ocrx_word' id='word_1_804' title='bbox 2019 4413 2189 4467; x_wconf 84' lang='lat' dir='ltr'><strong>usque</strong></span> <span class='ocrx_word' id='word_1_805' title='bbox 2244 4397 2318 4451; x_wconf 82' lang='lat' dir='ltr'><strong>ad</strong></span> <span class='ocrx_word' id='word_1_806' title='bbox 2370 4396 2588 4467; x_wconf 90' lang='lat' dir='ltr'><strong>aliquid</strong></span> <span class='ocrx_word' id='word_1_807' title='bbox 2637 4396 2793 4450; x_wconf 91' lang='lat' dir='ltr'><strong>enim</strong></span> <span class='ocrx_word' id='word_1_808' title='bbox 2848 4397 3036 4466; x_wconf 88' lang='lat' dir='ltr'><strong>operis</strong></span> <span class='ocrx_word' id='word_1_809' title='bbox 3078 4397 3211 4452; x_wconf 90' lang='lat' dir='ltr'><strong>fecit</strong></span> <span class='ocrx_word' id='word_1_810' title='bbox 3260 4398 3530 4452; x_wconf 87' lang='lat' dir='ltr'><strong>Salomon</strong></span> <span class='ocrx_word' id='word_1_811' title='bbox 3584 4416 3714 4453; x_wconf 89' lang='lat' dir='ltr'><strong>cum</strong></span> 
     </span>
    </p>
   </div>
   <div class='ocr_carea' id='block_1_104' title="bbox 2019 4484 2616 4555">
    <p class='ocr_par' dir='ltr' id='par_1_104' title="bbox 2019 4484 2616 4555">
     <span class='ocr_line' id='line_1_104' title="bbox 2019 4484 2616 4555; baseline -0.002 -15"><span class='ocrx_word' id='word_1_812' title='bbox 2019 4486 2300 4555; x_wconf 91' lang='lat' dir='ltr'><strong>templum</strong></span> <span class='ocrx_word' id='word_1_813' title='bbox 2320 4484 2616 4539; x_wconf 90' lang='lat' dir='ltr'><strong>dedicavit.</strong></span> 
     </span>
    </p>
   </div>
   <div class='ocr_carea' id='block_1_105' title="bbox 2094 4572 3711 4643">
    <p class='ocr_par' dir='ltr' id='par_1_105' title="bbox 2094 4572 3711 4643">
     <span class='ocr_line' id='line_1_105' title="bbox 2094 4572 3711 4643; baseline -0.001 -15"><span class='ocrx_word' id='word_1_814' title='bbox 2094 4576 2296 4643; x_wconf 60' lang='lat' dir='ltr'><strong>(them,</strong></span> <span class='ocrx_word' id='word_1_815' title='bbox 2340 4576 2539 4639; x_wconf 68' lang='lat' dir='ltr'><strong>Quzst.</strong></span> <span class='ocrx_word' id='word_1_816' title='bbox 2592 4573 2753 4627; x_wconf 87' lang='lat' dir='ltr'><strong>Hebr.</strong></span> <span class='ocrx_word' id='word_1_817' title='bbox 2809 4576 2867 4627; x_wconf 84' lang='lat' dir='ltr'><strong>in</strong></span> <span class='ocrx_word' id='word_1_818' title='bbox 2898 4572 3056 4638; x_wconf 62' lang='lat' dir='ltr'><strong>Gen,</strong></span> <span class='ocrx_word' id='word_1_819' title='bbox 3090 4579 3233 4640; x_wconf 81' lang='lat' dir='ltr'><strong>tom,</strong></span> <span class='ocrx_word' id='word_1_820' title='bbox 3287 4574 3381 4640; x_wconf 88' lang='lat' dir='ltr'><strong>Ill,</strong></span> <span class='ocrx_word' id='word_1_821' title='bbox 3416 4573 3520 4628; x_wconf 93' lang='lat' dir='ltr'><strong>col.</strong></span> <span class='ocrx_word' id='word_1_822' title='bbox 3568 4575 3711 4641; x_wconf 81' lang='lat'><strong>935.)</strong></span> 
     </span>
    </p>
   </div>
   <div class='ocr_carea' id='block_1_106' title="bbox 2021 4661 3713 4731">
    <p class='ocr_par' dir='ltr' id='par_1_106' title="bbox 2021 4661 3713 4731">
     <span class='ocr_line' id='line_1_106' title="bbox 2021 4661 3713 4731; baseline -0.002 -13"><span class='ocrx_word' id='word_1_823' title='bbox 2021 4665 2083 4719; x_wconf 91' lang='lat' dir='ltr'><strong>In</strong></span> <span class='ocrx_word' id='word_1_824' title='bbox 2117 4664 2351 4717; x_wconf 68' lang='lat' dir='ltr'><strong>Hebraeo</strong></span> <span class='ocrx_word' id='word_1_825' title='bbox 2381 4662 2625 4715; x_wconf 87' lang='lat' dir='ltr'><strong>habetur</strong></span> <span class='ocrx_word' id='word_1_826' title='bbox 2651 4682 2678 4711; x_wconf 85' lang='grc'><strong>‹‹</strong></span> <span class='ocrx_word' id='word_1_827' title='bbox 2700 4661 2791 4715; x_wconf 92' lang='lat' dir='ltr'><strong>die</strong></span> <span class='ocrx_word' id='word_1_828' title='bbox 2822 4662 3089 4730; x_wconf 90' lang='lat' dir='ltr'><strong>septima.</strong></span> <span class='ocrx_word' id='word_1_829' title='bbox 3132 4681 3159 4712; x_wconf 64' lang='grc' dir='ltr'><strong>η</strong></span> <span class='ocrx_word' id='word_1_830' title='bbox 3190 4662 3547 4716; x_wconf 86' lang='lat' dir='ltr'><strong>Arctabimus</strong></span> <span class='ocrx_word' id='word_1_831' title='bbox 3577 4678 3713 4731; x_wconf 87' lang='lat' dir='ltr'><strong>ergo</strong></span> 
     </span>
    </p>
   </div>
   <div class='ocr_carea' id='block_1_107' title="bbox 2019 4750 3713 4821">
    <p class='ocr_par' dir='ltr' id='par_1_107' title="bbox 2019 4750 3713 4821">
     <span class='ocr_line' id='line_1_107' title="bbox 2019 4750 3713 4821; baseline -0.001 -15"><span class='ocrx_word' id='word_1_832' title='bbox 2019 4751 2264 4813; x_wconf 65' lang='lat' dir='ltr'><strong>Judaeos,</strong></span> <span class='ocrx_word' id='word_1_833' title='bbox 2315 4751 2415 4821; x_wconf 85' lang='lat' dir='ltr'><strong>qui</strong></span> <span class='ocrx_word' id='word_1_834' title='bbox 2462 4750 2531 4805; x_wconf 91' lang='lat' dir='ltr'><strong>de</strong></span> <span class='ocrx_word' id='word_1_835' title='bbox 2589 4750 2706 4804; x_wconf 92' lang='lat' dir='ltr'><strong>otio</strong></span> <span class='ocrx_word' id='word_1_836' title='bbox 2755 4750 2972 4804; x_wconf 89' lang='lat' dir='ltr'><strong>sabbati</strong></span> <span class='ocrx_word' id='word_1_837' title='bbox 3029 4750 3369 4818; x_wconf 86' lang='lat' dir='ltr'><strong>gloriantur,</strong></span> <span class='ocrx_word' id='word_1_838' title='bbox 3418 4750 3553 4820; x_wconf 89' lang='lat' dir='ltr'><strong>quia</strong></span> <span class='ocrx_word' id='word_1_839' title='bbox 3592 4751 3713 4821; x_wconf 89' lang='lat' dir='ltr'><strong>jam</strong></span> 
     </span>
    </p>
   </div>
   <div class='ocr_carea' id='block_1_108' title="bbox 2021 4838 3715 4909">
    <p class='ocr_par' dir='ltr' id='par_1_108' title="bbox 2021 4838 3715 4909">
     <span class='ocr_line' id='line_1_108' title="bbox 2021 4838 3715 4909; baseline 0 -16"><span class='ocrx_word' id='word_1_840' title='bbox 2021 4844 2153 4894; x_wconf 92' lang='lat' dir='ltr'><strong>tunc</strong></span> <span class='ocrx_word' id='word_1_841' title='bbox 2186 4839 2245 4892; x_wconf 90' lang='lat' dir='ltr'><strong>in</strong></span> <span class='ocrx_word' id='word_1_842' title='bbox 2274 4838 2556 4909; x_wconf 89' lang='lat' dir='ltr'><strong>principio</strong></span> <span class='ocrx_word' id='word_1_843' title='bbox 2590 4838 2887 4892; x_wconf 88' lang='lat' dir='ltr'><strong>sabbatum</strong></span> <span class='ocrx_word' id='word_1_844' title='bbox 2941 4839 3188 4892; x_wconf 87' lang='lat' dir='ltr'><strong>solutum</strong></span> <span class='ocrx_word' id='word_1_845' title='bbox 3238 4843 3337 4901; x_wconf 89' lang='lat' dir='ltr'><strong>est,</strong></span> <span class='ocrx_word' id='word_1_846' title='bbox 3395 4838 3532 4897; x_wconf 86' lang='lat' dir='ltr'><strong>dum</strong></span> <span class='ocrx_word' id='word_1_847' title='bbox 3570 4839 3715 4893; x_wconf 87' lang='lat' dir='ltr'><strong>Deus</strong></span> 
     </span>
    </p>
   </div>
   <div class='ocr_carea' id='block_1_109' title="bbox 2020 4926 3515 4999">
    <p class='ocr_par' dir='ltr' id='par_1_109' title="bbox 2020 4926 3515 4999">
     <span class='ocr_line' id='line_1_109' title="bbox 2020 4926 3515 4999; baseline 0.001 -18"><span class='ocrx_word' id='word_1_848' title='bbox 2020 4932 2289 4999; x_wconf 85' lang='lat' dir='ltr'><strong>operatur</strong></span> <span class='ocrx_word' id='word_1_849' title='bbox 2311 4927 2368 4980; x_wconf 93' lang='lat' dir='ltr'><strong>in</strong></span> <span class='ocrx_word' id='word_1_850' title='bbox 2400 4927 2659 4995; x_wconf 86' lang='lat' dir='ltr'><strong>sabbato,</strong></span> <span class='ocrx_word' id='word_1_851' title='bbox 2690 4928 2982 4997; x_wconf 91' lang='lat' dir='ltr'><strong>complens</strong></span> <span class='ocrx_word' id='word_1_852' title='bbox 3004 4943 3178 4997; x_wconf 90' lang='lat' dir='ltr'><strong>opera</strong></span> <span class='ocrx_word' id='word_1_853' title='bbox 3207 4942 3307 4980; x_wconf 88' lang='lat' dir='ltr'><strong>sua</strong></span> <span class='ocrx_word' id='word_1_854' title='bbox 3338 4926 3395 4979; x_wconf 91' lang='lat' dir='ltr'><strong>in</strong></span> <span class='ocrx_word' id='word_1_855' title='bbox 3428 4943 3515 4982; x_wconf 91' lang='lat' dir='ltr'><strong>eo.</strong></span> 
     </span>
    </p>
   </div>
   <div class='ocr_carea' id='block_1_110' title="bbox 2094 5014 3717 5086">
    <p class='ocr_par' dir='ltr' id='par_1_110' title="bbox 2094 5014 3717 5086">
     <span class='ocr_line' id='line_1_110' title="bbox 2094 5014 3717 5086; baseline 0.001 -19"><span class='ocrx_word' id='word_1_856' title='bbox 2094 5035 2120 5067; x_wconf 76' lang='grc' dir='ltr'><strong>ι(</strong></span> <span class='ocrx_word' id='word_1_857' title='bbox 2172 5015 2602 5086; x_wconf 89' lang='lat' dir='ltr'><strong>Complevitque</strong></span> <span class='ocrx_word' id='word_1_858' title='bbox 2668 5016 2835 5080; x_wconf 86' lang='lat' dir='ltr'><strong>Deus,</strong></span> <span class='ocrx_word' id='word_1_859' title='bbox 2897 5034 2922 5064; x_wconf 73' lang='grc' dir='ltr'><strong>η</strong></span> <span class='ocrx_word' id='word_1_860' title='bbox 2969 5019 3074 5068; x_wconf 91' lang='lat' dir='ltr'><strong>etc.</strong></span> <span class='ocrx_word' id='word_1_861' title='bbox 3138 5015 3326 5080; x_wconf 82' lang='lat' dir='ltr'><strong>(AUG.,</strong></span> <span class='ocrx_word' id='word_1_862' title='bbox 3392 5014 3489 5069; x_wconf 90' lang='lat' dir='ltr'><strong>lib.</strong></span> <span class='ocrx_word' id='word_1_863' title='bbox 3551 5033 3599 5069; x_wconf 82' lang='lat' dir='ltr'><strong>Iv</strong></span> <span class='ocrx_word' id='word_1_864' title='bbox 3653 5017 3717 5069; x_wconf 83' lang='lat' dir='ltr'><strong>de</strong></span> 
     </span>
    </p>
   </div>
   <div class='ocr_carea' id='block_1_111' title="bbox 2020 5102 3713 5171">
    <p class='ocr_par' dir='ltr' id='par_1_111' title="bbox 2020 5102 3713 5171">
     <span class='ocr_line' id='line_1_111' title="bbox 2020 5102 3713 5171; baseline -0.002 -11"><span class='ocrx_word' id='word_1_865' title='bbox 2020 5105 2152 5160; x_wconf 83' lang='lat' dir='ltr'><strong>Gen.</strong></span> <span class='ocrx_word' id='word_1_866' title='bbox 2177 5104 2251 5157; x_wconf 83' lang='lat' dir='ltr'><strong>ad</strong></span> <span class='ocrx_word' id='word_1_867' title='bbox 2281 5105 2413 5171; x_wconf 68' lang='lat' dir='ltr'><strong>litt,</strong></span> <span class='ocrx_word' id='word_1_868' title='bbox 2447 5120 2494 5157; x_wconf 92' lang='lat' dir='ltr'><strong>c.</strong></span> <span class='ocrx_word' id='word_1_869' title='bbox 2528 5106 2580 5167; x_wconf 75' lang='grc'><strong>4,</strong></span> <span class='ocrx_word' id='word_1_870' title='bbox 2616 5108 2751 5155; x_wconf 90' lang='lat' dir='ltr'><strong>tom.</strong></span> <span class='ocrx_word' id='word_1_871' title='bbox 2815 5102 2931 5169; x_wconf 92' lang='grc' dir='ltr'><strong>ΙΙΙ.)</strong></span> <span class='ocrx_word' id='word_1_872' title='bbox 2990 5102 3277 5166; x_wconf 66' lang='lat' dir='ltr'><strong>Qumritur</strong></span> <span class='ocrx_word' id='word_1_873' title='bbox 3338 5109 3550 5171; x_wconf 91' lang='lat' dir='ltr'><strong>utrum,</strong></span> <span class='ocrx_word' id='word_1_874' title='bbox 3584 5110 3713 5171; x_wconf 89' lang='lat' dir='ltr'><strong>etc.,</strong></span> 
     </span>
    </p>
   </div>
   <div class='ocr_carea' id='block_1_112' title="bbox 2020 5190 3498 5261">
    <p class='ocr_par' dir='ltr' id='par_1_112' title="bbox 2020 5190 3498 5261">
     <span class='ocr_line' id='line_1_112' title="bbox 2020 5190 3498 5261; baseline 0 -15"><span class='ocrx_word' id='word_1_875' title='bbox 2020 5208 2189 5261; x_wconf 82' lang='lat' dir='ltr'><strong>usque</strong></span> <span class='ocrx_word' id='word_1_876' title='bbox 2219 5191 2293 5245; x_wconf 82' lang='lat' dir='ltr'><strong>ad</strong></span> <span class='ocrx_word' id='word_1_877' title='bbox 2319 5190 2636 5245; x_wconf 85' lang='lat' dir='ltr'><strong>secundum</strong></span> <span class='ocrx_word' id='word_1_878' title='bbox 2669 5206 2800 5244; x_wconf 88' lang='lat' dir='ltr'><strong>eum</strong></span> <span class='ocrx_word' id='word_1_879' title='bbox 2834 5190 3082 5261; x_wconf 88' lang='lat' dir='ltr'><strong>perfecta</strong></span> <span class='ocrx_word' id='word_1_880' title='bbox 3121 5207 3238 5245; x_wconf 91' lang='lat' dir='ltr'><strong>non</strong></span> <span class='ocrx_word' id='word_1_881' title='bbox 3278 5192 3498 5246; x_wconf 82' lang='lat' dir='ltr'><strong>tierent.</strong></span> 
     </span>
    </p>
   </div>
   <div class='ocr_carea' id='block_1_113' title="bbox 2095 5279 3715 5350">
    <p class='ocr_par' dir='ltr' id='par_1_113' title="bbox 2095 5279 3715 5350">
     <span class='ocr_line' id='line_1_113' title="bbox 2095 5279 3715 5350; baseline 0.003 -20"><span class='ocrx_word' id='word_1_882' title='bbox 2095 5300 2120 5330; x_wconf 75' lang='grc' dir='ltr'>α</span> <span class='ocrx_word' id='word_1_883' title='bbox 2153 5281 2218 5333; x_wconf 89' lang='lat' dir='ltr'><strong>Et</strong></span> <span class='ocrx_word' id='word_1_884' title='bbox 2250 5279 2532 5350; x_wconf 87' lang='lat' dir='ltr'><strong>requievit</strong></span> <span class='ocrx_word' id='word_1_885' title='bbox 2563 5280 2732 5345; x_wconf 92' lang='lat' dir='ltr'><strong>Deus,</strong></span> <span class='ocrx_word' id='word_1_886' title='bbox 2765 5284 2866 5333; x_wconf 90' lang='lat' dir='ltr'><strong>etc.</strong></span> <span class='ocrx_word' id='word_1_887' title='bbox 2907 5280 3098 5347; x_wconf 76' lang='lat' dir='ltr'><strong>(BEDA,</strong></span> <span class='ocrx_word' id='word_1_888' title='bbox 3158 5283 3217 5335; x_wconf 84' lang='lat' dir='ltr'><strong>in</strong></span> <span class='ocrx_word' id='word_1_889' title='bbox 3260 5283 3543 5350; x_wconf 69' lang='lat' dir='ltr'><strong>Hewacm.)</strong></span> <span class='ocrx_word' id='word_1_890' title='bbox 3594 5282 3715 5335; x_wconf 85' lang='lat' dir='ltr'><strong>Non</strong></span> 
     </span>
    </p>
   </div>
   <div class='ocr_carea' id='block_1_114' title="bbox 2024 5367 3718 5441">
    <p class='ocr_par' dir='ltr' id='par_1_114' title="bbox 2024 5367 3718 5441">
     <span class='ocr_line' id='line_1_114' title="bbox 2024 5367 3718 5441; baseline 0.001 -20"><span class='ocrx_word' id='word_1_891' title='bbox 2024 5369 2187 5439; x_wconf 88' lang='lat' dir='ltr'><strong>quasi</strong></span> <span class='ocrx_word' id='word_1_892' title='bbox 2211 5368 2499 5439; x_wconf 89' lang='lat' dir='ltr'><strong>operando</strong></span> <span class='ocrx_word' id='word_1_893' title='bbox 2533 5368 2735 5432; x_wconf 90' lang='lat' dir='ltr'><strong>lassus,</strong></span> <span class='ocrx_word' id='word_1_894' title='bbox 2772 5367 2865 5421; x_wconf 88' lang='lat' dir='ltr'><strong>sed</strong></span> <span class='ocrx_word' id='word_1_895' title='bbox 2918 5368 2989 5422; x_wconf 90' lang='lat' dir='ltr'><strong>ab</strong></span> <span class='ocrx_word' id='word_1_896' title='bbox 3020 5368 3283 5422; x_wconf 89' lang='lat' dir='ltr'><strong>universo</strong></span> <span class='ocrx_word' id='word_1_897' title='bbox 3342 5386 3510 5439; x_wconf 86' lang='lat' dir='ltr'><strong>opere</strong></span> <span class='ocrx_word' id='word_1_898' title='bbox 3561 5370 3718 5441; x_wconf 90' lang='lat' dir='ltr'><strong>quie-</strong></span> 
     </span>
    </p>
   </div>
   <div class='ocr_carea' id='block_1_115' title="bbox 2023 5457 3719 5531">
    <p class='ocr_par' dir='ltr' id='par_1_115' title="bbox 2023 5457 3719 5531">
     <span class='ocr_line' id='line_1_115' title="bbox 2023 5457 3719 5531; baseline 0.001 -20"><span class='ocrx_word' id='word_1_899' title='bbox 2023 5459 2122 5525; x_wconf 90' lang='lat' dir='ltr'><strong>vit,</strong></span> <span class='ocrx_word' id='word_1_900' title='bbox 2155 5458 2293 5528; x_wconf 88' lang='lat' dir='ltr'><strong>quia</strong></span> <span class='ocrx_word' id='word_1_901' title='bbox 2342 5472 2551 5512; x_wconf 89' lang='lat' dir='ltr'><strong>novam</strong></span> <span class='ocrx_word' id='word_1_902' title='bbox 2600 5462 2920 5512; x_wconf 88' lang='lat' dir='ltr'><strong>creaturam</strong></span> <span class='ocrx_word' id='word_1_903' title='bbox 2966 5457 3151 5511; x_wconf 83' lang='lat' dir='ltr'><strong>facere</strong></span> <span class='ocrx_word' id='word_1_904' title='bbox 3184 5459 3437 5512; x_wconf 89' lang='lat' dir='ltr'><strong>cessavit.</strong></span> <span class='ocrx_word' id='word_1_905' title='bbox 3474 5460 3719 5531; x_wconf 81' lang='lat' dir='ltr'><strong>ltequie-</strong></span> 
     </span>
    </p>
   </div>
   <div class='ocr_carea' id='block_1_116' title="bbox 2025 5545 3713 5617">
    <p class='ocr_par' dir='ltr' id='par_1_116' title="bbox 2025 5545 3713 5617">
     <span class='ocr_line' id='line_1_116' title="bbox 2025 5545 3713 5617; baseline 0.002 -18"><span class='ocrx_word' id='word_1_906' title='bbox 2025 5562 2178 5599; x_wconf 85' lang='lat' dir='ltr'><strong>scere</strong></span> <span class='ocrx_word' id='word_1_907' title='bbox 2235 5546 2389 5599; x_wconf 90' lang='lat' dir='ltr'><strong>enim</strong></span> <span class='ocrx_word' id='word_1_908' title='bbox 2447 5561 2663 5599; x_wconf 87' lang='lat' dir='ltr'><strong>cessare</strong></span> <span class='ocrx_word' id='word_1_909' title='bbox 2718 5546 2943 5611; x_wconf 90' lang='lat' dir='ltr'><strong>dicitur,</strong></span> <span class='ocrx_word' id='word_1_910' title='bbox 3003 5551 3066 5600; x_wconf 89' lang='lat' dir='ltr'><strong>ut</strong></span> <span class='ocrx_word' id='word_1_911' title='bbox 3104 5545 3162 5600; x_wconf 91' lang='lat' dir='ltr'><strong>in</strong></span> <span class='ocrx_word' id='word_1_912' title='bbox 3219 5547 3584 5617; x_wconf 76' lang='lat' dir='ltr'><strong>Apocalypsis</strong></span> <span class='ocrx_word' id='word_1_913' title='bbox 3617 5565 3713 5602; x_wconf 81' lang='lat' dir='ltr'><strong>iv:</strong></span> 
     </span>
    </p>
   </div>
  </div>
