4050 6188
347 348 413 399 83
960 343 1358 398 WALAFBIDI
1397 343 1640 399 STRABI
1683 343 1881 399 FULD.
1925 343 2055 399 ΜΟΝ

2241 347 2274 396 ³.
2321 344 2494 400 PARS
2532 345 2574 412 1.
2618 372 2686 382 -
2729 343 3072 401 TllEOLOGI
3091 345 3198 401 CA.
3781 348 3850 402 84

351 485 378 510 α
407 462 686 534 Requiem
741 478 854 516 non
907 461 1213 528 habebant,
1272 462 1557 516 dicentia:
1592 462 1846 528 Sanctus,
1900 479 2028 516 san-
2063 463 2112 517 Α

347 555 493 619 ctus,
524 555 770 618 sanctus,
800 570 828 602 ι)
862 549 920 604 id
945 555 1049 616 est,
1082 551 1269 606 dicere
1312 568 1427 605 non
1457 551 1772 606 cessabant.

420 645 609 715 (BEDA,
638 646 796 714 ibid.)
827 647 1008 700 Altius
1038 663 1265 717 quoque
1290 646 1642 717 intelligetur
1687 646 2040 717 requievisse

351 734 421 788 ab
455 733 715 788 universo
747 750 917 805 opere
949 750 1072 802 suo,
1118 740 1244 796 etc.,
1304 750 1472 804 usque
1499 734 1572 789 ad
1624 734 1721 788 sed
1769 736 2042 790 creaturis

353 823 726 878 rationalibus
755 824 815 877 in
847 840 904 878 se
933 825 1190 895 requiem
1215 824 1392 878 dedit.

427 943 448 969 «
488 921 552 974 Et
590 920 870 992 requievit
919 922 1090 988 Deus,
1125 940 1153 971 υ
1209 925 1314 974 etc.
1371 922 1555 989 (Aur..,
1597 923 1693 974 ubi
1732 936 1920 991 supra,
1990 939 2038 976 c.

352 1009 424 1078 8.)
454 1010 578 1064 Non
620 1009 893 1064 laboravit
940 1010 1086 1063 Deus
1117 1008 1177 1063 in
1224 1011 1513 1080 Operando
1553 1012 1653 1081 qui
1696 1011 1816 1065 solo
1867 1011 2040 1065 verbo

351 1098 500 1166 fecit,
535 1099 772 1153 dicendo
809 1114 874 1151 ζα
911 1097 1086 1152 Fiat.»
1121 1098 1230 1152 Nec
1261 1100 1434 1152 homo
1461 1099 1720 1165 dicendo,
1759 1121 1784 1149 ι
1836 1099 1976 1166 Fiat,
2013 1122 2040 1149 »

353 1187 592 1241 laborat.
626 1187 732 1242 Sed
759 1186 904 1240 forte
937 1185 1144 1241 dicitur
1199 1187 1485 1241 laborasse
1544 1187 1847 1258 cogitando
1899 1188 2040 1259 quid

352 1277 532 1330 fieret.
574 1276 621 1329 Α
663 1291 776 1346 qua
835 1291 992 1342 cura,
1035 1275 1301 1345 perfectis
1351 1276 1543 1345 rebus,
1593 1275 1879 1348 quievisse
1901 1277 2044 1333 dici-

351 1372 464 1422 tur.
529 1364 637 1419 Sed
687 1365 792 1418 hoc
837 1379 1034 1434 sapere
1089 1362 1348 1433 desipere
1404 1369 1507 1418 est.
1553 1365 1732 1420 Deum
1789 1381 1928 1436 ergo
1963 1381 2046 1419 re-

354 1453 656 1526 quievisse,
691 1456 747 1506 et
768 1455 1041 1506 creatura:
1071 1450 1332 1505 rationali
1362 1451 1422 1505 in
1474 1467 1534 1506 se
1583 1452 1842 1524 requiem
1888 1469 2045 1524 prae-

356 1543 589 1609 stitisse;
623 1547 685 1596 ut
710 1540 844 1595 illuc
895 1540 1105 1594 scilicet
1152 1540 1435 1594 desiderio
1475 1541 1748 1610 feramur,
1784 1558 1899 1614 quo
1953 1560 2039 1597 re-

357 1632 741 1704 quiescamns,
771 1629 827 1684 id
858 1633 942 1683 est
975 1629 1116 1683 nihil
1166 1629 1412 1700 amplius
1453 1630 1832 1701 requiramus.
1888 1631 2042 1685 Sicut

2222 463 2503 534 (Ibid)ln
2533 463 2647 518 illis
2699 472 2892 520 autem
2948 467 3166 534 diebus,
3225 473 3356 536 etc.,
3407 484 3574 539 usque
3626 471 3701 525 ad
3747 471 3846 543 qui

2150 553 2360 606 conditi
2394 557 2523 607 ante
2552 554 2858 608 luminaria
2889 560 3300 611 memorantur.

2223 639 2410 708 (Ibid,
2461 656 2509 694 c.
2570 643 2682 711 20.)
2741 642 3027 706 Quaeritur
3055 645 3346 715 quomodo
3394 645 3616 700 dicatur
3667 646 3725 701 in
3756 664 3842 701 se-

2151 726 2356 797 ptimo,
2386 733 2512 794 etc.,
2550 745 2718 799 usque
2763 732 2838 786 ad
2877 731 2983 786 nisi
3013 732 3107 786 illa
3139 749 3266 805 qua:
3314 733 3476 805 prius
3524 735 3755 790 condita
3785 741 3844 791 et

2151 814 2272 868 dies
2289 821 2506 870 vocata.

2225 902 2403 969 (Ibid,
2463 920 2510 957 c.
2565 905 2677 975 21.)
2733 905 2844 960 Sed
2919 907 3207 978 quomodo
3263 908 3564 965 circumire
3614 916 3838 982 poterat

2153 989 2269 1056 lux,
2295 993 2423 1056 etc.,
2448 1006 2614 1060 usque
2643 993 2717 1046 ad
2745 998 2800 1047 et
2839 995 3076 1065 reliqua.

2225 1077 2406 1147 (Ibid)
2465 1079 2574 1134 Sed
2632 1080 2849 1136 facilius
2935 1091 3021 1137 est
3076 1089 3141 1138 ut
3185 1101 3286 1139 nos
3334 1085 3601 1156 ignorare
3658 1087 3836 1143 fatea-

2154 1181 2305 1234 mur,
2337 1178 2466 1237 etc.,
2499 1183 2668 1238 usque
2703 1171 2778 1225 ad
2818 1171 3140 1244 falsumque
3194 1174 3301 1228 erit
3354 1191 3485 1230 cum
3541 1179 3692 1230 sexta
3742 1176 3835 1231 die

2153 1269 2575 1310 consummasse
2606 1257 2801 1313 omnia
2833 1276 3009 1331 opera
3038 1279 3157 1317 sua.

2226 1343 2409 1414 (Ibid,
2458 1360 2505 1400 c.
2555 1347 2670 1415 22.)
2719 1347 2826 1403 Sed
2879 1351 3151 1421 quoniam
3198 1352 3289 1406 lux
3322 1353 3655 1424 corporalis,
3707 1358 3841 1419 etc.,

2153 1448 2322 1503 usque
2350 1434 2424 1488 ad
2451 1440 2508 1489 et
2536 1435 2632 1490 illa
2658 1453 2772 1508 qua
2809 1445 3067 1496 creatura
3099 1441 3158 1497 in
3198 1442 3384 1514 seipsa
3410 1443 3663 1499 noscitur
3686 1449 3839 1498 recte

2155 1537 2389 1593 vespera
2417 1523 2643 1578 dicitur.

2228 1609 2420 1678 (Ibid,
2483 1629 2530 1664 c.
2581 1613 2692 1684 25.)
2751 1614 2895 1678 Quia
2949 1632 3081 1672 vero
3133 1620 3324 1690 angeli
3398 1625 3717 1690 creaturam
3783 1621 3846 1674 in

356 1722 511 1777 enim
534 1721 718 1775 facere
751 1718 979 1782 dicitur,
1006 1718 1161 1790 quod
1191 1718 1315 1788 ipso
1343 1718 1402 1772 in
1437 1719 1597 1773 nobis
1652 1724 1924 1790 operante
1955 1722 2045 1774 1.ι-
2093 1749 2136 1804 Β
2166 1696 2349 1804 ﬁcii?“
2394 1697 2472 1750 δίε
2519 1698 2727 1769 “iam:
2791 1708 2919 1804 lima
2981 1720 3151 1776 usque
3179 1707 3254 1762 αά
3284 1709 3416 1764 Ideo
3475 1710 3713 1782 septima
3755 1709 3850 1765 die

357 1811 560 1880 cimus,
586 1815 642 1863 et
670 1823 1010 1878 cognoscere
1049 1823 1179 1862 cum
1227 1807 1639 1878 cognoscimus,
1691 1808 1769 1862 sic
1822 1809 2049 1881 requie-

359 1911 536 1967 scere,
569 1915 698 1954 cum
715 1901 836 1968 ejus
863 1913 1100 1952 munere
1132 1897 1563 1968 requiescimus.

432 1997 633 2067 (Ibid,
664 2013 712 2051 c.
751 1996 862 2066 11.)
905 1997 1026 2050 Non
1064 1999 1148 2050 est
1207 1995 1418 2050 mirum
1457 1995 1503 2050 si
1535 1995 1688 2051 diem
1745 2013 1858 2068 quo
1889 1997 2046 2052 Chri-

362 2092 483 2142 stus
506 2091 625 2141 erat
655 2085 715 2140 in
736 2085 1036 2154 sepulchro
1068 2084 1366 2155 quieturus
1405 2086 1510 2139 hoc
1558 2085 1729 2140 modo
1773 2102 2054 2157 praenun-

360 2174 511 2232 tians
539 2173 716 2229 dixit:
752 2192 779 2224 α
815 2172 914 2227 Die
945 2171 1186 2243 septimo
1213 2173 1509 2244 requievit,
1547 2193 1572 2223 ι)
1621 2173 1889 2245 deinceps
1918 2190 2055 2246 ope-

364 2270 590 2321 raturus
618 2262 848 2317 ordines
877 2263 1236 2316 εωουιοωω.

433 2361 623 2430 (Ibid,
657 2376 705 2414 c.
746 2359 850 2428 12.)
881 2361 1070 2414 Potest
1091 2364 1285 2413 autem
1314 2358 1556 2430 intelligi
1588 2361 1766 2415 Deum
1828 2361 2052 2432 requie-

363 2451 510 2505 visse
538 2466 572 2504 a
601 2448 871 2503 faciendis
896 2448 1202 2520 generibus
1254 2454 1552 2517 creature,
1603 2455 1732 2516 etc.,
1785 2465 1952 2520 usque
1981 2451 2057 2505 ad

365 2543 423 2594 et
441 2537 762 2609 gubernare
792 2553 910 2591 non
934 2541 1129 2591 cesset.

439 2637 621 2708 (Ibid,
664 2653 712 2691 c.
755 2636 870 2706 14.)
919 2635 1064 2689 Deus
1095 2639 1284 2688 autem
1339 2649 1441 2687 nec
1487 2633 1733 2689 creando
1782 2634 2056 2701 defessus,

369 2743 471 2782 nec
502 2724 772 2780 cessando
805 2723 1044 2777 refectus
1074 2726 1158 2775 est
1185 2738 1198 2776 :
1245 2721 1340 2775 sed
1373 2737 1475 2791 per
1503 2721 1854 2792 Scripturam
1895 2739 2058 2777 suam

369 2815 436 2868 ad
481 2813 729 2886 iquietis
786 2812 1135 2867 desiderium
1191 2827 1295 2864 nos
1341 2811 1647 2879 ‘hortatur,
1704 2811 1947 2866 dicendo
1997 2827 2058 2866 se

366 2903 515 2957 diem
549 2901 927 2956 sanctificasse
974 2899 1034 2953 in
1091 2915 1205 2970 quo
1250 2897 1544 2970 requievit.
1599 2900 1844 2952 Caeteros
1901 2899 2056 2952 enim

367 2991 489 3046 dies
518 2989 707 3062 operis
763 2988 852 3043 sui
892 3005 1006 3043 non
1060 2988 1271 3058 legitur
1317 2987 1716 3048 sanctificasse,
1774 2992 2050 3059 tanquam

369 3079 523 3150 apud
553 3079 742 3150 ipsum
767 3079 898 3148 plus
935 3078 1096 3149 quies
1129 3093 1302 3148 quam
1333 3077 1591 3148 operatio
1612 3078 1813 3132 valeat.

443 3177 626 3246 (Ibid,
658 3195 706 3232 c.
743 3179 853 3248 15.)
899 3177 1107 3231 Vitium
1149 3191 1380 3248 quoque
1426 3175 1636 3230 animas
1689 3181 1776 3231 est
1827 3177 1907 3232 ita
1945 3178 2063 3231 suis

371 3267 642 3337 operibus
668 3265 956 3331 delectari,
991 3269 1121 3334 etc.,
1171 3279 1339 3333 usque
1370 3263 1444 3317 ad
1501 3281 1568 3319 ea
1614 3265 1813 3336 requie
1859 3282 1890 3320 a
1945 3283 2060 3338 qua

371 3371 668 3427 nunquam
689 3353 940 3410 recessit.

444 3453 639 3525 (Ibid)
695 3451 754 3508 Si
809 3455 1002 3507 autem
1046 3449 1330 3506 diceretur
1383 3451 1728 3522 requievisse
1781 3470 1814 3508 a
1865 3452 2064 3509 facien-

375 3541 482 3608 dis,
511 3546 639 3602 etc.,
667 3556 836 3611 usque
867 3540 942 3594 ad
963 3539 1060 3594 sed
1093 3539 1215 3610 ipso
1242 3539 1524 3594 benedicti
1549 3558 1764 3598 sumus.

447 3638 627 3709 (Ibid)
675 3639 737 3692 In
793 3653 851 3692 se
896 3643 1089 3691 autem
1141 3635 1422 3707 requievit
1478 3638 1624 3691 Deus
1678 3655 1948 3710 semper:
2005 3640 2062 3695 in

375 3727 574 3782 diebus
601 3743 734 3781 vero
784 3725 992 3797 quibus
1050 3741 1241 3779 rerum
1294 3727 1716 3780 consummatio
1775 3732 2059 3795 narratur,

376 3814 438 3868 in
493 3813 736 3884 septimo
782 3818 1007 3867 tantum
1063 3813 1362 3883 requievit,
1413 3813 1512 3884 qui
1567 3830 1753 3868 rerum
1808 3815 2064 3886 sequitur

375 3899 821 3971 perfectionem:
857 3918 888 3954 a
918 3901 1179 3970 perfectis
1239 3901 1391 3956 enim
1436 3901 1758 3974 requiescit,
1792 3902 1890 3974 qui
1941 3919 2066 3973 per-

375 3989 537 4043 fectis
567 4005 682 4043 non
710 3994 840 4060 eget
871 3995 929 4044 ut
955 3988 1176 4044 beatior
1205 3989 1301 4044 sit.

449 4086 638 4154 (Ibid,
684 4103 733 4140 c.
770 4087 874 4156 17.)
907 4087 1088 4159 Opera
1137 4087 1260 4157 ejus
1291 4085 1548 4141 videmus
1579 4087 1756 4141 bona:
1813 4087 2064 4158 quietem

377 4189 509 4227 vero
537 4175 659 4244 ejus
707 4177 837 4238 post
900 4175 1051 4230 bona
1123 4191 1294 4245 opera
1351 4180 1544 4229 nostra
1595 4175 1930 4231 videbimus.
1983 4175 2065 4230 Ob

377 4277 548 4329 quam
596 4261 1053 4329 significandam,
1107 4277 1277 4314 unam
1319 4262 1468 4316 diem
1528 4263 1743 4316 sabbati
1792 4264 2064 4334 prmeepit

377 4325 709 4404 ebservari:
741 4351 894 4422 quod
924 4351 982 4405 in
1009 4325 1266 4421 tempore
1328 4351 1523 4421 gratiae
1557 4325 1843 4407 sublatum
1875 4360 1960 4408 est
1981 4325 2062 4408 uin
2093 4325 2136 4382 θ

379 4453 493 4508 qua
532 4443 872 4508 perpetuum
902 4439 1158 4492 observat
1211 4439 1530 4501 sabbatum,
1589 4439 1688 4510 qui
1742 4457 1839 4510 spe
1883 4442 2064 4496 futuri

378 4525 573 4581 omnia
629 4526 779 4580 bono
833 4531 1125 4596 operatur,
1177 4543 1280 4580 nec
1310 4527 1364 4580 in
1415 4527 1578 4582 bonis
1619 4528 1888 4598 operibus
1925 4530 2062 4596 suis,

377 4614 540 4686 quasi
579 4630 694 4668 non
723 4613 1022 4685 acceperit,
1054 4614 1350 4685 gloriatur.

451 4711 636 4783 (Ibid,
659 4728 708 4766 c.
741 4712 845 4781 18.)
875 4712 1038 4784 Apud
1070 4712 1233 4766 illum
1265 4711 1446 4782 quieti
1477 4714 1598 4783 ejus
1631 4730 1729 4769 nec
1764 4731 1930 4770 mane
1965 4731 2067 4770 nec

377 4818 609 4874 vespera
642 4806 745 4868 est,
779 4801 910 4873 quia
941 4817 1046 4856 nec
1075 4800 1330 4871 aperitur
1378 4800 1562 4867 initio,
1617 4819 1722 4857 nec
1787 4804 2068 4859 clauditur

378 4891 510 4946 fine.
549 4892 610 4945 In
669 4891 931 4963 perfectis
963 4896 1153 4946 autem
1211 4890 1481 4962 operibus
1539 4907 1705 4946 mane
1761 4893 1955 4957 habet,
2010 4898 2066 4948 et

378 4994 498 5033 non
521 4971 843 5051 vesperam;
877 4979 1014 5052 quia
1058 4979 1304 5050 perfecta
1353 4983 1611 5033 creatura
1663 4979 1865 5051 incipit
1928 4997 2059 5035 con-

379 5065 520 5120 verti
551 5067 621 5120 ad
644 5069 895 5137 quietem
925 5068 1223 5134 Creatoris,
1254 5069 1349 5122 sed
1385 5068 1479 5122 illa
1529 5085 1644 5121 non
1676 5069 1846 5122 habet
1891 5069 2064 5124 finem

379 5173 494 5211 sua:
524 5156 884 5227 perfectionis
935 5163 993 5211 et
1047 5157 1128 5211 sic
1173 5156 1400 5228 requies
1458 5155 1556 5211 Dei
1595 5173 1712 5211 non
1764 5156 1870 5228 ipsi
1927 5157 2060 5223 Deo,

379 5244 478 5298 sed
535 5259 727 5298 rerum
788 5243 1121 5314 perfectioni
1179 5244 1502 5310 inchoatur,
1562 5249 1617 5296 et
1660 5243 1830 5297 habet
1884 5243 1943 5296 in
1995 5259 2062 5296 eo

377 5349 543 5388 mane
573 5334 730 5404 quod
776 5333 846 5385 ab
895 5332 1017 5402 ipso
1050 5333 1340 5404 perficitur
1386 5348 1398 5385 :
1436 5331 1533 5386 sed
1587 5330 1647 5384 in
1703 5346 1805 5382 suo
1855 5345 2064 5399 genere

376 5427 653 5493 tanquam
683 5436 918 5491 vespera
949 5419 1310 5482 terminatur,
1347 5420 1500 5491 quod
1531 5418 1590 5472 in
1621 5419 1730 5472 Deo
1769 5434 2062 5488 vesperam

375 5527 492 5566 non
554 5510 762 5575 habet,’
806 5508 939 5579 quia
997 5508 1137 5562 nihil
1189 5509 1298 5563 erit
1348 5507 1651 5580 perfectius
1699 5507 1819 5578 ipsa
1872 5508 2059 5577 perfe~

373 5600 585 5656 cﬁone.

2172 1785 2328 1838 nulla
2348 1801 2579 1856 vespera
2606 1789 2857 1844 accessit.

2232 1874 2419 1942 (Ibid,
2452 1891 2497 1929 c.
2549 1877 2670 1948 28.)
2722 1879 2833 1932 Nec
2888 1885 3047 1952 putet
3095 1884 3248 1955 quis,
3307 1891 3436 1952 etc.,
3477 1901 3645 1956 usque
3683 1885 3756 1940 ad
3797 1889 3858 1939 et

2164 1965 2351 2019 verius
2381 1982 2549 2021 mane
2567 1967 2595 2022 ?

2235 2052 2422 2120 (Ibid,
2451 2070 2498 2108 c.
2532 2055 2646 2124 35.)
2682 2056 2808 2111 Dies
2839 2075 2976 2130 ergo
3007 2058 3101 2114 ille
3134 2061 3372 2132 primus,
3406 2067 3535 2130 etc.,
3583 2077 3748 2132 usque
3775 2060 3854 2115 ad

2164 2146 2220 2196 et
2249 2143 2584 2198 sanctificari
2603 2146 2673 2200 ob
2700 2146 2805 2202 hoc
2843 2150 3073 2204 meruit.

2238 2232 2424 2303 (BEDA,
2466 2236 2525 2287 in
2584 2237 2860 2306 Πρωίιθιηη
2923 2243 3060 2293 tom.
3098 2240 3166 2305 ll,
3214 2241 3321 2294 col.
3365 2244 3471 2310 l3.)
3532 2241 3852 2309 Allegorice.

2168 2320 2326 2375 Unde
2352 2321 2560 2377 dicitur
2591 2325 2760 2379 Exod.
2788 2343 2856 2380 xx
2884 2345 2895 2382 :
2943 2347 2969 2380 α
3027 2328 3310 2382 Memento
3355 2335 3420 2384 ut
3446 2329 3597 2384 diem
3633 2326 3856 2382 sabbati

2164 2412 2496 2466 sanctifices.
2558 2433 2585 2464 ιθ
2646 2416 2775 2470 llaec
2827 2422 3016 2472 autem
3062 2417 3383 2472 benedictio
3432 2423 3490 2473 et
3533 2417 3856 2472 sanctifica-

2163 2499 2244 2554 tio
2279 2501 2551 2571 majorem
2609 2502 3066 2560 benedictionem
3109 2511 3164 2560 et
3219 2507 3724 2562 sanctificationem
3774 2505 3857 2557 si-

2165 2589 2416 2658 gnificat,
2451 2596 2581 2662 etc.,
2604 2609 2772 2664 usque
2813 2597 2888 2651 ad
2919 2598 3049 2654 Ideo
3105 2599 3228 2656 haec
3257 2603 3376 2658 dies
3418 2612 3707 2669 vesperam
3758 2596 3858 2650 ha-

2166 2678 2300 2733 bere
2330 2695 2446 2734 non
2479 2682 2761 2740 scribitur.

2239 2769 2394 2824 Vens.
2420 2772 2474 2825 4.
2515 2800 2588 2813 -
2619 2792 2646 2824 α
2681 2775 2807 2830 ἰδίω
2837 2781 2969 2831 sunt
3021 2779 3436 2849 generationes.
3468 2798 3495 2829 ››
3529 2777 3713 2846 (ΒΑΗ.)
3746 2775 3861 2828 Eos

2169 2859 2350 2930 tangit
2379 2860 2478 2931 qui
2508 2863 2783 2918 mundum
2814 2864 2936 2919 sine
2969 2866 3130 2922 initio
3185 2868 3381 2922 dicunt
3409 2880 3635 2937 semper
3661 2863 3860 2926 fuisse,

2168 2947 2254 3001 vel
2281 2947 2380 3018 qui
2412 2965 2442 3000 a
2476 2949 2588 3002 Deo
2627 2948 2838 3005 factum
2869 2956 3091 3022 putant,
3134 2953 3232 3008 sed
3276 2969 3342 3008 ex
3393 2952 3632 3006 materia
3681 2964 3860 3021 quam

2090 3043 2130 3100 c
2172 3051 2285 3089 non
2317 3036 2532 3105 fecerit,
2555 3036 2652 3091 sed
2702 3043 2982 3094 coaeterna
3011 3040 3082 3095 ei.

2249 3148 2269 3174 ι
2299 3127 2361 3178 In
2410 3126 2500 3179 die
2561 3143 2676 3198 quo
2731 3129 2882 3194 fecit,
2943 3151 2968 3178 ι)
3022 3133 3127 3184 etc.
3178 3129 3333 3184 Diem
3378 3128 3539 3199 ponit
3567 3143 3669 3198 pro
3699 3123 3864 3179 omni

2173 3219 2447 3284 tempore,
2478 3231 2590 3284 quo
2621 3215 3009 3285 primordialis
3037 3222 3293 3272 creatura
3328 3219 3570 3271 formata
3598 3219 3700 3280 est,
3723 3220 3863 3278 etc.,

2169 3317 2338 3372 usque
2362 3303 2437 3357 ad
2467 3303 2588 3357 sine
2606 3304 2796 3375 pluvia
2827 3309 2882 3359 et
2911 3321 3081 3376 opere
3105 3306 3376 3360 humano.

2247 3411 2268 3438 α
2336 3393 2465 3444 Ista:
2515 3396 2647 3446 sunt
2692 3394 3088 3462 generationes
3145 3395 3291 3460 coeli,
3355 3417 3376 3442 ι
3424 3397 3527 3448 etc.
3582 3393 3758 3460 (Ism.,
3800 3389 3867 3444 in

2173 3478 2334 3545 Gem,
2363 3480 2401 3530 t.
2431 3477 2512 3546 V.)
2546 3477 2841 3532 Numerati
2878 3484 3011 3533 sunt
3057 3497 3150 3534 sex
3184 3480 3304 3534 dies
3332 3479 3540 3551 quibus
3590 3474 3871 3530 universi-

2172 3567 2256 3617 tas
2307 3564 2498 3618 saaculi
2539 3580 2573 3618 a
2629 3564 2812 3634 capite
2870 3582 3051 3637 usque
3101 3567 3170 3621 ad
3218 3567 3412 3632 finem,
3445 3573 3546 3620 etc.
3581 3578 3749 3634 usque
3787 3561 3869 3615 ad

2173 3653 2220 3706 si
2252 3669 2368 3707 non
2399 3660 2702 3724 peccasset.

2247 3763 2273 3793 ‹‹
2300 3745 2620 3815 Antequam
2663 3743 2910 3798 oriretur
2931 3743 2990 3797 in
3015 3749 3182 3798 terra.
3223 3765 3245 3793 ι
3270 3745 3331 3799 Id
3361 3749 3468 3811 est,
3525 3741 3865 3814 priusquam

2174 3835 2447 3900 peccaret,
2511 3831 2567 3885 id
2609 3836 2695 3885 est
2733 3831 2972 3886 terrenis
3019 3831 3426 3902 cupiditatibus
3481 3847 3541 3884 se
3572 3829 3868 3884 subderet.

2179 3919 2334 3974 Unde
2356 3919 2615 3989 sequitur
2647 3936 2660 3973 :
2701 3943 2726 3969 α
2756 3922 2878 3974 Non
2901 3920 3053 3974 enim
3086 3921 3309 3991 pluerat
3338 3922 3485 3975 Deus
3536 3934 3707 3990 super
3742 3922 3871 3971 ter-

2175 4023 2319 4072 ram,
2353 4027 2381 4058 »
2407 4007 2513 4061 hoc
2541 4011 2644 4074 est,
2679 4009 2934 4064 nondum
2983 4008 3331 4079 propheticis
3381 4009 3465 4062 vel
3521 4006 3874 4076 evangelicis

2176 4094 2443 4161 nubibus,
2489 4095 2672 4151 imbre
2726 4097 2882 4152 verbi
2929 4097 3158 4166 emisso,
3190 4098 3439 4150 animam
3481 4097 3668 4150 vivere
3717 4095 3874 4151 fece-

2178 4189 2284 4249 rat,
2317 4189 2374 4239 et
2408 4204 2435 4235 α
2469 4185 2642 4239 homo
2700 4201 2815 4239 non
2859 4189 2982 4240 erat
3029 4184 3127 4256 qui
3175 4189 3512 4256 operaretur
3568 4189 3797 4238 terram.
3843 4206 3872 4234 ι»

2175 4271 2312 4343 quia
2337 4279 2470 4342 post
2498 4277 2794 4342 peccatum
2836 4273 3006 4326 homo
3067 4273 3323 4328 laborare
3366 4271 3536 4342 caapit
3585 4271 3646 4325 in
3690 4275 3871 4337 terra,

2177 4360 2519 4414 necessarias
2569 4360 2772 4415 habuit
2822 4361 3002 4415 nubes
3047 4361 3193 4429 illas,
3237 4362 3386 4416 unde
3438 4359 3771 4430 virgultum,
3813 4359 3871 4414 id

2176 4453 2260 4502 est
2289 4448 2481 4501 anima
2509 4447 2743 4504 virebat.
2795 4449 3072 4520 lrrigabat
3126 4466 3251 4504 eam
3283 4451 3411 4503 fons
3453 4449 3600 4513 vitm,
3645 4448 3700 4502 id
3760 4453 3870 4512 est,

2174 4535 2471 4591 inundatio
2529 4536 2802 4604 veritatis,
2858 4538 3096 4608 loquens
3152 4538 3211 4591 in
3257 4537 3546 4591 intellectu
3604 4537 3748 4607 ejus,
3808 4539 3872 4589 ut

2177 4625 2369 4696 pluvia
2426 4626 2494 4680 de
2551 4626 2796 4680 nubibus
2854 4642 2968 4680 non
3017 4630 3210 4696 egeret
3251 4631 3555 4696 antequam
3587 4630 3868 4696 peccaret.

2178 4713 2276 4768 Hic
2301 4717 2421 4766 erat
2450 4715 2628 4766 status
2657 4712 2905 4767 hominis
2939 4720 3067 4767 ante
3101 4717 3410 4784 peccatum.

2246 4804 2432 4868 (Auc.,
2468 4802 2506 4856 1.
2557 4818 2610 4868 v,
2645 4802 2711 4856 de
2739 4803 2928 4856 Cenes.
2977 4802 3050 4855 ad
3081 4803 3143 4855 Iit
3172 4842 3186 4864 ,
3219 4817 3266 4856 c.
3318 4805 3366 4867 1,
3399 4807 3540 4855 tom.
3569 4801 3690 4872 III.)
3742 4801 3875 4857 Alia

2177 4889 2467 4944 translatio
2516 4889 2735 4943 habet:
2800 4908 2829 4939 α
2881 4888 2977 4942 Hic
3009 4892 3091 4941 est
3140 4888 3284 4942 liber
3339 4893 3612 4942 creatum
3651 4889 3780 4943 caeli
3815 4897 3877 4946 et

2177 4984 2361 5044 terrae,
2399 4998 2426 5029 ι)
2458 4983 2588 5042 etc.,
2647 4993 2820 5047 usque
2867 4977 2942 5030 ad
2999 4991 3236 5047 magnos
3294 4977 3547 5046 veritate,
3597 4980 3877 5048 parvulos

2176 5067 2357 5121 nutrit
2373 5067 2721 5123 affabilitate.

2247 5154 2428 5225 (Auc.,
2456 5156 2614 5220 ibid,
2647 5157 2679 5210 l.
2713 5154 2880 5223 v1,'c.
2920 5158 2982 5210 10
3021 5156 3035 5224 )
3087 5155 3146 5209 In
3181 5154 3368 5226 prima
3415 5156 3614 5210 mundi
3675 5156 3879 5211 condi-

2176 5243 2350 5312 tione,
2374 5251 2514 5310 etc.,
2543 5260 2709 5314 usque
2735 5244 2810 5298 ad
2836 5260 3032 5298 semen
3064 5259 3126 5298 ex
3160 5244 3357 5300 herba.

2248 5333 2409 5387 Vsus.
2459 5338 2509 5389 5.
2541 5365 2608 5375 —
2644 5357 2665 5382 ι
2726 5334 2792 5388 Et
2849 5349 3018 5388 omne
3051 5332 3382 5402 virgultum,
3434 5354 3454 5378 ι
3519 5336 3625 5386 etc.
3672 5333 3871 5404 (Aug.,

2175 5419 2399 5484 ibid,l.
2432 5436 2486 5486 v,
2539 5438 2586 5476 c.
2629 5421 2704 5491 4.)
2755 5421 3098 5492 lntelligitur
3152 5424 3304 5473 terra
3357 5418 3666 5472 causaliter
3722 5434 3872 5488 pro-

2173 5506 2398 5562 duxisse
2426 5507 2663 5564 herbam
2695 5513 2752 5563 et
2775 5507 3020 5579 lignum,
3071 5507 3130 5563 id
3159 5512 3242 5562 est
3289 5507 3643 5578 producendi
3687 5507 3872 5562 virtu-

2174 5600 2287 5651 tem
2345 5598 2639 5668 acccpisse.
2706 5599 2766 5652 ln
2799 5613 2864 5653 ea
2890 5598 3043 5652 enim
3071 5602 3346 5668 tanquam
3370 5596 3724 5651 iuradicibus
3781 5596 3871 5650 fa-
