4086 6190
221 324 288 375 85
1388 320 1642 378 GLOSSA
1679 322 2082 379 ORDINARIA.
2126 356 2192 363 ——
2233 326 2340 381 LIB
2403 326 2559 380 GEN.
3653 332 3722 384 86

217 446 304 495 cta
324 448 491 496 erant
521 457 653 513 qua:
684 458 792 513 per
833 444 1095 512 tempora
1138 441 1332 496 futura
1362 446 1544 497 erant.
1601 442 1752 497 Fecit
1781 459 1918 513 ergo
1949 447 1995 500 Δ

220 535 527 602 antequam
556 536 745 585 essent
785 547 958 599 super
987 536 1198 585 terram
1249 530 1563 585 secundum
1595 530 1921 585 formabili-

216 624 392 673 tatem
439 620 718 685 materias,
777 636 905 690 quae
958 619 1256 673 formanda
1338 624 1501 673 erant
1554 619 1727 673 verbo
1775 620 1918 690 ejus,

215 709 547 778 praecedens
575 708 979 763 formationem
1010 724 1126 761 non
1158 713 1414 777 tempore
1453 708 1548 762 sed
1576 708 1820 778 origine.

285 817 313 847 ι
354 797 483 851 Non
510 797 665 850 enim
698 798 924 867 pluerat
956 796 1251 862 Dominus,
1285 816 1307 845 κ
1354 800 1460 850 etc.
1510 798 1705 864 (Auc.,
1758 797 1919 866 ibid.,

212 900 258 938 c.
294 886 380 953 5.)
416 885 590 949 Quasi
622 901 739 939 non
771 884 903 938 fecit
935 885 1079 938 Deus
1112 884 1190 937 sic
1218 891 1355 937 tunc
1402 884 1547 939 sicut
1584 900 1756 950 nunc,
1790 890 1918 952 etc.,

214 988 388 1041 usque
417 973 493 1027 ad
522 989 628 1026 nec
656 978 918 1026 creatura
948 972 1160 1026 moveri
1194 977 1403 1043 posset.

288 1062 461 1115 Vens.
495 1064 527 1115 6
592 1091 660 1100 —
706 1082 733 1112 α
783 1061 890 1116 Sed
920 1061 1069 1128 fons,
1102 1080 1129 1110 η
1161 1066 1268 1115 etc.
1302 1060 1487 1129 (ΗΑΒ.)
1542 1061 1719 1130 Hujus
1744 1060 1919 1115 fontis

214 1150 659 1220 qualiscumque
707 1149 1043 1217 irrigatione
1073 1150 1195 1220 jam
1227 1154 1377 1203 terra
1416 1149 1609 1204 herbis
1642 1154 1699 1203 et
1748 1148 1919 1217 lignis

214 1238 419 1292 vestita
445 1238 794 1308 supervenit.
834 1238 975 1292 Fons
1023 1253 1174 1291 unus
1226 1236 1549 1291 ascendisse
1580 1236 1784 1291 dicitur
1814 1252 1917 1307 pro

214 1326 412 1397 aliqua
440 1326 505 1380 in
544 1331 713 1381 terra;
750 1325 960 1381 ﬁnibus
992 1325 1243 1391 unitate;
1277 1325 1361 1379 vel
1416 1324 1724 1395 singularis
1762 1324 1915 1395 posi-

212 1421 305 1470 tus
326 1420 416 1469 est
445 1432 550 1486 pro
584 1414 815 1485 plurali.

283 1521 313 1553 ι
349 1503 457 1557 Sed
502 1502 654 1567 fons,
686 1524 714 1551 ››
748 1506 851 1556 etc.
888 1502 1076 1571 (Baoa,
1107 1504 1165 1555 in
1211 1500 1369 1567 Gem,
1416 1517 1464 1555 c.
1519 1502 1600 1567 2.)
1649 1501 1745 1554 Hic
1774 1500 1916 1554 inti—

211 1606 374 1645 mare
406 1590 637 1645 videtur
665 1607 796 1661 qua:
841 1590 984 1645 ﬁant
1030 1590 1340 1644 secundum
1385 1594 1708 1659 temporum
1738 1588 1917 1642 inter-

211 1678 385 1745 valla,
433 1683 579 1745 etc.,
631 1695 800 1749 usque
844 1679 919 1733 ad
954 1684 1084 1750 post
1124 1694 1225 1750 per
1253 1678 1375 1732 haec
1416 1692 1544 1747 qua:
1602 1681 1735 1730 nota
1786 1680 1918 1730 sunt

212 1774 514 1839 utcunque
536 1768 843 1823 noscenda.

285 1858 454 1911 Vens.
516 1862 571 1912 '7.
629 1886 703 1897 —
750 1876 777 1907 α
843 1854 1143 1924 Formavit,
1197 1875 1219 1904 ς
1263 1860 1368 1910 etc.
1420 1854 1609 1924 (Αυο.)
1660 1854 1913 1921 Mystice.

216 1946 409 2002 Latior
438 1947 512 2001 de
543 1946 776 2001 homine
825 1946 1069 2015 ﬁgurate
1119 1944 1436 2014 explicatur
1481 1942 1750 2006 narratio,
1785 1946 1913 2007 etc.,

214 2051 386 2106 usque
417 2035 497 2090 ad
534 2041 601 2090 ut
648 2051 755 2090 nec
807 2039 1136 2089 contemnat
1184 2032 1337 2104 quod
1376 2037 1481 2098 est,
1536 2046 1640 2085 nec
1693 2034 1919 2100 arroget

217 2124 370 2197 quod
397 2140 516 2178 non
538 2128 643 2178 est.

286 2234 312 2263 ι
350 2213 642 2268 Formavit
674 2212 850 2282 igitur
890 2210 1165 2265 Dominus
1205 2210 1352 2264 Deus
1381 2207 1698 2273 hominem,
1731 2227 1759 2256 ι)
1809 2211 1911 2261 etc.

216 2305 401 2369 (AUG.,
439 2302 508 2356 de
536 2302 667 2358 Gen.
703 2301 803 2355 lib.
840 2316 917 2362 ιιι,
950 2315 1074 2369 cap.
1112 2302 1181 2353 20
1230 2303 1287 2353 et
1332 2298 1448 2367 25.)
1489 2297 1652 2350 Prius
1680 2296 1748 2350 de
1779 2295 1915 2348 limo

212 2396 381 2446 terra:
410 2390 724 2445 formatum
769 2394 855 2443 est
891 2404 1099 2459 corpus
1154 2386 1427 2453 animale,
1468 2390 1597 2450 etc.,
1646 2399 1814 2453 usque
1842 2382 1917 2436 ad

212 2480 386 2534 habet
414 2480 573 2533 enim
608 2478 1001 2532 necessitatem
1034 2476 1337 2530 moriendi.

280 2568 450 2637 (Ibid.
486 2583 535 2621 c.
590 2567 702 2636 2‘7.)
733 2566 887 2621 Stola
916 2566 1104 2636 prima
1155 2570 1250 2618 aut
1291 2562 1519 2634 justitia
1563 2564 1667 2625 est,
1700 2560 1770 2615 de
1801 2576 1916 2631 qua

214 2658 407 2729 lapsus
432 2660 518 2710 est
550 2671 566 2709 :
598 2656 680 2708 vel
709 2654 757 2708 si
800 2654 1155 2723 corporalem
1186 2651 1676 2705 immortalitatem
1705 2648 1911 2719 signat,

215 2746 361 2799 hanc
403 2744 620 2812 amisit,
664 2758 794 2797 cum
844 2742 1130 2812 peccando
1174 2742 1241 2795 ad
1281 2757 1406 2795 eam
1457 2738 1752 2811 pervenire
1800 2754 1915 2790 non

216 2834 421 2903 potuit.
475 2832 565 2885 Sic
604 2848 741 2898 ergo
771 2831 951 2884 Adam
1007 2846 1214 2900 corpus
1261 2829 1507 2883 animale
1543 2827 1761 2893 habuit,
1798 2842 1914 2880 non

215 2922 387 2976 modo
419 2927 554 2975 ante
595 2919 948 2991 paradisum,
996 2918 1095 2972 sed
1125 2924 1182 2973 et
1235 2916 1296 2972 in
1339 2917 1601 2987 paradiso
1633 2914 1915 2987 (quamvis

212 3011 272 3066 in
304 3010 570 3065 interiori
599 3010 835 3064 homine
866 3008 973 3062 fuit
1014 3007 1333 3079 spirituale)
1390 3007 1540 3077 quod
1577 3004 1766 3058 amisit
1792 3018 1914 3073 pec-

2105 447 2348 513 (lbid..l.
2377 462 2446 511 Vl,
2464 462 2512 500 c.
2543 446 2740 517 7,)Sed
2757 447 2903 501 forte
2922 448 3130 502 anima:
3153 452 3306 507 sexta
3320 448 3411 504 die
3426 448 3723 516 facte,ubi

2030 533 2219 605 imago
2255 535 2355 589 Dei
2392 535 2628 600 relucet,
2662 540 2803 602 etc.,
2836 552 3005 607 usque
3051 538 3125 591 ad
3163 553 3293 609 quae
3331 540 3723 609 praeponenda

2030 627 2114 675 est
2154 623 2211 677 in
2246 623 2593 692 hujusmodi.

2102 710 2413 779 (Iazuges)
2462 711 2625 765 Aliud
2676 716 2755 765 est
2812 712 3041 765 habitus
3093 714 3224 767 vitae
3270 715 3369 784 qui
3417 714 3720 769 animalem

2029 798 2204 853 efﬁcit
2249 799 2564 865 hominem,
2606 800 2761 854 aliud
2793 802 3039 870 Spiritus
3083 802 3390 869 viviﬁcans,
3424 804 3522 874 qui
3553 804 3720 874 spiri-

2029 889 2240 941 tualem
2278 888 2569 941 hominem
2620 894 2911 957 operatur.
2969 890 3126 943 Unde
3183 892 3352 944 Isaias
3385 908 3397 945 :
3430 892 3535 955 Qui
3568 893 3725 947 dedit

2029 978 2225 1029 flatum
2255 976 2479 1045 populis
2509 992 2679 1046 super
2708 982 2939 1042 terram,
2987 982 3043 1031 et
3071 978 3333 1049 spiritum
3376 980 3723 1035 calcantibus

2027 1078 2189 1127 eam;
2224 1068 2286 1115 ut
2316 1062 2463 1115 Deus
2505 1064 2705 1116 flatum
2752 1064 2984 1133 quidem
3036 1066 3194 1118 omni
3235 1068 3449 1136 populo
3496 1068 3596 1138 qui
3638 1073 3725 1123 est

2027 1166 2200 1221 super
2230 1156 2436 1204 terram
2470 1151 2726 1215 dederit;
2768 1152 3030 1221 spiritum
3067 1169 3199 1206 vero
3232 1154 3320 1207 his
3349 1160 3575 1210 tantum
3623 1156 3722 1227 qui

2026 1243 2255 1292 terrena
2302 1238 2582 1291 desideria
2615 1239 2834 1292 calcant
2869 1256 2880 1292 ε
2915 1246 2978 1292 ut
3027 1240 3196 1293 ﬂatus
3224 1242 3290 1293 ad
3345 1249 3573 1312 tempus
3628 1244 3720 1310 sit,

2027 1327 2260 1397 spiritus
2285 1344 2416 1379 vero
2448 1332 2716 1393 wternus,
2752 1334 2813 1379 ut
2842 1333 2975 1398 pote
2998 1328 3097 1398 qui
3128 1328 3353 1399 proprie
3385 1330 3482 1383 Dei
3504 1330 3720 1384 donum

2028 1416 2116 1468 sit.

2100 1505 2259 1559 Vens.
2293 1508 2345 1558 8.
2378 1534 2445 1545 —
2480 1524 2505 1555 α
2558 1504 2915 1557 Plantaverat
2956 1509 3170 1572 autem,
3216 1524 3244 1555 ιο
3288 1510 3393 1560 etc.
3442 1508 3629 1572 (Beas,
3662 1509 3723 1560 in

2027 1594 2308 1659 Hemm.,
2333 1597 2469 1646 tom.
2502 1594 2613 1659 ΙΙΙ.)
2646 1594 2731 1647 Ab
2760 1593 2858 1646 illo
2886 1593 3167 1664 principio
3198 1594 3473 1664 plantavit
3503 1594 3721 1664 paradi-

2028 1698 2176 1747 sum,
2209 1687 2339 1747 etc.,
2369 1696 2537 1750 usque
2561 1682 2635 1735 ad
2664 1686 2720 1735 et
2748 1682 2883 1751 quia
2924 1683 2995 1736 de
3022 1682 3178 1752 ligno
3209 1682 3338 1736 vitae
3383 1687 3440 1737 et
3467 1683 3720 1737 scientia:

2030 1772 2165 1825 boui
2186 1776 2243 1824 et
2274 1770 2410 1824 mali
2443 1773 2565 1823 erat
2586 1770 2911 1839 specialiter
2937 1770 3209 1824 dicturus.

2101 1880 2127 1910 «
2166 1858 2447 1913 Plantavit
2478 1858 2749 1911 Dominus
2788 1857 3113 1927 paradisum
3149 1858 3206 1910 in
3242 1859 3395 1913 Eden
3420 1859 3489 1913 ad
3527 1857 3721 1913 Orien-

2027 1952 2165 2013 tem,
2202 1967 2226 1999 ι)
2263 1952 2369 2008 etc,
2404 1946 2585 2017 (Anc,
2620 1945 2684 1999 de
2712 1947 2846 1999 Gen.
2877 1946 2951 1999 ad
2981 1947 3109 2010 litt,
3139 1946 3236 2000 lib.
3270 1962 3384 2011 vui,
3414 1962 3457 2000 c.
3487 1947 3562 2016 t.)
3586 1948 3720 2001 Tres

2027 2037 2321 2108 generales
2365 2036 2660 2089 sententiae
2709 2034 2778 2088 de
2827 2033 3089 2104 paradiso
3148 2040 3297 2089 sunt.
3353 2036 3471 2089 Una
3518 2051 3716 2089 eorum

2028 2125 2127 2195 qui
2160 2123 2533 2194 corporaliter
2562 2126 2785 2176 tantum
2813 2121 3055 2191 intelligi
3104 2122 3326 2189 volunt,
3374 2123 3486 2176 alia
3516 2139 3715 2178 eorum

2028 2213 2127 2285 qui
2154 2212 2527 2283 spiritualiter
2556 2215 2800 2274 tantum,
2833 2210 3002 2264 tertia
3042 2226 3174 2263 vero
3205 2227 3403 2264 eorum
3431 2210 3530 2281 qui
3559 2215 3714 2264 utro-

2027 2316 2137 2371 que
2170 2298 2337 2353 modo
2360 2298 2686 2368 paradisum
2719 2297 3018 2369 accipiunt.
3052 2298 3299 2353 Tertiam
3325 2299 3468 2353 mihi
3494 2299 3716 2369 placere

2028 2387 2210 2443 fateor
2266 2402 2278 2440 :
2328 2392 2394 2441 ut
2434 2386 2607 2440 homo
2657 2387 2836 2440 factus
2876 2403 2943 2441 ex
2984 2386 3143 2454 limo,
3184 2388 3337 2458 quod
3367 2403 3575 2457 corpus
3604 2388 3716 2441 hu-

2027 2492 2261 2530 manum
2285 2480 2387 2540 est,
2416 2475 2472 2528 in
2504 2475 2768 2545 paradiso
2799 2476 3080 2546 corporali
3103 2477 3319 2529 locatus
3339 2475 3713 2547 intelligatur.

2026 2565 2229 2629 Adam,
2262 2564 2365 2617 etsi
2394 2564 2549 2616 aliud
2580 2563 2877 2633 signiﬁcat,
2912 2564 3047 2635 quia
3080 2570 3164 2617 est
3203 2564 3384 2618 forma
3426 2563 3623 2630 futuri,
3656 2564 3717 2618 in

2027 2658 2231 2707 natura
2261 2651 2489 2722 propria
2513 2652 2685 2705 homo
2714 2652 3006 2723 accipitur.

2097 2740 2273 2811 (Ibid)
2323 2760 2349 2791 α
2395 2740 2674 2793 Plantavit
2733 2745 2922 2793 autem
2982 2741 3257 2795 Dominus
3300 2740 3629 2811 paradisum
3658 2740 3717 2794 in

2028 2831 2200 2885 Edeu.
2238 2850 2259 2876 ι
2299 2829 2355 2883 1d
2408 2835 2491 2881 est
2532 2829 2590 2881 in
2644 2828 2876 2882 deliciis.
2915 2830 3125 2883 Deinde
3158 2830 3265 2883 hoc
3291 2829 3627 2900 recapitulat
3657 2833 3720 2883 ut

2027 2918 2289 2972 ostendat
2336 2917 2627 2988 quomodo
2680 2918 3007 2987 paradisum
3063 2918 3210 2971 Deus
3255 2917 3552 2988 plantavit.
3599 2939 3625 2965 ‹‹
3656 2918 3721 2971 Et

2027 3007 2194 3077 ejecit
2224 3007 2371 3060 Deus
2400 3006 2469 3059 de
2501 3010 2649 3058 terra
2681 3021 2852 3058 omne
2904 3006 3149 3075 lignum,
3185 3025 3211 3056 ιο
3240 3012 3347 3059 etc.
3390 3007 3514 3060 Jam
3560 3005 3717 3059 enim

212 3100 420 3166 cando,
457 3106 514 3153 et
545 3098 757 3153 meruit
787 3096 1041 3167 corporis
1072 3102 1337 3163 mortem,
1366 3096 1464 3167 qui
1488 3111 1599 3148 non
1630 3092 1914 3165 peccando
1947 3072 1989 3129 θ
2028 3106 2159 3150 tunc
2189 3098 2533 3165 produxerat
2561 3100 2713 3149 terra
2756 3110 2925 3149 omne
2957 3094 3202 3164 lignum,
3239 3094 3330 3148 die
3364 3094 3575 3147 scilicet
3604 3098 3717 3147 ter-

213 3194 473 3243 meretur
502 3189 559 3241 in
593 3203 798 3258 corpus
819 3185 1113 3257 spirituale
1145 3184 1541 3238 mutationem.

285 3299 312 3329 σι
353 3277 666 3338 Formavit,
708 3295 736 3326 ι)
774 3280 880 3328 etc.
925 3277 1106 3343 (Acc.,
1152 3274 1189 3327 l.
1229 3289 1281 3325 Vl
1333 3274 1399 3326 de
1456 3273 1585 3328 Gen.
1650 3271 1723 3324 ad
1780 3271 1913 3334 litt.,

211 3386 258 3422 c.
294 3384 335 3433 ι,
369 3373 517 3420 tom.
560 3366 678 3434 ΙΙΙ.)
713 3364 1029 3418 Videndum
1058 3369 1144 3416 est
1172 3368 1365 3415 utrum
1400 3360 1791 3430 recapitulatio
1820 3359 1913 3424 sit,

214 3462 275 3509 ut
299 3456 532 3510 dicatur
560 3454 849 3524 quomodo
892 3453 1064 3506 homo
1095 3451 1273 3505 factus
1302 3450 1395 3517 sit,
1434 3466 1603 3519 quem
1639 3454 1795 3501 sexta
1824 3447 1916 3501 die

218 3545 439 3599 factum
472 3542 739 3614 legimus.
770 3544 856 3595 An
885 3546 1020 3594 tunc
1055 3555 1184 3593 cum
1233 3538 1366 3593 fecit
1396 3537 1587 3591 omnia
1620 3535 1811 3600 simul,
1862 3538 1920 3586 et

219 3633 524 3687 hominem
552 3630 609 3684 in
664 3630 750 3684 his
778 3628 931 3693 fecit,
959 3634 1022 3681 ut
1050 3642 1277 3680 accessu
1301 3624 1579 3693 temporis
1608 3623 1781 3675 etiam
1811 3622 1921 3675 hoc

217 3721 395 3775 modo
428 3720 614 3786 ﬁeret,
646 3733 759 3788 quo
788 3717 848 3770 in
881 3717 986 3769 hac
1008 3714 1306 3786 perspicua
1335 3713 1519 3766 forma
1548 3711 1719 3764 vitam
1742 3709 1921 3781 gerit?

216 3810 366 3863 sicut
396 3808 595 3862 fenum
646 3805 857 3859 factum
909 3809 1216 3873 antequam
1248 3800 1584 3863 exon-iretur,
1618 3798 1920 3852 accedente

217 3903 500 3968 tempore,
536 3901 593 3948 et
625 3894 801 3949 fontis
832 3892 1190 3963 irrigatione,
1223 3894 1484 3944 exortum
1518 3893 1619 3954 est,
1654 3892 1717 3940 ut
1748 3901 1922 3957 super

216 3992 436 4039 tearam
470 3988 636 4038 esset.

292 4076 482 4140 (Aea,
531 4071 668 4126 ibid.
703 4086 750 4125 c.
790 4074 843 4138 2,
890 4070 967 4139 3.)
1024 4067 1345 4122 Secundum
1389 4064 1922 4135 recapitulationem

220 4164 383 4236 prius
413 4162 731 4226 videamus,
762 4169 905 4225 etc.,
936 4174 1105 4227 usque
1134 4158 1207 4211 ad
1251 4162 1387 4210 tunc
1432 4162 1625 4209 autem
1659 4154 1923 4209 invisibi-

222 4254 375 4314 liter,
402 4250 788 4322 potentialiter
820 4253 876 4303 et
899 4246 1198 4302 causaliter
1230 4244 1518 4316 quomodo
1540 4243 1687 4298 ﬁunt
1709 4244 1919 4308 futura,

221 4358 337 4396 non
367 4341 537 4393 facta.

299 4426 609 4489 Formavit,
654 4445 681 4475 ιο
733 4428 838 4480 etc.
878 4425 1061 4489 (ΒεοΑ,
1109 4424 1165 4475 in
1215 4420 1491 4488 Hemaem.)
1534 4420 1773 4474 Factura
1814 4419 1919 4473 ho-

225 4518 424 4575 minis,
462 4520 591 4581 etc.,
623 4529 791 4582 usque
818 4512 892 4567 ad
920 4513 976 4565 in
1001 4528 1114 4582 qua
1141 4510 1373 4575 viveret,
1405 4508 1633 4562 creavit.

298 4606 487 4675 (Auc.,
536 4603 601 4657 de
646 4606 771 4657 ϐίη.
813 4601 888 4655 ad
917 4602 1047 4661 ζέει..
1096 4600 1131 4653 l.
1179 4616 1255 4666 v1,
1307 4615 1353 4652 e.
1394 4601 1455 4653 t3
1501 4602 1558 4650 et
1598 4596 1703 4664 17.)
1755 4596 1920 4660 Quaa-

225 4695 376 4748 ritur
416 4699 609 4745 utrum
662 4692 805 4744 Deus
848 4694 1082 4759 repente
1122 4686 1416 4741 hominem
1464 4685 1523 4738 in
1563 4689 1730 4739 astate
1775 4684 1923 4738 virili

225 4781 453 4845 fecerit,
506 4786 639 4847 etc.,
683 4793 850 4846 usque
886 4778 960 4831 ad
1007 4782 1065 4830 et
1114 4776 1243 4829 ideo
1292 4773 1607 4829 necessario
1665 4773 1924 4827 futurum

226 4875 375 4926 erat.

303 4959 371 5012 Et
402 4952 705 5025 inspiravit
762 4952 823 5006 in
871 4952 1071 5007 faciem
1128 4952 1254 5022 ejus
1302 4950 1651 5022 spiraculum
1690 4949 1842 5017 vitae,
1873 4953 1930 5002 et

229 5048 411 5101 factus
440 5049 529 5098 est
561 5043 733 5096 homo
763 5042 823 5095 in
853 5041 1101 5095 animam
1134 5041 1442 5094 viventem.
1476 5056 1506 5090 υ
1540 5043 1722 5103 (Auc.,
1763 5038 1925 5099 ibid.,

234 5136 251 5188 Ι
292 5149 392 5200 vii,
414 5149 461 5185 c.
483 5134 537 5195 3,
554 5133 607 5197 5,
623 5131 702 5197 7.)
718 5128 1238 5193 Sineduhitatione,
1260 5148 1287 5178 α
1310 5126 1483 5190 flavit,
1510 5127 1591 5178 vel
1613 5125 1881 5190 sufﬂavit,
1903 5146 1925 5171 ι

232 5221 538 5277 dicendum
576 5224 680 5283 est,
714 5225 841 5281 etc.,
874 5232 1043 5285 usque
1066 5216 1140 5270 ad
1164 5231 1386 5286 poenam
1418 5214 1466 5267 si
1496 5214 1931 5267 contemneret?

300 5310 493 5381 (lbid.,
524 5324 576 5362 c.
618 5307 729 5373 26.)
764 5306 1070 5360 Dicendum
1104 5309 1207 5369 est,
1232 5308 1358 5369 etc.,
1389 5316 1557 5371 usque
1581 5302 1654 5355 ad
1674 5302 1932 5356 dubitare

234 5401 314 5455 fas
344 5416 461 5454 non
493 5403 596 5451 est.

304 5488 497 5553 (Ibid.,
528 5503 577 5540 c.
610 5483 730 5552 27.)
771 5482 960 5547 Quaeri
990 5483 1133 5537 solet
1163 5486 1376 5547 utrum,
1412 5480 1457 5535 si
1488 5480 1635 5535 nolit
1660 5479 1937 5551 incorpo-

241 5580 371 5645 rari,
403 5576 808 5648 compellatur,
839 5578 970 5635 etc.,
1000 5587 1168 5641 usque
1197 5572 1271 5624 ad
1299 5570 1427 5625 fecit
1448 5588 1562 5624 eos.

2023 3184 2119 3239 tio.
2161 3184 2265 3238 Sed
2295 3200 2424 3237 cum
2470 3199 2537 3236 ex
2570 3183 2657 3236 his
2688 3182 2993 3251 generibus
3024 3183 3140 3237 sint
3176 3183 3331 3252 ligna
3375 3182 3628 3236 instituta
3659 3182 3715 3235 in

2027 3273 2304 3346 paradiso,
2339 3271 2602 3343 produxit
2643 3270 2702 3325 in
2733 3272 3055 3334 manifesto,
3098 3277 3154 3325 et
3198 3271 3257 3324 in
3291 3277 3551 3340 tempore
3594 3286 3715 3337 suo,

2025 3379 2154 3435 quae
2179 3363 2307 3433 jam
2329 3361 2629 3415 causaliter
2656 3362 2824 3413 tertio
2859 3360 2949 3414 die
2980 3364 3132 3413 terra
3157 3359 3521 3430 produxerat.

2097 3449 2337 3520 (Suum)
2377 3448 2619 3512 Quidam
2651 3447 2871 3501 codices
2910 3448 3169 3501 habent:
3224 3467 3250 3495 «
3302 3446 3452 3501 Eden
3500 3445 3569 3499 ad
3623 3446 3720 3499 Or-

2025 3544 2171 3593 tum.
2235 3555 2262 3587 »
2320 3537 2394 3589 Ex
2443 3551 2555 3605 quo
2594 3551 2898 3604 possumus
2949 3535 3230 3604 conjicere
3284 3533 3611 3604 paradisum
3659 3532 3716 3585 in

2026 3624 2252 3681 Oriente
2309 3622 2499 3677 situm.
2567 3623 2897 3694 Ubicunque
2940 3628 3129 3677 autem
3179 3622 3272 3689 sit,
3320 3621 3529 3675 scimus
3584 3635 3716 3674 eum

2028 3718 2318 3766 terrenum
2382 3726 2525 3775 esse,
2576 3715 2633 3765 et
2680 3711 2978 3780 interjecto
3023 3712 3265 3777 Oceano,
3318 3714 3375 3764 et
3432 3708 3719 3763 montibus

2029 3800 2323 3871 oppositis,
2362 3798 2806 3852 remotissimum
2827 3816 2859 3851 a
2880 3806 3075 3853 nostro
3106 3803 3260 3865 orbe,
3298 3798 3355 3852 in
3384 3799 3498 3852 alto
3523 3798 3715 3860 situm,

2030 3890 2447 3959 pertingentem
2473 3903 2653 3958 usque
2671 3888 2739 3942 ad
2764 3890 3021 3942 lunarem
3047 3889 3352 3953 circulum;
3386 3887 3537 3942 unde
3554 3901 3717 3957 aquae

2030 3977 2229 4033 diluvii
2261 3977 2395 4030 illuc
2426 3976 2661 4029 minime
2700 3982 3107 4047 pervenerunt.

2104 4084 2130 4116 α
2166 4066 2229 4118 In
2282 4080 2397 4135 quo
2438 4064 2645 4133 posuit.
2686 4085 2706 4112 ι»
2750 4066 2949 4133 (Auc.,
3000 4065 3093 4119 ubi
3134 4079 3322 4133 supra,
3372 4080 3494 4133 cap.
3529 4063 3603 4131 5.)
3661 4063 3718 4117 Si

2032 4153 2160 4225 quis
2189 4157 2353 4223 putat
2396 4152 2616 4205 animas
2662 4168 2895 4223 corpore
2927 4158 3124 4206 exutas
3166 4152 3299 4206 locis
3329 4150 3722 4220 corporalibus

2032 4241 2333 4307 contineri,
2380 4247 2511 4306 etc.,
2569 4256 2740 4310 usque
2800 4241 2875 4295 ad
2925 4242 3087 4312 cujus
3119 4257 3231 4294 una
3271 4239 3543 4310 collyride
3575 4240 3723 4293 Deus

1950 4357 1995 4411 ι)
2033 4331 2327 4386 hominem
2354 4347 2386 4383 a
2407 4330 2555 4384 fame
2585 4330 2965 4401 quadraginta
2996 4330 3197 4384 diebus
3228 4326 3508 4382 liberavit.

2108 4422 2272 4475 Vens.
2326 4424 2378 4473 9.
2424 4449 2489 4459 —
2518 4437 2545 4468 (ι
2581 4419 2967 4489 Produxitque
2996 4418 3269 4472 Dominus
3300 4416 3519 4487 lignum
3551 4414 3725 4468 etiam

2036 4530 2063 4557 ‹‹
2096 4509 2246 4563 vitae.
2284 4528 2309 4558 ι›
2367 4509 2560 4575 (Auc.,
2616 4508 2737 4562 Ibid
2766 4550 2781 4569 ,
2828 4524 2874 4560 c.
2921 4510 3001 4575 4.)
3057 4507 3131 4560 De
3164 4505 3440 4576 sapientia
3471 4503 3679 4557 dicitur
3710 4518 3720 4554 :

2038 4620 2063 4647 ‹‹
2098 4598 2340 4667 Lignum
2387 4596 2518 4649 vitae
2574 4596 2661 4649 his
2708 4602 2792 4649 est
2848 4596 2948 4666 qui
2998 4592 3481 4665 apprehenderint
3513 4606 3658 4643 eam.
3696 4609 3721 4638 η

2032 4685 2139 4741 Sed
2171 4690 2255 4739 est
2299 4684 2648 4738 Hierusalem
2683 4690 2899 4738 aeterna
2958 4684 3014 4737 in
3067 4683 3243 4747 coalis,
3277 4688 3403 4747 etc.,
3453 4694 3621 4747 usque
3653 4677 3728 4731 ad

2035 4790 2163 4845 qua:
2194 4789 2284 4826 res
2314 4772 2429 4825 suis
2460 4773 2813 4843 temporibus
2838 4776 3020 4843 gestas
3054 4770 3323 4825 narravit.

2107 4881 2135 4913 α
2170 4861 2413 4931 Lignum
2465 4862 2636 4915 etiam
2670 4862 2813 4923 vitae,
2871 4880 2897 4911 ι)
2958 4866 3061 4913 etc.
3107 4861 3297 4927 (BEDA,
3328 4860 3386 4911 in
3442 4857 3726 4917 Hewaem.,

2034 4955 2175 5003 tom.
2212 4951 2305 5015 Ill,
2337 4950 2440 5003 col.
2483 4952 2586 5017 t3.)
2624 4951 2683 5003 In
2715 4950 2890 5003 altero
2922 4947 3171 5002 hominis
3200 4946 3425 5015 signum
3455 4944 3729 4999 obedien-

2036 5039 2132 5092 tia:
2186 5053 2359 5108 quam
2416 5038 2656 5092 debebat
2711 5054 2724 5091 :
2776 5038 2834 5091 in
2890 5037 3067 5091 altero
3130 5038 3546 5088 sacramentum
3600 5032 3732 5085 vita:

2040 5132 2285 5189 aeternus,
2338 5143 2509 5196 quam
2552 5126 2867 5180 obediendo
2919 5129 3252 5178 mereretur.
3316 5123 3554 5193 Lignum
3604 5121 3733 5174 vita:

2043 5214 2279 5280 dictum,
2311 5215 2446 5285 quia
2472 5214 2743 5268 divinitus
2776 5214 3010 5285 accepit,
3046 5218 3107 5267 ut
3150 5214 3247 5283 qui
3284 5229 3348 5266 ex
3397 5228 3463 5266 eo
3490 5210 3733 5264 mandu-

2044 5308 2216 5367 caret,
2259 5320 2465 5374 corpus
2512 5304 2635 5373 ejus
2685 5303 2876 5357 stabili
2937 5303 3174 5356 sanitate
3232 5302 3573 5365 ﬁrmaretur,
3635 5314 3738 5352 nec

2047 5393 2161 5446 ulla
2192 5392 2528 5445 inﬁrmitate
2559 5391 2643 5445 vel
2676 5396 2841 5445 astate
2882 5390 2941 5445 in
2972 5390 3223 5445 deterius
3266 5390 3354 5445 vel
3384 5390 3442 5443 in
3476 5403 3737 5442 occasum

2047 5482 2353 5536 laberetur.

2121 5571 2358 5639 (Sume)
2397 5571 2682 5624 Historiae.
2738 5570 2979 5641 Lignum
3030 5568 3158 5622 vita:
3216 5569 3361 5623 hanc
3409 5564 3744 5620 naturaliter
