  <div class='ocr_page' id='page_1' title='image "/cluster/home/n/w/nwhite01/storage/ocr_20150623/113/hvd.32044054759782/049.png"; bbox 0 0 4086 6190; ppageno 0'>
   <div class='ocr_carea' id='block_1_1' title="bbox 291 255 3790 314">
    <p class='ocr_par' dir='ltr' id='par_1_1' title="bbox 291 255 3790 314">
     <span class='ocr_line' id='line_1_1' title="bbox 291 255 3790 314; baseline -0.001 0"><span class='ocrx_word' id='word_1_1' title='bbox 291 263 355 314; x_wconf 82' lang='lat'>87</span> <span class='ocrx_word' id='word_1_2' title='bbox 903 258 1294 314; x_wconf 78' lang='lat' dir='ltr'><strong>WALAFRIDI</strong></span> <span class='ocrx_word' id='word_1_3' title='bbox 1334 258 1582 314; x_wconf 78' lang='lat' dir='ltr'>STRABI</span> <span class='ocrx_word' id='word_1_4' title='bbox 1622 258 1819 314; x_wconf 84' lang='lat' dir='ltr'>FULD.</span> <span class='ocrx_word' id='word_1_5' title='bbox 1863 256 2026 314; x_wconf 77' lang='grc' dir='ltr'>ΜΟΝ.</span> <span class='ocrx_word' id='word_1_6' title='bbox 2068 257 2220 314; x_wconf 84' lang='grc' dir='ltr'>ΟΡΡ.</span> <span class='ocrx_word' id='word_1_7' title='bbox 2263 257 2440 312; x_wconf 73' lang='lat' dir='ltr'>PARS</span> <span class='ocrx_word' id='word_1_8' title='bbox 2479 257 2518 311; x_wconf 82' lang='grc' dir='ltr'><strong>Ι.</strong></span> <span class='ocrx_word' id='word_1_9' title='bbox 2560 287 2629 295; x_wconf 87' lang='lat'>-—</span> <span class='ocrx_word' id='word_1_10' title='bbox 2669 255 3124 312; x_wconf 81' lang='lat' dir='ltr'>TIIEOLOCICA.</span> <span class='ocrx_word' id='word_1_11' title='bbox 3723 258 3790 310; x_wconf 77' lang='lat'>88</span> 
     </span>
    </p>
   </div>
   <div class='ocr_carea' id='block_1_2' title="bbox 287 377 3788 454">
    <p class='ocr_par' dir='ltr' id='par_1_2' title="bbox 287 377 3788 454">
     <span class='ocr_line' id='line_1_2' title="bbox 287 377 3788 454; baseline -0.001 -19"><span class='ocrx_word' id='word_1_12' title='bbox 287 385 554 440; x_wconf 81' lang='lat' dir='ltr'>virtutem</span> <span class='ocrx_word' id='word_1_13' title='bbox 592 382 856 445; x_wconf 84' lang='lat' dir='ltr'>habebat,</span> <span class='ocrx_word' id='word_1_14' title='bbox 899 381 1093 453; x_wconf 91' lang='lat' dir='ltr'>utqui</span> <span class='ocrx_word' id='word_1_15' title='bbox 1137 398 1205 437; x_wconf 83' lang='lat' dir='ltr'>ex</span> <span class='ocrx_word' id='word_1_16' title='bbox 1252 383 1376 454; x_wconf 83' lang='lat' dir='ltr'>ejus</span> <span class='ocrx_word' id='word_1_17' title='bbox 1430 382 1616 436; x_wconf 85' lang='lat' dir='ltr'>fructu</span> <span class='ocrx_word' id='word_1_18' title='bbox 1644 381 1989 446; x_wconf 88' lang='lat' dir='ltr'>eomederet,</span> <span class='ocrx_word' id='word_1_19' title='bbox 2020 384 2062 436; x_wconf 85' lang='lat' dir='ltr'><strong>A</strong></span> <span class='ocrx_word' id='word_1_20' title='bbox 2101 385 2230 446; x_wconf 92' lang='lat' dir='ltr'>etc.,</span> <span class='ocrx_word' id='word_1_21' title='bbox 2263 394 2433 450; x_wconf 83' lang='lat' dir='ltr'>usque</span> <span class='ocrx_word' id='word_1_22' title='bbox 2460 379 2535 434; x_wconf 86' lang='lat' dir='ltr'>ad</span> <span class='ocrx_word' id='word_1_23' title='bbox 2562 377 2716 434; x_wconf 92' lang='lat' dir='ltr'>unde</span> <span class='ocrx_word' id='word_1_24' title='bbox 2754 378 2919 434; x_wconf 86' lang='lat' dir='ltr'>Eecli.</span> <span class='ocrx_word' id='word_1_25' title='bbox 2951 395 2982 433; x_wconf 83' lang='lat' dir='ltr'><strong>x</strong></span> <span class='ocrx_word' id='word_1_26' title='bbox 3015 394 3030 432; x_wconf 92' lang='lat'><strong>:</strong></span> <span class='ocrx_word' id='word_1_27' title='bbox 3065 398 3092 430; x_wconf 71' lang='grc' dir='ltr'><strong>α</strong></span> <span class='ocrx_word' id='word_1_28' title='bbox 3125 379 3356 434; x_wconf 88' lang='lat' dir='ltr'>lnitium</span> <span class='ocrx_word' id='word_1_29' title='bbox 3393 378 3546 433; x_wconf 88' lang='lat' dir='ltr'>enim</span> <span class='ocrx_word' id='word_1_30' title='bbox 3587 394 3788 450; x_wconf 83' lang='lat' dir='ltr'>super-</span> 
     </span>
    </p>
   </div>
   <div class='ocr_carea' id='block_1_3' title="bbox 289 468 1987 543">
    <p class='ocr_par' dir='ltr' id='par_1_3' title="bbox 289 468 1987 543">
     <span class='ocr_line' id='line_1_3' title="bbox 289 468 1987 543; baseline -0.001 -19"><span class='ocrx_word' id='word_1_31' title='bbox 289 476 566 543; x_wconf 87' lang='lat' dir='ltr'>perpetua</span> <span class='ocrx_word' id='word_1_32' title='bbox 597 470 882 526; x_wconf 82' lang='lat' dir='ltr'>soliditate</span> <span class='ocrx_word' id='word_1_33' title='bbox 921 469 1240 533; x_wconf 87' lang='lat' dir='ltr'>vestiretur,</span> <span class='ocrx_word' id='word_1_34' title='bbox 1277 469 1436 524; x_wconf 89' lang='lat' dir='ltr'>nulla</span> <span class='ocrx_word' id='word_1_35' title='bbox 1490 469 1840 529; x_wconf 82' lang='lat' dir='ltr'>inﬁrmitate.</span> <span class='ocrx_word' id='word_1_36' title='bbox 1898 468 1987 523; x_wconf 91' lang='lat' dir='ltr'>vel</span> 
     </span>
    </p>
   </div>
   <div class='ocr_carea' id='block_1_4' title="bbox 288 553 1986 621">
    <p class='ocr_par' dir='ltr' id='par_1_4' title="bbox 288 553 1986 621">
     <span class='ocr_line' id='line_1_4' title="bbox 288 553 1986 621; baseline -0.004 -9"><span class='ocrx_word' id='word_1_37' title='bbox 288 558 592 618; x_wconf 77' lang='lat' dir='ltr'>anxietate,</span> <span class='ocrx_word' id='word_1_38' title='bbox 655 557 739 610; x_wconf 89' lang='lat' dir='ltr'>vel</span> <span class='ocrx_word' id='word_1_39' title='bbox 829 555 976 612; x_wconf 88' lang='lat' dir='ltr'>senii</span> <span class='ocrx_word' id='word_1_40' title='bbox 1034 555 1388 621; x_wconf 83' lang='lat' dir='ltr'>lassitudine,</span> <span class='ocrx_word' id='word_1_41' title='bbox 1461 554 1546 608; x_wconf 80' lang='lat' dir='ltr'>vel</span> <span class='ocrx_word' id='word_1_42' title='bbox 1601 553 1986 608; x_wconf 80' lang='lat' dir='ltr'>imbecillitate</span> 
     </span>
    </p>
   </div>
   <div class='ocr_carea' id='block_1_5' title="bbox 289 646 642 716">
    <p class='ocr_par' dir='ltr' id='par_1_5' title="bbox 289 646 642 716">
     <span class='ocr_line' id='line_1_5' title="bbox 289 646 642 716; baseline -0.006 -16"><span class='ocrx_word' id='word_1_43' title='bbox 289 646 616 716; x_wconf 78' lang='lat' dir='ltr'>fatigandus</span> <span class='ocrx_word' id='word_1_44' title='bbox 629 685 642 698; x_wconf 95' lang='lat'>.</span> 
     </span>
    </p>
   </div>
   <div class='ocr_carea' id='block_1_6' title="bbox 361 729 1988 804">
    <p class='ocr_par' dir='ltr' id='par_1_6' title="bbox 361 729 1988 804">
     <span class='ocr_line' id='line_1_6' title="bbox 361 729 1988 804; baseline -0.001 -20"><span class='ocrx_word' id='word_1_45' title='bbox 361 756 387 784; x_wconf 83' lang='lat'><strong>«</strong></span> <span class='ocrx_word' id='word_1_46' title='bbox 422 733 783 804; x_wconf 77' lang='lat' dir='ltr'>Lignumque</span> <span class='ocrx_word' id='word_1_47' title='bbox 831 730 1083 786; x_wconf 66' lang='lat' dir='ltr'>scientiae</span> <span class='ocrx_word' id='word_1_48' title='bbox 1124 730 1260 785; x_wconf 89' lang='lat' dir='ltr'>boni</span> <span class='ocrx_word' id='word_1_49' title='bbox 1293 735 1350 785; x_wconf 91' lang='lat' dir='ltr'>et</span> <span class='ocrx_word' id='word_1_50' title='bbox 1379 730 1535 785; x_wconf 89' lang='lat' dir='ltr'>mali.</span> <span class='ocrx_word' id='word_1_51' title='bbox 1590 749 1618 781; x_wconf 78' lang='grc' dir='ltr'><strong>ι)</strong></span> <span class='ocrx_word' id='word_1_52' title='bbox 1681 732 1837 798; x_wconf 75' lang='lat' dir='ltr'>(Are.</span> <span class='ocrx_word' id='word_1_53' title='bbox 1893 729 1988 783; x_wconf 72' lang='lat' dir='ltr'>ubi</span> 
     </span>
    </p>
   </div>
   <div class='ocr_carea' id='block_1_7' title="bbox 289 817 1990 891">
    <p class='ocr_par' dir='ltr' id='par_1_7' title="bbox 289 817 1990 891">
     <span class='ocr_line' id='line_1_7' title="bbox 289 817 1990 891; baseline -0.004 -15"><span class='ocrx_word' id='word_1_54' title='bbox 289 837 480 891; x_wconf 81' lang='lat' dir='ltr'>supra,</span> <span class='ocrx_word' id='word_1_55' title='bbox 515 837 562 874; x_wconf 93' lang='lat' dir='ltr'>c.</span> <span class='ocrx_word' id='word_1_56' title='bbox 620 821 698 890; x_wconf 89' lang='lat'>6.)</span> <span class='ocrx_word' id='word_1_57' title='bbox 751 820 882 874; x_wconf 89' lang='lat' dir='ltr'>Erat</span> <span class='ocrx_word' id='word_1_58' title='bbox 915 819 1212 890; x_wconf 76' lang='lat' dir='ltr'>corporale</span> <span class='ocrx_word' id='word_1_59' title='bbox 1243 817 1390 871; x_wconf 85' lang='lat' dir='ltr'>sicut</span> <span class='ocrx_word' id='word_1_60' title='bbox 1428 817 1555 872; x_wconf 63' lang='lat' dir='ltr'>alia:</span> <span class='ocrx_word' id='word_1_61' title='bbox 1605 817 1857 884; x_wconf 83' lang='lat' dir='ltr'>arbores,</span> <span class='ocrx_word' id='word_1_62' title='bbox 1885 832 1990 871; x_wconf 91' lang='lat' dir='ltr'>nec</span> 
     </span>
    </p>
   </div>
   <div class='ocr_carea' id='block_1_8' title="bbox 289 904 1988 976">
    <p class='ocr_par' dir='ltr' id='par_1_8' title="bbox 289 904 1988 976">
     <span class='ocr_line' id='line_1_8' title="bbox 289 904 1988 976; baseline -0.003 -13"><span class='ocrx_word' id='word_1_63' title='bbox 289 909 416 963; x_wconf 80' lang='lat' dir='ltr'>cibo</span> <span class='ocrx_word' id='word_1_64' title='bbox 456 907 717 974; x_wconf 83' lang='lat' dir='ltr'>noxium,</span> <span class='ocrx_word' id='word_1_65' title='bbox 769 912 901 973; x_wconf 90' lang='lat' dir='ltr'>etc.,</span> <span class='ocrx_word' id='word_1_66' title='bbox 962 921 1131 976; x_wconf 85' lang='lat' dir='ltr'>usque</span> <span class='ocrx_word' id='word_1_67' title='bbox 1177 905 1252 960; x_wconf 84' lang='lat' dir='ltr'>ad</span> <span class='ocrx_word' id='word_1_68' title='bbox 1310 921 1438 975; x_wconf 71' lang='lat' dir='ltr'>quae</span> <span class='ocrx_word' id='word_1_69' title='bbox 1478 904 1988 975; x_wconf 79' lang='lat' dir='ltr'>transgressionem</span> 
     </span>
    </p>
   </div>
   <div class='ocr_carea' id='block_1_9' title="bbox 290 1000 608 1051">
    <p class='ocr_par' dir='ltr' id='par_1_9' title="bbox 290 1000 608 1051">
     <span class='ocr_line' id='line_1_9' title="bbox 290 1000 608 1051; baseline -0.006 0"><span class='ocrx_word' id='word_1_70' title='bbox 290 1001 479 1051; x_wconf 87' lang='lat' dir='ltr'>secuta</span> <span class='ocrx_word' id='word_1_71' title='bbox 506 1000 608 1051; x_wconf 88' lang='lat' dir='ltr'>est.</span> 
     </span>
    </p>
   </div>
   <div class='ocr_carea' id='block_1_10' title="bbox 367 1079 1990 1154">
    <p class='ocr_par' dir='ltr' id='par_1_10' title="bbox 367 1079 1990 1154">
     <span class='ocr_line' id='line_1_10' title="bbox 367 1079 1990 1154; baseline -0.001 -21"><span class='ocrx_word' id='word_1_72' title='bbox 367 1107 387 1133; x_wconf 81' lang='grc' dir='ltr'>ι</span> <span class='ocrx_word' id='word_1_73' title='bbox 456 1083 700 1154; x_wconf 84' lang='lat' dir='ltr'>Lignum</span> <span class='ocrx_word' id='word_1_74' title='bbox 746 1081 999 1136; x_wconf 75' lang='lat' dir='ltr'>scientias</span> <span class='ocrx_word' id='word_1_75' title='bbox 1030 1081 1169 1135; x_wconf 89' lang='lat' dir='ltr'>boni</span> <span class='ocrx_word' id='word_1_76' title='bbox 1217 1085 1274 1134; x_wconf 89' lang='lat' dir='ltr'>et</span> <span class='ocrx_word' id='word_1_77' title='bbox 1316 1081 1473 1134; x_wconf 87' lang='lat' dir='ltr'>mali.</span> <span class='ocrx_word' id='word_1_78' title='bbox 1530 1102 1555 1131; x_wconf 79' lang='grc' dir='ltr'><strong>υ</strong></span> <span class='ocrx_word' id='word_1_79' title='bbox 1604 1083 1788 1150; x_wconf 60' lang='grc' dir='ltr'>(Αωη</span> <span class='ocrx_word' id='word_1_80' title='bbox 1822 1079 1924 1134; x_wconf 86' lang='lat' dir='ltr'>lib.</span> <span class='ocrx_word' id='word_1_81' title='bbox 1955 1096 1990 1132; x_wconf 88' lang='grc' dir='ltr'>ιι</span> 
     </span>
    </p>
   </div>
   <div class='ocr_carea' id='block_1_11' title="bbox 292 1168 1994 1240">
    <p class='ocr_par' dir='ltr' id='par_1_11' title="bbox 292 1168 1994 1240">
     <span class='ocr_line' id='line_1_11' title="bbox 292 1168 1994 1240; baseline -0.003 -14"><span class='ocrx_word' id='word_1_82' title='bbox 292 1173 358 1227; x_wconf 87' lang='lat' dir='ltr'>de</span> <span class='ocrx_word' id='word_1_83' title='bbox 390 1174 524 1226; x_wconf 83' lang='lat' dir='ltr'>Gen.</span> <span class='ocrx_word' id='word_1_84' title='bbox 557 1175 746 1226; x_wconf 83' lang='lat' dir='ltr'>contra</span> <span class='ocrx_word' id='word_1_85' title='bbox 791 1171 1054 1237; x_wconf 66' lang='lat' dir='ltr'>Manich,</span> <span class='ocrx_word' id='word_1_86' title='bbox 1085 1185 1132 1224; x_wconf 92' lang='lat' dir='ltr'>c.</span> <span class='ocrx_word' id='word_1_87' title='bbox 1180 1171 1291 1240; x_wconf 87' lang='lat' dir='ltr'>lO.)</span> <span class='ocrx_word' id='word_1_88' title='bbox 1343 1169 1564 1223; x_wconf 66' lang='lat' dir='ltr'>Animae</span> <span class='ocrx_word' id='word_1_89' title='bbox 1613 1168 1890 1222; x_wconf 72' lang='lat' dir='ltr'>medietas</span> <span class='ocrx_word' id='word_1_90' title='bbox 1935 1171 1994 1221; x_wconf 89' lang='lat' dir='ltr'>et</span> 
     </span>
    </p>
   </div>
   <div class='ocr_carea' id='block_1_12' title="bbox 296 1257 1991 1329">
    <p class='ocr_par' dir='ltr' id='par_1_12' title="bbox 296 1257 1991 1329">
     <span class='ocr_line' id='line_1_12' title="bbox 296 1257 1991 1329; baseline -0.004 -15"><span class='ocrx_word' id='word_1_91' title='bbox 296 1260 562 1314; x_wconf 87' lang='lat' dir='ltr'>ordinata</span> <span class='ocrx_word' id='word_1_92' title='bbox 610 1258 908 1329; x_wconf 80' lang='lat' dir='ltr'>integritas</span> <span class='ocrx_word' id='word_1_93' title='bbox 956 1258 1236 1327; x_wconf 87' lang='lat' dir='ltr'>signatur,</span> <span class='ocrx_word' id='word_1_94' title='bbox 1291 1257 1445 1328; x_wconf 90' lang='lat' dir='ltr'>quod</span> <span class='ocrx_word' id='word_1_95' title='bbox 1494 1257 1553 1310; x_wconf 92' lang='lat' dir='ltr'>in</span> <span class='ocrx_word' id='word_1_96' title='bbox 1583 1257 1774 1312; x_wconf 90' lang='lat' dir='ltr'>medio</span> <span class='ocrx_word' id='word_1_97' title='bbox 1825 1271 1991 1325; x_wconf 86' lang='lat' dir='ltr'>para-</span> 
     </span>
    </p>
   </div>
   <div class='ocr_carea' id='block_1_13' title="bbox 293 1344 1990 1418">
    <p class='ocr_par' dir='ltr' id='par_1_13' title="bbox 293 1344 1990 1418">
     <span class='ocr_line' id='line_1_13' title="bbox 293 1344 1990 1418; baseline -0.002 -18"><span class='ocrx_word' id='word_1_98' title='bbox 293 1347 401 1401; x_wconf 88' lang='lat' dir='ltr'>disi</span> <span class='ocrx_word' id='word_1_99' title='bbox 443 1347 767 1418; x_wconf 89' lang='lat' dir='ltr'>plantatum</span> <span class='ocrx_word' id='word_1_100' title='bbox 798 1387 812 1412; x_wconf 91' lang='lat'>,</span> <span class='ocrx_word' id='word_1_101' title='bbox 847 1351 900 1401; x_wconf 86' lang='lat' dir='ltr'>et</span> <span class='ocrx_word' id='word_1_102' title='bbox 955 1345 1205 1400; x_wconf 61' lang='lat' dir='ltr'>scientia:</span> <span class='ocrx_word' id='word_1_103' title='bbox 1254 1344 1390 1399; x_wconf 87' lang='lat' dir='ltr'>boni</span> <span class='ocrx_word' id='word_1_104' title='bbox 1438 1349 1494 1398; x_wconf 91' lang='lat' dir='ltr'>et</span> <span class='ocrx_word' id='word_1_105' title='bbox 1543 1344 1679 1399; x_wconf 86' lang='lat' dir='ltr'>mali</span> <span class='ocrx_word' id='word_1_106' title='bbox 1733 1345 1990 1398; x_wconf 88' lang='lat' dir='ltr'>dictum:</span> 
     </span>
    </p>
   </div>
   <div class='ocr_carea' id='block_1_14' title="bbox 293 1431 1990 1506">
    <p class='ocr_par' dir='ltr' id='par_1_14' title="bbox 293 1431 1990 1506">
     <span class='ocr_line' id='line_1_14' title="bbox 293 1431 1990 1506; baseline -0.002 -19"><span class='ocrx_word' id='word_1_107' title='bbox 293 1435 428 1506; x_wconf 89' lang='lat' dir='ltr'>quia</span> <span class='ocrx_word' id='word_1_108' title='bbox 459 1435 672 1500; x_wconf 84' lang='lat' dir='ltr'>anima,</span> <span class='ocrx_word' id='word_1_109' title='bbox 704 1449 834 1505; x_wconf 73' lang='lat' dir='ltr'>quas</span> <span class='ocrx_word' id='word_1_110' title='bbox 863 1432 1032 1487; x_wconf 90' lang='lat' dir='ltr'>debet</span> <span class='ocrx_word' id='word_1_111' title='bbox 1060 1433 1120 1486; x_wconf 89' lang='lat' dir='ltr'>in</span> <span class='ocrx_word' id='word_1_112' title='bbox 1171 1433 1350 1486; x_wconf 89' lang='lat' dir='ltr'>Deum</span> <span class='ocrx_word' id='word_1_113' title='bbox 1378 1431 1626 1497; x_wconf 79' lang='lat' dir='ltr'>extendi,</span> <span class='ocrx_word' id='word_1_114' title='bbox 1662 1431 1709 1485; x_wconf 90' lang='lat' dir='ltr'>si</span> <span class='ocrx_word' id='word_1_115' title='bbox 1744 1433 1854 1486; x_wconf 88' lang='lat' dir='ltr'>Deo</span> <span class='ocrx_word' id='word_1_116' title='bbox 1893 1432 1990 1485; x_wconf 87' lang='lat' dir='ltr'>de-</span> 
     </span>
    </p>
   </div>
   <div class='ocr_carea' id='block_1_15' title="bbox 295 1520 1994 1591">
    <p class='ocr_par' dir='ltr' id='par_1_15' title="bbox 295 1520 1994 1591">
     <span class='ocr_line' id='line_1_15' title="bbox 295 1520 1994 1591; baseline -0.002 -16"><span class='ocrx_word' id='word_1_117' title='bbox 295 1528 445 1577; x_wconf 83' lang='lat' dir='ltr'>serto</span> <span class='ocrx_word' id='word_1_118' title='bbox 477 1523 546 1577; x_wconf 91' lang='lat' dir='ltr'>ad</span> <span class='ocrx_word' id='word_1_119' title='bbox 575 1539 634 1576; x_wconf 87' lang='lat' dir='ltr'>se</span> <span class='ocrx_word' id='word_1_120' title='bbox 662 1537 930 1576; x_wconf 88' lang='lat' dir='ltr'>conversa</span> <span class='ocrx_word' id='word_1_121' title='bbox 959 1521 1153 1587; x_wconf 87' lang='lat' dir='ltr'>fuerit,</span> <span class='ocrx_word' id='word_1_122' title='bbox 1187 1527 1243 1574; x_wconf 88' lang='lat' dir='ltr'>et</span> <span class='ocrx_word' id='word_1_123' title='bbox 1272 1521 1530 1591; x_wconf 89' lang='lat' dir='ltr'>potentia</span> <span class='ocrx_word' id='word_1_124' title='bbox 1574 1537 1677 1574; x_wconf 88' lang='lat' dir='ltr'>sua</span> <span class='ocrx_word' id='word_1_125' title='bbox 1719 1520 1842 1573; x_wconf 88' lang='lat' dir='ltr'>sine</span> <span class='ocrx_word' id='word_1_126' title='bbox 1884 1520 1994 1573; x_wconf 88' lang='lat' dir='ltr'>er</span> 
     </span>
    </p>
   </div>
   <div class='ocr_carea' id='block_1_16' title="bbox 297 1607 1991 1680">
    <p class='ocr_par' dir='ltr' id='par_1_16' title="bbox 297 1607 1991 1680">
     <span class='ocr_line' id='line_1_16' title="bbox 297 1607 1991 1680; baseline -0.002 -15"><span class='ocrx_word' id='word_1_127' title='bbox 297 1611 409 1666; x_wconf 91' lang='lat' dir='ltr'>frui</span> <span class='ocrx_word' id='word_1_128' title='bbox 464 1609 731 1676; x_wconf 85' lang='lat' dir='ltr'>voluerit,</span> <span class='ocrx_word' id='word_1_129' title='bbox 777 1625 944 1680; x_wconf 68' lang='lat' dir='ltr'>pinna</span> <span class='ocrx_word' id='word_1_130' title='bbox 971 1615 1247 1680; x_wconf 85' lang='lat' dir='ltr'>sequente</span> <span class='ocrx_word' id='word_1_131' title='bbox 1279 1609 1620 1680; x_wconf 83' lang='lat' dir='ltr'>experiendo</span> <span class='ocrx_word' id='word_1_132' title='bbox 1651 1609 1815 1663; x_wconf 88' lang='lat' dir='ltr'>discit</span> <span class='ocrx_word' id='word_1_133' title='bbox 1852 1607 1991 1678; x_wconf 90' lang='lat' dir='ltr'>quid</span> 
     </span>
    </p>
   </div>
   <div class='ocr_carea' id='block_1_17' title="bbox 298 1695 1992 1768">
    <p class='ocr_par' dir='ltr' id='par_1_17' title="bbox 298 1695 1992 1768">
     <span class='ocr_line' id='line_1_17' title="bbox 298 1695 1992 1768; baseline -0.002 -16"><span class='ocrx_word' id='word_1_134' title='bbox 298 1699 372 1752; x_wconf 89' lang='lat' dir='ltr'>sit</span> <span class='ocrx_word' id='word_1_135' title='bbox 402 1698 552 1752; x_wconf 89' lang='lat' dir='ltr'>inter</span> <span class='ocrx_word' id='word_1_136' title='bbox 581 1698 796 1752; x_wconf 90' lang='lat' dir='ltr'>bonum</span> <span class='ocrx_word' id='word_1_137' title='bbox 844 1697 997 1768; x_wconf 92' lang='lat' dir='ltr'>quod</span> <span class='ocrx_word' id='word_1_138' title='bbox 1029 1697 1301 1765; x_wconf 89' lang='lat' dir='ltr'>deseruit,</span> <span class='ocrx_word' id='word_1_139' title='bbox 1333 1703 1388 1750; x_wconf 92' lang='lat' dir='ltr'>et</span> <span class='ocrx_word' id='word_1_140' title='bbox 1427 1697 1643 1751; x_wconf 86' lang='lat' dir='ltr'>malum</span> <span class='ocrx_word' id='word_1_141' title='bbox 1691 1713 1804 1767; x_wconf 90' lang='lat' dir='ltr'>quo</span> <span class='ocrx_word' id='word_1_142' title='bbox 1853 1695 1992 1750; x_wconf 88' lang='lat' dir='ltr'>ceci-</span> 
     </span>
    </p>
   </div>
   <div class='ocr_carea' id='block_1_18' title="bbox 297 1785 2000 1857">
    <p class='ocr_par' dir='ltr' id='par_1_18' title="bbox 297 1785 2000 1857">
     <span class='ocr_line' id='line_1_18' title="bbox 297 1785 2000 1857; baseline -0.002 -15"><span class='ocrx_word' id='word_1_143' title='bbox 297 1788 383 1842; x_wconf 87' lang='lat' dir='ltr'>dit</span> <span class='ocrx_word' id='word_1_144' title='bbox 419 1804 430 1841; x_wconf 94' lang='lat'>:</span> <span class='ocrx_word' id='word_1_145' title='bbox 467 1792 526 1842; x_wconf 93' lang='lat' dir='ltr'>et</span> <span class='ocrx_word' id='word_1_146' title='bbox 554 1788 662 1842; x_wconf 89' lang='lat' dir='ltr'>hoc</span> <span class='ocrx_word' id='word_1_147' title='bbox 693 1785 801 1842; x_wconf 90' lang='lat' dir='ltr'>erit</span> <span class='ocrx_word' id='word_1_148' title='bbox 830 1787 882 1841; x_wconf 90' lang='lat' dir='ltr'>ei</span> <span class='ocrx_word' id='word_1_149' title='bbox 912 1791 1167 1857; x_wconf 86' lang='lat' dir='ltr'>gustasse</span> <span class='ocrx_word' id='word_1_150' title='bbox 1196 1787 1266 1840; x_wconf 87' lang='lat' dir='ltr'>de</span> <span class='ocrx_word' id='word_1_151' title='bbox 1299 1787 1456 1856; x_wconf 90' lang='lat' dir='ltr'>ligno</span> <span class='ocrx_word' id='word_1_152' title='bbox 1502 1786 1752 1840; x_wconf 71' lang='lat' dir='ltr'>scientiae</span> <span class='ocrx_word' id='word_1_153' title='bbox 1780 1785 1913 1840; x_wconf 85' lang='lat' dir='ltr'>boni</span> <span class='ocrx_word' id='word_1_154' title='bbox 1943 1789 2000 1839; x_wconf 91' lang='lat' dir='ltr'>et</span> 
     </span>
    </p>
   </div>
   <div class='ocr_carea' id='block_1_19' title="bbox 305 1875 460 1931">
    <p class='ocr_par' dir='ltr' id='par_1_19' title="bbox 305 1875 460 1931">
     <span class='ocr_line' id='line_1_19' title="bbox 305 1875 460 1931; baseline -0.019 0"><span class='ocrx_word' id='word_1_155' title='bbox 305 1875 460 1931; x_wconf 85' lang='lat' dir='ltr'>mali.</span> 
     </span>
    </p>
   </div>
   <div class='ocr_carea' id='block_1_20' title="bbox 379 1961 1998 2032">
    <p class='ocr_par' dir='ltr' id='par_1_20' title="bbox 379 1961 1998 2032">
     <span class='ocr_line' id='line_1_20' title="bbox 379 1961 1998 2032; baseline -0.001 -15"><span class='ocrx_word' id='word_1_156' title='bbox 379 1965 540 2019; x_wconf 77' lang='lat' dir='ltr'>Vens.</span> <span class='ocrx_word' id='word_1_157' title='bbox 580 1965 661 2025; x_wconf 89' lang='lat' dir='ltr'>l0,</span> <span class='ocrx_word' id='word_1_158' title='bbox 703 1966 786 2030; x_wconf 85' lang='lat' dir='ltr'>ll,</span> <span class='ocrx_word' id='word_1_159' title='bbox 839 1965 923 2028; x_wconf 82' lang='lat' dir='ltr'>l2,</span> <span class='ocrx_word' id='word_1_160' title='bbox 955 1965 1043 2029; x_wconf 82' lang='lat'>23,</span> <span class='ocrx_word' id='word_1_161' title='bbox 1080 1965 1164 2027; x_wconf 69' lang='lat' dir='ltr'>tt,</span> <span class='ocrx_word' id='word_1_162' title='bbox 1207 1991 1276 2003; x_wconf 85' lang='lat'>--</span> <span class='ocrx_word' id='word_1_163' title='bbox 1311 1985 1332 2011; x_wconf 78' lang='grc' dir='ltr'>ι</span> <span class='ocrx_word' id='word_1_164' title='bbox 1373 1963 1437 2016; x_wconf 83' lang='lat' dir='ltr'>Et</span> <span class='ocrx_word' id='word_1_165' title='bbox 1482 1961 1688 2016; x_wconf 82' lang='lat' dir='ltr'>fluvius</span> <span class='ocrx_word' id='word_1_166' title='bbox 1735 1961 1998 2032; x_wconf 80' lang='lat' dir='ltr'>egredie-</span> 
     </span>
    </p>
   </div>
   <div class='ocr_carea' id='block_1_21' title="bbox 309 2049 2000 2121">
    <p class='ocr_par' dir='ltr' id='par_1_21' title="bbox 309 2049 2000 2121">
     <span class='ocr_line' id='line_1_21' title="bbox 309 2049 2000 2121; baseline 0 -19"><span class='ocrx_word' id='word_1_167' title='bbox 309 2073 337 2102; x_wconf 63' lang='grc' dir='ltr'>ι(</span> <span class='ocrx_word' id='word_1_168' title='bbox 367 2051 559 2107; x_wconf 87' lang='lat' dir='ltr'>batur.</span> <span class='ocrx_word' id='word_1_169' title='bbox 602 2071 628 2102; x_wconf 71' lang='lat' dir='ltr'>io</span> <span class='ocrx_word' id='word_1_170' title='bbox 662 2051 838 2121; x_wconf 71' lang='lat'>(830.,</span> <span class='ocrx_word' id='word_1_171' title='bbox 869 2051 966 2105; x_wconf 80' lang='lat' dir='ltr'>ubi</span> <span class='ocrx_word' id='word_1_172' title='bbox 986 2055 1201 2121; x_wconf 85' lang='lat' dir='ltr'>supra.)</span> <span class='ocrx_word' id='word_1_173' title='bbox 1241 2051 1324 2106; x_wconf 84' lang='lat' dir='ltr'>Ad</span> <span class='ocrx_word' id='word_1_174' title='bbox 1356 2051 1744 2121; x_wconf 71' lang='lat' dir='ltr'>inrigandum</span> <span class='ocrx_word' id='word_1_175' title='bbox 1773 2049 2000 2121; x_wconf 87' lang='lat' dir='ltr'>paradi-</span> 
     </span>
    </p>
   </div>
   <div class='ocr_carea' id='block_1_22' title="bbox 306 2139 2002 2211">
    <p class='ocr_par' dir='ltr' id='par_1_22' title="bbox 306 2139 2002 2211">
     <span class='ocr_line' id='line_1_22' title="bbox 306 2139 2002 2211; baseline -0.001 -17"><span class='ocrx_word' id='word_1_176' title='bbox 306 2157 455 2208; x_wconf 90' lang='lat' dir='ltr'>sum,</span> <span class='ocrx_word' id='word_1_177' title='bbox 479 2144 610 2208; x_wconf 90' lang='lat' dir='ltr'>etc.,</span> <span class='ocrx_word' id='word_1_178' title='bbox 638 2155 806 2208; x_wconf 87' lang='lat' dir='ltr'>usque</span> <span class='ocrx_word' id='word_1_179' title='bbox 830 2139 906 2194; x_wconf 87' lang='lat' dir='ltr'>ad</span> <span class='ocrx_word' id='word_1_180' title='bbox 935 2145 992 2194; x_wconf 90' lang='lat' dir='ltr'>et</span> <span class='ocrx_word' id='word_1_181' title='bbox 1016 2141 1187 2210; x_wconf 89' lang='lat' dir='ltr'>paulo</span> <span class='ocrx_word' id='word_1_182' title='bbox 1230 2148 1362 2210; x_wconf 85' lang='lat' dir='ltr'>post</span> <span class='ocrx_word' id='word_1_183' title='bbox 1391 2140 1744 2211; x_wconf 86' lang='lat' dir='ltr'>emergentia</span> <span class='ocrx_word' id='word_1_184' title='bbox 1771 2139 2002 2194; x_wconf 87' lang='lat' dir='ltr'>solitum</span> 
     </span>
    </p>
   </div>
   <div class='ocr_carea' id='block_1_23' title="bbox 308 2244 759 2300">
    <p class='ocr_par' dir='ltr' id='par_1_23' title="bbox 308 2244 759 2300">
     <span class='ocr_line' id='line_1_23' title="bbox 308 2244 759 2300; baseline -0.002 -17"><span class='ocrx_word' id='word_1_185' title='bbox 308 2245 480 2300; x_wconf 80' lang='lat' dir='ltr'>agere</span> <span class='ocrx_word' id='word_1_186' title='bbox 509 2244 759 2283; x_wconf 86' lang='lat' dir='ltr'>cursum.</span> 
     </span>
    </p>
   </div>
   <div class='ocr_carea' id='block_1_24' title="bbox 377 2316 1714 2389">
    <p class='ocr_par' dir='ltr' id='par_1_24' title="bbox 377 2316 1714 2389">
     <span class='ocr_line' id='line_1_24' title="bbox 377 2316 1714 2389; baseline -0.002 -17"><span class='ocrx_word' id='word_1_187' title='bbox 377 2319 570 2389; x_wconf 82' lang='lat' dir='ltr'>(Auo.,</span> <span class='ocrx_word' id='word_1_188' title='bbox 607 2318 702 2370; x_wconf 79' lang='lat' dir='ltr'>ubi</span> <span class='ocrx_word' id='word_1_189' title='bbox 729 2332 918 2386; x_wconf 82' lang='lat' dir='ltr'>supra,</span> <span class='ocrx_word' id='word_1_190' title='bbox 966 2333 1012 2371; x_wconf 93' lang='lat' dir='ltr'>c.</span> <span class='ocrx_word' id='word_1_191' title='bbox 1050 2323 1079 2371; x_wconf 87' lang='lat'><strong>7</strong></span> <span class='ocrx_word' id='word_1_192' title='bbox 1113 2317 1129 2386; x_wconf 94' lang='lat'>)</span> <span class='ocrx_word' id='word_1_193' title='bbox 1185 2318 1309 2372; x_wconf 77' lang='lat' dir='ltr'>Alia</span> <span class='ocrx_word' id='word_1_194' title='bbox 1365 2316 1660 2371; x_wconf 83' lang='lat' dir='ltr'>translatio</span> <span class='ocrx_word' id='word_1_195' title='bbox 1702 2333 1714 2369; x_wconf 87' lang='lat'><strong>:</strong></span> 
     </span>
    </p>
   </div>
   <div class='ocr_carea' id='block_1_25' title="bbox 309 2403 2006 2475">
    <p class='ocr_par' dir='ltr' id='par_1_25' title="bbox 309 2403 2006 2475">
     <span class='ocr_line' id='line_1_25' title="bbox 309 2403 2006 2475; baseline -0.002 -15"><span class='ocrx_word' id='word_1_196' title='bbox 309 2405 449 2460; x_wconf 82' lang='lat' dir='ltr'>exiit</span> <span class='ocrx_word' id='word_1_197' title='bbox 489 2405 557 2460; x_wconf 90' lang='lat' dir='ltr'>de</span> <span class='ocrx_word' id='word_1_198' title='bbox 600 2404 774 2471; x_wconf 83' lang='lat' dir='ltr'>Bden,</span> <span class='ocrx_word' id='word_1_199' title='bbox 820 2403 921 2475; x_wconf 88' lang='lat' dir='ltr'>qui</span> <span class='ocrx_word' id='word_1_200' title='bbox 963 2403 1168 2475; x_wconf 83' lang='lat' dir='ltr'>irrigat</span> <span class='ocrx_word' id='word_1_201' title='bbox 1213 2404 1564 2475; x_wconf 82' lang='lat' dir='ltr'>paradisum,</span> <span class='ocrx_word' id='word_1_202' title='bbox 1607 2425 1634 2452; x_wconf 74' lang='grc' dir='ltr'><strong>υ</strong></span> <span class='ocrx_word' id='word_1_203' title='bbox 1698 2411 1811 2457; x_wconf 88' lang='lat' dir='ltr'>etc.</span> <span class='ocrx_word' id='word_1_204' title='bbox 1876 2403 2006 2457; x_wconf 65' lang='lat' dir='ltr'>llaec</span> 
     </span>
    </p>
   </div>
   <div class='ocr_carea' id='block_1_26' title="bbox 309 2492 2004 2562">
    <p class='ocr_par' dir='ltr' id='par_1_26' title="bbox 309 2492 2004 2562">
     <span class='ocr_line' id='line_1_26' title="bbox 309 2492 2004 2562; baseline -0.002 -14"><span class='ocrx_word' id='word_1_205' title='bbox 309 2493 549 2548; x_wconf 85' lang='lat' dir='ltr'>tlumina</span> <span class='ocrx_word' id='word_1_206' title='bbox 579 2493 867 2562; x_wconf 82' lang='lat' dir='ltr'>gentibus,</span> <span class='ocrx_word' id='word_1_207' title='bbox 902 2497 1046 2557; x_wconf 87' lang='lat' dir='ltr'>etc.,</span> <span class='ocrx_word' id='word_1_208' title='bbox 1099 2509 1267 2561; x_wconf 88' lang='lat' dir='ltr'>usque</span> <span class='ocrx_word' id='word_1_209' title='bbox 1307 2493 1381 2546; x_wconf 83' lang='lat' dir='ltr'>ad</span> <span class='ocrx_word' id='word_1_210' title='bbox 1422 2492 1577 2562; x_wconf 86' lang='lat' dir='ltr'>ligna</span> <span class='ocrx_word' id='word_1_211' title='bbox 1615 2493 1828 2546; x_wconf 72' lang='lat' dir='ltr'>scilicet</span> <span class='ocrx_word' id='word_1_212' title='bbox 1870 2492 2004 2561; x_wconf 88' lang='lat' dir='ltr'>pul-</span> 
     </span>
    </p>
   </div>
   <div class='ocr_carea' id='block_1_27' title="bbox 309 2581 865 2637">
    <p class='ocr_par' dir='ltr' id='par_1_27' title="bbox 309 2581 865 2637">
     <span class='ocr_line' id='line_1_27' title="bbox 309 2581 865 2637; baseline -0.005 -1"><span class='ocrx_word' id='word_1_213' title='bbox 309 2583 444 2637; x_wconf 85' lang='lat' dir='ltr'>chra</span> <span class='ocrx_word' id='word_1_214' title='bbox 473 2586 529 2636; x_wconf 90' lang='lat' dir='ltr'>et</span> <span class='ocrx_word' id='word_1_215' title='bbox 557 2581 865 2635; x_wconf 80' lang='lat' dir='ltr'>fructuosa.</span> 
     </span>
    </p>
   </div>
   <div class='ocr_carea' id='block_1_28' title="bbox 382 2667 2004 2740">
    <p class='ocr_par' dir='ltr' id='par_1_28' title="bbox 382 2667 2004 2740">
     <span class='ocr_line' id='line_1_28' title="bbox 382 2667 2004 2740; baseline -0.003 -15"><span class='ocrx_word' id='word_1_216' title='bbox 382 2671 558 2740; x_wconf 73' lang='lat'>(1510.,</span> <span class='ocrx_word' id='word_1_217' title='bbox 607 2671 772 2738; x_wconf 75' lang='lat' dir='ltr'>Anc.)</span> <span class='ocrx_word' id='word_1_218' title='bbox 826 2671 1066 2738; x_wconf 75' lang='lat' dir='ltr'>Mystice.</span> <span class='ocrx_word' id='word_1_219' title='bbox 1134 2668 1364 2723; x_wconf 73' lang='lat' dir='ltr'>Flavius</span> <span class='ocrx_word' id='word_1_220' title='bbox 1413 2667 1482 2722; x_wconf 91' lang='lat' dir='ltr'>de</span> <span class='ocrx_word' id='word_1_221' title='bbox 1533 2667 1797 2738; x_wconf 82' lang='lat' dir='ltr'>paradiso</span> <span class='ocrx_word' id='word_1_222' title='bbox 1843 2683 2004 2737; x_wconf 88' lang='lat' dir='ltr'>egre-</span> 
     </span>
    </p>
   </div>
   <div class='ocr_carea' id='block_1_29' title="bbox 313 2756 2006 2827">
    <p class='ocr_par' dir='ltr' id='par_1_29' title="bbox 313 2756 2006 2827">
     <span class='ocr_line' id='line_1_29' title="bbox 313 2756 2006 2827; baseline -0.002 -13"><span class='ocrx_word' id='word_1_223' title='bbox 313 2760 494 2824; x_wconf 90' lang='lat' dir='ltr'>diens,</span> <span class='ocrx_word' id='word_1_224' title='bbox 528 2757 823 2813; x_wconf 76' lang='lat' dir='ltr'>afﬂuentia</span> <span class='ocrx_word' id='word_1_225' title='bbox 853 2763 938 2812; x_wconf 89' lang='lat' dir='ltr'>est</span> <span class='ocrx_word' id='word_1_226' title='bbox 968 2761 1199 2812; x_wconf 61' lang='lat' dir='ltr'>aeterna:</span> <span class='ocrx_word' id='word_1_227' title='bbox 1221 2756 1614 2827; x_wconf 85' lang='lat' dir='ltr'>jucunditatis,</span> <span class='ocrx_word' id='word_1_228' title='bbox 1657 2761 1744 2810; x_wconf 82' lang='lat' dir='ltr'>etc</span> <span class='ocrx_word' id='word_1_229' title='bbox 1777 2797 1790 2822; x_wconf 89' lang='lat'>,</span> <span class='ocrx_word' id='word_1_230' title='bbox 1839 2771 2006 2826; x_wconf 72' lang='lat' dir='ltr'>usque</span> 
     </span>
    </p>
   </div>
   <div class='ocr_carea' id='block_1_30' title="bbox 311 2847 993 2904">
    <p class='ocr_par' dir='ltr' id='par_1_30' title="bbox 311 2847 993 2904">
     <span class='ocr_line' id='line_1_30' title="bbox 311 2847 993 2904; baseline -0.007 0"><span class='ocrx_word' id='word_1_231' title='bbox 311 2848 385 2904; x_wconf 81' lang='lat' dir='ltr'>ad</span> <span class='ocrx_word' id='word_1_232' title='bbox 414 2848 648 2902; x_wconf 88' lang='lat' dir='ltr'>adversa</span> <span class='ocrx_word' id='word_1_233' title='bbox 675 2847 993 2901; x_wconf 89' lang='lat' dir='ltr'>tolerando.</span> 
     </span>
    </p>
   </div>
   <div class='ocr_carea' id='block_1_31' title="bbox 1770 2316 2004 2370">
    <p class='ocr_par' dir='ltr' id='par_1_31' title="bbox 1770 2316 2004 2370">
     <span class='ocr_line' id='line_1_31' title="bbox 1770 2316 2004 2370; baseline 0.013 -4"><span class='ocrx_word' id='word_1_234' title='bbox 1770 2336 1797 2366; x_wconf 69' lang='grc' dir='ltr'>ί(</span> <span class='ocrx_word' id='word_1_235' title='bbox 1860 2316 2004 2370; x_wconf 81' lang='lat' dir='ltr'>Fons</span> 
     </span>
    </p>
   </div>
   <div class='ocr_carea' id='block_1_32' title="bbox 2098 468 3170 538">
    <p class='ocr_par' dir='ltr' id='par_1_32' title="bbox 2098 468 3170 538">
     <span class='ocr_line' id='line_1_32' title="bbox 2098 468 3170 538; baseline -0.004 -14"><span class='ocrx_word' id='word_1_236' title='bbox 2098 469 2206 524; x_wconf 64' lang='grc' dir='ltr'>ἰδίω</span> <span class='ocrx_word' id='word_1_237' title='bbox 2236 468 2488 524; x_wconf 90' lang='lat' dir='ltr'>hominis</span> <span class='ocrx_word' id='word_1_238' title='bbox 2517 471 2600 521; x_wconf 89' lang='lat' dir='ltr'>est</span> <span class='ocrx_word' id='word_1_239' title='bbox 2627 472 2943 538; x_wconf 88' lang='lat' dir='ltr'>apostatare</span> <span class='ocrx_word' id='word_1_240' title='bbox 2976 468 3109 521; x_wconf 90' lang='lat' dir='ltr'>Deo.</span> <span class='ocrx_word' id='word_1_241' title='bbox 3150 489 3170 514; x_wconf 76' lang='grc' dir='ltr'><strong>ι</strong></span> 
     </span>
    </p>
   </div>
   <div class='ocr_carea' id='block_1_33' title="bbox 2167 554 3787 626">
    <p class='ocr_par' dir='ltr' id='par_1_33' title="bbox 2167 554 3787 626">
     <span class='ocr_line' id='line_1_33' title="bbox 2167 554 3787 626; baseline 0.001 -19"><span class='ocrx_word' id='word_1_242' title='bbox 2167 577 2193 607; x_wconf 86' lang='grc'>‹‹</span> <span class='ocrx_word' id='word_1_243' title='bbox 2221 555 2372 611; x_wconf 89' lang='lat' dir='ltr'>Tulit</span> <span class='ocrx_word' id='word_1_244' title='bbox 2399 571 2536 626; x_wconf 89' lang='lat' dir='ltr'>ergo</span> <span class='ocrx_word' id='word_1_245' title='bbox 2559 554 2834 609; x_wconf 87' lang='lat' dir='ltr'>Dominus</span> <span class='ocrx_word' id='word_1_246' title='bbox 2871 556 3017 608; x_wconf 87' lang='lat' dir='ltr'>Dens</span> <span class='ocrx_word' id='word_1_247' title='bbox 3039 554 3353 623; x_wconf 85' lang='lat' dir='ltr'>hominem,</span> <span class='ocrx_word' id='word_1_248' title='bbox 3385 574 3411 606; x_wconf 69' lang='grc' dir='ltr'><strong>η</strong></span> <span class='ocrx_word' id='word_1_249' title='bbox 3441 560 3550 610; x_wconf 90' lang='lat' dir='ltr'>etc.</span> <span class='ocrx_word' id='word_1_250' title='bbox 3575 556 3787 626; x_wconf 56' lang='lat' dir='ltr'>(Cane,</span> 
     </span>
    </p>
   </div>
   <div class='ocr_carea' id='block_1_34' title="bbox 2097 645 3794 715">
    <p class='ocr_par' dir='ltr' id='par_1_34' title="bbox 2097 645 3794 715">
     <span class='ocr_line' id='line_1_34' title="bbox 2097 645 3794 715; baseline 0.001 -17"><span class='ocrx_word' id='word_1_251' title='bbox 2097 645 2195 698; x_wconf 84' lang='lat' dir='ltr'>Iih.</span> <span class='ocrx_word' id='word_1_252' title='bbox 2252 661 2343 698; x_wconf 78' lang='lat' dir='ltr'>XIX</span> <span class='ocrx_word' id='word_1_253' title='bbox 2394 645 2607 707; x_wconf 75' lang='lat' dir='ltr'>Morel,</span> <span class='ocrx_word' id='word_1_254' title='bbox 2651 659 2774 715; x_wconf 88' lang='lat' dir='ltr'>cap.</span> <span class='ocrx_word' id='word_1_255' title='bbox 2841 647 2921 705; x_wconf 82' lang='lat' dir='ltr'>l7,</span> <span class='ocrx_word' id='word_1_256' title='bbox 2976 647 3112 698; x_wconf 89' lang='lat' dir='ltr'>tom.</span> <span class='ocrx_word' id='word_1_257' title='bbox 3170 645 3238 713; x_wconf 88' lang='grc' dir='ltr'><strong>Ι.)</strong></span> <span class='ocrx_word' id='word_1_258' title='bbox 3289 645 3651 700; x_wconf 88' lang='lat' dir='ltr'>Pensandum</span> <span class='ocrx_word' id='word_1_259' title='bbox 3707 651 3794 700; x_wconf 90' lang='lat' dir='ltr'>est</span> 
     </span>
    </p>
   </div>
   <div class='ocr_carea' id='block_1_35' title="bbox 2096 731 3794 803">
    <p class='ocr_par' dir='ltr' id='par_1_35' title="bbox 2096 731 3794 803">
     <span class='ocr_line' id='line_1_35' title="bbox 2096 731 3794 803; baseline 0.001 -17"><span class='ocrx_word' id='word_1_260' title='bbox 2096 731 2231 803; x_wconf 87' lang='lat' dir='ltr'>quia</span> <span class='ocrx_word' id='word_1_261' title='bbox 2258 732 2409 786; x_wconf 89' lang='lat' dir='ltr'>bona</span> <span class='ocrx_word' id='word_1_262' title='bbox 2438 732 2706 802; x_wconf 89' lang='lat' dir='ltr'>prodesse</span> <span class='ocrx_word' id='word_1_263' title='bbox 2753 739 3068 802; x_wconf 90' lang='lat' dir='ltr'>nequeunt,</span> <span class='ocrx_word' id='word_1_264' title='bbox 3101 731 3147 785; x_wconf 91' lang='lat' dir='ltr'>si</span> <span class='ocrx_word' id='word_1_265' title='bbox 3178 733 3330 786; x_wconf 89' lang='lat' dir='ltr'>mala</span> <span class='ocrx_word' id='word_1_266' title='bbox 3358 748 3473 787; x_wconf 91' lang='lat' dir='ltr'>non</span> <span class='ocrx_word' id='word_1_267' title='bbox 3520 737 3794 787; x_wconf 81' lang='lat' dir='ltr'>caventur</span> 
     </span>
    </p>
   </div>
   <div class='ocr_carea' id='block_1_36' title="bbox 2097 820 3793 892">
    <p class='ocr_par' dir='ltr' id='par_1_36' title="bbox 2097 820 3793 892">
     <span class='ocr_line' id='line_1_36' title="bbox 2097 820 3793 892; baseline 0.002 -19"><span class='ocrx_word' id='word_1_268' title='bbox 2097 835 2226 888; x_wconf 78' lang='lat' dir='ltr'>qua:</span> <span class='ocrx_word' id='word_1_269' title='bbox 2256 820 2595 891; x_wconf 88' lang='lat' dir='ltr'>subrepunt,</span> <span class='ocrx_word' id='word_1_270' title='bbox 2636 825 2766 887; x_wconf 90' lang='lat' dir='ltr'>etc.,</span> <span class='ocrx_word' id='word_1_271' title='bbox 2819 836 2987 889; x_wconf 85' lang='lat' dir='ltr'>usque</span> <span class='ocrx_word' id='word_1_272' title='bbox 3019 821 3094 875; x_wconf 87' lang='lat' dir='ltr'>ad</span> <span class='ocrx_word' id='word_1_273' title='bbox 3123 822 3222 876; x_wconf 89' lang='lat' dir='ltr'>sed</span> <span class='ocrx_word' id='word_1_274' title='bbox 3257 821 3363 876; x_wconf 88' lang='lat' dir='ltr'>sub</span> <span class='ocrx_word' id='word_1_275' title='bbox 3409 821 3549 892; x_wconf 84' lang='lat' dir='ltr'>ipsis</span> <span class='ocrx_word' id='word_1_276' title='bbox 3599 837 3793 892; x_wconf 88' lang='lat' dir='ltr'>super-</span> 
     </span>
    </p>
   </div>
   <div class='ocr_carea' id='block_1_37' title="bbox 2096 908 2724 963">
    <p class='ocr_par' dir='ltr' id='par_1_37' title="bbox 2096 908 2724 963">
     <span class='ocr_line' id='line_1_37' title="bbox 2096 908 2724 963; baseline 0.002 -2"><span class='ocrx_word' id='word_1_277' title='bbox 2096 908 2304 962; x_wconf 89' lang='lat' dir='ltr'>biendo</span> <span class='ocrx_word' id='word_1_278' title='bbox 2326 909 2724 963; x_wconf 88' lang='lat' dir='ltr'>succumbunt.</span> 
     </span>
    </p>
   </div>
   <div class='ocr_carea' id='block_1_38' title="bbox 2170 997 3788 1067">
    <p class='ocr_par' dir='ltr' id='par_1_38' title="bbox 2170 997 3788 1067">
     <span class='ocr_line' id='line_1_38' title="bbox 2170 997 3788 1067; baseline 0.004 -21"><span class='ocrx_word' id='word_1_279' title='bbox 2170 1017 2196 1046; x_wconf 83' lang='grc'><strong>«</strong></span> <span class='ocrx_word' id='word_1_280' title='bbox 2241 998 2304 1051; x_wconf 88' lang='lat' dir='ltr'>Et</span> <span class='ocrx_word' id='word_1_281' title='bbox 2333 997 2577 1067; x_wconf 89' lang='lat' dir='ltr'>sumpsit</span> <span class='ocrx_word' id='word_1_282' title='bbox 2604 997 2880 1051; x_wconf 87' lang='lat' dir='ltr'>Dominus</span> <span class='ocrx_word' id='word_1_283' title='bbox 2906 998 3072 1063; x_wconf 89' lang='lat' dir='ltr'>Dens,</span> <span class='ocrx_word' id='word_1_284' title='bbox 3105 1017 3131 1048; x_wconf 69' lang='grc' dir='ltr'>ιι</span> <span class='ocrx_word' id='word_1_285' title='bbox 3165 1001 3276 1051; x_wconf 86' lang='lat' dir='ltr'>etc.</span> <span class='ocrx_word' id='word_1_286' title='bbox 3307 997 3561 1067; x_wconf 72' lang='lat' dir='ltr'>(HIERON.</span> <span class='ocrx_word' id='word_1_287' title='bbox 3588 999 3788 1063; x_wconf 74' lang='lat' dir='ltr'>Quaest.</span> 
     </span>
    </p>
   </div>
   <div class='ocr_carea' id='block_1_39' title="bbox 2099 1085 3792 1155">
    <p class='ocr_par' dir='ltr' id='par_1_39' title="bbox 2099 1085 3792 1155">
     <span class='ocr_line' id='line_1_39' title="bbox 2099 1085 3792 1155; baseline 0 -15"><span class='ocrx_word' id='word_1_288' title='bbox 2099 1085 2258 1140; x_wconf 74' lang='lat' dir='ltr'>Hebr.</span> <span class='ocrx_word' id='word_1_289' title='bbox 2289 1088 2346 1138; x_wconf 81' lang='lat' dir='ltr'>in</span> <span class='ocrx_word' id='word_1_290' title='bbox 2390 1087 2550 1152; x_wconf 66' lang='lat' dir='ltr'>Gem,</span> <span class='ocrx_word' id='word_1_291' title='bbox 2598 1090 2736 1139; x_wconf 89' lang='lat' dir='ltr'>tom.</span> <span class='ocrx_word' id='word_1_292' title='bbox 2772 1085 2892 1155; x_wconf 85' lang='grc' dir='ltr'><strong>ΙΙΙ.)</strong></span> <span class='ocrx_word' id='word_1_293' title='bbox 2927 1086 3035 1139; x_wconf 92' lang='lat' dir='ltr'>Pro</span> <span class='ocrx_word' id='word_1_294' title='bbox 3087 1107 3114 1133; x_wconf 77' lang='grc' dir='ltr'>«ι</span> <span class='ocrx_word' id='word_1_295' title='bbox 3159 1086 3452 1154; x_wconf 83' lang='lat' dir='ltr'>voluptate</span> <span class='ocrx_word' id='word_1_296' title='bbox 3494 1105 3520 1136; x_wconf 76' lang='grc' dir='ltr'><strong>ι)</strong></span> <span class='ocrx_word' id='word_1_297' title='bbox 3576 1085 3634 1138; x_wconf 90' lang='lat' dir='ltr'>in</span> <span class='ocrx_word' id='word_1_298' title='bbox 3679 1086 3792 1140; x_wconf 84' lang='lat' dir='ltr'>lle-</span> 
     </span>
    </p>
   </div>
   <div class='ocr_carea' id='block_1_40' title="bbox 2100 1170 3788 1242">
    <p class='ocr_par' dir='ltr' id='par_1_40' title="bbox 2100 1170 3788 1242">
     <span class='ocr_line' id='line_1_40' title="bbox 2100 1170 3788 1242; baseline -0.003 -17"><span class='ocrx_word' id='word_1_299' title='bbox 2100 1171 2252 1226; x_wconf 67' lang='lat' dir='ltr'>brzeo</span> <span class='ocrx_word' id='word_1_300' title='bbox 2282 1171 2526 1226; x_wconf 90' lang='lat' dir='ltr'>habetur</span> <span class='ocrx_word' id='word_1_301' title='bbox 2556 1191 2584 1222; x_wconf 82' lang='grc' dir='ltr'><strong><em>α</em></strong></span> <span class='ocrx_word' id='word_1_302' title='bbox 2619 1173 2790 1226; x_wconf 86' lang='lat' dir='ltr'>Eden.</span> <span class='ocrx_word' id='word_1_303' title='bbox 2823 1190 2849 1221; x_wconf 70' lang='grc' dir='ltr'><strong>ι)</strong></span> <span class='ocrx_word' id='word_1_304' title='bbox 2887 1172 2904 1224; x_wconf 91' lang='lat' dir='ltr'>l</span> <span class='ocrx_word' id='word_1_305' title='bbox 2912 1170 2999 1242; x_wconf 88' lang='lat' dir='ltr'>psi</span> <span class='ocrx_word' id='word_1_306' title='bbox 3021 1186 3157 1241; x_wconf 89' lang='lat' dir='ltr'>ergo</span> <span class='ocrx_word' id='word_1_307' title='bbox 3190 1171 3312 1225; x_wconf 83' lang='lat' dir='ltr'>LXX</span> <span class='ocrx_word' id='word_1_308' title='bbox 3334 1186 3488 1225; x_wconf 90' lang='lat' dir='ltr'>nunc</span> <span class='ocrx_word' id='word_1_309' title='bbox 3518 1190 3547 1222; x_wconf 75' lang='grc' dir='ltr'>(ι</span> <span class='ocrx_word' id='word_1_310' title='bbox 3577 1171 3728 1226; x_wconf 89' lang='lat' dir='ltr'>Eden</span> <span class='ocrx_word' id='word_1_311' title='bbox 3765 1191 3788 1220; x_wconf 74' lang='grc' dir='ltr'>ι</span> 
     </span>
    </p>
   </div>
   <div class='ocr_carea' id='block_1_41' title="bbox 2099 1259 3794 1331">
    <p class='ocr_par' dir='ltr' id='par_1_41' title="bbox 2099 1259 3794 1331">
     <span class='ocr_line' id='line_1_41' title="bbox 2099 1259 3794 1331; baseline -0.001 -17"><span class='ocrx_word' id='word_1_312' title='bbox 2099 1260 2460 1331; x_wconf 86' lang='lat' dir='ltr'>interpretati</span> <span class='ocrx_word' id='word_1_313' title='bbox 2501 1266 2652 1325; x_wconf 88' lang='lat' dir='ltr'>sunt,</span> <span class='ocrx_word' id='word_1_314' title='bbox 2685 1275 2837 1314; x_wconf 91' lang='lat' dir='ltr'>nunc</span> <span class='ocrx_word' id='word_1_315' title='bbox 2867 1277 2899 1313; x_wconf 75' lang='grc' dir='ltr'>(ι</span> <span class='ocrx_word' id='word_1_316' title='bbox 2931 1261 3300 1330; x_wconf 88' lang='lat' dir='ltr'>voluptatem.</span> <span class='ocrx_word' id='word_1_317' title='bbox 3345 1278 3373 1310; x_wconf 70' lang='grc' dir='ltr'><strong>η</strong></span> <span class='ocrx_word' id='word_1_318' title='bbox 3420 1259 3794 1330; x_wconf 85' lang='lat' dir='ltr'>Symmachus</span> 
     </span>
    </p>
   </div>
   <div class='ocr_carea' id='block_1_42' title="bbox 2101 1348 3790 1420">
    <p class='ocr_par' dir='ltr' id='par_1_42' title="bbox 2101 1348 3790 1420">
     <span class='ocr_line' id='line_1_42' title="bbox 2101 1348 3790 1420; baseline 0.002 -21"><span class='ocrx_word' id='word_1_319' title='bbox 2101 1365 2254 1414; x_wconf 86' lang='lat' dir='ltr'>vero,</span> <span class='ocrx_word' id='word_1_320' title='bbox 2287 1348 2386 1420; x_wconf 89' lang='lat' dir='ltr'>qui</span> <span class='ocrx_word' id='word_1_321' title='bbox 2417 1368 2445 1399; x_wconf 68' lang='grc' dir='ltr'>ι(</span> <span class='ocrx_word' id='word_1_322' title='bbox 2495 1349 2822 1420; x_wconf 83' lang='lat' dir='ltr'>paradisum</span> <span class='ocrx_word' id='word_1_323' title='bbox 2862 1348 3165 1402; x_wconf 77' lang='lat' dir='ltr'>florentem</span> <span class='ocrx_word' id='word_1_324' title='bbox 3228 1352 3358 1402; x_wconf 90' lang='lat' dir='ltr'>ante</span> <span class='ocrx_word' id='word_1_325' title='bbox 3405 1348 3790 1416; x_wconf 85' lang='lat' dir='ltr'>transtulerat,</span> 
     </span>
    </p>
   </div>
   <div class='ocr_carea' id='block_1_43' title="bbox 2103 1435 3437 1506">
    <p class='ocr_par' dir='ltr' id='par_1_43' title="bbox 2103 1435 3437 1506">
     <span class='ocr_line' id='line_1_43' title="bbox 2103 1435 3437 1506; baseline -0.001 -15"><span class='ocrx_word' id='word_1_326' title='bbox 2103 1437 2194 1492; x_wconf 89' lang='lat' dir='ltr'>hic</span> <span class='ocrx_word' id='word_1_327' title='bbox 2217 1437 2629 1502; x_wconf 71' lang='lat' dir='ltr'>ammnitatem,</span> <span class='ocrx_word' id='word_1_328' title='bbox 2665 1456 2692 1487; x_wconf 87' lang='lat'><strong>»</strong></span> <span class='ocrx_word' id='word_1_329' title='bbox 2726 1436 2810 1490; x_wconf 88' lang='lat' dir='ltr'>vel</span> <span class='ocrx_word' id='word_1_330' title='bbox 2843 1455 2870 1486; x_wconf 74' lang='grc' dir='ltr'>α</span> <span class='ocrx_word' id='word_1_331' title='bbox 2903 1435 3131 1491; x_wconf 78' lang='lat' dir='ltr'>delicias</span> <span class='ocrx_word' id='word_1_332' title='bbox 3167 1455 3193 1487; x_wconf 86' lang='lat'><strong>»</strong></span> <span class='ocrx_word' id='word_1_333' title='bbox 3225 1435 3437 1506; x_wconf 86' lang='lat' dir='ltr'>posuit.</span> 
     </span>
    </p>
   </div>
   <div class='ocr_carea' id='block_1_44' title="bbox 2175 1525 3797 1596">
    <p class='ocr_par' dir='ltr' id='par_1_44' title="bbox 2175 1525 3797 1596">
     <span class='ocr_line' id='line_1_44' title="bbox 2175 1525 3797 1596; baseline 0.002 -21"><span class='ocrx_word' id='word_1_334' title='bbox 2175 1548 2201 1575; x_wconf 84' lang='grc'>«</span> <span class='ocrx_word' id='word_1_335' title='bbox 2240 1528 2299 1580; x_wconf 87' lang='lat' dir='ltr'>Et</span> <span class='ocrx_word' id='word_1_336' title='bbox 2329 1526 2520 1596; x_wconf 90' lang='lat' dir='ltr'>posuit</span> <span class='ocrx_word' id='word_1_337' title='bbox 2547 1541 2702 1592; x_wconf 88' lang='lat' dir='ltr'>eum,</span> <span class='ocrx_word' id='word_1_338' title='bbox 2727 1547 2754 1574; x_wconf 85' lang='lat'><strong>»</strong></span> <span class='ocrx_word' id='word_1_339' title='bbox 2786 1529 2890 1579; x_wconf 90' lang='lat' dir='ltr'>etc.</span> <span class='ocrx_word' id='word_1_340' title='bbox 2931 1525 3102 1593; x_wconf 76' lang='lat' dir='ltr'>(Ism)</span> <span class='ocrx_word' id='word_1_341' title='bbox 3135 1526 3381 1596; x_wconf 75' lang='lat' dir='ltr'>Mystice.</span> <span class='ocrx_word' id='word_1_342' title='bbox 3415 1525 3489 1579; x_wconf 86' lang='lat' dir='ltr'><strong>Ex</strong></span> <span class='ocrx_word' id='word_1_343' title='bbox 3542 1540 3612 1578; x_wconf 90' lang='lat' dir='ltr'>eo</span> <span class='ocrx_word' id='word_1_344' title='bbox 3642 1525 3797 1595; x_wconf 91' lang='lat' dir='ltr'>quod</span> 
     </span>
    </p>
   </div>
   <div class='ocr_carea' id='block_1_45' title="bbox 2108 1613 3800 1684">
    <p class='ocr_par' dir='ltr' id='par_1_45' title="bbox 2108 1613 3800 1684">
     <span class='ocr_line' id='line_1_45' title="bbox 2108 1613 3800 1684; baseline -0.002 -15"><span class='ocrx_word' id='word_1_345' title='bbox 2108 1615 2360 1670; x_wconf 90' lang='lat' dir='ltr'>additum</span> <span class='ocrx_word' id='word_1_346' title='bbox 2385 1620 2488 1681; x_wconf 91' lang='lat' dir='ltr'>est,</span> <span class='ocrx_word' id='word_1_347' title='bbox 2523 1636 2548 1662; x_wconf 73' lang='grc' dir='ltr'>α</span> <span class='ocrx_word' id='word_1_348' title='bbox 2600 1615 2665 1669; x_wconf 86' lang='lat' dir='ltr'>Et</span> <span class='ocrx_word' id='word_1_349' title='bbox 2711 1614 3038 1680; x_wconf 85' lang='lat' dir='ltr'>custodiret,</span> <span class='ocrx_word' id='word_1_350' title='bbox 3074 1633 3101 1664; x_wconf 68' lang='grc' dir='ltr'><strong><em>υ</em></strong></span> <span class='ocrx_word' id='word_1_351' title='bbox 3133 1613 3397 1667; x_wconf 79' lang='lat' dir='ltr'>innuitar</span> <span class='ocrx_word' id='word_1_352' title='bbox 3443 1613 3626 1683; x_wconf 89' lang='lat' dir='ltr'>qualis</span> <span class='ocrx_word' id='word_1_353' title='bbox 3663 1629 3800 1684; x_wconf 86' lang='lat' dir='ltr'>ope-</span> 
     </span>
    </p>
   </div>
   <div class='ocr_carea' id='block_1_46' title="bbox 2109 1700 3802 1773">
    <p class='ocr_par' dir='ltr' id='par_1_46' title="bbox 2109 1700 3802 1773">
     <span class='ocr_line' id='line_1_46' title="bbox 2109 1700 3802 1773; baseline -0.001 -17"><span class='ocrx_word' id='word_1_354' title='bbox 2109 1702 2254 1757; x_wconf 86' lang='lat' dir='ltr'>ratio</span> <span class='ocrx_word' id='word_1_355' title='bbox 2311 1708 2460 1757; x_wconf 85' lang='lat' dir='ltr'>esset</span> <span class='ocrx_word' id='word_1_356' title='bbox 2505 1701 2690 1773; x_wconf 89' lang='lat' dir='ltr'>:quia</span> <span class='ocrx_word' id='word_1_357' title='bbox 2744 1701 2804 1755; x_wconf 91' lang='lat' dir='ltr'>in</span> <span class='ocrx_word' id='word_1_358' title='bbox 2849 1700 3262 1772; x_wconf 85' lang='lat' dir='ltr'>tranquillitate</span> <span class='ocrx_word' id='word_1_359' title='bbox 3293 1700 3478 1755; x_wconf 65' lang='lat' dir='ltr'>beatae</span> <span class='ocrx_word' id='word_1_360' title='bbox 3510 1702 3658 1768; x_wconf 70' lang='lat' dir='ltr'>vitiis,</span> <span class='ocrx_word' id='word_1_361' title='bbox 3702 1700 3802 1754; x_wconf 90' lang='lat' dir='ltr'>ubi</span> 
     </span>
    </p>
   </div>
   <div class='ocr_carea' id='block_1_47' title="bbox 2110 1787 3802 1858">
    <p class='ocr_par' dir='ltr' id='par_1_47' title="bbox 2110 1787 3802 1858">
     <span class='ocr_line' id='line_1_47' title="bbox 2110 1787 3802 1858; baseline -0.001 -16"><span class='ocrx_word' id='word_1_362' title='bbox 2110 1805 2262 1843; x_wconf 87' lang='lat' dir='ltr'>mors</span> <span class='ocrx_word' id='word_1_363' title='bbox 2293 1805 2405 1843; x_wconf 90' lang='lat' dir='ltr'>non</span> <span class='ocrx_word' id='word_1_364' title='bbox 2437 1794 2541 1856; x_wconf 89' lang='lat' dir='ltr'>est,</span> <span class='ocrx_word' id='word_1_365' title='bbox 2575 1787 2763 1843; x_wconf 91' lang='lat' dir='ltr'>omnis</span> <span class='ocrx_word' id='word_1_366' title='bbox 2795 1787 3050 1858; x_wconf 86' lang='lat' dir='ltr'>operatio</span> <span class='ocrx_word' id='word_1_367' title='bbox 3083 1793 3168 1842; x_wconf 90' lang='lat' dir='ltr'>est</span> <span class='ocrx_word' id='word_1_368' title='bbox 3198 1787 3480 1842; x_wconf 90' lang='lat' dir='ltr'>custodire</span> <span class='ocrx_word' id='word_1_369' title='bbox 3521 1787 3676 1858; x_wconf 88' lang='lat' dir='ltr'>quod</span> <span class='ocrx_word' id='word_1_370' title='bbox 3714 1793 3802 1841; x_wconf 79' lang='lat' dir='ltr'>te-</span> 
     </span>
    </p>
   </div>
   <div class='ocr_carea' id='block_1_48' title="bbox 2111 1875 3805 1947">
    <p class='ocr_par' dir='ltr' id='par_1_48' title="bbox 2111 1875 3805 1947">
     <span class='ocr_line' id='line_1_48' title="bbox 2111 1875 3805 1947; baseline -0.002 -16"><span class='ocrx_word' id='word_1_371' title='bbox 2111 1894 2228 1932; x_wconf 86' lang='lat' dir='ltr'>nes.</span> <span class='ocrx_word' id='word_1_372' title='bbox 2267 1879 2470 1932; x_wconf 88' lang='lat' dir='ltr'>Datum</span> <span class='ocrx_word' id='word_1_373' title='bbox 2499 1881 2584 1930; x_wconf 89' lang='lat' dir='ltr'>est</span> <span class='ocrx_word' id='word_1_374' title='bbox 2639 1876 2795 1930; x_wconf 88' lang='lat' dir='ltr'>enim</span> <span class='ocrx_word' id='word_1_375' title='bbox 2845 1880 3216 1946; x_wconf 72' lang='lat' dir='ltr'>praeceptum,</span> <span class='ocrx_word' id='word_1_376' title='bbox 3248 1880 3313 1930; x_wconf 88' lang='lat' dir='ltr'>ut</span> <span class='ocrx_word' id='word_1_377' title='bbox 3344 1875 3412 1929; x_wconf 91' lang='lat' dir='ltr'>de</span> <span class='ocrx_word' id='word_1_378' title='bbox 3450 1875 3612 1929; x_wconf 89' lang='lat' dir='ltr'>omni</span> <span class='ocrx_word' id='word_1_379' title='bbox 3644 1876 3805 1947; x_wconf 89' lang='lat' dir='ltr'>ligno</span> 
     </span>
    </p>
   </div>
   <div class='ocr_carea' id='block_1_49' title="bbox 2110 1962 3809 2036">
    <p class='ocr_par' dir='ltr' id='par_1_49' title="bbox 2110 1962 3809 2036">
     <span class='ocr_line' id='line_1_49' title="bbox 2110 1962 3809 2036; baseline -0.001 -17"><span class='ocrx_word' id='word_1_380' title='bbox 2110 1965 2359 2036; x_wconf 88' lang='lat' dir='ltr'>paradisi</span> <span class='ocrx_word' id='word_1_381' title='bbox 2393 1969 2702 2031; x_wconf 88' lang='lat' dir='ltr'>sumerent,</span> <span class='ocrx_word' id='word_1_382' title='bbox 2732 1964 2826 2018; x_wconf 91' lang='lat' dir='ltr'>sed</span> <span class='ocrx_word' id='word_1_383' title='bbox 2858 1979 2976 2016; x_wconf 92' lang='lat' dir='ltr'>non</span> <span class='ocrx_word' id='word_1_384' title='bbox 3004 1963 3074 2017; x_wconf 91' lang='lat' dir='ltr'>de</span> <span class='ocrx_word' id='word_1_385' title='bbox 3100 1963 3261 2034; x_wconf 89' lang='lat' dir='ltr'>ligno</span> <span class='ocrx_word' id='word_1_386' title='bbox 3300 1962 3551 2017; x_wconf 72' lang='lat' dir='ltr'>scientiae</span> <span class='ocrx_word' id='word_1_387' title='bbox 3581 1963 3718 2017; x_wconf 91' lang='lat' dir='ltr'>boni</span> <span class='ocrx_word' id='word_1_388' title='bbox 3749 1967 3809 2017; x_wconf 88' lang='lat' dir='ltr'>et</span> 
     </span>
    </p>
   </div>
   <div class='ocr_carea' id='block_1_50' title="bbox 2111 2050 3807 2122">
    <p class='ocr_par' dir='ltr' id='par_1_50' title="bbox 2111 2050 3807 2122">
     <span class='ocr_line' id='line_1_50' title="bbox 2111 2050 3807 2122; baseline -0.001 -14"><span class='ocrx_word' id='word_1_389' title='bbox 2111 2054 2244 2108; x_wconf 89' lang='lat' dir='ltr'>mali</span> <span class='ocrx_word' id='word_1_390' title='bbox 2280 2071 2292 2108; x_wconf 90' lang='lat'><strong>:</strong></span> <span class='ocrx_word' id='word_1_391' title='bbox 2323 2053 2382 2107; x_wconf 92' lang='lat' dir='ltr'>id</span> <span class='ocrx_word' id='word_1_392' title='bbox 2412 2057 2496 2107; x_wconf 84' lang='lat' dir='ltr'>est</span> <span class='ocrx_word' id='word_1_393' title='bbox 2538 2069 2657 2106; x_wconf 93' lang='lat' dir='ltr'>non</span> <span class='ocrx_word' id='word_1_394' title='bbox 2683 2052 2762 2106; x_wconf 87' lang='lat' dir='ltr'>sic</span> <span class='ocrx_word' id='word_1_395' title='bbox 2791 2069 2858 2105; x_wconf 94' lang='lat' dir='ltr'>eo</span> <span class='ocrx_word' id='word_1_396' title='bbox 2900 2054 3242 2116; x_wconf 88' lang='lat' dir='ltr'>fruerentur,</span> <span class='ocrx_word' id='word_1_397' title='bbox 3292 2055 3358 2104; x_wconf 92' lang='lat' dir='ltr'>ut</span> <span class='ocrx_word' id='word_1_398' title='bbox 3411 2050 3807 2122; x_wconf 66' lang='lat' dir='ltr'>integritatem</span> 
     </span>
    </p>
   </div>
   <div class='ocr_carea' id='block_1_51' title="bbox 2113 2140 3431 2212">
    <p class='ocr_par' dir='ltr' id='par_1_51' title="bbox 2113 2140 3431 2212">
     <span class='ocr_line' id='line_1_51' title="bbox 2113 2140 3431 2212; baseline -0.003 -16"><span class='ocrx_word' id='word_1_399' title='bbox 2113 2149 2330 2197; x_wconf 52' lang='lat' dir='ltr'>naturai</span> <span class='ocrx_word' id='word_1_400' title='bbox 2360 2158 2479 2196; x_wconf 64' lang='lat' dir='ltr'>suae</span> <span class='ocrx_word' id='word_1_401' title='bbox 2509 2141 2839 2212; x_wconf 87' lang='lat' dir='ltr'>usurpando</span> <span class='ocrx_word' id='word_1_402' title='bbox 2871 2141 3106 2194; x_wconf 88' lang='lat' dir='ltr'>vetitum</span> <span class='ocrx_word' id='word_1_403' title='bbox 3138 2140 3431 2195; x_wconf 86' lang='lat' dir='ltr'>violarent.</span> 
     </span>
    </p>
   </div>
   <div class='ocr_carea' id='block_1_52' title="bbox 2186 2229 3808 2300">
    <p class='ocr_par' dir='ltr' id='par_1_52' title="bbox 2186 2229 3808 2300">
     <span class='ocr_line' id='line_1_52' title="bbox 2186 2229 3808 2300; baseline -0.002 -14"><span class='ocrx_word' id='word_1_404' title='bbox 2186 2234 2346 2286; x_wconf 76' lang='lat' dir='ltr'>Vens.</span> <span class='ocrx_word' id='word_1_405' title='bbox 2381 2235 2464 2286; x_wconf 83' lang='grc'>16.</span> <span class='ocrx_word' id='word_1_406' title='bbox 2497 2261 2566 2270; x_wconf 91' lang='grc'><strong><em>-</em></strong></span> <span class='ocrx_word' id='word_1_407' title='bbox 2621 2252 2641 2279; x_wconf 81' lang='grc' dir='ltr'><strong><em>ο</em></strong></span> <span class='ocrx_word' id='word_1_408' title='bbox 2700 2230 3075 2300; x_wconf 69' lang='lat' dir='ltr'>Praseipitque</span> <span class='ocrx_word' id='word_1_409' title='bbox 3137 2229 3210 2295; x_wconf 82' lang='lat' dir='ltr'>ei,</span> <span class='ocrx_word' id='word_1_410' title='bbox 3256 2248 3283 2280; x_wconf 72' lang='grc' dir='ltr'><strong><em>ιο</em></strong></span> <span class='ocrx_word' id='word_1_411' title='bbox 3315 2234 3420 2283; x_wconf 88' lang='lat' dir='ltr'>etc.</span> <span class='ocrx_word' id='word_1_412' title='bbox 3473 2231 3656 2298; x_wconf 80' lang='lat' dir='ltr'>(AUG.,</span> <span class='ocrx_word' id='word_1_413' title='bbox 3709 2229 3808 2283; x_wconf 78' lang='lat' dir='ltr'>ubi</span> 
     </span>
    </p>
   </div>
   <div class='ocr_carea' id='block_1_53' title="bbox 2111 2317 3808 2389">
    <p class='ocr_par' dir='ltr' id='par_1_53' title="bbox 2111 2317 3808 2389">
     <span class='ocr_line' id='line_1_53' title="bbox 2111 2317 3808 2389; baseline 0.001 -18"><span class='ocrx_word' id='word_1_414' title='bbox 2111 2333 2302 2388; x_wconf 82' lang='lat' dir='ltr'>supra,</span> <span class='ocrx_word' id='word_1_415' title='bbox 2334 2335 2386 2373; x_wconf 93' lang='lat' dir='ltr'>c.</span> <span class='ocrx_word' id='word_1_416' title='bbox 2433 2319 2536 2384; x_wconf 85' lang='lat' dir='ltr'>t3.)</span> <span class='ocrx_word' id='word_1_417' title='bbox 2569 2323 2613 2372; x_wconf 82' lang='lat' dir='ltr'><strong>A</strong></span> <span class='ocrx_word' id='word_1_418' title='bbox 2669 2319 2827 2389; x_wconf 87' lang='lat' dir='ltr'>ligno</span> <span class='ocrx_word' id='word_1_419' title='bbox 2875 2317 3193 2387; x_wconf 87' lang='lat' dir='ltr'>prohibitus</span> <span class='ocrx_word' id='word_1_420' title='bbox 3239 2323 3342 2384; x_wconf 90' lang='lat' dir='ltr'>est,</span> <span class='ocrx_word' id='word_1_421' title='bbox 3373 2323 3500 2385; x_wconf 91' lang='lat' dir='ltr'>etc.,</span> <span class='ocrx_word' id='word_1_422' title='bbox 3535 2334 3704 2380; x_wconf 82' lang='lat' dir='ltr'>usque</span> <span class='ocrx_word' id='word_1_423' title='bbox 3730 2319 3808 2372; x_wconf 80' lang='lat' dir='ltr'>ad</span> 
     </span>
    </p>
   </div>
   <div class='ocr_carea' id='block_1_54' title="bbox 2113 2404 3809 2474">
    <p class='ocr_par' dir='ltr' id='par_1_54' title="bbox 2113 2404 3809 2474">
     <span class='ocr_line' id='line_1_54' title="bbox 2113 2404 3809 2474; baseline 0.001 -17"><span class='ocrx_word' id='word_1_424' title='bbox 2113 2405 2251 2474; x_wconf 85' lang='lat' dir='ltr'>quid</span> <span class='ocrx_word' id='word_1_425' title='bbox 2280 2405 2353 2459; x_wconf 90' lang='lat' dir='ltr'>sit</span> <span class='ocrx_word' id='word_1_426' title='bbox 2391 2405 2540 2459; x_wconf 88' lang='lat' dir='ltr'>inter</span> <span class='ocrx_word' id='word_1_427' title='bbox 2579 2406 2796 2459; x_wconf 89' lang='lat' dir='ltr'>bonum</span> <span class='ocrx_word' id='word_1_428' title='bbox 2852 2404 3192 2458; x_wconf 76' lang='lat' dir='ltr'>obedientiee</span> <span class='ocrx_word' id='word_1_429' title='bbox 3245 2409 3301 2458; x_wconf 91' lang='lat' dir='ltr'>et</span> <span class='ocrx_word' id='word_1_430' title='bbox 3336 2406 3550 2459; x_wconf 89' lang='lat' dir='ltr'>malum</span> <span class='ocrx_word' id='word_1_431' title='bbox 3600 2404 3809 2459; x_wconf 90' lang='lat' dir='ltr'>inobe-</span> 
     </span>
    </p>
   </div>
   <div class='ocr_carea' id='block_1_55' title="bbox 2113 2493 2363 2547">
    <p class='ocr_par' dir='ltr' id='par_1_55' title="bbox 2113 2493 2363 2547">
     <span class='ocr_line' id='line_1_55' title="bbox 2113 2493 2363 2547; baseline 0.004 -1"><span class='ocrx_word' id='word_1_432' title='bbox 2113 2493 2363 2547; x_wconf 66' lang='lat' dir='ltr'>dientias.</span> 
     </span>
    </p>
   </div>
   <div class='ocr_carea' id='block_1_56' title="bbox 2188 2580 3807 2651">
    <p class='ocr_par' dir='ltr' id='par_1_56' title="bbox 2188 2580 3807 2651">
     <span class='ocr_line' id='line_1_56' title="bbox 2188 2580 3807 2651; baseline 0.001 -17"><span class='ocrx_word' id='word_1_433' title='bbox 2188 2585 2368 2649; x_wconf 61' lang='lat' dir='ltr'>(Avo,</span> <span class='ocrx_word' id='word_1_434' title='bbox 2399 2583 2494 2636; x_wconf 80' lang='lat' dir='ltr'>ubi</span> <span class='ocrx_word' id='word_1_435' title='bbox 2523 2597 2714 2651; x_wconf 82' lang='lat' dir='ltr'>supra,</span> <span class='ocrx_word' id='word_1_436' title='bbox 2746 2598 2794 2635; x_wconf 91' lang='lat' dir='ltr'>e.</span> <span class='ocrx_word' id='word_1_437' title='bbox 2848 2581 2955 2650; x_wconf 74' lang='grc' dir='ltr'>Π.)</span> <span class='ocrx_word' id='word_1_438' title='bbox 2989 2581 3274 2645; x_wconf 63' lang='lat' dir='ltr'>Quaeritur</span> <span class='ocrx_word' id='word_1_439' title='bbox 3302 2580 3351 2634; x_wconf 90' lang='lat' dir='ltr'>si</span> <span class='ocrx_word' id='word_1_440' title='bbox 3389 2580 3510 2634; x_wconf 90' lang='lat' dir='ltr'>viro</span> <span class='ocrx_word' id='word_1_441' title='bbox 3557 2580 3682 2646; x_wconf 87' lang='lat' dir='ltr'>soli,</span> <span class='ocrx_word' id='word_1_442' title='bbox 3717 2581 3807 2636; x_wconf 89' lang='lat' dir='ltr'>vel</span> 
     </span>
    </p>
   </div>
   <div class='ocr_carea' id='block_1_57' title="bbox 2116 2667 3810 2738">
    <p class='ocr_par' dir='ltr' id='par_1_57' title="bbox 2116 2667 3810 2738">
     <span class='ocr_line' id='line_1_57' title="bbox 2116 2667 3810 2738; baseline 0.001 -15"><span class='ocrx_word' id='word_1_443' title='bbox 2116 2670 2286 2724; x_wconf 88' lang='lat' dir='ltr'>etiam</span> <span class='ocrx_word' id='word_1_444' title='bbox 2327 2670 2577 2736; x_wconf 64' lang='lat' dir='ltr'>feminas,</span> <span class='ocrx_word' id='word_1_445' title='bbox 2631 2676 2764 2736; x_wconf 86' lang='lat' dir='ltr'>etc.,</span> <span class='ocrx_word' id='word_1_446' title='bbox 2797 2685 2966 2738; x_wconf 84' lang='lat' dir='ltr'>usque</span> <span class='ocrx_word' id='word_1_447' title='bbox 2993 2669 3068 2723; x_wconf 88' lang='lat' dir='ltr'>ad</span> <span class='ocrx_word' id='word_1_448' title='bbox 3097 2687 3124 2719; x_wconf 81' lang='grc' dir='ltr'>(ι</span> <span class='ocrx_word' id='word_1_449' title='bbox 3167 2667 3324 2723; x_wconf 90' lang='lat' dir='ltr'>domi</span> <span class='ocrx_word' id='word_1_450' title='bbox 3370 2669 3518 2723; x_wconf 89' lang='lat' dir='ltr'>viros</span> <span class='ocrx_word' id='word_1_451' title='bbox 3547 2685 3677 2723; x_wconf 92' lang='lat' dir='ltr'>suos</span> <span class='ocrx_word' id='word_1_452' title='bbox 3727 2669 3810 2724; x_wconf 87' lang='lat' dir='ltr'>in-</span> 
     </span>
    </p>
   </div>
   <div class='ocr_carea' id='block_1_58' title="bbox 2117 2765 2485 2829">
    <p class='ocr_par' dir='ltr' id='par_1_58' title="bbox 2117 2765 2485 2829">
     <span class='ocr_line' id='line_1_58' title="bbox 2117 2765 2485 2829; baseline 0.003 -17"><span class='ocrx_word' id='word_1_453' title='bbox 2117 2765 2428 2829; x_wconf 86' lang='lat' dir='ltr'>terrogent.</span> <span class='ocrx_word' id='word_1_454' title='bbox 2464 2781 2485 2807; x_wconf 78' lang='grc' dir='ltr'>ι</span> 
     </span>
    </p>
   </div>
   <div class='ocr_carea' id='block_1_59' title="bbox 2189 2845 3815 2918">
    <p class='ocr_par' dir='ltr' id='par_1_59' title="bbox 2189 2845 3815 2918">
     <span class='ocr_line' id='line_1_59' title="bbox 2189 2845 3815 2918; baseline -0.001 -17"><span class='ocrx_word' id='word_1_455' title='bbox 2189 2848 2439 2916; x_wconf 77' lang='lat' dir='ltr'>(Pnocoe.</span> <span class='ocrx_word' id='word_1_456' title='bbox 2468 2850 2527 2902; x_wconf 82' lang='lat' dir='ltr'>in</span> <span class='ocrx_word' id='word_1_457' title='bbox 2558 2847 2712 2918; x_wconf 83' lang='lat' dir='ltr'>Gen.)</span> <span class='ocrx_word' id='word_1_458' title='bbox 2757 2846 2960 2902; x_wconf 89' lang='lat' dir='ltr'>Dicunt</span> <span class='ocrx_word' id='word_1_459' title='bbox 3002 2845 3179 2917; x_wconf 88' lang='lat' dir='ltr'>aliqui</span> <span class='ocrx_word' id='word_1_460' title='bbox 3221 2862 3233 2899; x_wconf 89' lang='lat'>:</span> <span class='ocrx_word' id='word_1_461' title='bbox 3289 2845 3334 2899; x_wconf 88' lang='lat' dir='ltr'>si</span> <span class='ocrx_word' id='word_1_462' title='bbox 3383 2845 3815 2901; x_wconf 74' lang='lat' dir='ltr'>inmortalitate</span> 
     </span>
    </p>
   </div>
   <div class='ocr_carea' id='block_1_60' title="bbox 383 2930 3817 3006">
    <p class='ocr_par' dir='ltr' id='par_1_60' title="bbox 383 2930 3817 3006">
     <span class='ocr_line' id='line_1_60' title="bbox 383 2930 3817 3006; baseline -0.001 -13"><span class='ocrx_word' id='word_1_463' title='bbox 383 2937 590 3006; x_wconf 67' lang='lat'>(6386.)</span> <span class='ocrx_word' id='word_1_464' title='bbox 635 2937 935 2992; x_wconf 78' lang='lat' dir='ltr'>Moraliter.</span> <span class='ocrx_word' id='word_1_465' title='bbox 978 2935 1232 2998; x_wconf 86' lang='lat' dir='ltr'>Quatuor</span> <span class='ocrx_word' id='word_1_466' title='bbox 1274 2933 1609 2989; x_wconf 84' lang='lat' dir='ltr'>fluminibus</span> <span class='ocrx_word' id='word_1_467' title='bbox 1639 2931 1710 2986; x_wconf 93' lang='lat' dir='ltr'>de</span> <span class='ocrx_word' id='word_1_468' title='bbox 1741 2930 2005 3003; x_wconf 86' lang='lat' dir='ltr'>paradiso</span> <span class='ocrx_word' id='word_1_469' title='bbox 2037 2946 2079 3002; x_wconf 66' lang='grc' dir='ltr'>(ζ</span> <span class='ocrx_word' id='word_1_470' title='bbox 2119 2951 2219 2989; x_wconf 89' lang='lat' dir='ltr'>nos</span> <span class='ocrx_word' id='word_1_471' title='bbox 2250 2935 2483 2989; x_wconf 84' lang='lat' dir='ltr'>amicire</span> <span class='ocrx_word' id='word_1_472' title='bbox 2511 2935 2710 2989; x_wconf 91' lang='lat' dir='ltr'>voluit.</span> <span class='ocrx_word' id='word_1_473' title='bbox 2734 2935 2870 3006; x_wconf 90' lang='lat' dir='ltr'>quid</span> <span class='ocrx_word' id='word_1_474' title='bbox 2901 2951 3044 3005; x_wconf 91' lang='lat' dir='ltr'>opus</span> <span class='ocrx_word' id='word_1_475' title='bbox 3075 2939 3196 2988; x_wconf 89' lang='lat' dir='ltr'>erat</span> <span class='ocrx_word' id='word_1_476' title='bbox 3223 2938 3534 3004; x_wconf 70' lang='lat' dir='ltr'>praecepto,</span> <span class='ocrx_word' id='word_1_477' title='bbox 3576 2938 3817 3004; x_wconf 83' lang='lat' dir='ltr'>propter</span> 
     </span>
    </p>
   </div>
   <div class='ocr_carea' id='block_1_61' title="bbox 313 3020 2009 3097">
    <p class='ocr_par' dir='ltr' id='par_1_61' title="bbox 313 3020 2009 3097">
     <span class='ocr_line' id='line_1_61' title="bbox 313 3020 2009 3097; baseline -0.004 -17"><span class='ocrx_word' id='word_1_478' title='bbox 313 3024 742 3097; x_wconf 77' lang='lat' dir='ltr'>egredientibus</span> <span class='ocrx_word' id='word_1_479' title='bbox 795 3027 945 3082; x_wconf 88' lang='lat' dir='ltr'>terra</span> <span class='ocrx_word' id='word_1_480' title='bbox 997 3023 1288 3092; x_wconf 85' lang='lat' dir='ltr'>irrigatur.</span> <span class='ocrx_word' id='word_1_481' title='bbox 1335 3021 1591 3076; x_wconf 89' lang='lat' dir='ltr'>Solidum</span> <span class='ocrx_word' id='word_1_482' title='bbox 1628 3020 1867 3075; x_wconf 84' lang='lat' dir='ltr'>rationis</span> <span class='ocrx_word' id='word_1_483' title='bbox 1911 3037 2009 3074; x_wconf 90' lang='lat' dir='ltr'>no-</span> 
     </span>
    </p>
   </div>
   <div class='ocr_carea' id='block_1_62' title="bbox 314 3109 2007 3181">
    <p class='ocr_par' dir='ltr' id='par_1_62' title="bbox 314 3109 2007 3181">
     <span class='ocr_line' id='line_1_62' title="bbox 314 3109 2007 3181; baseline -0.002 -16"><span class='ocrx_word' id='word_1_484' title='bbox 314 3117 444 3166; x_wconf 76' lang='lat' dir='ltr'>stra:</span> <span class='ocrx_word' id='word_1_485' title='bbox 501 3110 826 3178; x_wconf 52' lang='lat' dir='ltr'>aedificium,</span> <span class='ocrx_word' id='word_1_486' title='bbox 877 3109 1202 3181; x_wconf 86' lang='lat' dir='ltr'>prudentia,</span> <span class='ocrx_word' id='word_1_487' title='bbox 1257 3109 1656 3180; x_wconf 85' lang='lat' dir='ltr'>temperantia,</span> <span class='ocrx_word' id='word_1_488' title='bbox 1710 3109 2007 3174; x_wconf 84' lang='lat' dir='ltr'>fortitudo,</span> 
     </span>
    </p>
   </div>
   <div class='ocr_carea' id='block_1_63' title="bbox 307 3196 2010 3268">
    <p class='ocr_par' dir='ltr' id='par_1_63' title="bbox 307 3196 2010 3268">
     <span class='ocr_line' id='line_1_63' title="bbox 307 3196 2010 3268; baseline -0.002 -15"><span class='ocrx_word' id='word_1_489' title='bbox 307 3199 549 3268; x_wconf 87' lang='lat' dir='ltr'>justitia,</span> <span class='ocrx_word' id='word_1_490' title='bbox 585 3197 880 3252; x_wconf 88' lang='lat' dir='ltr'>continent</span> <span class='ocrx_word' id='word_1_491' title='bbox 912 3213 926 3250; x_wconf 88' lang='lat'><strong>:</strong></span> <span class='ocrx_word' id='word_1_492' title='bbox 959 3197 1095 3268; x_wconf 86' lang='lat' dir='ltr'>quia</span> <span class='ocrx_word' id='word_1_493' title='bbox 1123 3197 1212 3252; x_wconf 89' lang='lat' dir='ltr'>his</span> <span class='ocrx_word' id='word_1_494' title='bbox 1260 3202 1508 3267; x_wconf 87' lang='lat' dir='ltr'>quatuor</span> <span class='ocrx_word' id='word_1_495' title='bbox 1553 3196 1855 3250; x_wconf 85' lang='lat' dir='ltr'>virtutibus</span> <span class='ocrx_word' id='word_1_496' title='bbox 1893 3201 2010 3250; x_wconf 91' lang='lat' dir='ltr'>tota</span> 
     </span>
    </p>
   </div>
   <div class='ocr_carea' id='block_1_64' title="bbox 314 3283 2012 3357">
    <p class='ocr_par' dir='ltr' id='par_1_64' title="bbox 314 3283 2012 3357">
     <span class='ocr_line' id='line_1_64' title="bbox 314 3283 2012 3357; baseline -0.001 -16"><span class='ocrx_word' id='word_1_497' title='bbox 314 3286 450 3341; x_wconf 89' lang='lat' dir='ltr'>boni</span> <span class='ocrx_word' id='word_1_498' title='bbox 498 3285 688 3357; x_wconf 88' lang='lat' dir='ltr'>operis</span> <span class='ocrx_word' id='word_1_499' title='bbox 733 3289 1014 3340; x_wconf 87' lang='lat' dir='ltr'>structura</span> <span class='ocrx_word' id='word_1_500' title='bbox 1083 3284 1395 3354; x_wconf 89' lang='lat' dir='ltr'>consurgit.</span> <span class='ocrx_word' id='word_1_501' title='bbox 1461 3283 1718 3348; x_wconf 86' lang='lat' dir='ltr'>Quatuor</span> <span class='ocrx_word' id='word_1_502' title='bbox 1771 3283 2012 3339; x_wconf 84' lang='lat' dir='ltr'>flumina</span> 
     </span>
    </p>
   </div>
   <div class='ocr_carea' id='block_1_65' title="bbox 315 3372 2008 3446">
    <p class='ocr_par' dir='ltr' id='par_1_65' title="bbox 315 3372 2008 3446">
     <span class='ocr_line' id='line_1_65' title="bbox 315 3372 2008 3446; baseline 0 -19"><span class='ocrx_word' id='word_1_503' title='bbox 315 3374 642 3446; x_wconf 86' lang='lat' dir='ltr'>paradisum</span> <span class='ocrx_word' id='word_1_504' title='bbox 675 3373 937 3444; x_wconf 86' lang='lat' dir='ltr'>irrigant,</span> <span class='ocrx_word' id='word_1_505' title='bbox 969 3372 1107 3444; x_wconf 91' lang='lat' dir='ltr'>quia</span> <span class='ocrx_word' id='word_1_506' title='bbox 1141 3374 1276 3427; x_wconf 86' lang='lat' dir='ltr'>dum</span> <span class='ocrx_word' id='word_1_507' title='bbox 1307 3373 1396 3427; x_wconf 90' lang='lat' dir='ltr'>his</span> <span class='ocrx_word' id='word_1_508' title='bbox 1426 3378 1673 3444; x_wconf 87' lang='lat' dir='ltr'>quatuor</span> <span class='ocrx_word' id='word_1_509' title='bbox 1707 3373 2008 3428; x_wconf 85' lang='lat' dir='ltr'>virtutibus</span> 
     </span>
    </p>
   </div>
   <div class='ocr_carea' id='block_1_66' title="bbox 315 3460 2009 3528">
    <p class='ocr_par' dir='ltr' id='par_1_66' title="bbox 315 3460 2009 3528">
     <span class='ocr_line' id='line_1_66' title="bbox 315 3460 2009 3528; baseline -0.001 -10"><span class='ocrx_word' id='word_1_510' title='bbox 315 3480 409 3518; x_wconf 92' lang='lat' dir='ltr'>cor</span> <span class='ocrx_word' id='word_1_511' title='bbox 465 3462 804 3528; x_wconf 84' lang='lat' dir='ltr'>infunditur,</span> <span class='ocrx_word' id='word_1_512' title='bbox 879 3461 948 3516; x_wconf 89' lang='lat' dir='ltr'>ab</span> <span class='ocrx_word' id='word_1_513' title='bbox 1003 3460 1163 3515; x_wconf 88' lang='lat' dir='ltr'>omni</span> <span class='ocrx_word' id='word_1_514' title='bbox 1223 3461 1641 3516; x_wconf 86' lang='lat' dir='ltr'>desideriorum</span> <span class='ocrx_word' id='word_1_515' title='bbox 1693 3462 2009 3517; x_wconf 84' lang='lat' dir='ltr'>carnalium</span> 
     </span>
    </p>
   </div>
   <div class='ocr_carea' id='block_1_67' title="bbox 315 3555 861 3621">
    <p class='ocr_par' dir='ltr' id='par_1_67' title="bbox 315 3555 861 3621">
     <span class='ocr_line' id='line_1_67' title="bbox 315 3555 861 3621; baseline -0.004 -15"><span class='ocrx_word' id='word_1_516' title='bbox 315 3557 456 3606; x_wconf 73' lang='lat' dir='ltr'>aestu</span> <span class='ocrx_word' id='word_1_517' title='bbox 488 3555 861 3621; x_wconf 88' lang='lat' dir='ltr'>temperatur.</span> 
     </span>
    </p>
   </div>
   <div class='ocr_carea' id='block_1_68' title="bbox 387 3637 2010 3710">
    <p class='ocr_par' dir='ltr' id='par_1_68' title="bbox 387 3637 2010 3710">
     <span class='ocr_line' id='line_1_68' title="bbox 387 3637 2010 3710; baseline 0.001 -19"><span class='ocrx_word' id='word_1_518' title='bbox 387 3661 415 3691; x_wconf 74' lang='grc' dir='ltr'>ι</span> <span class='ocrx_word' id='word_1_519' title='bbox 448 3639 685 3694; x_wconf 86' lang='lat' dir='ltr'>Evilath.</span> <span class='ocrx_word' id='word_1_520' title='bbox 735 3658 762 3691; x_wconf 76' lang='grc' dir='ltr'><strong>ι)</strong></span> <span class='ocrx_word' id='word_1_521' title='bbox 799 3638 977 3709; x_wconf 83' lang='lat' dir='ltr'>Regio</span> <span class='ocrx_word' id='word_1_522' title='bbox 1017 3637 1199 3693; x_wconf 69' lang='lat' dir='ltr'>India:</span> <span class='ocrx_word' id='word_1_523' title='bbox 1248 3654 1375 3708; x_wconf 70' lang='lat' dir='ltr'>quas</span> <span class='ocrx_word' id='word_1_524' title='bbox 1405 3642 1532 3708; x_wconf 89' lang='lat' dir='ltr'>post</span> <span class='ocrx_word' id='word_1_525' title='bbox 1561 3639 1839 3693; x_wconf 81' lang='lat' dir='ltr'>diluvium</span> <span class='ocrx_word' id='word_1_526' title='bbox 1872 3655 2010 3710; x_wconf 86' lang='lat' dir='ltr'>pos-</span> 
     </span>
    </p>
   </div>
   <div class='ocr_carea' id='block_1_69' title="bbox 315 3726 2010 3798">
    <p class='ocr_par' dir='ltr' id='par_1_69' title="bbox 315 3726 2010 3798">
     <span class='ocr_line' id='line_1_69' title="bbox 315 3726 2010 3798; baseline 0.001 -16"><span class='ocrx_word' id='word_1_527' title='bbox 315 3745 468 3783; x_wconf 86' lang='lat' dir='ltr'>sessa</span> <span class='ocrx_word' id='word_1_528' title='bbox 493 3732 579 3783; x_wconf 90' lang='lat' dir='ltr'>est</span> <span class='ocrx_word' id='word_1_529' title='bbox 607 3727 675 3782; x_wconf 90' lang='lat' dir='ltr'>ab</span> <span class='ocrx_word' id='word_1_530' title='bbox 705 3726 861 3782; x_wconf 86' lang='lat' dir='ltr'>Evila</span> <span class='ocrx_word' id='word_1_531' title='bbox 897 3727 1015 3782; x_wconf 83' lang='lat' dir='ltr'>tilio</span> <span class='ocrx_word' id='word_1_532' title='bbox 1047 3729 1262 3794; x_wconf 84' lang='lat' dir='ltr'>Jeetan,</span> <span class='ocrx_word' id='word_1_533' title='bbox 1304 3726 1408 3781; x_wconf 85' lang='lat' dir='ltr'>lilii</span> <span class='ocrx_word' id='word_1_534' title='bbox 1439 3727 1640 3794; x_wconf 86' lang='lat' dir='ltr'>Heber,</span> <span class='ocrx_word' id='word_1_535' title='bbox 1673 3727 2010 3798; x_wconf 69' lang='lat' dir='ltr'>patriarcha:</span> 
     </span>
    </p>
   </div>
   <div class='ocr_carea' id='block_1_70' title="bbox 317 3815 2012 3888">
    <p class='ocr_par' dir='ltr' id='par_1_70' title="bbox 317 3815 2012 3888">
     <span class='ocr_line' id='line_1_70' title="bbox 317 3815 2012 3888; baseline -0.001 -16"><span class='ocrx_word' id='word_1_536' title='bbox 317 3818 707 3873; x_wconf 65' lang='lat' dir='ltr'>Hebraeorum.</span> <span class='ocrx_word' id='word_1_537' title='bbox 763 3815 986 3871; x_wconf 86' lang='lat' dir='ltr'>Evilath</span> <span class='ocrx_word' id='word_1_538' title='bbox 1027 3816 1441 3886; x_wconf 88' lang='lat' dir='ltr'>interpretatur</span> <span class='ocrx_word' id='word_1_539' title='bbox 1476 3818 1814 3886; x_wconf 75' lang='lat' dir='ltr'>parturiens,</span> <span class='ocrx_word' id='word_1_540' title='bbox 1877 3817 2012 3888; x_wconf 91' lang='lat' dir='ltr'>quia</span> 
     </span>
    </p>
   </div>
   <div class='ocr_carea' id='block_1_71' title="bbox 315 3904 2011 3978">
    <p class='ocr_par' dir='ltr' id='par_1_71' title="bbox 315 3904 2011 3978">
     <span class='ocr_line' id='line_1_71' title="bbox 315 3904 2011 3978; baseline 0 -18"><span class='ocrx_word' id='word_1_541' title='bbox 315 3906 526 3978; x_wconf 88' lang='lat' dir='ltr'>aliquis</span> <span class='ocrx_word' id='word_1_542' title='bbox 593 3905 838 3978; x_wconf 90' lang='lat' dir='ltr'>loquens</span> <span class='ocrx_word' id='word_1_543' title='bbox 918 3905 1234 3971; x_wconf 83' lang='lat' dir='ltr'>veritatem,</span> <span class='ocrx_word' id='word_1_544' title='bbox 1294 3904 1480 3976; x_wconf 90' lang='lat' dir='ltr'>magis</span> <span class='ocrx_word' id='word_1_545' title='bbox 1537 3905 1781 3975; x_wconf 89' lang='lat' dir='ltr'>parturit</span> <span class='ocrx_word' id='word_1_546' title='bbox 1837 3921 2011 3976; x_wconf 90' lang='lat' dir='ltr'>quam</span> 
     </span>
    </p>
   </div>
   <div class='ocr_carea' id='block_1_72' title="bbox 317 3985 2012 4067">
    <p class='ocr_par' dir='ltr' id='par_1_72' title="bbox 317 3985 2012 4067">
     <span class='ocr_line' id='line_1_72' title="bbox 317 3985 2012 4067; baseline -0.001 -17"><span class='ocrx_word' id='word_1_547' title='bbox 317 3996 516 4067; x_wconf 89' lang='lat' dir='ltr'>pariat.</span> <span class='ocrx_word' id='word_1_548' title='bbox 550 3985 768 4050; x_wconf 84' lang='lat' dir='ltr'>Plinius</span> <span class='ocrx_word' id='word_1_549' title='bbox 793 3993 926 4049; x_wconf 85' lang='lat' dir='ltr'>dicit</span> <span class='ocrx_word' id='word_1_550' title='bbox 969 3994 1233 4066; x_wconf 87' lang='lat' dir='ltr'>regiones</span> <span class='ocrx_word' id='word_1_551' title='bbox 1275 3994 1448 4048; x_wconf 67' lang='lat' dir='ltr'>India:</span> <span class='ocrx_word' id='word_1_552' title='bbox 1480 4009 1600 4064; x_wconf 74' lang='lat' dir='ltr'>pra:</span> <span class='ocrx_word' id='word_1_553' title='bbox 1645 3994 1884 4061; x_wconf 65' lang='lat' dir='ltr'>caeteris,</span> <span class='ocrx_word' id='word_1_554' title='bbox 1919 4011 2012 4049; x_wconf 89' lang='lat' dir='ltr'>ve-</span> 
     </span>
    </p>
   </div>
   <div class='ocr_carea' id='block_1_73' title="bbox 317 4084 972 4141">
    <p class='ocr_par' dir='ltr' id='par_1_73' title="bbox 317 4084 972 4141">
     <span class='ocr_line' id='line_1_73' title="bbox 317 4084 972 4141; baseline -0.005 0"><span class='ocrx_word' id='word_1_555' title='bbox 317 4085 406 4141; x_wconf 90' lang='lat' dir='ltr'>nis</span> <span class='ocrx_word' id='word_1_556' title='bbox 435 4085 623 4141; x_wconf 90' lang='lat' dir='ltr'>aureis</span> <span class='ocrx_word' id='word_1_557' title='bbox 657 4084 972 4139; x_wconf 84' lang='lat' dir='ltr'>abundare.</span> 
     </span>
    </p>
   </div>
   <div class='ocr_carea' id='block_1_74' title="bbox 387 4172 2015 4229">
    <p class='ocr_par' dir='ltr' id='par_1_74' title="bbox 387 4172 2015 4229">
     <span class='ocr_line' id='line_1_74' title="bbox 387 4172 2015 4229; baseline 0 -3"><span class='ocrx_word' id='word_1_558' title='bbox 387 4195 413 4226; x_wconf 74' lang='grc' dir='ltr'>(ι</span> <span class='ocrx_word' id='word_1_559' title='bbox 451 4173 751 4229; x_wconf 89' lang='lat' dir='ltr'>Bdellium.</span> <span class='ocrx_word' id='word_1_560' title='bbox 798 4194 826 4221; x_wconf 83' lang='lat'><strong><em>»</em></strong></span> <span class='ocrx_word' id='word_1_561' title='bbox 869 4172 1196 4228; x_wconf 88' lang='lat' dir='ltr'>Secundum</span> <span class='ocrx_word' id='word_1_562' title='bbox 1254 4172 1498 4227; x_wconf 80' lang='lat' dir='ltr'>Plinium</span> <span class='ocrx_word' id='word_1_563' title='bbox 1541 4173 1709 4228; x_wconf 89' lang='lat' dir='ltr'>arbor</span> <span class='ocrx_word' id='word_1_564' title='bbox 1756 4179 1842 4226; x_wconf 89' lang='lat' dir='ltr'>est</span> <span class='ocrx_word' id='word_1_565' title='bbox 1883 4189 2015 4227; x_wconf 90' lang='lat' dir='ltr'>aro-</span> 
     </span>
    </p>
   </div>
   <div class='ocr_carea' id='block_1_75' title="bbox 321 4259 2011 4332">
    <p class='ocr_par' dir='ltr' id='par_1_75' title="bbox 321 4259 2011 4332">
     <span class='ocr_line' id='line_1_75' title="bbox 321 4259 2011 4332; baseline -0.001 -15"><span class='ocrx_word' id='word_1_566' title='bbox 321 4263 524 4318; x_wconf 87' lang='lat' dir='ltr'>matica</span> <span class='ocrx_word' id='word_1_567' title='bbox 575 4259 977 4330; x_wconf 79' lang='lat' dir='ltr'>magnitudine</span> <span class='ocrx_word' id='word_1_568' title='bbox 1008 4261 1290 4331; x_wconf 80' lang='lat' dir='ltr'>oleagina,</span> <span class='ocrx_word' id='word_1_569' title='bbox 1322 4262 1485 4332; x_wconf 83' lang='lat' dir='ltr'>cujus</span> <span class='ocrx_word' id='word_1_570' title='bbox 1515 4261 1766 4332; x_wconf 82' lang='lat' dir='ltr'>laeryma</span> <span class='ocrx_word' id='word_1_571' title='bbox 1808 4262 2011 4322; x_wconf 87' lang='lat' dir='ltr'>lucida.</span> 
     </span>
    </p>
   </div>
   <div class='ocr_carea' id='block_1_76' title="bbox 316 4348 2017 4422">
    <p class='ocr_par' dir='ltr' id='par_1_76' title="bbox 316 4348 2017 4422">
     <span class='ocr_line' id='line_1_76' title="bbox 316 4348 2017 4422; baseline -0.001 -17"><span class='ocrx_word' id='word_1_572' title='bbox 316 4357 482 4422; x_wconf 89' lang='lat' dir='ltr'>gustu</span> <span class='ocrx_word' id='word_1_573' title='bbox 531 4366 746 4416; x_wconf 88' lang='lat' dir='ltr'>amara,</span> <span class='ocrx_word' id='word_1_574' title='bbox 796 4348 934 4404; x_wconf 91' lang='lat' dir='ltr'>boni</span> <span class='ocrx_word' id='word_1_575' title='bbox 989 4349 1204 4417; x_wconf 90' lang='lat' dir='ltr'>odoris,</span> <span class='ocrx_word' id='word_1_576' title='bbox 1249 4349 1345 4403; x_wconf 87' lang='lat' dir='ltr'>sed</span> <span class='ocrx_word' id='word_1_577' title='bbox 1395 4350 1684 4404; x_wconf 89' lang='lat' dir='ltr'>odoratior</span> <span class='ocrx_word' id='word_1_578' title='bbox 1730 4351 2017 4404; x_wconf 86' lang='lat' dir='ltr'>infusione</span> 
     </span>
    </p>
   </div>
   <div class='ocr_carea' id='block_1_77' title="bbox 319 4456 456 4495">
    <p class='ocr_par' dir='ltr' id='par_1_77' title="bbox 319 4456 456 4495">
     <span class='ocr_line' id='line_1_77' title="bbox 319 4456 456 4495; baseline 0.007 -2"><span class='ocrx_word' id='word_1_579' title='bbox 319 4456 456 4495; x_wconf 72' lang='grc' dir='ltr'>νιιιι.</span> 
     </span>
    </p>
   </div>
   <div class='ocr_carea' id='block_1_78' title="bbox 392 4512 2016 4600">
    <p class='ocr_par' dir='ltr' id='par_1_78' title="bbox 392 4512 2016 4600">
     <span class='ocr_line' id='line_1_78' title="bbox 392 4512 2016 4600; baseline 0.001 -22"><span class='ocrx_word' id='word_1_580' title='bbox 392 4551 419 4578; x_wconf 85' lang='grc'><em>‹‹</em></span> <span class='ocrx_word' id='word_1_581' title='bbox 452 4529 630 4600; x_wconf 82' lang='lat' dir='ltr'>Onyx.</span> <span class='ocrx_word' id='word_1_582' title='bbox 667 4546 696 4578; x_wconf 68' lang='grc' dir='ltr'>ιθ</span> <span class='ocrx_word' id='word_1_583' title='bbox 731 4527 824 4582; x_wconf 87' lang='lat' dir='ltr'>Est</span> <span class='ocrx_word' id='word_1_584' title='bbox 854 4525 997 4597; x_wconf 86' lang='lat' dir='ltr'>lapis</span> <span class='ocrx_word' id='word_1_585' title='bbox 1029 4526 1335 4598; x_wconf 89' lang='lat' dir='ltr'>pretiosus,</span> <span class='ocrx_word' id='word_1_586' title='bbox 1366 4512 1456 4580; x_wconf 72' lang='lat' dir='ltr'>sic</span> <span class='ocrx_word' id='word_1_587' title='bbox 1496 4525 1683 4580; x_wconf 90' lang='lat' dir='ltr'>dictus</span> <span class='ocrx_word' id='word_1_588' title='bbox 1722 4526 1858 4598; x_wconf 88' lang='lat' dir='ltr'>quia</span> <span class='ocrx_word' id='word_1_589' title='bbox 1887 4542 2016 4597; x_wconf 84' lang='lat' dir='ltr'>per-</span> 
     </span>
    </p>
   </div>
   <div class='ocr_carea' id='block_1_79' title="bbox 318 4614 2018 4672">
    <p class='ocr_par' dir='ltr' id='par_1_79' title="bbox 318 4614 2018 4672">
     <span class='ocr_line' id='line_1_79' title="bbox 318 4614 2018 4672; baseline -0.001 0"><span class='ocrx_word' id='word_1_590' title='bbox 318 4617 552 4672; x_wconf 87' lang='lat' dir='ltr'>mistum</span> <span class='ocrx_word' id='word_1_591' title='bbox 582 4616 754 4672; x_wconf 85' lang='lat' dir='ltr'>habet</span> <span class='ocrx_word' id='word_1_592' title='bbox 773 4614 1081 4670; x_wconf 86' lang='lat' dir='ltr'>candorem</span> <span class='ocrx_word' id='word_1_593' title='bbox 1108 4615 1176 4670; x_wconf 88' lang='lat' dir='ltr'>ad</span> <span class='ocrx_word' id='word_1_594' title='bbox 1205 4615 1446 4669; x_wconf 88' lang='lat' dir='ltr'>humani</span> <span class='ocrx_word' id='word_1_595' title='bbox 1467 4615 1900 4670; x_wconf 88' lang='lat' dir='ltr'>similitudinem</span> <span class='ocrx_word' id='word_1_596' title='bbox 1917 4631 2018 4670; x_wconf 86' lang='lat' dir='ltr'>un-</span> 
     </span>
    </p>
   </div>
   <div class='ocr_carea' id='block_1_80' title="bbox 317 4701 2018 4777">
    <p class='ocr_par' dir='ltr' id='par_1_80' title="bbox 317 4701 2018 4777">
     <span class='ocr_line' id='line_1_80' title="bbox 317 4701 2018 4777; baseline -0.002 -17"><span class='ocrx_word' id='word_1_597' title='bbox 317 4705 442 4777; x_wconf 90' lang='lat' dir='ltr'>guis</span> <span class='ocrx_word' id='word_1_598' title='bbox 456 4705 592 4777; x_wconf 89' lang='lat' dir='ltr'>quia</span> <span class='ocrx_word' id='word_1_599' title='bbox 610 4703 823 4776; x_wconf 90' lang='lat' dir='ltr'>unguis</span> <span class='ocrx_word' id='word_1_600' title='bbox 843 4703 1034 4758; x_wconf 64' lang='lat' dir='ltr'>Graece</span> <span class='ocrx_word' id='word_1_601' title='bbox 1054 4701 1264 4758; x_wconf 89' lang='lat' dir='ltr'>dicitur</span> <span class='ocrx_word' id='word_1_602' title='bbox 1284 4702 1418 4765; x_wconf 84' lang='grc' dir='ltr'>ὄνυξ.</span> <span class='ocrx_word' id='word_1_603' title='bbox 1447 4703 1699 4775; x_wconf 79' lang='lat' dir='ltr'>Antiqua</span> <span class='ocrx_word' id='word_1_604' title='bbox 1721 4703 2018 4758; x_wconf 88' lang='lat' dir='ltr'>translatio</span> 
     </span>
    </p>
   </div>
   <div class='ocr_carea' id='block_1_81' title="bbox 316 4790 2018 4863">
    <p class='ocr_par' dir='ltr' id='par_1_81' title="bbox 316 4790 2018 4863">
     <span class='ocr_line' id='line_1_81' title="bbox 316 4790 2018 4863; baseline 0 -17"><span class='ocrx_word' id='word_1_605' title='bbox 316 4792 488 4847; x_wconf 85' lang='lat' dir='ltr'>habet</span> <span class='ocrx_word' id='word_1_606' title='bbox 520 4815 549 4842; x_wconf 83' lang='lat'><strong>«</strong></span> <span class='ocrx_word' id='word_1_607' title='bbox 578 4792 992 4847; x_wconf 85' lang='lat' dir='ltr'>carbunculum</span> <span class='ocrx_word' id='word_1_608' title='bbox 1031 4796 1087 4847; x_wconf 91' lang='lat' dir='ltr'>et</span> <span class='ocrx_word' id='word_1_609' title='bbox 1125 4790 1400 4863; x_wconf 89' lang='lat' dir='ltr'>prasium.</span> <span class='ocrx_word' id='word_1_610' title='bbox 1436 4813 1457 4840; x_wconf 78' lang='grc' dir='ltr'>ι</span> <span class='ocrx_word' id='word_1_611' title='bbox 1497 4792 1888 4847; x_wconf 89' lang='lat' dir='ltr'>Carbunculus</span> <span class='ocrx_word' id='word_1_612' title='bbox 1932 4795 2018 4846; x_wconf 91' lang='lat' dir='ltr'>est</span> 
     </span>
    </p>
   </div>
   <div class='ocr_carea' id='block_1_82' title="bbox 316 4879 2014 4951">
    <p class='ocr_par' dir='ltr' id='par_1_82' title="bbox 316 4879 2014 4951">
     <span class='ocr_line' id='line_1_82' title="bbox 316 4879 2014 4951; baseline 0 -17"><span class='ocrx_word' id='word_1_613' title='bbox 316 4879 474 4951; x_wconf 88' lang='lat' dir='ltr'>ignei</span> <span class='ocrx_word' id='word_1_614' title='bbox 513 4881 743 4947; x_wconf 87' lang='lat' dir='ltr'>coloris,</span> <span class='ocrx_word' id='word_1_615' title='bbox 795 4885 853 4936; x_wconf 90' lang='lat' dir='ltr'>et</span> <span class='ocrx_word' id='word_1_616' title='bbox 906 4880 1115 4936; x_wconf 87' lang='lat' dir='ltr'>dicitur</span> <span class='ocrx_word' id='word_1_617' title='bbox 1169 4880 1452 4934; x_wconf 88' lang='lat' dir='ltr'>illustrare</span> <span class='ocrx_word' id='word_1_618' title='bbox 1498 4879 1760 4934; x_wconf 89' lang='lat' dir='ltr'>tenebras</span> <span class='ocrx_word' id='word_1_619' title='bbox 1815 4881 2014 4934; x_wconf 89' lang='lat' dir='ltr'>noctis.</span> 
     </span>
    </p>
   </div>
   <div class='ocr_carea' id='block_1_83' title="bbox 316 4967 2017 5041">
    <p class='ocr_par' dir='ltr' id='par_1_83' title="bbox 316 4967 2017 5041">
     <span class='ocr_line' id='line_1_83' title="bbox 316 4967 2017 5041; baseline -0.002 -18"><span class='ocrx_word' id='word_1_620' title='bbox 316 4969 544 5023; x_wconf 81' lang='lat' dir='ltr'>Prasias</span> <span class='ocrx_word' id='word_1_621' title='bbox 575 4974 659 5024; x_wconf 89' lang='lat' dir='ltr'>est</span> <span class='ocrx_word' id='word_1_622' title='bbox 688 4969 904 5037; x_wconf 89' lang='lat' dir='ltr'>viridis,</span> <span class='ocrx_word' id='word_1_623' title='bbox 933 4969 1087 5026; x_wconf 89' lang='lat' dir='ltr'>unde</span> <span class='ocrx_word' id='word_1_624' title='bbox 1117 4971 1306 5026; x_wconf 62' lang='lat' dir='ltr'>Graece</span> <span class='ocrx_word' id='word_1_625' title='bbox 1337 4987 1370 5023; x_wconf 89' lang='lat' dir='ltr'>a</span> <span class='ocrx_word' id='word_1_626' title='bbox 1399 4984 1588 5040; x_wconf 88' lang='lat' dir='ltr'>porro,</span> <span class='ocrx_word' id='word_1_627' title='bbox 1631 4967 1786 5040; x_wconf 90' lang='lat' dir='ltr'>quod</span> <span class='ocrx_word' id='word_1_628' title='bbox 1816 4971 2017 5041; x_wconf 73' lang='grc' dir='ltr'>πράσον</span> 
     </span>
    </p>
   </div>
   <div class='ocr_carea' id='block_1_84' title="bbox 319 5057 1051 5129">
    <p class='ocr_par' dir='ltr' id='par_1_84' title="bbox 319 5057 1051 5129">
     <span class='ocr_line' id='line_1_84' title="bbox 319 5057 1051 5129; baseline 0.001 -17"><span class='ocrx_word' id='word_1_629' title='bbox 319 5057 548 5124; x_wconf 89' lang='lat' dir='ltr'>dicitur,</span> <span class='ocrx_word' id='word_1_630' title='bbox 574 5057 787 5112; x_wconf 84' lang='lat' dir='ltr'>nomen</span> <span class='ocrx_word' id='word_1_631' title='bbox 815 5059 1051 5129; x_wconf 90' lang='lat' dir='ltr'>accepit.</span> 
     </span>
    </p>
   </div>
   <div class='ocr_carea' id='block_1_85' title="bbox 390 5146 2014 5218">
    <p class='ocr_par' dir='ltr' id='par_1_85' title="bbox 390 5146 2014 5218">
     <span class='ocr_line' id='line_1_85' title="bbox 390 5146 2014 5218; baseline 0.001 -20"><span class='ocrx_word' id='word_1_632' title='bbox 390 5146 552 5201; x_wconf 76' lang='lat' dir='ltr'>Vnus.</span> <span class='ocrx_word' id='word_1_633' title='bbox 589 5149 670 5199; x_wconf 86' lang='lat' dir='ltr'>t5.</span> <span class='ocrx_word' id='word_1_634' title='bbox 703 5176 772 5185; x_wconf 95' lang='lat'><strong><em>—</em></strong></span> <span class='ocrx_word' id='word_1_635' title='bbox 805 5165 832 5197; x_wconf 75' lang='grc' dir='ltr'>α</span> <span class='ocrx_word' id='word_1_636' title='bbox 878 5148 1032 5202; x_wconf 91' lang='lat' dir='ltr'>Tulit</span> <span class='ocrx_word' id='word_1_637' title='bbox 1078 5163 1216 5218; x_wconf 87' lang='lat' dir='ltr'>ergo</span> <span class='ocrx_word' id='word_1_638' title='bbox 1267 5147 1543 5202; x_wconf 89' lang='lat' dir='ltr'>Dominus</span> <span class='ocrx_word' id='word_1_639' title='bbox 1590 5147 1756 5212; x_wconf 88' lang='lat' dir='ltr'>Deus,</span> <span class='ocrx_word' id='word_1_640' title='bbox 1813 5165 1840 5196; x_wconf 76' lang='grc' dir='ltr'><strong>ι)</strong></span> <span class='ocrx_word' id='word_1_641' title='bbox 1910 5151 2014 5200; x_wconf 91' lang='lat' dir='ltr'>etc.</span> 
     </span>
    </p>
   </div>
   <div class='ocr_carea' id='block_1_86' title="bbox 321 5233 2018 5307">
    <p class='ocr_par' dir='ltr' id='par_1_86' title="bbox 321 5233 2018 5307">
     <span class='ocr_line' id='line_1_86' title="bbox 321 5233 2018 5307; baseline 0 -19"><span class='ocrx_word' id='word_1_642' title='bbox 321 5235 505 5302; x_wconf 56' lang='lat' dir='ltr'>(Aea,</span> <span class='ocrx_word' id='word_1_643' title='bbox 538 5233 634 5288; x_wconf 80' lang='lat' dir='ltr'>ubi</span> <span class='ocrx_word' id='word_1_644' title='bbox 668 5249 860 5303; x_wconf 82' lang='lat' dir='ltr'>supra,</span> <span class='ocrx_word' id='word_1_645' title='bbox 907 5250 956 5289; x_wconf 90' lang='lat' dir='ltr'>c.</span> <span class='ocrx_word' id='word_1_646' title='bbox 1009 5237 1088 5306; x_wconf 91' lang='lat'>8.)</span> <span class='ocrx_word' id='word_1_647' title='bbox 1125 5236 1424 5290; x_wconf 87' lang='lat' dir='ltr'>Hominem</span> <span class='ocrx_word' id='word_1_648' title='bbox 1466 5236 1526 5290; x_wconf 89' lang='lat' dir='ltr'>in</span> <span class='ocrx_word' id='word_1_649' title='bbox 1559 5234 1821 5307; x_wconf 90' lang='lat' dir='ltr'>paradiso</span> <span class='ocrx_word' id='word_1_650' title='bbox 1860 5234 2018 5305; x_wconf 75' lang='lat' dir='ltr'>posi-</span> 
     </span>
    </p>
   </div>
   <div class='ocr_carea' id='block_1_87' title="bbox 320 5324 2013 5398">
    <p class='ocr_par' dir='ltr' id='par_1_87' title="bbox 320 5324 2013 5398">
     <span class='ocr_line' id='line_1_87' title="bbox 320 5324 2013 5398; baseline 0 -19"><span class='ocrx_word' id='word_1_651' title='bbox 320 5329 441 5379; x_wconf 90' lang='lat' dir='ltr'>tum</span> <span class='ocrx_word' id='word_1_652' title='bbox 465 5324 588 5396; x_wconf 83' lang='lat' dir='ltr'>jam</span> <span class='ocrx_word' id='word_1_653' title='bbox 618 5324 784 5380; x_wconf 85' lang='lat' dir='ltr'>dixit.</span> <span class='ocrx_word' id='word_1_654' title='bbox 823 5325 983 5379; x_wconf 86' lang='lat' dir='ltr'>Nunc</span> <span class='ocrx_word' id='word_1_655' title='bbox 1010 5327 1354 5396; x_wconf 87' lang='lat' dir='ltr'>recapitulat</span> <span class='ocrx_word' id='word_1_656' title='bbox 1384 5327 1456 5382; x_wconf 91' lang='lat' dir='ltr'>ad</span> <span class='ocrx_word' id='word_1_657' title='bbox 1486 5327 1626 5398; x_wconf 89' lang='lat' dir='ltr'>quid</span> <span class='ocrx_word' id='word_1_658' title='bbox 1655 5325 1879 5398; x_wconf 89' lang='lat' dir='ltr'>positus</span> <span class='ocrx_word' id='word_1_659' title='bbox 1907 5331 2013 5391; x_wconf 89' lang='lat' dir='ltr'>est,</span> 
     </span>
    </p>
   </div>
   <div class='ocr_carea' id='block_1_88' title="bbox 321 5413 2013 5485">
    <p class='ocr_par' dir='ltr' id='par_1_88' title="bbox 321 5413 2013 5485">
     <span class='ocr_line' id='line_1_88' title="bbox 321 5413 2013 5485; baseline 0.001 -17"><span class='ocrx_word' id='word_1_660' title='bbox 321 5436 342 5462; x_wconf 74' lang='grc' dir='ltr'>ι</span> <span class='ocrx_word' id='word_1_661' title='bbox 376 5417 440 5468; x_wconf 88' lang='lat' dir='ltr'>ut</span> <span class='ocrx_word' id='word_1_662' title='bbox 476 5416 825 5485; x_wconf 87' lang='lat' dir='ltr'>operaretur,</span> <span class='ocrx_word' id='word_1_663' title='bbox 861 5433 888 5461; x_wconf 74' lang='grc' dir='ltr'><strong>ι)</strong></span> <span class='ocrx_word' id='word_1_664' title='bbox 921 5417 1027 5467; x_wconf 89' lang='lat' dir='ltr'>etc.</span> <span class='ocrx_word' id='word_1_665' title='bbox 1074 5415 1196 5468; x_wconf 87' lang='lat' dir='ltr'>Non</span> <span class='ocrx_word' id='word_1_666' title='bbox 1246 5420 1328 5468; x_wconf 91' lang='lat' dir='ltr'>est</span> <span class='ocrx_word' id='word_1_667' title='bbox 1357 5415 1513 5469; x_wconf 91' lang='lat' dir='ltr'>enim</span> <span class='ocrx_word' id='word_1_668' title='bbox 1557 5413 1827 5469; x_wconf 88' lang='lat' dir='ltr'>credibile</span> <span class='ocrx_word' id='word_1_669' title='bbox 1861 5413 2013 5485; x_wconf 88' lang='lat' dir='ltr'>quod</span> 
     </span>
    </p>
   </div>
   <div class='ocr_carea' id='block_1_89' title="bbox 319 5503 2015 5574">
    <p class='ocr_par' dir='ltr' id='par_1_89' title="bbox 319 5503 2015 5574">
     <span class='ocr_line' id='line_1_89' title="bbox 319 5503 2015 5574; baseline 0 -17"><span class='ocrx_word' id='word_1_670' title='bbox 319 5503 467 5565; x_wconf 83' lang='lat' dir='ltr'>Deus</span> <span class='ocrx_word' id='word_1_671' title='bbox 521 5518 653 5565; x_wconf 88' lang='lat' dir='ltr'>eum</span> <span class='ocrx_word' id='word_1_672' title='bbox 705 5506 836 5558; x_wconf 89' lang='lat' dir='ltr'>ante</span> <span class='ocrx_word' id='word_1_673' title='bbox 885 5506 1178 5574; x_wconf 87' lang='lat' dir='ltr'>peccatum</span> <span class='ocrx_word' id='word_1_674' title='bbox 1233 5503 1300 5557; x_wconf 91' lang='lat' dir='ltr'>ad</span> <span class='ocrx_word' id='word_1_675' title='bbox 1333 5505 1589 5559; x_wconf 91' lang='lat' dir='ltr'>laborem</span> <span class='ocrx_word' id='word_1_676' title='bbox 1639 5503 2015 5572; x_wconf 82' lang='lat' dir='ltr'>damnaverit,</span> 
     </span>
    </p>
   </div>
   <div class='ocr_carea' id='block_1_90' title="bbox 2120 3021 3815 3096">
    <p class='ocr_par' dir='ltr' id='par_1_90' title="bbox 2120 3021 3815 3096">
     <span class='ocr_line' id='line_1_90' title="bbox 2120 3021 3815 3096; baseline -0.002 -17"><span class='ocrx_word' id='word_1_677' title='bbox 2120 3025 2273 3096; x_wconf 90' lang='lat' dir='ltr'>quod</span> <span class='ocrx_word' id='word_1_678' title='bbox 2301 3023 2586 3095; x_wconf 86' lang='lat' dir='ltr'>peccaturi</span> <span class='ocrx_word' id='word_1_679' title='bbox 2615 3039 2842 3078; x_wconf 90' lang='lat' dir='ltr'>eramus</span> <span class='ocrx_word' id='word_1_680' title='bbox 2869 3029 2927 3077; x_wconf 95' lang='lat' dir='ltr'>et</span> <span class='ocrx_word' id='word_1_681' title='bbox 2958 3022 3168 3077; x_wconf 88' lang='lat' dir='ltr'>deinde</span> <span class='ocrx_word' id='word_1_682' title='bbox 3203 3021 3403 3093; x_wconf 84' lang='lat' dir='ltr'>judicii</span> <span class='ocrx_word' id='word_1_683' title='bbox 3433 3023 3557 3092; x_wconf 89' lang='lat' dir='ltr'>ejus</span> <span class='ocrx_word' id='word_1_684' title='bbox 3601 3023 3815 3077; x_wconf 89' lang='lat' dir='ltr'>sentire</span> 
     </span>
    </p>
   </div>
   <div class='ocr_carea' id='block_1_91' title="bbox 2119 3109 3820 3182">
    <p class='ocr_par' dir='ltr' id='par_1_91' title="bbox 2119 3109 3820 3182">
     <span class='ocr_line' id='line_1_91' title="bbox 2119 3109 3820 3182; baseline -0.001 -16"><span class='ocrx_word' id='word_1_685' title='bbox 2119 3129 2344 3167; x_wconf 88' lang='lat' dir='ltr'>severos</span> <span class='ocrx_word' id='word_1_686' title='bbox 2384 3113 2645 3166; x_wconf 79' lang='lat' dir='ltr'>aculeos?</span> <span class='ocrx_word' id='word_1_687' title='bbox 2696 3111 3035 3182; x_wconf 79' lang='lat' dir='ltr'>Respondeo</span> <span class='ocrx_word' id='word_1_688' title='bbox 3077 3126 3092 3165; x_wconf 87' lang='lat'><strong>:</strong></span> <span class='ocrx_word' id='word_1_689' title='bbox 3142 3111 3282 3165; x_wconf 90' lang='lat' dir='ltr'>Cum</span> <span class='ocrx_word' id='word_1_690' title='bbox 3330 3109 3403 3164; x_wconf 90' lang='lat' dir='ltr'>sit</span> <span class='ocrx_word' id='word_1_691' title='bbox 3434 3110 3718 3181; x_wconf 89' lang='lat' dir='ltr'>benignus</span> <span class='ocrx_word' id='word_1_692' title='bbox 3761 3115 3820 3165; x_wconf 89' lang='lat' dir='ltr'>et</span> 
     </span>
    </p>
   </div>
   <div class='ocr_carea' id='block_1_92' title="bbox 2119 3199 3816 3271">
    <p class='ocr_par' dir='ltr' id='par_1_92' title="bbox 2119 3199 3816 3271">
     <span class='ocr_line' id='line_1_92' title="bbox 2119 3199 3816 3271; baseline -0.002 -16"><span class='ocrx_word' id='word_1_693' title='bbox 2119 3206 2470 3264; x_wconf 87' lang='lat' dir='ltr'>mansuetus,</span> <span class='ocrx_word' id='word_1_694' title='bbox 2507 3206 2564 3254; x_wconf 91' lang='lat' dir='ltr'>et</span> <span class='ocrx_word' id='word_1_695' title='bbox 2595 3201 2761 3255; x_wconf 89' lang='lat' dir='ltr'>vellet</span> <span class='ocrx_word' id='word_1_696' title='bbox 2790 3200 2849 3254; x_wconf 92' lang='lat' dir='ltr'>in</span> <span class='ocrx_word' id='word_1_697' title='bbox 2893 3199 3388 3271; x_wconf 87' lang='lat' dir='ltr'>ineorruptibilem</span> <span class='ocrx_word' id='word_1_698' title='bbox 3429 3203 3484 3252; x_wconf 91' lang='lat' dir='ltr'>et</span> <span class='ocrx_word' id='word_1_699' title='bbox 3525 3199 3816 3253; x_wconf 86' lang='lat' dir='ltr'>immorta-</span> 
     </span>
    </p>
   </div>
   <div class='ocr_carea' id='block_1_93' title="bbox 2120 3289 3816 3358">
    <p class='ocr_par' dir='ltr' id='par_1_93' title="bbox 2120 3289 3816 3358">
     <span class='ocr_line' id='line_1_93' title="bbox 2120 3289 3816 3358; baseline -0.002 -14"><span class='ocrx_word' id='word_1_700' title='bbox 2120 3291 2232 3344; x_wconf 85' lang='lat' dir='ltr'>lem</span> <span class='ocrx_word' id='word_1_701' title='bbox 2264 3289 2650 3344; x_wconf 91' lang='lat' dir='ltr'>conditionem</span> <span class='ocrx_word' id='word_1_702' title='bbox 2689 3305 2936 3342; x_wconf 88' lang='lat' dir='ltr'>asserere</span> <span class='ocrx_word' id='word_1_703' title='bbox 2965 3289 3280 3343; x_wconf 89' lang='lat' dir='ltr'>humanum</span> <span class='ocrx_word' id='word_1_704' title='bbox 3333 3303 3515 3358; x_wconf 90' lang='lat' dir='ltr'>genus</span> <span class='ocrx_word' id='word_1_705' title='bbox 3545 3304 3558 3342; x_wconf 88' lang='lat'><strong>:</strong></span> <span class='ocrx_word' id='word_1_706' title='bbox 3595 3305 3666 3342; x_wconf 92' lang='lat' dir='ltr'>ne</span> <span class='ocrx_word' id='word_1_707' title='bbox 3696 3304 3816 3341; x_wconf 74' lang='lat' dir='ltr'>sua:</span> 
     </span>
    </p>
   </div>
   <div class='ocr_carea' id='block_1_94' title="bbox 2119 3376 3817 3449">
    <p class='ocr_par' dir='ltr' id='par_1_94' title="bbox 2119 3376 3817 3449">
     <span class='ocr_line' id='line_1_94' title="bbox 2119 3376 3817 3449; baseline 0.001 -20"><span class='ocrx_word' id='word_1_708' title='bbox 2119 3380 2203 3433; x_wconf 85' lang='lat' dir='ltr'>vel</span> <span class='ocrx_word' id='word_1_709' title='bbox 2231 3377 2478 3449; x_wconf 61' lang='lat' dir='ltr'>propriae</span> <span class='ocrx_word' id='word_1_710' title='bbox 2522 3377 2719 3433; x_wconf 87' lang='lat' dir='ltr'>virtuti</span> <span class='ocrx_word' id='word_1_711' title='bbox 2749 3376 3089 3431; x_wconf 84' lang='lat' dir='ltr'>beneficium</span> <span class='ocrx_word' id='word_1_712' title='bbox 3121 3377 3176 3432; x_wconf 89' lang='lat' dir='ltr'>id</span> <span class='ocrx_word' id='word_1_713' title='bbox 3217 3382 3447 3446; x_wconf 90' lang='lat' dir='ltr'>accepto</span> <span class='ocrx_word' id='word_1_714' title='bbox 3485 3377 3719 3442; x_wconf 88' lang='lat' dir='ltr'>ferrent,</span> <span class='ocrx_word' id='word_1_715' title='bbox 3755 3377 3817 3431; x_wconf 90' lang='lat' dir='ltr'>in</span> 
     </span>
    </p>
   </div>
   <div class='ocr_carea' id='block_1_95' title="bbox 2121 3464 3817 3535">
    <p class='ocr_par' dir='ltr' id='par_1_95' title="bbox 2121 3464 3817 3535">
     <span class='ocr_line' id='line_1_95' title="bbox 2121 3464 3817 3535; baseline -0.002 -14"><span class='ocrx_word' id='word_1_716' title='bbox 2121 3468 2272 3522; x_wconf 87' lang='lat' dir='ltr'>hunc</span> <span class='ocrx_word' id='word_1_717' title='bbox 2303 3467 2536 3521; x_wconf 90' lang='lat' dir='ltr'>modum</span> <span class='ocrx_word' id='word_1_718' title='bbox 2567 3466 2706 3534; x_wconf 82' lang='lat' dir='ltr'>egit,</span> <span class='ocrx_word' id='word_1_719' title='bbox 2741 3465 2919 3519; x_wconf 90' lang='lat' dir='ltr'>voluit</span> <span class='ocrx_word' id='word_1_720' title='bbox 2957 3471 3017 3519; x_wconf 93' lang='lat' dir='ltr'>ut</span> <span class='ocrx_word' id='word_1_721' title='bbox 3043 3465 3255 3535; x_wconf 86' lang='lat' dir='ltr'>gratias</span> <span class='ocrx_word' id='word_1_722' title='bbox 3294 3465 3348 3518; x_wconf 91' lang='lat' dir='ltr'>ei</span> <span class='ocrx_word' id='word_1_723' title='bbox 3398 3464 3693 3530; x_wconf 88' lang='lat' dir='ltr'>haberent,</span> <span class='ocrx_word' id='word_1_724' title='bbox 3727 3465 3817 3519; x_wconf 89' lang='lat' dir='ltr'>his</span> 
     </span>
    </p>
   </div>
   <div class='ocr_carea' id='block_1_96' title="bbox 2119 3554 3816 3626">
    <p class='ocr_par' dir='ltr' id='par_1_96' title="bbox 2119 3554 3816 3626">
     <span class='ocr_line' id='line_1_96' title="bbox 2119 3554 3816 3626; baseline -0.001 -16"><span class='ocrx_word' id='word_1_725' title='bbox 2119 3558 2291 3610; x_wconf 84' lang='lat' dir='ltr'>etiam</span> <span class='ocrx_word' id='word_1_726' title='bbox 2333 3555 2638 3611; x_wconf 82' lang='lat' dir='ltr'>destinavit</span> <span class='ocrx_word' id='word_1_727' title='bbox 2674 3560 3015 3626; x_wconf 64' lang='lat' dir='ltr'>praesentem</span> <span class='ocrx_word' id='word_1_728' title='bbox 3060 3554 3256 3619; x_wconf 89' lang='lat' dir='ltr'>vitam,</span> <span class='ocrx_word' id='word_1_729' title='bbox 3292 3559 3353 3607; x_wconf 92' lang='lat' dir='ltr'>ut</span> <span class='ocrx_word' id='word_1_730' title='bbox 3403 3554 3724 3623; x_wconf 69' lang='lat' dir='ltr'>palaestram</span> <span class='ocrx_word' id='word_1_731' title='bbox 3757 3557 3816 3608; x_wconf 88' lang='lat' dir='ltr'>et</span> 
     </span>
    </p>
   </div>
   <div class='ocr_carea' id='block_1_97' title="bbox 2120 3641 3819 3716">
    <p class='ocr_par' dir='ltr' id='par_1_97' title="bbox 2120 3641 3819 3716">
     <span class='ocr_line' id='line_1_97' title="bbox 2120 3641 3819 3716; baseline -0.002 -18"><span class='ocrx_word' id='word_1_732' title='bbox 2120 3645 2283 3716; x_wconf 83' lang='lat' dir='ltr'>quasi</span> <span class='ocrx_word' id='word_1_733' title='bbox 2321 3643 2639 3699; x_wconf 89' lang='lat' dir='ltr'>doctrinam</span> <span class='ocrx_word' id='word_1_734' title='bbox 2677 3644 2885 3697; x_wconf 62' lang='lat' dir='ltr'>futuras</span> <span class='ocrx_word' id='word_1_735' title='bbox 2918 3642 3067 3696; x_wconf 70' lang='lat' dir='ltr'>vitae.</span> <span class='ocrx_word' id='word_1_736' title='bbox 3122 3643 3337 3696; x_wconf 88' lang='lat' dir='ltr'>Deinde</span> <span class='ocrx_word' id='word_1_737' title='bbox 3376 3641 3626 3696; x_wconf 84' lang='lat' dir='ltr'>inferens</span> <span class='ocrx_word' id='word_1_738' title='bbox 3669 3658 3819 3696; x_wconf 88' lang='lat' dir='ltr'>mor-</span> 
     </span>
    </p>
   </div>
   <div class='ocr_carea' id='block_1_98' title="bbox 2121 3731 3814 3803">
    <p class='ocr_par' dir='ltr' id='par_1_98' title="bbox 2121 3731 3814 3803">
     <span class='ocr_line' id='line_1_98' title="bbox 2121 3731 3814 3803; baseline -0.002 -15"><span class='ocrx_word' id='word_1_739' title='bbox 2121 3739 2236 3788; x_wconf 89' lang='lat' dir='ltr'>tem</span> <span class='ocrx_word' id='word_1_740' title='bbox 2275 3733 2346 3787; x_wconf 89' lang='lat' dir='ltr'>ob</span> <span class='ocrx_word' id='word_1_741' title='bbox 2384 3737 2702 3803; x_wconf 88' lang='lat' dir='ltr'>peccatum.</span> <span class='ocrx_word' id='word_1_742' title='bbox 2754 3731 2934 3786; x_wconf 88' lang='lat' dir='ltr'>voluit</span> <span class='ocrx_word' id='word_1_743' title='bbox 2978 3736 3038 3783; x_wconf 90' lang='lat' dir='ltr'>ut</span> <span class='ocrx_word' id='word_1_744' title='bbox 3084 3745 3523 3800; x_wconf 86' lang='lat' dir='ltr'>agnosceremus</span> <span class='ocrx_word' id='word_1_745' title='bbox 3560 3736 3814 3785; x_wconf 89' lang='lat' dir='ltr'>nostram</span> 
     </span>
    </p>
   </div>
   <div class='ocr_carea' id='block_1_99' title="bbox 2120 3817 3819 3890">
    <p class='ocr_par' dir='ltr' id='par_1_99' title="bbox 2120 3817 3819 3890">
     <span class='ocr_line' id='line_1_99' title="bbox 2120 3817 3819 3890; baseline -0.002 -14"><span class='ocrx_word' id='word_1_746' title='bbox 2120 3821 2536 3886; x_wconf 77' lang='lat' dir='ltr'>infirmitatem,</span> <span class='ocrx_word' id='word_1_747' title='bbox 2568 3826 2624 3874; x_wconf 90' lang='lat' dir='ltr'>et</span> <span class='ocrx_word' id='word_1_748' title='bbox 2655 3820 2861 3875; x_wconf 87' lang='lat' dir='ltr'>deinde</span> <span class='ocrx_word' id='word_1_749' title='bbox 2902 3835 3006 3873; x_wconf 91' lang='lat' dir='ltr'>nos</span> <span class='ocrx_word' id='word_1_750' title='bbox 3045 3819 3155 3890; x_wconf 86' lang='lat' dir='ltr'>ipsi</span> <span class='ocrx_word' id='word_1_751' title='bbox 3199 3817 3382 3890; x_wconf 88' lang='lat' dir='ltr'>magis</span> <span class='ocrx_word' id='word_1_752' title='bbox 3416 3825 3819 3888; x_wconf 87' lang='lat' dir='ltr'>appeteremus</span> 
     </span>
    </p>
   </div>
   <div class='ocr_carea' id='block_1_100' title="bbox 2123 3909 2642 3966">
    <p class='ocr_par' dir='ltr' id='par_1_100' title="bbox 2123 3909 2642 3966">
     <span class='ocr_line' id='line_1_100' title="bbox 2123 3909 2642 3966; baseline -0.006 0"><span class='ocrx_word' id='word_1_753' title='bbox 2123 3912 2380 3966; x_wconf 87' lang='lat' dir='ltr'>futurum</span> <span class='ocrx_word' id='word_1_754' title='bbox 2409 3909 2642 3964; x_wconf 90' lang='lat' dir='ltr'>donum.</span> 
     </span>
    </p>
   </div>
   <div class='ocr_carea' id='block_1_101' title="bbox 2197 3995 3826 4070">
    <p class='ocr_par' dir='ltr' id='par_1_101' title="bbox 2197 3995 3826 4070">
     <span class='ocr_line' id='line_1_101' title="bbox 2197 3995 3826 4070; baseline 0.002 -22"><span class='ocrx_word' id='word_1_755' title='bbox 2197 4023 2219 4048; x_wconf 81' lang='grc' dir='ltr'>ι</span> <span class='ocrx_word' id='word_1_756' title='bbox 2254 3998 2640 4070; x_wconf 67' lang='grc' dir='ltr'>Ρτωοθρὶῐίιυθ</span> <span class='ocrx_word' id='word_1_757' title='bbox 2673 3997 2726 4052; x_wconf 92' lang='lat' dir='ltr'>ei</span> <span class='ocrx_word' id='word_1_758' title='bbox 2749 3997 2940 4052; x_wconf 91' lang='lat' dir='ltr'>dicens</span> <span class='ocrx_word' id='word_1_759' title='bbox 2973 4014 2985 4051; x_wconf 94' lang='lat'><strong>:</strong></span> <span class='ocrx_word' id='word_1_760' title='bbox 3021 3997 3095 4050; x_wconf 83' lang='lat' dir='ltr'>Ex</span> <span class='ocrx_word' id='word_1_761' title='bbox 3131 3995 3311 4058; x_wconf 89' lang='lat' dir='ltr'>omni.</span> <span class='ocrx_word' id='word_1_762' title='bbox 3347 4015 3374 4046; x_wconf 84' lang='lat'><strong>»</strong></span> <span class='ocrx_word' id='word_1_763' title='bbox 3401 4002 3507 4050; x_wconf 90' lang='lat' dir='ltr'>etc.</span> <span class='ocrx_word' id='word_1_764' title='bbox 3541 3996 3726 4066; x_wconf 61' lang='lat' dir='ltr'>(Ana,</span> <span class='ocrx_word' id='word_1_765' title='bbox 3759 3997 3826 4052; x_wconf 85' lang='lat' dir='ltr'>de</span> 
     </span>
    </p>
   </div>
   <div class='ocr_carea' id='block_1_102' title="bbox 2125 4084 3825 4157">
    <p class='ocr_par' dir='ltr' id='par_1_102' title="bbox 2125 4084 3825 4157">
     <span class='ocr_line' id='line_1_102' title="bbox 2125 4084 3825 4157; baseline -0.004 -13"><span class='ocrx_word' id='word_1_766' title='bbox 2125 4090 2253 4145; x_wconf 84' lang='lat' dir='ltr'>Gen.</span> <span class='ocrx_word' id='word_1_767' title='bbox 2279 4088 2354 4143; x_wconf 86' lang='lat' dir='ltr'>ad</span> <span class='ocrx_word' id='word_1_768' title='bbox 2371 4090 2506 4157; x_wconf 60' lang='lat' dir='ltr'>litt,</span> <span class='ocrx_word' id='word_1_769' title='bbox 2527 4088 2562 4141; x_wconf 92' lang='lat' dir='ltr'>l.</span> <span class='ocrx_word' id='word_1_770' title='bbox 2586 4104 2702 4154; x_wconf 87' lang='lat' dir='ltr'>vni,</span> <span class='ocrx_word' id='word_1_771' title='bbox 2735 4090 2826 4155; x_wconf 77' lang='lat'>28,</span> <span class='ocrx_word' id='word_1_772' title='bbox 2850 4090 2990 4140; x_wconf 89' lang='lat' dir='ltr'>tom.</span> <span class='ocrx_word' id='word_1_773' title='bbox 3011 4084 3215 4155; x_wconf 86' lang='lat' dir='ltr'>Ill.)Si</span> <span class='ocrx_word' id='word_1_774' title='bbox 3229 4084 3509 4156; x_wconf 73' lang='lat' dir='ltr'>quaeritur</span> <span class='ocrx_word' id='word_1_775' title='bbox 3532 4086 3825 4156; x_wconf 89' lang='lat' dir='ltr'>quomodo</span> 
     </span>
    </p>
   </div>
   <div class='ocr_carea' id='block_1_103' title="bbox 2128 4174 3826 4246">
    <p class='ocr_par' dir='ltr' id='par_1_103' title="bbox 2128 4174 3826 4246">
     <span class='ocr_line' id='line_1_103' title="bbox 2128 4174 3826 4246; baseline -0.003 -13"><span class='ocrx_word' id='word_1_776' title='bbox 2128 4179 2234 4233; x_wconf 90' lang='lat' dir='ltr'>ista</span> <span class='ocrx_word' id='word_1_777' title='bbox 2282 4180 2505 4233; x_wconf 91' lang='lat' dir='ltr'>locutus</span> <span class='ocrx_word' id='word_1_778' title='bbox 2554 4178 2646 4242; x_wconf 88' lang='lat' dir='ltr'>sit,</span> <span class='ocrx_word' id='word_1_779' title='bbox 2679 4193 2796 4230; x_wconf 79' lang='lat' dir='ltr'>non</span> <span class='ocrx_word' id='word_1_780' title='bbox 2844 4175 3076 4246; x_wconf 90' lang='lat' dir='ltr'>proprie</span> <span class='ocrx_word' id='word_1_781' title='bbox 3134 4192 3166 4228; x_wconf 90' lang='lat' dir='ltr'>a</span> <span class='ocrx_word' id='word_1_782' title='bbox 3222 4174 3385 4228; x_wconf 91' lang='lat' dir='ltr'>nobis</span> <span class='ocrx_word' id='word_1_783' title='bbox 3432 4178 3622 4244; x_wconf 84' lang='lat' dir='ltr'>potest</span> <span class='ocrx_word' id='word_1_784' title='bbox 3674 4190 3826 4228; x_wconf 83' lang='lat' dir='ltr'>eom-</span> 
     </span>
    </p>
   </div>
   <div class='ocr_carea' id='block_1_104' title="bbox 2127 4262 3824 4338">
    <p class='ocr_par' dir='ltr' id='par_1_104' title="bbox 2127 4262 3824 4338">
     <span class='ocr_line' id='line_1_104' title="bbox 2127 4262 3824 4338; baseline -0.001 -18"><span class='ocrx_word' id='word_1_785' title='bbox 2127 4267 2428 4338; x_wconf 88' lang='lat' dir='ltr'>prehendi.</span> <span class='ocrx_word' id='word_1_786' title='bbox 2465 4268 2692 4322; x_wconf 83' lang='lat' dir='ltr'>Certum</span> <span class='ocrx_word' id='word_1_787' title='bbox 2725 4270 2812 4319; x_wconf 89' lang='lat' dir='ltr'>est</span> <span class='ocrx_word' id='word_1_788' title='bbox 2832 4263 2986 4318; x_wconf 89' lang='lat' dir='ltr'>enim</span> <span class='ocrx_word' id='word_1_789' title='bbox 3009 4268 3109 4318; x_wconf 87' lang='lat' dir='ltr'>aut</span> <span class='ocrx_word' id='word_1_790' title='bbox 3134 4278 3234 4334; x_wconf 91' lang='lat' dir='ltr'>per</span> <span class='ocrx_word' id='word_1_791' title='bbox 3264 4278 3426 4318; x_wconf 90' lang='lat' dir='ltr'>suam</span> <span class='ocrx_word' id='word_1_792' title='bbox 3451 4262 3824 4318; x_wconf 88' lang='lat' dir='ltr'>substantiam</span> 
     </span>
    </p>
   </div>
   <div class='ocr_carea' id='block_1_105' title="bbox 2128 4349 3823 4424">
    <p class='ocr_par' dir='ltr' id='par_1_105' title="bbox 2128 4349 3823 4424">
     <span class='ocr_line' id='line_1_105' title="bbox 2128 4349 3823 4424; baseline -0.003 -15"><span class='ocrx_word' id='word_1_793' title='bbox 2128 4355 2310 4424; x_wconf 90' lang='lat' dir='ltr'>loqui,</span> <span class='ocrx_word' id='word_1_794' title='bbox 2334 4359 2464 4420; x_wconf 88' lang='lat' dir='ltr'>etc.,</span> <span class='ocrx_word' id='word_1_795' title='bbox 2487 4368 2654 4422; x_wconf 85' lang='lat' dir='ltr'>usque</span> <span class='ocrx_word' id='word_1_796' title='bbox 2684 4351 2759 4406; x_wconf 88' lang='lat' dir='ltr'>ad</span> <span class='ocrx_word' id='word_1_797' title='bbox 2781 4351 2877 4405; x_wconf 81' lang='lat' dir='ltr'>sed</span> <span class='ocrx_word' id='word_1_798' title='bbox 2911 4366 3018 4421; x_wconf 90' lang='lat' dir='ltr'>per</span> <span class='ocrx_word' id='word_1_799' title='bbox 3041 4350 3324 4405; x_wconf 87' lang='lat' dir='ltr'>subditam</span> <span class='ocrx_word' id='word_1_800' title='bbox 3355 4349 3464 4404; x_wconf 88' lang='lat' dir='ltr'>sibi</span> <span class='ocrx_word' id='word_1_801' title='bbox 3486 4357 3823 4405; x_wconf 88' lang='lat' dir='ltr'>creaturam.</span> 
     </span>
    </p>
   </div>
   <div class='ocr_carea' id='block_1_106' title="bbox 2197 4439 3824 4512">
    <p class='ocr_par' dir='ltr' id='par_1_106' title="bbox 2197 4439 3824 4512">
     <span class='ocr_line' id='line_1_106' title="bbox 2197 4439 3824 4512; baseline -0.002 -16"><span class='ocrx_word' id='word_1_802' title='bbox 2197 4443 2483 4507; x_wconf 70' lang='lat' dir='ltr'>Quzeritur</span> <span class='ocrx_word' id='word_1_803' title='bbox 2505 4440 2797 4512; x_wconf 90' lang='lat' dir='ltr'>quomodo</span> <span class='ocrx_word' id='word_1_804' title='bbox 2828 4439 2985 4510; x_wconf 90' lang='lat' dir='ltr'>loqui</span> <span class='ocrx_word' id='word_1_805' title='bbox 3015 4443 3350 4510; x_wconf 86' lang='lat' dir='ltr'>potuerunt,</span> <span class='ocrx_word' id='word_1_806' title='bbox 3374 4439 3463 4493; x_wconf 91' lang='lat' dir='ltr'>vel</span> <span class='ocrx_word' id='word_1_807' title='bbox 3494 4439 3824 4508; x_wconf 83' lang='lat' dir='ltr'>loquentem</span> 
     </span>
    </p>
   </div>
   <div class='ocr_carea' id='block_1_107' title="bbox 2126 4526 3822 4602">
    <p class='ocr_par' dir='ltr' id='par_1_107' title="bbox 2126 4526 3822 4602">
     <span class='ocr_line' id='line_1_107' title="bbox 2126 4526 3822 4602; baseline -0.004 -16"><span class='ocrx_word' id='word_1_808' title='bbox 2126 4531 2468 4602; x_wconf 87' lang='lat' dir='ltr'>intelligere,</span> <span class='ocrx_word' id='word_1_809' title='bbox 2525 4529 2626 4600; x_wconf 90' lang='lat' dir='ltr'>qui</span> <span class='ocrx_word' id='word_1_810' title='bbox 2665 4544 2779 4584; x_wconf 90' lang='lat' dir='ltr'>non</span> <span class='ocrx_word' id='word_1_811' title='bbox 2836 4527 3150 4584; x_wconf 84' lang='lat' dir='ltr'>didicerant</span> <span class='ocrx_word' id='word_1_812' title='bbox 3183 4526 3336 4582; x_wconf 92' lang='lat' dir='ltr'>inter</span> <span class='ocrx_word' id='word_1_813' title='bbox 3371 4527 3669 4598; x_wconf 86' lang='lat' dir='ltr'>loquentes</span> <span class='ocrx_word' id='word_1_814' title='bbox 3696 4542 3822 4580; x_wconf 90' lang='lat' dir='ltr'>cre-</span> 
     </span>
    </p>
   </div>
   <div class='ocr_carea' id='block_1_108' title="bbox 2127 4614 3828 4688">
    <p class='ocr_par' dir='ltr' id='par_1_108' title="bbox 2127 4614 3828 4688">
     <span class='ocr_line' id='line_1_108' title="bbox 2127 4614 3828 4688; baseline -0.002 -14"><span class='ocrx_word' id='word_1_815' title='bbox 2127 4621 2357 4685; x_wconf 83' lang='lat' dir='ltr'>scendo,</span> <span class='ocrx_word' id='word_1_816' title='bbox 2397 4621 2483 4673; x_wconf 90' lang='lat' dir='ltr'>vel</span> <span class='ocrx_word' id='word_1_817' title='bbox 2525 4617 2902 4688; x_wconf 84' lang='lat' dir='ltr'>magisterio?</span> <span class='ocrx_word' id='word_1_818' title='bbox 2957 4616 3066 4672; x_wconf 89' lang='lat' dir='ltr'>Sed</span> <span class='ocrx_word' id='word_1_819' title='bbox 3109 4632 3205 4670; x_wconf 89' lang='lat' dir='ltr'>eos</span> <span class='ocrx_word' id='word_1_820' title='bbox 3251 4616 3399 4670; x_wconf 88' lang='lat' dir='ltr'>Deus</span> <span class='ocrx_word' id='word_1_821' title='bbox 3440 4615 3582 4669; x_wconf 87' lang='lat' dir='ltr'>tales</span> <span class='ocrx_word' id='word_1_822' title='bbox 3617 4614 3828 4670; x_wconf 88' lang='lat' dir='ltr'>fecerat</span> 
     </span>
    </p>
   </div>
   <div class='ocr_carea' id='block_1_109' title="bbox 2127 4702 3587 4780">
    <p class='ocr_par' dir='ltr' id='par_1_109' title="bbox 2127 4702 3587 4780">
     <span class='ocr_line' id='line_1_109' title="bbox 2127 4702 3587 4780; baseline -0.003 -18"><span class='ocrx_word' id='word_1_823' title='bbox 2127 4709 2225 4780; x_wconf 89' lang='lat' dir='ltr'>qui</span> <span class='ocrx_word' id='word_1_824' title='bbox 2251 4711 2485 4778; x_wconf 88' lang='lat' dir='ltr'>possent</span> <span class='ocrx_word' id='word_1_825' title='bbox 2517 4706 2690 4776; x_wconf 87' lang='lat' dir='ltr'>loqui,</span> <span class='ocrx_word' id='word_1_826' title='bbox 2722 4709 2778 4760; x_wconf 89' lang='lat' dir='ltr'>et</span> <span class='ocrx_word' id='word_1_827' title='bbox 2811 4704 3026 4759; x_wconf 87' lang='lat' dir='ltr'>discere</span> <span class='ocrx_word' id='word_1_828' title='bbox 3048 4704 3118 4759; x_wconf 90' lang='lat' dir='ltr'>ab</span> <span class='ocrx_word' id='word_1_829' title='bbox 3148 4702 3273 4757; x_wconf 90' lang='lat' dir='ltr'>aliis</span> <span class='ocrx_word' id='word_1_830' title='bbox 3303 4703 3350 4758; x_wconf 91' lang='lat' dir='ltr'>si</span> <span class='ocrx_word' id='word_1_831' title='bbox 3379 4709 3587 4759; x_wconf 89' lang='lat' dir='ltr'>essent.</span> 
     </span>
    </p>
   </div>
   <div class='ocr_carea' id='block_1_110' title="bbox 2200 4791 3822 4865">
    <p class='ocr_par' dir='ltr' id='par_1_110' title="bbox 2200 4791 3822 4865">
     <span class='ocr_line' id='line_1_110' title="bbox 2200 4791 3822 4865; baseline -0.001 -17"><span class='ocrx_word' id='word_1_832' title='bbox 2200 4795 2392 4865; x_wconf 58' lang='lat' dir='ltr'>(Ara,</span> <span class='ocrx_word' id='word_1_833' title='bbox 2422 4795 2518 4849; x_wconf 77' lang='lat' dir='ltr'>ubi</span> <span class='ocrx_word' id='word_1_834' title='bbox 2547 4810 2736 4864; x_wconf 84' lang='lat' dir='ltr'>supra,</span> <span class='ocrx_word' id='word_1_835' title='bbox 2768 4808 2815 4848; x_wconf 94' lang='lat' dir='ltr'>c.</span> <span class='ocrx_word' id='word_1_836' title='bbox 2853 4793 2964 4860; x_wconf 81' lang='grc'><strong>14.)</strong></span> <span class='ocrx_word' id='word_1_837' title='bbox 2998 4794 3074 4846; x_wconf 88' lang='lat' dir='ltr'>De</span> <span class='ocrx_word' id='word_1_838' title='bbox 3098 4791 3320 4847; x_wconf 89' lang='lat' dir='ltr'>Christo</span> <span class='ocrx_word' id='word_1_839' title='bbox 3340 4791 3572 4858; x_wconf 88' lang='lat' dir='ltr'>dicitur,</span> <span class='ocrx_word' id='word_1_840' title='bbox 3595 4792 3822 4846; x_wconf 85' lang='lat' dir='ltr'>Isa.vn:</span> 
     </span>
    </p>
   </div>
   <div class='ocr_carea' id='block_1_111' title="bbox 2129 4879 3827 4952">
    <p class='ocr_par' dir='ltr' id='par_1_111' title="bbox 2129 4879 3827 4952">
     <span class='ocr_line' id='line_1_111' title="bbox 2129 4879 3827 4952; baseline -0.001 -19"><span class='ocrx_word' id='word_1_841' title='bbox 2129 4883 2532 4952; x_wconf 74' lang='lat' dir='ltr'>«Priusquam</span> <span class='ocrx_word' id='word_1_842' title='bbox 2586 4881 2726 4935; x_wconf 85' lang='lat' dir='ltr'>sciat</span> <span class='ocrx_word' id='word_1_843' title='bbox 2791 4895 2935 4950; x_wconf 84' lang='lat' dir='ltr'>puer</span> <span class='ocrx_word' id='word_1_844' title='bbox 2992 4879 3209 4932; x_wconf 85' lang='lat' dir='ltr'>bonum</span> <span class='ocrx_word' id='word_1_845' title='bbox 3254 4882 3355 4933; x_wconf 87' lang='lat' dir='ltr'>aut</span> <span class='ocrx_word' id='word_1_846' title='bbox 3401 4879 3642 4946; x_wconf 88' lang='lat' dir='ltr'>malum,</span> <span class='ocrx_word' id='word_1_847' title='bbox 3695 4893 3827 4932; x_wconf 88' lang='lat' dir='ltr'>con-</span> 
     </span>
    </p>
   </div>
   <div class='ocr_carea' id='block_1_112' title="bbox 2131 4967 3824 5039">
    <p class='ocr_par' dir='ltr' id='par_1_112' title="bbox 2131 4967 3824 5039">
     <span class='ocr_line' id='line_1_112' title="bbox 2131 4967 3824 5039; baseline -0.003 -13"><span class='ocrx_word' id='word_1_848' title='bbox 2131 4975 2348 5026; x_wconf 87' lang='lat' dir='ltr'>temnet</span> <span class='ocrx_word' id='word_1_849' title='bbox 2369 4970 2667 5036; x_wconf 90' lang='lat' dir='ltr'>malitiam,</span> <span class='ocrx_word' id='word_1_850' title='bbox 2699 4974 2764 5023; x_wconf 88' lang='lat' dir='ltr'>ut</span> <span class='ocrx_word' id='word_1_851' title='bbox 2802 4967 3237 5039; x_wconf 88' lang='lat' dir='ltr'>eligatbonum.</span> <span class='ocrx_word' id='word_1_852' title='bbox 3280 4986 3308 5018; x_wconf 81' lang='lat'><strong>»</strong></span> <span class='ocrx_word' id='word_1_853' title='bbox 3342 4967 3640 5032; x_wconf 87' lang='lat' dir='ltr'>Quomodo</span> <span class='ocrx_word' id='word_1_854' title='bbox 3671 4968 3824 5038; x_wconf 92' lang='lat' dir='ltr'>quod</span> 
     </span>
    </p>
   </div>
   <div class='ocr_carea' id='block_1_113' title="bbox 2131 5056 3827 5126">
    <p class='ocr_par' dir='ltr' id='par_1_113' title="bbox 2131 5056 3827 5126">
     <span class='ocr_line' id='line_1_113' title="bbox 2131 5056 3827 5126; baseline -0.003 -11"><span class='ocrx_word' id='word_1_855' title='bbox 2131 5060 2308 5115; x_wconf 89' lang='lat' dir='ltr'>nescit</span> <span class='ocrx_word' id='word_1_856' title='bbox 2352 5065 2454 5113; x_wconf 90' lang='lat' dir='ltr'>aut</span> <span class='ocrx_word' id='word_1_857' title='bbox 2500 5057 2833 5123; x_wconf 89' lang='lat' dir='ltr'>contemnit,</span> <span class='ocrx_word' id='word_1_858' title='bbox 2888 5061 2988 5111; x_wconf 91' lang='lat' dir='ltr'>aut</span> <span class='ocrx_word' id='word_1_859' title='bbox 3047 5056 3258 5126; x_wconf 80' lang='lat' dir='ltr'>eligit?</span> <span class='ocrx_word' id='word_1_860' title='bbox 3329 5061 3460 5121; x_wconf 89' lang='lat' dir='ltr'>etc.,</span> <span class='ocrx_word' id='word_1_861' title='bbox 3524 5071 3694 5125; x_wconf 86' lang='lat' dir='ltr'>usque</span> <span class='ocrx_word' id='word_1_862' title='bbox 3750 5057 3827 5110; x_wconf 82' lang='lat' dir='ltr'>ad</span> 
     </span>
    </p>
   </div>
   <div class='ocr_carea' id='block_1_114' title="bbox 2127 5145 3007 5222">
    <p class='ocr_par' dir='ltr' id='par_1_114' title="bbox 2127 5145 3007 5222">
     <span class='ocr_line' id='line_1_114' title="bbox 2127 5145 3007 5222; baseline -0.006 -18"><span class='ocrx_word' id='word_1_863' title='bbox 2127 5149 2282 5222; x_wconf 89' lang='lat' dir='ltr'>quod</span> <span class='ocrx_word' id='word_1_864' title='bbox 2312 5148 2572 5203; x_wconf 88' lang='lat' dir='ltr'>amittere</span> <span class='ocrx_word' id='word_1_865' title='bbox 2603 5162 2716 5200; x_wconf 91' lang='lat' dir='ltr'>non</span> <span class='ocrx_word' id='word_1_866' title='bbox 2747 5145 3007 5200; x_wconf 86' lang='lat' dir='ltr'>debebat.</span> 
     </span>
    </p>
   </div>
   <div class='ocr_carea' id='block_1_115' title="bbox 2197 5232 3828 5306">
    <p class='ocr_par' dir='ltr' id='par_1_115' title="bbox 2197 5232 3828 5306">
     <span class='ocr_line' id='line_1_115' title="bbox 2197 5232 3828 5306; baseline -0.003 -15"><span class='ocrx_word' id='word_1_867' title='bbox 2197 5239 2362 5291; x_wconf 75' lang='lat' dir='ltr'>Vens.</span> <span class='ocrx_word' id='word_1_868' title='bbox 2401 5241 2484 5299; x_wconf 82' lang='lat' dir='ltr'>l7,</span> <span class='ocrx_word' id='word_1_869' title='bbox 2523 5266 2584 5276; x_wconf 86' lang='lat'>—-</span> <span class='ocrx_word' id='word_1_870' title='bbox 2632 5256 2659 5283; x_wconf 78' lang='grc' dir='ltr'><strong><em>κ</em></strong></span> <span class='ocrx_word' id='word_1_871' title='bbox 2693 5235 2772 5289; x_wconf 91' lang='lat' dir='ltr'>De</span> <span class='ocrx_word' id='word_1_872' title='bbox 2826 5235 2983 5306; x_wconf 87' lang='lat' dir='ltr'>ligno</span> <span class='ocrx_word' id='word_1_873' title='bbox 3029 5237 3243 5299; x_wconf 88' lang='lat' dir='ltr'>autem,</span> <span class='ocrx_word' id='word_1_874' title='bbox 3287 5251 3314 5283; x_wconf 71' lang='grc' dir='ltr'><strong>ιο</strong></span> <span class='ocrx_word' id='word_1_875' title='bbox 3371 5236 3480 5286; x_wconf 88' lang='lat' dir='ltr'>etc.</span> <span class='ocrx_word' id='word_1_876' title='bbox 3515 5232 3700 5302; x_wconf 58' lang='lat' dir='ltr'>(Ana,</span> <span class='ocrx_word' id='word_1_877' title='bbox 3733 5233 3828 5287; x_wconf 76' lang='lat' dir='ltr'>ubi</span> 
     </span>
    </p>
   </div>
   <div class='ocr_carea' id='block_1_116' title="bbox 2127 5321 3822 5396">
    <p class='ocr_par' dir='ltr' id='par_1_116' title="bbox 2127 5321 3822 5396">
     <span class='ocr_line' id='line_1_116' title="bbox 2127 5321 3822 5396; baseline -0.003 -15"><span class='ocrx_word' id='word_1_878' title='bbox 2127 5342 2320 5396; x_wconf 84' lang='lat' dir='ltr'>supra,</span> <span class='ocrx_word' id='word_1_879' title='bbox 2371 5342 2418 5379; x_wconf 94' lang='lat' dir='ltr'>c.</span> <span class='ocrx_word' id='word_1_880' title='bbox 2484 5327 2594 5394; x_wconf 80' lang='lat' dir='ltr'>l5.)</span> <span class='ocrx_word' id='word_1_881' title='bbox 2629 5322 2873 5394; x_wconf 87' lang='lat' dir='ltr'>Lignum</span> <span class='ocrx_word' id='word_1_882' title='bbox 2916 5339 2978 5376; x_wconf 85' lang='lat' dir='ltr'>ex</span> <span class='ocrx_word' id='word_1_883' title='bbox 3023 5339 3111 5390; x_wconf 89' lang='lat' dir='ltr'>eo,</span> <span class='ocrx_word' id='word_1_884' title='bbox 3161 5328 3291 5389; x_wconf 87' lang='lat' dir='ltr'>etc.,</span> <span class='ocrx_word' id='word_1_885' title='bbox 3323 5321 3590 5391; x_wconf 85' lang='lat' dir='ltr'>usquead</span> <span class='ocrx_word' id='word_1_886' title='bbox 3618 5321 3676 5377; x_wconf 91' lang='lat' dir='ltr'>id</span> <span class='ocrx_word' id='word_1_887' title='bbox 3718 5326 3822 5381; x_wconf 91' lang='lat' dir='ltr'>est.</span> 
     </span>
    </p>
   </div>
   <div class='ocr_carea' id='block_1_117' title="bbox 2128 5411 3035 5487">
    <p class='ocr_par' dir='ltr' id='par_1_117' title="bbox 2128 5411 3035 5487">
     <span class='ocr_line' id='line_1_117' title="bbox 2128 5411 3035 5487; baseline -0.007 -17"><span class='ocrx_word' id='word_1_888' title='bbox 2128 5414 2285 5487; x_wconf 86' lang='lat' dir='ltr'>quod</span> <span class='ocrx_word' id='word_1_889' title='bbox 2313 5413 2580 5468; x_wconf 88' lang='lat' dir='ltr'>amabant</span> <span class='ocrx_word' id='word_1_890' title='bbox 2607 5429 2724 5468; x_wconf 93' lang='lat' dir='ltr'>non</span> <span class='ocrx_word' id='word_1_891' title='bbox 2748 5411 3035 5467; x_wconf 90' lang='lat' dir='ltr'>amissuri.</span> 
     </span>
    </p>
   </div>
   <div class='ocr_carea' id='block_1_118' title="bbox 2201 5496 3823 5572">
    <p class='ocr_par' dir='ltr' id='par_1_118' title="bbox 2201 5496 3823 5572">
     <span class='ocr_line' id='line_1_118' title="bbox 2201 5496 3823 5572; baseline -0.003 -15"><span class='ocrx_word' id='word_1_892' title='bbox 2201 5499 2564 5572; x_wconf 60' lang='lat' dir='ltr'>(Ssavmxus)</span> <span class='ocrx_word' id='word_1_893' title='bbox 2622 5502 2756 5555; x_wconf 88' lang='lat' dir='ltr'>Tres</span> <span class='ocrx_word' id='word_1_894' title='bbox 2819 5500 3090 5554; x_wconf 89' lang='lat' dir='ltr'>arborum</span> <span class='ocrx_word' id='word_1_895' title='bbox 3147 5496 3488 5552; x_wconf 72' lang='lat' dir='ltr'>differentia:</span> <span class='ocrx_word' id='word_1_896' title='bbox 3547 5502 3710 5552; x_wconf 87' lang='lat' dir='ltr'>erant</span> <span class='ocrx_word' id='word_1_897' title='bbox 3764 5497 3823 5552; x_wconf 90' lang='lat' dir='ltr'>in</span> 
     </span>
    </p>
   </div>
  </div>
