4086 6190
179 334 246 384 89
1334 324 1589 383 GLOSSA
1625 325 2032 382 ORDINARIA.
2074 356 2141 365 σ-
2184 327 2313 382 LIB.
2356 326 2511 381 GEN.
3620 327 3690 379 90

179 448 469 519 paradiso.
515 449 635 504 Una
664 446 899 519 quidem
932 446 1063 501 data
1089 446 1173 502 illi
1204 450 1326 501 erat
1350 450 1414 500 ut
1442 445 1676 513 viveret,
1708 446 1886 500 altera
1915 450 1956 503 A
1994 446 2333 501 dormiendo
2412 444 2723 511 secesserit,
2785 444 2987 499 melius
3041 449 3099 498 et
3153 442 3428 498 sincerius
3506 442 3678 499 videt.

178 543 237 592 ut
264 537 417 592 bene
446 537 681 601 viveret,
713 534 881 590 tertia
913 541 977 589 ut
1000 551 1227 606 semper
1256 535 1487 589 viveret.

246 647 274 676 ι
306 628 375 681 In
398 639 767 696 quocumque
796 623 953 678 enim
986 624 1099 689 die,
1134 644 1162 673 »
1194 629 1298 677 etc.
1325 624 1449 677 Non
1478 622 1577 689 ait,
1610 622 1664 677 Si
1697 639 1879 676 come-

174 714 344 779 deris,
380 712 641 768 mortalis
695 711 828 773 eris,
887 712 983 766 sed
1018 716 1198 766 morte
1248 711 1533 766 morieris.
1568 730 1594 761 ιο
1631 712 1881 766 Mortuus

173 808 249 857 est
279 801 444 856 enim
472 801 647 855 homo
685 801 749 853 in
788 798 981 853 anima
1032 815 1163 854 cum
1195 799 1470 869 peccavit,
1506 798 1641 869 quia
1692 815 1876 852 reces-

173 893 239 947 sit
265 892 341 947 ab
373 891 477 946 illo
506 892 676 958 Deus,
710 889 812 961 qui
870 893 956 943 est
1005 888 1120 942 vita
1147 888 1357 943 anima
1391 905 1403 943 ε
1456 905 1629 959 quam
1686 895 1880 942 secuta

173 986 251 1034 est
282 996 447 1034 mors
474 977 753 1049 corporis,
782 976 1108 1032 discedente
1138 978 1209 1031 ab
1256 978 1358 1030 illo
1390 977 1605 1044 anima,
1638 992 1767 1048 qua
1797 983 1881 1031 est

176 1070 282 1122 vita
310 1067 606 1137 corporis;
637 1081 768 1137 qua
810 1065 950 1119 Ada
996 1064 1204 1131 evenit,
1240 1080 1371 1118 cum
1427 1070 1771 1134 prasentem
1803 1066 1881 1118 vi-

175 1162 285 1208 tam
312 1154 529 1207 ﬁnivit.
560 1155 751 1207 Potest
780 1152 855 1206 ita
887 1152 1133 1222 intelligi
1178 1152 1329 1223 quod
1362 1153 1593 1223 quando
1623 1168 1881 1222 peccata

175 1248 326 1309 runt,
353 1242 553 1295 statim
595 1246 779 1296 morte
834 1240 931 1295 illa
979 1239 1165 1311 puniti
1197 1244 1350 1300 sunt,
1406 1241 1477 1295 de
1519 1240 1880 1312 qua,dicitur

180 1333 342 1386 ltom.
360 1331 615 1401 septimo
646 1346 660 1381 :
694 1351 720 1377 οι
750 1329 949 1383 Infelix
968 1345 1075 1399 ego
1096 1330 1263 1384 homo
1289 1330 1300 1382 ε
1336 1328 1465 1399 quis
1496 1346 1586 1384 me
1618 1329 1880 1384 liberabit

173 1418 239 1470 de
299 1434 549 1489 corpore
599 1417 802 1471 mortis
854 1417 1025 1488 hujus
1061 1417 1088 1470 τ
1150 1439 1171 1464 ι
1238 1422 1295 1471 et
1348 1418 1564 1471 ibidem
1626 1424 1873 1473 octavo:

178 1526 200 1553 α
230 1505 452 1576 Corpus
509 1510 802 1558 mortuum
854 1508 940 1558 est
981 1508 1037 1557 et
1064 1508 1303 1574 propter
1345 1510 1670 1573 peccatum;
1706 1528 1727 1553 ι
1760 1521 1877 1558 non

170 1594 247 1647 ait
274 1593 547 1659 mortale,
581 1592 680 1647 sed
712 1610 739 1642 α
774 1597 1087 1659 mortuum,
1114 1611 1141 1641 »
1176 1592 1437 1662 quamvis
1469 1592 1878 1663 mortale,quia

169 1681 542 1735 moriturum.
600 1682 723 1735 Non
767 1680 1115 1734 credendum
1174 1684 1259 1734 est
1305 1684 1444 1734 ante
1473 1686 1768 1750 peccatum
1798 1680 1877 1733 ita

166 1771 342 1823 fuisse
374 1769 479 1824 illa
508 1785 773 1839 corpora,
811 1769 907 1823 sed
938 1768 1209 1823 animalia
1244 1769 1498 1824 nondum
1531 1768 1874 1838 spiritualia,

170 1874 278 1912 non
310 1862 517 1912 tamen
547 1863 795 1925 mortua,
821 1873 950 1928 qua
981 1858 1194 1910 scilicet
1234 1872 1463 1911 necesse
1511 1862 1655 1910 esset
1707 1854 1871 1922 mori,

166 1946 313 2016 quod
343 1946 406 1999 in
422 1945 521 1999 die
549 1944 1035 2016 pravaricationis
1056 1945 1269 1998 factum
1300 1950 1402 1999 est.

235 2054 262 2083 ιι
304 2035 495 2089 Morte
554 2034 844 2088 morieris.
894 2053 921 2084 in
980 2034 1194 2104 Duplex
1253 2049 1407 2087 mors
1471 2031 1870 2102 signiﬁcatur:

175 2122 403 2188 anima,
466 2122 713 2195 Domino
744 2121 1094 2188 discedente,
1126 2120 1225 2192 qui
1281 2126 1366 2174 est
1410 2120 1531 2191 ejus
1584 2121 1731 2187 vita;
1789 2120 1876 2174 vel

176 2212 447 2279 corporis,
481 2227 659 2281 quam
689 2210 751 2265 in
782 2211 897 2265 ﬁne
944 2210 1074 2264 vita
1124 2209 1361 2280 accepit.
1395 2209 1504 2264 Sed
1536 2210 1731 2263 statim
1773 2225 1873 2263 ne-

174 2301 496 2353 cessitatem
528 2299 813 2354 moriendi
841 2299 1097 2353 incurrit.

248 2388 415 2441 Vens.
487 2390 571 2441 18.
624 2418 690 2427 —
742 2407 770 2438 α
822 2387 971 2442 Dixit
1025 2402 1255 2458 quoque
1328 2386 1621 2453 Dominus,
1679 2406 1706 2436 ι)
1766 2392 1873 2440 etc.

178 2481 365 2541 litua,
398 2475 439 2529 l.
472 2492 523 2528 ix
556 2475 622 2529 de
651 2477 815 2543 Gen.,
856 2492 901 2531 c.
939 2476 1013 2543 8.)
1053 2475 1162 2539 Qui
1214 2475 1465 2529 sentiunt
1512 2474 1583 2528 ad
1635 2474 1876 2545 gignen-

135 2610 142 2621 .
174 2564 274 2616 dos
304 2563 462 2617 ﬁlios
494 2563 555 2616 in
576 2562 838 2633 paradiso
889 2561 1111 2616 misceri
1143 2578 1261 2616 nou
1310 2562 1504 2628 licere,
1549 2567 1678 2628 etc.,
1710 2578 1878 2632 usque

173 2653 246 2705 ad
284 2652 490 2706 anima
519 2668 584 2706 ex
616 2651 828 2712 anima,
860 2651 974 2704 sive
1004 2650 1114 2705 alio
1136 2651 1303 2705 modo
1333 2651 1432 2705 ﬁat
1461 2650 1671 2705 anima.

243 2742 421 2794 Vsus.
467 2744 548 2794 19.
606 2770 677 2780 —
721 2740 971 2793 Adduxit
1030 2755 1116 2806 ea,
1160 2762 1187 2788 ιι
1244 2745 1347 2793 etc.
1403 2740 1659 2808 (AUG.,1.
1722 2757 1773 2794 1x
1814 2740 1879 2793 de

176 2832 313 2882 Gen.
362 2829 441 2882 ad
499 2830 633 2894 litt,
690 2844 739 2881 c.
816 2828 1049 2893 1-i,tom
1092 2827 1215 2896 Ill.)
1245 2828 1366 2882 Non
1394 2828 1539 2883 sicut
1560 2834 1874 2893 venatores,

175 2918 257 2970 vel
288 2932 580 2987 aucupes;
635 2932 740 2970 nec
778 2916 1054 2986 jussionis
1102 2932 1209 2969 vox
1239 2917 1307 2970 de
1362 2916 1515 2970 nube
1574 2919 1718 2971 facta
1770 2923 1871 2983 est,

1993 541 2123 602 etc.,
2152 553 2323 607 usque
2350 536 2425 590 ad
2452 540 2508 589 et
2542 534 2797 590 Ecclesia
2830 534 3143 590 referenda.

2066 627 2252 694 (Are...
2293 624 2390 679 lib.
2424 642 2455 679 x
2487 624 2552 678 de
2581 626 2715 678 Gen.
2748 623 2823 677 ad
2847 625 2978 690 litt,
3016 642 3065 678 c.
3098 625 3154 691 1.)
3186 623 3290 687 Qui
3320 627 3521 694 putant
3552 623 3679 678 ani-

1993 730 2144 768 mam
2174 730 2240 768 ex
2271 713 2480 777 anima,
2519 717 2649 779 etc.,
2696 726 2865 781 usque
2916 711 2991 767 ad
3019 728 3190 782 quam
3240 712 3309 767 de
3339 711 3459 766 viro
3497 712 3686 768 fuerat

1991 804 2226 857 dictum.

2062 893 2249 959 (Avo.,
2299 890 2415 945 ibid
2446 932 2458 956 ,
2490 906 2538 944 c.
2578 893 2661 955 19,
2694 891 2802 959 20.)
2852 888 2910 944 Si
2957 894 3249 960 quaratur
3290 890 3439 944 unde
3469 892 3685 962 accepit

1988 980 2239 1034 animam
2270 979 2546 1045 Christus,
2572 979 2802 1032 mallem
2832 978 3033 1032 audire
3082 978 3351 1032 meliores
3382 984 3439 1031 et
3468 978 3683 1033 doctio-

1990 1084 2107 1129 res;
2140 1072 2270 1136 etc.,
2302 1082 2469 1136 usque
2526 1067 2599 1120 ad
2658 1066 2867 1137 quibus
2919 1065 3059 1137 quid
3090 1066 3421 1137 responderi
3476 1066 3680 1138 possit,

1990 1155 2247 1209 nondum
2280 1154 2423 1208 mihi
2456 1154 2721 1209 occurrit.

2062 1263 2089 1295 (ι
2123 1242 2369 1297 Immisit
2395 1258 2530 1312 ergo
2562 1244 2837 1297 Dominus
2893 1258 3179 1314 soporem,
3213 1263 3239 1292 η
3296 1246 3401 1297 etc.
3454 1245 3679 1311 (Casa,

1988 1332 2207 1392 Moral..
2246 1332 2283 1386 l.
2316 1348 2445 1398 xxx,
2477 1336 2617 1386 tom.
2654 1332 2742 1401 II.)
2775 1332 3015 1387 Culmen
3044 1331 3541 1402 contemplationis
3567 1348 3684 1387 non

1986 1421 2325 1491 attingimus
2382 1420 2428 1474 si
2467 1437 2584 1475 non
2639 1421 2708 1474 ab
2764 1420 3065 1474 exterioris
3118 1437 3270 1474 cura
3311 1420 3681 1491 oppressione

1986 1525 2315 1565 cessemus:
2358 1526 2462 1564 nec
2492 1526 2595 1563 nos
2653 1510 2806 1580 ipsos
2862 1508 3175 1575 intuemur,
3235 1512 3299 1563 ut
3328 1509 3572 1563 sciamus
3620 1509 3680 1563 in

1988 1598 2151 1652 nobis
2177 1599 2331 1654 aliud
2359 1614 2479 1653 esse
2519 1598 2799 1653 rationale
2829 1597 2983 1668 quod
3040 1597 3203 1667 regit,
3251 1596 3404 1650 aliud
3434 1597 3682 1651 animale

1986 1686 2135 1757 quod
2167 1687 2404 1758 regitur,
2438 1685 2549 1740 nisi
2606 1686 2677 1740 ad
2714 1690 2997 1739 secretum
3046 1684 3261 1739 silentii
3303 1690 3680 1752 recurrentes,

1984 1776 2057 1830 ab
2124 1774 2389 1830 exteriori
2462 1773 2895 1846 perturbatione
2952 1772 3260 1843 sopiamur.
3320 1773 3483 1838 Quod
3534 1774 3681 1829 bene

1985 1864 2163 1918 Adam
2195 1863 2483 1917 dormiens
2513 1861 2800 1933 ﬁguravit,
2833 1861 2902 1915 de
2932 1861 3095 1932 cujus
3147 1877 3274 1915 mox
3334 1861 3511 1917 latere
3553 1878 3681 1917 mu-

1991 1947 2096 2002 lier
2122 1947 2416 2019 processit.
2450 1947 2559 2012 Qui
2588 1946 2742 2000 enim
2774 1945 2845 1999 ad
2884 1945 3160 2000 interiora
3189 1944 3561 2016 intelligenda
3589 1963 3681 2002 ra-

1986 2038 2161 2107 pitur,
2193 2053 2225 2090 a
2257 2037 2427 2091 rebus
2458 2035 2777 2091 visibilibus
2802 2034 2997 2089 oculos
3049 2034 3282 2101 claudit,
3317 2040 3371 2089 et
3400 2039 3537 2089 tunc
3589 2034 3681 2088 in-

1986 2126 2193 2197 telligit
2222 2125 2282 2179 in
2321 2125 2508 2195 seipso
2536 2124 2691 2179 aliud
2721 2139 2843 2179 esse
2870 2123 3027 2195 quod
3056 2139 3256 2195 regere
3286 2123 3505 2189 debeat,
3555 2127 3679 2178 tan-

1985 2230 2159 2286 quam
2181 2213 2300 2268 vir:
2335 2213 2488 2267 aliud
2521 2212 2677 2283 quod
2699 2217 2951 2283 regatur,
2985 2215 3259 2283 tanquam
3304 2212 3537 2266 femina.

2058 2304 2216 2357 Vens.
2261 2305 2346 2365 22,
2394 2303 2483 2356 24.
2538 2331 2604 2340 -
2659 2323 2682 2349 ι
2737 2302 2802 2355 Et
2860 2300 3178 2355 adiﬁcavit.
3242 2339 3256 2354 .
3314 2340 3325 2353 .
3384 2300 3675 2365 Quamob-

1986 2406 2109 2445 rem
2130 2391 2434 2461 relinquet,
2460 2410 2487 2438 ››
2520 2394 2625 2444 etc.
2660 2391 2837 2460 (1510.,
2883 2392 2944 2443 in
2982 2392 3145 2455 Gem,
3174 2395 3215 2443 t.
3250 2391 3345 2459 V.)
3395 2391 3558 2455 Quod
3584 2404 3687 2462 per

1986 2479 2281 2534 historiam
2304 2479 2657 2549 completum
2688 2482 2772 2531 est
2823 2477 2883 2531 in
2938 2477 3139 2541 Adam,
3200 2483 3328 2542 etc.,
3383 2495 3552 2550 usque
3610 2480 3684 2534 ad

1988 2569 2232 2638 Serpens
2266 2567 2419 2621 enim
2453 2566 2852 2621 hareticorum
2877 2582 3095 2621 venena
3127 2566 3458 2637 prasignat.

2060 2658 2218 2711 Vens.
2273 2658 2362 2710 25.
2422 2686 2490 2696 -
2547 2677 2572 2703 ‹‹
2628 2656 2758 2709 Erat
2841 2660 3034 2709 autem
3106 2662 3347 2727 uterque
3402 2658 3606 2711 nudus.
3658 2683 3677 2707 ι.

1990 2748 2165 2815 (Αυρ.)
2200 2746 2258 2801 Si
2291 2746 2389 2800 Dei
2420 2745 2605 2800 verbis
2638 2747 2718 2798 vel
2777 2744 3084 2815 cujuslibet
3117 2748 3415 2816 propheta
3468 2747 3683 2818 aliquid

1987 2834 2209 2899 dicitur,
2240 2835 2390 2905 quod
2425 2835 2492 2887 ad
2521 2834 2769 2888 litteram
2800 2834 3110 2888 absurdum
3168 2834 3393 2888 videtur
3444 2838 3501 2890 et
3552 2835 3683 2889 ideo

1987 2924 2229 2993 ligurate
2289 2922 2527 2989 dictum,
2580 2922 2655 2975 ob
2698 2921 3176 2992 signiﬁcationem
3220 2928 3411 2976 tamen
3468 2922 3683 2977 dictum

175 3021 352 3076 quam
383 3003 699 3058 rationales
727 3004 1272 3076 animaiutelligere
1302 3005 1511 3071 solent;
1543 3005 1689 3059 hanc
1717 3006 1871 3060 enim
1910 3024 1948 3077 ε
1989 3020 2108 3057 esse
2132 3019 2245 3057 non
2276 3009 2360 3056 est
2388 3004 2787 3057 dubitandum.
2830 3004 3078 3072 Corpora
3120 3018 3252 3055 vero
3284 3004 3528 3056 duorum
3578 3003 3684 3056 ho-

175 3094 519 3149 naturaliter
573 3110 689 3147 non
730 3092 1063 3164 intelligunt
1126 3093 1339 3159 bestia,
1392 3096 1479 3148 vel
1535 3112 1683 3161 aves,
1740 3100 1872 3163 etc.,

176 3198 346 3250 usque
375 3182 455 3237 ad
476 3187 628 3236 terra
655 3198 775 3236 esse
804 3189 991 3236 creata
1020 3182 1444 3252 intelliguntur.

246 3272 545 3340 (Ηιεειοκ.)
576 3270 807 3325 Videtur
837 3270 1080 3341 primam
1110 3271 1369 3342 linguam
1400 3272 1652 3325 humano
1682 3272 1877 3343 generi

179 3360 353 3413 fuisse
383 3360 710 3428 Hebraam,
741 3359 879 3430 quia
906 3359 1143 3414 nomina
1173 3375 1303 3430 qua
1336 3376 1515 3429 usque
1538 3358 1609 3413 ad
1632 3359 1867 3414 divisio-

178 3464 311 3503 nem
340 3448 677 3520 linguarum
708 3447 767 3502 in
791 3447 993 3503 Genesi
1026 3448 1287 3519 legimus,
1324 3453 1545 3501 constat
1565 3464 1684 3501 esse
1702 3448 1874 3504 illius.

247 3538 413 3591 Vens.
456 3540 547 3591 20.
574 3567 640 3576 -
696 3558 723 3585 ‹‹
770 3536 1230 3607 Appellavitque,
1267 3556 1295 3587 ν
1356 3541 1461 3589 etc.
1522 3538 1714 3606 (Αυα.)
1758 3538 1876 3605 My-

177 3628 331 3681 stice.
356 3626 701 3696 Signiﬁcans
732 3630 934 3696 gentes
962 3641 1091 3695 qua
1131 3626 1299 3678 salva
1330 3624 1534 3678 ﬁerent
1580 3625 1639 3679 in
1694 3626 1877 3679 Eccle-

178 3714 259 3768 sia
314 3731 423 3785 per
453 3714 756 3775 Christum,
816 3729 1027 3767 nomen
1082 3712 1290 3768 Christi
1320 3720 1670 3783 accepturas,
1723 3713 1876 3784 quod

177 3803 339 3872 prius
368 3817 491 3855 non
513 3801 833 3867 habebant;
890 3802 1064 3856 unde.
1095 3802 1196 3855 lsa.
1232 3817 1329 3854 va
1364 3820 1379 3855 :
1419 3823 1447 3849 ‹‹
1489 3802 1709 3856 Vocabo
1762 3818 1877 3855 ser-

178 3908 277 3945 vos
305 3906 467 3944 meos
496 3890 733 3944 nomine
754 3889 885 3944 alio.
920 3908 949 3943 υ

248 3999 278 4030 ι
336 3980 478 4033 Ada
526 3994 661 4033 vero
719 3995 837 4033 non
890 3978 1302 4039 inveniebatur,
1340 3998 1360 4026 ι
1395 3980 1501 4031 etc.
1556 3979 1742 4047 (Ama,
1776 3977 1875 4032 lib.

178 4085 225 4121 ιι
259 4068 328 4121 de
387 4069 520 4123 Gen.
577 4067 798 4131 adma,
855 4082 977 4136 cap.
1017 4070 1077 4120 15
1133 4072 1190 4120 et
1231 4064 1380 4138 seq.)
1437 4065 1752 4120 Videndum
1794 4070 1883 4120 est

176 4156 474 4225 quomodo
506 4156 653 4210 facta
690 4156 762 4209 sit
813 4154 1070 4209 mulieris
1122 4155 1408 4222 formatio,
1471 4170 1599 4225 qua
1651 4154 1880 4225 mystice

175 4247 387 4299 dicitur
420 4244 745 4307 adiﬁcatio,
795 4250 922 4307 etc.,
956 4260 1124 4313 usque
1160 4244 1234 4298 ad
1263 4250 1326 4298 ut
1352 4243 1746 4315 intelligamus
1777 4261 1878 4316 per

180 4336 338 4389 illam
368 4334 613 4389 extasim
643 4334 821 4389 Adam
849 4333 1123 4388 divinitus
1154 4335 1275 4388 hac
1302 4333 1525 4389 dixisse.

250 4445 279 4473 α
312 4424 455 4478 Ada
502 4440 634 4477 vero
687 4439 803 4476 non
856 4422 1255 4477 inveniebatur
1312 4422 1562 4493 adjutor.
1596 4443 1622 4472 »
1677 4422 1879 4477 Nullus

181 4512 368 4566 ﬁdelis
421 4513 614 4581 justus
670 4511 891 4565 Christo
921 4511 1136 4581 aquari
1181 4516 1384 4580 potest.
1439 4512 1646 4566 Psalm.
1708 4528 1876 4566 xLiv:

186 4623 207 4648 ι
240 4600 547 4671 Speciosus
578 4598 729 4652 enim
763 4600 942 4653 forma
972 4614 1089 4669 pra
1118 4598 1249 4652 ﬁliis
1278 4599 1599 4653 hominum.
1639 4623 1660 4648 ι
1704 4601 1880 4654 Nemo

182 4689 336 4743 enim
360 4692 587 4758 poterat
614 4703 796 4757 genus
823 4687 1138 4740 humanum
1163 4687 1404 4743 liberare
1429 4688 1538 4742 nisi
1562 4690 1702 4759 ipse.
1724 4689 1882 4743 Unde

182 4775 554 4846 Apocalypsis
585 4792 613 4827 v
650 4793 663 4829 :
698 4799 719 4824 ι
756 4776 935 4829 Nemo
966 4776 1228 4830 inventus
1272 4782 1357 4831 est
1397 4777 1604 4850 dignus
1660 4777 1882 4848 aperire

182 4866 398 4919 librum
420 4870 477 4919 et
506 4864 722 4918 solvere
752 4863 1043 4933 signacula
1071 4864 1214 4935 ejus,
1249 4884 1276 4914 ι)
1309 4869 1413 4920 etc.

250 4955 443 5009 uAdaa
492 4968 626 5007 vero
680 4968 794 5005 non
844 4951 1266 5015 inveniebatur,
1325 4976 1352 5003 »
1408 4960 1514 5008 etc.
1581 4956 1764 5022 (Amm,
1818 4955 1884 5007 de

182 5045 315 5098 Gen.
372 5048 565 5097 contra
616 5042 880 5101 Manich.,
930 5042 967 5095 l.
1024 5046 1166 5107 1|,'c.
1219 5045 1325 5109 13.)
1361 5044 1522 5097 Facta
1556 5048 1643 5096 est
1678 5043 1884 5097 mulier

180 5132 239 5185 in
265 5131 625 5203 adjutorium
657 5129 786 5196 viri,
810 5135 944 5198 etc.,
992 5146 1160 5199 usque
1188 5131 1262 5185 ad
1314 5136 1369 5185 et
1421 5130 1677 5186 dominio
1710 5132 1884 5186 ratio-

180 5222 263 5275 nis
292 5226 644 5291 cooperante
678 5218 863 5289 gratia
893 5219 1221 5290 subjugare.

249 5312 409 5364 Vens.
456 5312 541 5363 21.
595 5338 665 5348 -
730 5327 758 5359 α
820 5308 1065 5362 Immisit
1121 5323 1257 5377 ergo
1317 5306 1613 5371 Dominus,
1668 5327 1693 5358 ι)
1775 5312 1882 5362 etc.

178 5400 328 5465 (Isin.
372 5415 440 5452 ex
488 5402 663 5467 Aug,
724 5402 787 5451 ut
824 5412 1016 5465 supra,
1072 5412 1119 5450 c.
1170 5399 1255 5460 13,
1304 5398 1388 5450 14.
1449 5398 1698 5464 Mystice.
1760 5396 1883 5450 Non

184 5492 417 5557 possunt
464 5486 591 5541 hac
660 5486 950 5555 corporeis
991 5484 1170 5540 oculis
1238 5485 1440 5540 videri.
1499 5485 1607 5541 Sed
1662 5490 1878 5553 quanto

184 5576 307 5646 quis
336 5594 368 5630 a
400 5574 729 5630 visibilibus
761 5575 827 5628 ad
878 5578 1090 5635 secreta
1145 5573 1541 5644 intelligentia
1583 5574 1746 5645 quasi
1783 5574 1881 5628 ob-

1987 3090 2212 3145 minum
2259 3091 2317 3144 in
2366 3090 2629 3161 paradiso
2680 3091 2833 3145 nuda
2887 3095 3071 3155 erant,
3120 3106 3224 3144 nec
3254 3090 3684 3156 erubescebant,

1987 3180 2121 3249 quia
2152 3181 2373 3234 nullam
2404 3180 2588 3251 legem
2636 3180 2696 3233 in
2726 3179 2998 3233 membris
3028 3185 3321 3233 senserant
3354 3180 3463 3250 legi
3521 3196 3683 3234 men-

1988 3268 2062 3322 tis
2116 3274 2557 3338 repugnantem,
2627 3284 2757 3338 qua
2832 3267 3278 3322 iuohedientiam
3333 3274 3524 3323 secuta
3575 3275 3680 3323 est.

1992 3357 2135 3411 Nihil
2177 3358 2455 3427 putabant
2514 3358 2838 3421 velandum,
2876 3357 3013 3427 quia
3068 3356 3208 3411 nihil
3265 3363 3558 3412 senserant
3603 3374 3687 3412 re-

1990 3446 2270 3501 frenanda
2281 3462 2354 3500 m.

2059 3535 2647 3603 (Auo.,deCio.Dci,
2704 3534 2739 3589 l.
2803 3551 2914 3597 xw,
2974 3540 3144 3601 c.17,
3200 3540 3337 3588 tom.
3405 3537 3518 3597 Vll,
3576 3538 3681 3589 col.

1988 3625 2130 3690 425.)
2166 3623 2363 3677 Merito
2385 3623 2641 3677 libidinis
2676 3622 2923 3676 maxime
2956 3624 3146 3693 pudet,
3201 3637 3330 3689 etc.,
3385 3640 3552 3694 usque
3605 3624 3684 3681 ad

1986 3713 2348 3784 reddiditque
2379 3712 2666 3765 confusos.

2061 3804 2335 3865 (Bursam
2390 3802 2514 3854 Non
2544 3806 2666 3854 erat
2696 3800 2801 3853 hoc
2857 3799 3215 3869 ignominia,
3275 3800 3375 3855 sed
3432 3801 3685 3867 honoris,

1989 3890 2142 3961 quod
2170 3889 2309 3943 nudi
2350 3894 2553 3943 erant:
2587 3905 2706 3943 non
2750 3893 2872 3943 erat
2922 3888 3288 3958 insipientia,
3323 3889 3422 3944 sed
3474 3890 3685 3944 securi-

1990 3978 2141 4041 tatis,
2173 3978 2329 4048 quod
2372 3978 2688 4032 nuditatem
2722 3993 2881 4031 suam
2911 3993 3024 4031 non
3080 3978 3505 4033 erubescebant.
3539 3978 3687 4043 Quid

1990 4067 2142 4121 enim
2171 4070 2199 4120 ?
2230 4067 2494 4138 nunquid
2520 4067 2627 4120 hoc
2654 4083 2688 4120 a
2726 4066 2935 4120 factore
2965 4082 3067 4120 suo
3100 4065 3330 4136 accepit,
3365 4066 3518 4136 quod
3547 4082 3689 4119 con-

1991 4154 2233 4209 fusibilis
2287 4159 2345 4209 et
2390 4155 2636 4209 verenda
2687 4162 2774 4209 est
2812 4155 3030 4209 factura
3077 4154 3223 4209 Dei?
3284 4158 3394 4208 Aut
3425 4153 3688 4225 nunquid

1990 4243 2382 4298 confusionem
2418 4243 2751 4312 huiusmodi
2806 4249 3031 4310 natura,
3082 4248 3138 4298 et
3165 4259 3280 4297 non
3312 4242 3503 4315 potius
3549 4258 3689 4297 con-

1991 4332 2225 4388 scientia
2249 4332 2424 4386 facit?
2457 4333 2551 4386 Est
2586 4332 2820 4403 quidem
2850 4333 3014 4404 quasi
3045 4331 3105 4386 in
3137 4336 3403 4387 naturam
3459 4347 3689 4387 versum

1991 4421 2097 4475 hoc
2122 4428 2471 4476 tormentum
2503 4420 2857 4475 confusionis
2889 4436 2902 4475 :
2937 4436 3134 4475 verum
3193 4426 3387 4476 tamen
3446 4436 3563 4475 non
3620 4437 3690 4476 ex

2000 4510 2328 4565 conditione
2362 4510 2655 4581 primava,
2679 4510 2776 4563 sed
2799 4526 2864 4564 ex
2889 4510 3123 4579 juniore
3154 4511 3321 4581 culpa
3350 4511 3511 4581 origo
3567 4510 3690 4580 ejus

1992 4599 2314 4670 pullulavit.
2372 4600 2591 4653 Etenim
2631 4598 2842 4653 idcirco
2877 4598 3197 4653 nuditatem
3258 4604 3515 4653 nostram
3563 4614 3685 4652 eru-

1990 4688 2292 4754 bescimus,
2328 4687 2465 4757 quia
2501 4688 2708 4741 conscii
2744 4687 2906 4740 nobis
2932 4704 3131 4741 sumus
3184 4692 3458 4757 quantam
3520 4686 3682 4740 inﬁr-

1990 4777 2269 4837 mitatem,
2316 4775 2431 4829 imo
2461 4781 2735 4847 quautam
2789 4777 3089 4830 adversum
3149 4791 3252 4828 nos
3307 4774 3681 4829 rebellionem

1990 4865 2176 4918 carnis
2201 4870 2415 4927 nostra
2445 4870 2757 4934 portamus.
2797 4868 2867 4920 At
2898 4880 3028 4918 vero
3055 4868 3191 4918 tunc
3221 4879 3357 4917 sana
3408 4867 3529 4917 erat
3559 4878 3691 4916 cor-

1991 4952 2080 5007 dis
2107 4953 2473 5022 conscientia,
2504 4953 2720 5024 quippe
2750 4968 2923 5024 quam
2965 4953 3124 5006 nulla
3178 4952 3522 5006 sollicitabat
3550 4967 3685 5006 ocu-

1992 5042 2179 5096 lorum
2223 5042 2713 5111 concupiscentia;
2744 5041 3029 5113 siquidem
3085 5040 3517 5119 concupicentia
3565 5056 3688 5095 car-

1995 5131 2082 5185 nis
2114 5148 2286 5201 pana
2315 5137 2401 5185 est
2422 5132 2660 5201 peccati,
2699 5148 2813 5202 qua
2842 5129 3170 5200 pracedens
3226 5129 3464 5201 punitur
3520 5146 3693 5201 super

1994 5220 2328 5274 biamentis.
2383 5222 2554 5283 Deus,
2595 5219 2783 5289 inquit
2838 5219 3156 5288 Scriptura,
3210 5219 3341 5274 fecit
3397 5217 3689 5273 hominem

1995 5314 2232 5363 rectum.
2270 5308 2568 5364 Rectitudo
2589 5314 2781 5362 autem
2808 5307 3061 5362 hominis
3091 5307 3150 5361 in
3201 5324 3267 5362 eo
3298 5313 3381 5362 est
3419 5312 3482 5362 ut
3533 5306 3691 5363 carni

1993 5398 2249 5467 spiritus,
2299 5402 2363 5451 ut
2390 5401 2517 5466 pote
2546 5396 2805 5450 inferiori
2837 5398 3114 5467 superior,
3178 5396 3378 5467 prasit
3428 5401 3486 5451 et
3513 5396 3691 5469 impe-

1992 5494 2127 5541 ret:
2161 5485 2381 5539 medius
2413 5501 2659 5555 namque
2712 5485 2865 5540 inter
2918 5488 3097 5540 Deum
3148 5491 3206 5540 et
3242 5501 3470 5539 carnem
3521 5500 3682 5539 suam

1996 5573 2290 5629 rationalis
2323 5573 2555 5646 spiritus
2585 5574 2829 5631 hominis
2886 5575 3103 5646 positus
3135 5579 3238 5641 est,
3273 5580 3333 5629 ut
3369 5576 3478 5630 Deo
3522 5590 3683 5645 pare-
