  <div class='ocr_page' id='page_1' title='image "/cluster/home/n/w/nwhite01/storage/ocr_20150623/113/hvd.32044054759782/051.png"; bbox 0 0 4086 6190; ppageno 0'>
   <div class='ocr_carea' id='block_1_1' title="bbox 340 323 2067 399">
    <p class='ocr_par' dir='ltr' id='par_1_1' title="bbox 340 323 2067 399">
     <span class='ocr_line' id='line_1_1' title="bbox 340 323 2067 399; baseline 0.002 -23"><span class='ocrx_word' id='word_1_1' title='bbox 340 325 399 377; x_wconf 86' lang='grc'><strong>91</strong></span> <span class='ocrx_word' id='word_1_2' title='bbox 635 391 645 399; x_wconf 32' lang='grc'><strong><em>⁸</em></strong></span> <span class='ocrx_word' id='word_1_3' title='bbox 944 323 1341 380; x_wconf 69' lang='lat' dir='ltr'><strong>WALAFIIIDI</strong></span> <span class='ocrx_word' id='word_1_4' title='bbox 1380 326 1626 382; x_wconf 78' lang='lat' dir='ltr'><strong>STRABI</strong></span> <span class='ocrx_word' id='word_1_5' title='bbox 1668 327 1863 383; x_wconf 84' lang='lat' dir='ltr'><strong>FULD.</strong></span> <span class='ocrx_word' id='word_1_6' title='bbox 1911 326 2067 380; x_wconf 76' lang='lat' dir='ltr'><strong>MON.</strong></span> 
     </span>
    </p>
   </div>
   <div class='ocr_carea' id='block_1_2' title="bbox 2128 325 3844 382">
    <p class='ocr_par' dir='ltr' id='par_1_2' title="bbox 2128 325 3844 382">
     <span class='ocr_line' id='line_1_2' title="bbox 2128 325 3844 382; baseline -0.001 -2"><span class='ocrx_word' id='word_1_7' title='bbox 2128 325 2285 382; x_wconf 76' lang='lat' dir='ltr'><strong>OI’P.</strong></span> <span class='ocrx_word' id='word_1_8' title='bbox 2332 326 2505 382; x_wconf 81' lang='lat' dir='ltr'><strong>PARS</strong></span> <span class='ocrx_word' id='word_1_9' title='bbox 2552 327 2594 382; x_wconf 89' lang='lat' dir='ltr'><strong>I.</strong></span> <span class='ocrx_word' id='word_1_10' title='bbox 2638 356 2707 366; x_wconf 85' lang='lat'><strong>--—</strong></span> <span class='ocrx_word' id='word_1_11' title='bbox 2746 325 3199 382; x_wconf 71' lang='lat' dir='ltr'><strong>TIIEOLOGICA.</strong></span> <span class='ocrx_word' id='word_1_12' title='bbox 3772 328 3844 379; x_wconf 78' lang='lat'><strong>9&#39;2</strong></span> 
     </span>
    </p>
   </div>
   <div class='ocr_carea' id='block_1_3' title="bbox 337 442 3847 516">
    <p class='ocr_par' dir='ltr' id='par_1_3' title="bbox 337 442 3847 516">
     <span class='ocr_line' id='line_1_3' title="bbox 337 442 3847 516; baseline -0.001 -15"><span class='ocrx_word' id='word_1_13' title='bbox 337 449 511 501; x_wconf 37' lang='lat' dir='ltr'><strong>ret&#39;et</strong></span> <span class='ocrx_word' id='word_1_14' title='bbox 539 442 694 499; x_wconf 90' lang='lat' dir='ltr'><strong>carni</strong></span> <span class='ocrx_word' id='word_1_15' title='bbox 739 442 1069 514; x_wconf 83' lang='lat' dir='ltr'><strong>imperaret.</strong></span> <span class='ocrx_word' id='word_1_16' title='bbox 1127 444 1309 509; x_wconf 83' lang='lat' dir='ltr'><strong>Quem</strong></span> <span class='ocrx_word' id='word_1_17' title='bbox 1366 444 1628 499; x_wconf 84' lang='lat' dir='ltr'><strong>ordinem</strong></span> <span class='ocrx_word' id='word_1_18' title='bbox 1686 445 1819 516; x_wconf 86' lang='lat' dir='ltr'><strong>quia</strong></span> <span class='ocrx_word' id='word_1_19' title='bbox 1883 445 2041 516; x_wconf 91' lang='lat' dir='ltr'><strong>prior</strong></span> <span class='ocrx_word' id='word_1_20' title='bbox 2077 448 2121 502; x_wconf 78' lang='grc' dir='ltr'><strong>Α</strong></span> <span class='ocrx_word' id='word_1_21' title='bbox 2156 446 2255 501; x_wconf 87' lang='lat' dir='ltr'><strong>Dei</strong></span> <span class='ocrx_word' id='word_1_22' title='bbox 2287 446 2356 501; x_wconf 90' lang='lat' dir='ltr'><strong>de</strong></span> <span class='ocrx_word' id='word_1_23' title='bbox 2386 445 2648 501; x_wconf 82' lang='lat' dir='ltr'><strong>cordibus</strong></span> <span class='ocrx_word' id='word_1_24' title='bbox 2680 445 2984 501; x_wconf 87' lang='lat' dir='ltr'><strong>hominum</strong></span> <span class='ocrx_word' id='word_1_25' title='bbox 3037 445 3271 500; x_wconf 75' lang='lat' dir='ltr'><strong>molitur</strong></span> <span class='ocrx_word' id='word_1_26' title='bbox 3295 444 3556 511; x_wconf 78' lang='lat' dir='ltr'><strong>evellere,</strong></span> <span class='ocrx_word' id='word_1_27' title='bbox 3589 450 3643 508; x_wconf 60' lang='lat' dir='ltr'><strong>at</strong></span> <span class='ocrx_word' id='word_1_28' title='bbox 3663 445 3847 499; x_wconf 89' lang='lat' dir='ltr'><strong>minas</strong></span> 
     </span>
    </p>
   </div>
   <div class='ocr_carea' id='block_1_4' title="bbox 344 532 2033 605">
    <p class='ocr_par' dir='ltr' id='par_1_4' title="bbox 344 532 2033 605">
     <span class='ocr_line' id='line_1_4' title="bbox 344 532 2033 605; baseline -0.003 -14"><span class='ocrx_word' id='word_1_29' title='bbox 344 536 442 591; x_wconf 90' lang='lat' dir='ltr'><strong>ille</strong></span> <span class='ocrx_word' id='word_1_30' title='bbox 492 533 743 589; x_wconf 81' lang='lat' dir='ltr'><strong>turbavit</strong></span> <span class='ocrx_word' id='word_1_31' title='bbox 798 538 856 586; x_wconf 89' lang='lat' dir='ltr'><strong>et</strong></span> <span class='ocrx_word' id='word_1_32' title='bbox 892 533 1067 604; x_wconf 91' lang='lat' dir='ltr'><strong>rupit,</strong></span> <span class='ocrx_word' id='word_1_33' title='bbox 1123 534 1440 605; x_wconf 88' lang='lat' dir='ltr'><strong>abjiciendo</strong></span> <span class='ocrx_word' id='word_1_34' title='bbox 1494 538 1846 604; x_wconf 72' lang='lat' dir='ltr'><strong>praeceptum</strong></span> <span class='ocrx_word' id='word_1_35' title='bbox 1897 532 2033 588; x_wconf 90' lang='lat' dir='ltr'><strong>Dei:</strong></span> 
     </span>
    </p>
   </div>
   <div class='ocr_carea' id='block_1_5' title="bbox 344 621 2036 693">
    <p class='ocr_par' dir='ltr' id='par_1_5' title="bbox 344 621 2036 693">
     <span class='ocr_line' id='line_1_5' title="bbox 344 621 2036 693; baseline -0.001 -16"><span class='ocrx_word' id='word_1_36' title='bbox 344 622 607 677; x_wconf 88' lang='lat' dir='ltr'><strong>subditus</strong></span> <span class='ocrx_word' id='word_1_37' title='bbox 660 627 762 686; x_wconf 89' lang='lat' dir='ltr'><strong>est,</strong></span> <span class='ocrx_word' id='word_1_38' title='bbox 823 621 923 693; x_wconf 90' lang='lat' dir='ltr'><strong>qui</strong></span> <span class='ocrx_word' id='word_1_39' title='bbox 977 626 1098 676; x_wconf 90' lang='lat' dir='ltr'><strong>erat</strong></span> <span class='ocrx_word' id='word_1_40' title='bbox 1152 622 1432 693; x_wconf 84' lang='lat' dir='ltr'><strong>superior,</strong></span> <span class='ocrx_word' id='word_1_41' title='bbox 1508 621 1739 693; x_wconf 80' lang='lat' dir='ltr'><strong>spiritus</strong></span> <span class='ocrx_word' id='word_1_42' title='bbox 1793 622 2036 676; x_wconf 79' lang='lat' dir='ltr'><strong>infirmae</strong></span> 
     </span>
    </p>
   </div>
   <div class='ocr_carea' id='block_1_6' title="bbox 341 709 2032 781">
    <p class='ocr_par' dir='ltr' id='par_1_6' title="bbox 341 709 2032 781">
     <span class='ocr_line' id='line_1_6' title="bbox 341 709 2032 781; baseline -0.001 -16"><span class='ocrx_word' id='word_1_43' title='bbox 341 710 519 776; x_wconf 86' lang='lat' dir='ltr'><strong>carni,</strong></span> <span class='ocrx_word' id='word_1_44' title='bbox 553 715 615 764; x_wconf 87' lang='lat' dir='ltr'><strong>ut</strong></span> <span class='ocrx_word' id='word_1_45' title='bbox 656 711 813 781; x_wconf 86' lang='lat' dir='ltr'><strong>justa</strong></span> <span class='ocrx_word' id='word_1_46' title='bbox 848 727 1018 781; x_wconf 63' lang='lat' dir='ltr'><strong>pinna</strong></span> <span class='ocrx_word' id='word_1_47' title='bbox 1066 709 1322 766; x_wconf 87' lang='lat' dir='ltr'><strong>inferiori</strong></span> <span class='ocrx_word' id='word_1_48' title='bbox 1374 710 1680 781; x_wconf 87' lang='lat' dir='ltr'><strong>subjaceat,</strong></span> <span class='ocrx_word' id='word_1_49' title='bbox 1730 709 1828 781; x_wconf 86' lang='lat' dir='ltr'><strong>qui</strong></span> <span class='ocrx_word' id='word_1_50' title='bbox 1867 725 2032 779; x_wconf 80' lang='lat' dir='ltr'><strong>supe-</strong></span> 
     </span>
    </p>
   </div>
   <div class='ocr_carea' id='block_1_7' title="bbox 344 796 2035 869">
    <p class='ocr_par' dir='ltr' id='par_1_7' title="bbox 344 796 2035 869">
     <span class='ocr_line' id='line_1_7' title="bbox 344 796 2035 869; baseline -0.001 -17"><span class='ocrx_word' id='word_1_51' title='bbox 344 798 480 852; x_wconf 90' lang='lat' dir='ltr'><strong>riori</strong></span> <span class='ocrx_word' id='word_1_52' title='bbox 553 802 702 851; x_wconf 88' lang='lat' dir='ltr'><strong>recte</strong></span> <span class='ocrx_word' id='word_1_53' title='bbox 754 796 980 851; x_wconf 87' lang='lat' dir='ltr'><strong>subesse</strong></span> <span class='ocrx_word' id='word_1_54' title='bbox 1018 796 1377 869; x_wconf 89' lang='lat' dir='ltr'><strong>contempsit.</strong></span> <span class='ocrx_word' id='word_1_55' title='bbox 1434 798 1574 851; x_wconf 85' lang='lat' dir='ltr'><strong>Hinc</strong></span> <span class='ocrx_word' id='word_1_56' title='bbox 1628 796 1726 851; x_wconf 91' lang='lat' dir='ltr'><strong>illa</strong></span> <span class='ocrx_word' id='word_1_57' title='bbox 1781 796 2035 851; x_wconf 84' lang='lat' dir='ltr'><strong>confusio</strong></span> 
     </span>
    </p>
   </div>
   <div class='ocr_carea' id='block_1_8' title="bbox 258 884 2035 956">
    <p class='ocr_par' dir='ltr' id='par_1_8' title="bbox 258 884 2035 956">
     <span class='ocr_line' id='line_1_8' title="bbox 258 884 2035 956; baseline -0.002 -15"><span class='ocrx_word' id='word_1_58' title='bbox 258 904 267 913; x_wconf 55' lang='grc' dir='ltr'>ί</span> <span class='ocrx_word' id='word_1_59' title='bbox 342 886 505 942; x_wconf 86' lang='lat' dir='ltr'><strong>faciei</strong></span> <span class='ocrx_word' id='word_1_60' title='bbox 536 885 605 939; x_wconf 93' lang='lat' dir='ltr'><strong>de</strong></span> <span class='ocrx_word' id='word_1_61' title='bbox 635 885 994 949; x_wconf 67' lang='lat' dir='ltr'><strong>conscientias</strong></span> <span class='ocrx_word' id='word_1_62' title='bbox 1022 887 1249 940; x_wconf 83' lang='lat' dir='ltr'><strong>secretis</strong></span> <span class='ocrx_word' id='word_1_63' title='bbox 1281 884 1351 939; x_wconf 92' lang='lat' dir='ltr'><strong>ad</strong></span> <span class='ocrx_word' id='word_1_64' title='bbox 1389 884 1648 956; x_wconf 90' lang='lat' dir='ltr'><strong>publicos</strong></span> <span class='ocrx_word' id='word_1_65' title='bbox 1676 885 1871 938; x_wconf 90' lang='lat' dir='ltr'><strong>oculos</strong></span> <span class='ocrx_word' id='word_1_66' title='bbox 1901 901 2035 956; x_wconf 88' lang='lat' dir='ltr'><strong>pro-</strong></span> 
     </span>
    </p>
   </div>
   <div class='ocr_carea' id='block_1_9' title="bbox 340 973 2036 1045">
    <p class='ocr_par' dir='ltr' id='par_1_9' title="bbox 340 973 2036 1045">
     <span class='ocr_line' id='line_1_9' title="bbox 340 973 2036 1045; baseline -0.001 -17"><span class='ocrx_word' id='word_1_67' title='bbox 340 989 636 1045; x_wconf 85' lang='lat' dir='ltr'><strong>rumpens,</strong></span> <span class='ocrx_word' id='word_1_68' title='bbox 665 980 722 1028; x_wconf 88' lang='lat' dir='ltr'><strong>et</strong></span> <span class='ocrx_word' id='word_1_69' title='bbox 736 974 841 1028; x_wconf 89' lang='lat' dir='ltr'><strong>sub</strong></span> <span class='ocrx_word' id='word_1_70' title='bbox 872 975 1080 1028; x_wconf 89' lang='lat' dir='ltr'><strong>misera</strong></span> <span class='ocrx_word' id='word_1_71' title='bbox 1108 974 1557 1027; x_wconf 88' lang='lat' dir='ltr'><strong>velamentorum</strong></span> <span class='ocrx_word' id='word_1_72' title='bbox 1608 973 1805 1027; x_wconf 89' lang='lat' dir='ltr'><strong>solatia</strong></span> <span class='ocrx_word' id='word_1_73' title='bbox 1836 990 2036 1043; x_wconf 60' lang='lat' dir='ltr'><strong>paena-</strong></span> 
     </span>
    </p>
   </div>
   <div class='ocr_carea' id='block_1_10' title="bbox 345 1060 2031 1132">
    <p class='ocr_par' dir='ltr' id='par_1_10' title="bbox 345 1060 2031 1132">
     <span class='ocr_line' id='line_1_10' title="bbox 345 1060 2031 1132; baseline 0 -17"><span class='ocrx_word' id='word_1_74' title='bbox 345 1062 458 1115; x_wconf 90' lang='lat' dir='ltr'><strong>lem</strong></span> <span class='ocrx_word' id='word_1_75' title='bbox 493 1061 892 1130; x_wconf 89' lang='lat' dir='ltr'><strong>-ignomiuiam</strong></span> <span class='ocrx_word' id='word_1_76' title='bbox 966 1061 1048 1115; x_wconf 91' lang='lat' dir='ltr'><strong>ire</strong></span> <span class='ocrx_word' id='word_1_77' title='bbox 1116 1062 1486 1132; x_wconf 88' lang='lat' dir='ltr'><strong>compellens.</strong></span> <span class='ocrx_word' id='word_1_78' title='bbox 1566 1063 1711 1128; x_wconf 73' lang='lat' dir='ltr'><strong>Hzec,</strong></span> <span class='ocrx_word' id='word_1_79' title='bbox 1774 1060 2031 1132; x_wconf 88' lang='lat' dir='ltr'><strong>inquam,</strong></span> 
     </span>
    </p>
   </div>
   <div class='ocr_carea' id='block_1_11' title="bbox 346 1150 2036 1205">
    <p class='ocr_par' dir='ltr' id='par_1_11' title="bbox 346 1150 2036 1205">
     <span class='ocr_line' id='line_1_11' title="bbox 346 1150 2036 1205; baseline 0 -1"><span class='ocrx_word' id='word_1_80' title='bbox 346 1150 651 1205; x_wconf 84' lang='lat' dir='ltr'><strong>inﬁrmitas</strong></span> <span class='ocrx_word' id='word_1_81' title='bbox 706 1150 789 1203; x_wconf 85' lang='lat' dir='ltr'><strong>vel</strong></span> <span class='ocrx_word' id='word_1_82' title='bbox 847 1150 1085 1205; x_wconf 87' lang='lat' dir='ltr'><strong>rebellio</strong></span> <span class='ocrx_word' id='word_1_83' title='bbox 1135 1150 1322 1204; x_wconf 88' lang='lat' dir='ltr'><strong>carnis</strong></span> <span class='ocrx_word' id='word_1_84' title='bbox 1374 1150 1629 1205; x_wconf 89' lang='lat' dir='ltr'><strong>nondum</strong></span> <span class='ocrx_word' id='word_1_85' title='bbox 1660 1154 1826 1204; x_wconf 90' lang='lat' dir='ltr'><strong>erat:</strong></span> <span class='ocrx_word' id='word_1_86' title='bbox 1890 1150 2036 1204; x_wconf 83' lang='lat' dir='ltr'><strong>bene</strong></span> 
     </span>
    </p>
   </div>
   <div class='ocr_carea' id='block_1_12' title="bbox 342 1240 2033 1312">
    <p class='ocr_par' dir='ltr' id='par_1_12' title="bbox 342 1240 2033 1312">
     <span class='ocr_line' id='line_1_12' title="bbox 342 1240 2033 1312; baseline -0.001 -17"><span class='ocrx_word' id='word_1_87' title='bbox 342 1241 519 1312; x_wconf 85' lang='lat' dir='ltr'><strong>igitur</strong></span> <span class='ocrx_word' id='word_1_88' title='bbox 549 1243 735 1296; x_wconf 89' lang='lat' dir='ltr'><strong>nudus</strong></span> <span class='ocrx_word' id='word_1_89' title='bbox 768 1245 889 1297; x_wconf 89' lang='lat' dir='ltr'><strong>erat</strong></span> <span class='ocrx_word' id='word_1_90' title='bbox 920 1246 1160 1312; x_wconf 86' lang='lat' dir='ltr'><strong>uterque</strong></span> <span class='ocrx_word' id='word_1_91' title='bbox 1214 1246 1407 1295; x_wconf 85' lang='lat' dir='ltr'><strong>etnon</strong></span> <span class='ocrx_word' id='word_1_92' title='bbox 1446 1241 1870 1305; x_wconf 86' lang='lat' dir='ltr'><strong>erubescebant,</strong></span> <span class='ocrx_word' id='word_1_93' title='bbox 1896 1240 2033 1311; x_wconf 83' lang='lat' dir='ltr'><strong>quia</strong></span> 
     </span>
    </p>
   </div>
   <div class='ocr_carea' id='block_1_13' title="bbox 342 1328 2035 1399">
    <p class='ocr_par' dir='ltr' id='par_1_13' title="bbox 342 1328 2035 1399">
     <span class='ocr_line' id='line_1_13' title="bbox 342 1328 2035 1399; baseline -0.001 -17"><span class='ocrx_word' id='word_1_94' title='bbox 342 1329 495 1399; x_wconf 90' lang='lat' dir='ltr'><strong>quod</strong></span> <span class='ocrx_word' id='word_1_95' title='bbox 525 1330 925 1384; x_wconf 87' lang='lat' dir='ltr'><strong>erubescerent</strong></span> <span class='ocrx_word' id='word_1_96' title='bbox 978 1345 1097 1383; x_wconf 91' lang='lat' dir='ltr'><strong>non</strong></span> <span class='ocrx_word' id='word_1_97' title='bbox 1146 1328 1451 1384; x_wconf 86' lang='lat' dir='ltr'><strong>habebant.</strong></span> <span class='ocrx_word' id='word_1_98' title='bbox 1510 1329 1614 1382; x_wconf 92' lang='lat' dir='ltr'><strong>Illa</strong></span> <span class='ocrx_word' id='word_1_99' title='bbox 1644 1328 1915 1382; x_wconf 88' lang='lat' dir='ltr'><strong>nuditatis</strong></span> <span class='ocrx_word' id='word_1_100' title='bbox 1945 1344 2035 1381; x_wconf 86' lang='lat' dir='ltr'><strong>se-</strong></span> 
     </span>
    </p>
   </div>
   <div class='ocr_carea' id='block_1_14' title="bbox 343 1416 2038 1489">
    <p class='ocr_par' dir='ltr' id='par_1_14' title="bbox 343 1416 2038 1489">
     <span class='ocr_line' id='line_1_14' title="bbox 343 1416 2038 1489; baseline -0.001 -17"><span class='ocrx_word' id='word_1_101' title='bbox 343 1418 581 1472; x_wconf 87' lang='lat' dir='ltr'><strong>curitate</strong></span> <span class='ocrx_word' id='word_1_102' title='bbox 625 1416 867 1489; x_wconf 84' lang='lat' dir='ltr'><strong>perdita,</strong></span> <span class='ocrx_word' id='word_1_103' title='bbox 900 1432 1001 1471; x_wconf 92' lang='lat' dir='ltr'><strong>nos</strong></span> <span class='ocrx_word' id='word_1_104' title='bbox 1052 1416 1504 1487; x_wconf 80' lang='lat' dir='ltr'><strong>ingemiscimus,</strong></span> <span class='ocrx_word' id='word_1_105' title='bbox 1536 1433 1604 1471; x_wconf 93' lang='lat' dir='ltr'><strong>eo</strong></span> <span class='ocrx_word' id='word_1_106' title='bbox 1664 1417 1815 1489; x_wconf 90' lang='lat' dir='ltr'><strong>quod</strong></span> <span class='ocrx_word' id='word_1_107' title='bbox 1856 1417 2038 1488; x_wconf 78' lang='lat' dir='ltr'><strong>gloria</strong></span> 
     </span>
    </p>
   </div>
   <div class='ocr_carea' id='block_1_15' title="bbox 340 1505 2035 1576">
    <p class='ocr_par' dir='ltr' id='par_1_15' title="bbox 340 1505 2035 1576">
     <span class='ocr_line' id='line_1_15' title="bbox 340 1505 2035 1576; baseline -0.001 -16"><span class='ocrx_word' id='word_1_108' title='bbox 340 1512 396 1560; x_wconf 88' lang='lat' dir='ltr'><strong>et</strong></span> <span class='ocrx_word' id='word_1_109' title='bbox 422 1506 641 1560; x_wconf 87' lang='lat' dir='ltr'><strong>honore</strong></span> <span class='ocrx_word' id='word_1_110' title='bbox 681 1505 907 1576; x_wconf 87' lang='lat' dir='ltr'><strong>spoliati</strong></span> <span class='ocrx_word' id='word_1_111' title='bbox 937 1510 994 1559; x_wconf 89' lang='lat' dir='ltr'><strong>et</strong></span> <span class='ocrx_word' id='word_1_112' title='bbox 1023 1505 1346 1576; x_wconf 87' lang='lat' dir='ltr'><strong>panniculis</strong></span> <span class='ocrx_word' id='word_1_113' title='bbox 1377 1505 1629 1561; x_wconf 89' lang='lat' dir='ltr'><strong>obvoluti</strong></span> <span class='ocrx_word' id='word_1_114' title='bbox 1661 1505 1857 1559; x_wconf 90' lang='lat' dir='ltr'><strong>simus.</strong></span> <span class='ocrx_word' id='word_1_115' title='bbox 1894 1506 2035 1559; x_wconf 84' lang='lat' dir='ltr'><strong>Nam</strong></span> 
     </span>
    </p>
   </div>
   <div class='ocr_carea' id='block_1_16' title="bbox 341 1590 2035 1662">
    <p class='ocr_par' dir='ltr' id='par_1_16' title="bbox 341 1590 2035 1662">
     <span class='ocr_line' id='line_1_16' title="bbox 341 1590 2035 1662; baseline -0.002 -14"><span class='ocrx_word' id='word_1_116' title='bbox 341 1593 420 1648; x_wconf 89' lang='lat' dir='ltr'><strong>ita</strong></span> <span class='ocrx_word' id='word_1_117' title='bbox 445 1592 631 1646; x_wconf 84' lang='lat' dir='ltr'><strong>vestiti</strong></span> <span class='ocrx_word' id='word_1_118' title='bbox 661 1608 793 1646; x_wconf 83' lang='lat' dir='ltr'><strong>vere</strong></span> <span class='ocrx_word' id='word_1_119' title='bbox 853 1591 1171 1647; x_wconf 86' lang='lat' dir='ltr'><strong>incedimus</strong></span> <span class='ocrx_word' id='word_1_120' title='bbox 1210 1593 1368 1659; x_wconf 88' lang='lat' dir='ltr'><strong>nudi,</strong></span> <span class='ocrx_word' id='word_1_121' title='bbox 1427 1590 1673 1658; x_wconf 90' lang='lat' dir='ltr'><strong>etiamsi,</strong></span> <span class='ocrx_word' id='word_1_122' title='bbox 1733 1591 1887 1662; x_wconf 90' lang='lat' dir='ltr'><strong>quod</strong></span> <span class='ocrx_word' id='word_1_123' title='bbox 1927 1590 2035 1645; x_wconf 91' lang='lat' dir='ltr'><strong>im-</strong></span> 
     </span>
    </p>
   </div>
   <div class='ocr_carea' id='block_1_17' title="bbox 342 1677 2039 1751">
    <p class='ocr_par' dir='ltr' id='par_1_17' title="bbox 342 1677 2039 1751">
     <span class='ocr_line' id='line_1_17' title="bbox 342 1677 2039 1751; baseline -0.002 -17"><span class='ocrx_word' id='word_1_124' title='bbox 342 1680 613 1751; x_wconf 86' lang='lat' dir='ltr'><strong>possibile</strong></span> <span class='ocrx_word' id='word_1_125' title='bbox 654 1683 755 1741; x_wconf 88' lang='lat' dir='ltr'><strong>est,</strong></span> <span class='ocrx_word' id='word_1_126' title='bbox 832 1677 911 1732; x_wconf 91' lang='lat' dir='ltr'><strong>sic</strong></span> <span class='ocrx_word' id='word_1_127' title='bbox 959 1678 1267 1733; x_wconf 87' lang='lat' dir='ltr'><strong>vestiamur</strong></span> <span class='ocrx_word' id='word_1_128' title='bbox 1328 1678 1475 1732; x_wconf 80' lang='lat' dir='ltr'><strong>sicut</strong></span> <span class='ocrx_word' id='word_1_129' title='bbox 1538 1677 1858 1732; x_wconf 88' lang='lat' dir='ltr'><strong>vestiuntur</strong></span> <span class='ocrx_word' id='word_1_130' title='bbox 1921 1677 2039 1731; x_wconf 87' lang='lat' dir='ltr'><strong>lilia</strong></span> 
     </span>
    </p>
   </div>
   <div class='ocr_carea' id='block_1_18' title="bbox 343 1766 2042 1840">
    <p class='ocr_par' dir='ltr' id='par_1_18' title="bbox 343 1766 2042 1840">
     <span class='ocr_line' id='line_1_18' title="bbox 343 1766 2042 1840; baseline -0.005 -17"><span class='ocrx_word' id='word_1_131' title='bbox 343 1769 486 1840; x_wconf 91' lang='lat' dir='ltr'><strong>agri.</strong></span> <span class='ocrx_word' id='word_1_132' title='bbox 517 1767 735 1823; x_wconf 86' lang='lat' dir='ltr'><strong>Etenim</strong></span> <span class='ocrx_word' id='word_1_133' title='bbox 766 1784 871 1821; x_wconf 91' lang='lat' dir='ltr'><strong>nec</strong></span> <span class='ocrx_word' id='word_1_134' title='bbox 903 1768 1175 1822; x_wconf 89' lang='lat' dir='ltr'><strong>Salomon</strong></span> <span class='ocrx_word' id='word_1_135' title='bbox 1229 1768 1289 1821; x_wconf 92' lang='lat' dir='ltr'><strong>in</strong></span> <span class='ocrx_word' id='word_1_136' title='bbox 1320 1767 1476 1821; x_wconf 91' lang='lat' dir='ltr'><strong>omni</strong></span> <span class='ocrx_word' id='word_1_137' title='bbox 1507 1767 1691 1839; x_wconf 79' lang='lat' dir='ltr'><strong>gloria</strong></span> <span class='ocrx_word' id='word_1_138' title='bbox 1735 1781 1836 1819; x_wconf 89' lang='lat' dir='ltr'><strong>sua</strong></span> <span class='ocrx_word' id='word_1_139' title='bbox 1882 1766 2042 1820; x_wconf 84' lang='lat' dir='ltr'><strong>vesti-</strong></span> 
     </span>
    </p>
   </div>
   <div class='ocr_carea' id='block_1_19' title="bbox 344 1854 2038 1927">
    <p class='ocr_par' dir='ltr' id='par_1_19' title="bbox 344 1854 2038 1927">
     <span class='ocr_line' id='line_1_19' title="bbox 344 1854 2038 1927; baseline -0.003 -16"><span class='ocrx_word' id='word_1_140' title='bbox 344 1862 437 1911; x_wconf 91' lang='lat' dir='ltr'><strong>tus</strong></span> <span class='ocrx_word' id='word_1_141' title='bbox 467 1861 551 1917; x_wconf 87' lang='lat' dir='ltr'><strong>est</strong></span> <span class='ocrx_word' id='word_1_142' title='bbox 579 1856 725 1910; x_wconf 87' lang='lat' dir='ltr'><strong>sicut</strong></span> <span class='ocrx_word' id='word_1_143' title='bbox 758 1871 939 1909; x_wconf 90' lang='lat' dir='ltr'><strong>unum</strong></span> <span class='ocrx_word' id='word_1_144' title='bbox 990 1871 1054 1911; x_wconf 79' lang='lat' dir='ltr'><strong>ex</strong></span> <span class='ocrx_word' id='word_1_145' title='bbox 1087 1856 1195 1910; x_wconf 85' lang='lat' dir='ltr'><strong>his.</strong></span> <span class='ocrx_word' id='word_1_146' title='bbox 1252 1856 1330 1919; x_wconf 90' lang='lat' dir='ltr'><strong>Si,</strong></span> <span class='ocrx_word' id='word_1_147' title='bbox 1363 1855 1617 1927; x_wconf 88' lang='lat' dir='ltr'><strong>inquam,</strong></span> <span class='ocrx_word' id='word_1_148' title='bbox 1669 1854 1861 1908; x_wconf 79' lang='lat' dir='ltr'><strong>vestiri</strong></span> <span class='ocrx_word' id='word_1_149' title='bbox 1912 1869 2038 1924; x_wconf 79' lang='lat' dir='ltr'><strong>pos-</strong></span> 
     </span>
    </p>
   </div>
   <div class='ocr_carea' id='block_1_20' title="bbox 344 1940 2043 2014">
    <p class='ocr_par' dir='ltr' id='par_1_20' title="bbox 344 1940 2043 2014">
     <span class='ocr_line' id='line_1_20' title="bbox 344 1940 2043 2014; baseline -0.002 -17"><span class='ocrx_word' id='word_1_150' title='bbox 344 1944 525 1998; x_wconf 87' lang='lat' dir='ltr'><strong>simus</strong></span> <span class='ocrx_word' id='word_1_151' title='bbox 551 1943 697 1997; x_wconf 88' lang='lat' dir='ltr'><strong>sicut</strong></span> <span class='ocrx_word' id='word_1_152' title='bbox 736 1944 859 1999; x_wconf 67' lang='lat' dir='ltr'><strong>haec</strong></span> <span class='ocrx_word' id='word_1_153' title='bbox 916 1944 1252 2003; x_wconf 85' lang='lat' dir='ltr'><strong>vestiuntur,</strong></span> <span class='ocrx_word' id='word_1_154' title='bbox 1311 1944 1389 1996; x_wconf 86' lang='lat' dir='ltr'><strong>sic</strong></span> <span class='ocrx_word' id='word_1_155' title='bbox 1438 1958 1668 2014; x_wconf 89' lang='lat' dir='ltr'><strong>quoque</strong></span> <span class='ocrx_word' id='word_1_156' title='bbox 1729 1940 1954 2012; x_wconf 87' lang='lat' dir='ltr'><strong>spoliati</strong></span> <span class='ocrx_word' id='word_1_157' title='bbox 1984 1944 2043 1994; x_wconf 90' lang='lat' dir='ltr'><strong>et</strong></span> 
     </span>
    </p>
   </div>
   <div class='ocr_carea' id='block_1_21' title="bbox 341 2031 2041 2101">
    <p class='ocr_par' dir='ltr' id='par_1_21' title="bbox 341 2031 2041 2101">
     <span class='ocr_line' id='line_1_21' title="bbox 341 2031 2041 2101; baseline -0.002 -14"><span class='ocrx_word' id='word_1_158' title='bbox 341 2031 485 2087; x_wconf 90' lang='lat' dir='ltr'><strong>nudi</strong></span> <span class='ocrx_word' id='word_1_159' title='bbox 518 2047 735 2087; x_wconf 87' lang='lat' dir='ltr'><strong>sumus.</strong></span> <span class='ocrx_word' id='word_1_160' title='bbox 802 2031 958 2086; x_wconf 90' lang='lat' dir='ltr'><strong>Unde</strong></span> <span class='ocrx_word' id='word_1_161' title='bbox 1018 2032 1366 2086; x_wconf 86' lang='lat' dir='ltr'><strong>Salvatorem</strong></span> <span class='ocrx_word' id='word_1_162' title='bbox 1423 2038 1787 2101; x_wconf 81' lang='lat' dir='ltr'><strong>expectamus</strong></span> <span class='ocrx_word' id='word_1_163' title='bbox 1849 2031 2041 2085; x_wconf 92' lang='lat' dir='ltr'><strong>Domi-</strong></span> 
     </span>
    </p>
   </div>
   <div class='ocr_carea' id='block_1_22' title="bbox 348 2121 2043 2193">
    <p class='ocr_par' dir='ltr' id='par_1_22' title="bbox 348 2121 2043 2193">
     <span class='ocr_line' id='line_1_22' title="bbox 348 2121 2043 2193; baseline -0.002 -16"><span class='ocrx_word' id='word_1_164' title='bbox 348 2138 491 2178; x_wconf 89' lang='lat' dir='ltr'><strong>num</strong></span> <span class='ocrx_word' id='word_1_165' title='bbox 530 2124 1003 2178; x_wconf 79' lang='lat' dir='ltr'><strong>nostrumlesum</strong></span> <span class='ocrx_word' id='word_1_166' title='bbox 1037 2122 1347 2190; x_wconf 85' lang='lat' dir='ltr'><strong>Christum,</strong></span> <span class='ocrx_word' id='word_1_167' title='bbox 1378 2122 1477 2193; x_wconf 89' lang='lat' dir='ltr'><strong>qui</strong></span> <span class='ocrx_word' id='word_1_168' title='bbox 1533 2121 1868 2177; x_wconf 89' lang='lat' dir='ltr'><strong>reformabit</strong></span> <span class='ocrx_word' id='word_1_169' title='bbox 1911 2137 2043 2174; x_wconf 90' lang='lat' dir='ltr'><strong>cor—</strong></span> 
     </span>
    </p>
   </div>
   <div class='ocr_carea' id='block_1_23' title="bbox 346 2208 2045 2283">
    <p class='ocr_par' dir='ltr' id='par_1_23' title="bbox 346 2208 2045 2283">
     <span class='ocr_line' id='line_1_23' title="bbox 346 2208 2045 2283; baseline -0.002 -18"><span class='ocrx_word' id='word_1_170' title='bbox 346 2228 457 2283; x_wconf 87' lang='lat' dir='ltr'><strong>pus</strong></span> <span class='ocrx_word' id='word_1_171' title='bbox 484 2211 828 2266; x_wconf 85' lang='lat' dir='ltr'><strong>humilitatis</strong></span> <span class='ocrx_word' id='word_1_172' title='bbox 870 2215 1103 2275; x_wconf 79' lang='lat' dir='ltr'><strong>nostrae,</strong></span> <span class='ocrx_word' id='word_1_173' title='bbox 1157 2211 1576 2281; x_wconf 82' lang='lat' dir='ltr'><strong>configuratum</strong></span> <span class='ocrx_word' id='word_1_174' title='bbox 1632 2208 1858 2280; x_wconf 86' lang='lat' dir='ltr'><strong>corpori</strong></span> <span class='ocrx_word' id='word_1_175' title='bbox 1887 2208 2045 2262; x_wconf 80' lang='lat' dir='ltr'><strong>clari-</strong></span> 
     </span>
    </p>
   </div>
   <div class='ocr_carea' id='block_1_24' title="bbox 346 2294 2046 2371">
    <p class='ocr_par' dir='ltr' id='par_1_24' title="bbox 346 2294 2046 2371">
     <span class='ocr_line' id='line_1_24' title="bbox 346 2294 2046 2371; baseline -0.004 -16"><span class='ocrx_word' id='word_1_176' title='bbox 346 2299 478 2356; x_wconf 80' lang='lat' dir='ltr'><strong>tatis</strong></span> <span class='ocrx_word' id='word_1_177' title='bbox 524 2316 662 2354; x_wconf 64' lang='lat' dir='ltr'><strong>suae.</strong></span> <span class='ocrx_word' id='word_1_178' title='bbox 727 2300 995 2370; x_wconf 86' lang='lat' dir='ltr'><strong>Nunquid</strong></span> <span class='ocrx_word' id='word_1_179' title='bbox 1049 2299 1204 2354; x_wconf 90' lang='lat' dir='ltr'><strong>enim</strong></span> <span class='ocrx_word' id='word_1_180' title='bbox 1270 2300 1498 2371; x_wconf 89' lang='lat' dir='ltr'><strong>quando</strong></span> <span class='ocrx_word' id='word_1_181' title='bbox 1555 2298 1857 2365; x_wconf 88' lang='lat' dir='ltr'><strong>fulgebunt</strong></span> <span class='ocrx_word' id='word_1_182' title='bbox 1901 2294 2046 2367; x_wconf 88' lang='lat' dir='ltr'><strong>justi</strong></span> 
     </span>
    </p>
   </div>
   <div class='ocr_carea' id='block_1_25' title="bbox 347 2385 2048 2460">
    <p class='ocr_par' dir='ltr' id='par_1_25' title="bbox 347 2385 2048 2460">
     <span class='ocr_line' id='line_1_25' title="bbox 347 2385 2048 2460; baseline -0.003 -19"><span class='ocrx_word' id='word_1_183' title='bbox 347 2387 493 2441; x_wconf 87' lang='lat' dir='ltr'><strong>sicut</strong></span> <span class='ocrx_word' id='word_1_184' title='bbox 523 2388 605 2441; x_wconf 92' lang='lat' dir='ltr'><strong>sol</strong></span> <span class='ocrx_word' id='word_1_185' title='bbox 646 2387 705 2440; x_wconf 91' lang='lat' dir='ltr'><strong>in</strong></span> <span class='ocrx_word' id='word_1_186' title='bbox 764 2403 944 2460; x_wconf 87' lang='lat' dir='ltr'><strong>regno</strong></span> <span class='ocrx_word' id='word_1_187' title='bbox 987 2386 1169 2442; x_wconf 87' lang='lat' dir='ltr'><strong>Patris</strong></span> <span class='ocrx_word' id='word_1_188' title='bbox 1212 2386 1321 2453; x_wconf 89' lang='lat' dir='ltr'><strong>sui,</strong></span> <span class='ocrx_word' id='word_1_189' title='bbox 1373 2386 1579 2440; x_wconf 90' lang='lat' dir='ltr'><strong>tunicis</strong></span> <span class='ocrx_word' id='word_1_190' title='bbox 1631 2385 1961 2456; x_wconf 90' lang='lat' dir='ltr'><strong>operientur</strong></span> <span class='ocrx_word' id='word_1_191' title='bbox 1990 2386 2048 2436; x_wconf 88' lang='lat' dir='ltr'><strong>et</strong></span> 
     </span>
    </p>
   </div>
   <div class='ocr_carea' id='block_1_26' title="bbox 348 2471 2042 2547">
    <p class='ocr_par' dir='ltr' id='par_1_26' title="bbox 348 2471 2042 2547">
     <span class='ocr_line' id='line_1_26' title="bbox 348 2471 2042 2547; baseline -0.003 -17"><span class='ocrx_word' id='word_1_192' title='bbox 348 2476 591 2547; x_wconf 87' lang='lat' dir='ltr'><strong>palliis?</strong></span> <span class='ocrx_word' id='word_1_193' title='bbox 651 2477 771 2531; x_wconf 85' lang='lat' dir='ltr'><strong>Non</strong></span> <span class='ocrx_word' id='word_1_194' title='bbox 829 2475 1047 2547; x_wconf 90' lang='lat' dir='ltr'><strong>utique,</strong></span> <span class='ocrx_word' id='word_1_195' title='bbox 1099 2476 1195 2530; x_wconf 92' lang='lat' dir='ltr'><strong>sed</strong></span> <span class='ocrx_word' id='word_1_196' title='bbox 1248 2475 1317 2528; x_wconf 92' lang='lat' dir='ltr'><strong>ad</strong></span> <span class='ocrx_word' id='word_1_197' title='bbox 1370 2472 1610 2546; x_wconf 83' lang='lat' dir='ltr'><strong>gloriam</strong></span> <span class='ocrx_word' id='word_1_198' title='bbox 1656 2472 1885 2527; x_wconf 83' lang='lat' dir='ltr'><strong>factoris</strong></span> <span class='ocrx_word' id='word_1_199' title='bbox 1934 2471 2042 2539; x_wconf 91' lang='lat' dir='ltr'><strong>sui,</strong></span> 
     </span>
    </p>
   </div>
   <div class='ocr_carea' id='block_1_27' title="bbox 349 2559 2047 2636">
    <p class='ocr_par' dir='ltr' id='par_1_27' title="bbox 349 2559 2047 2636">
     <span class='ocr_line' id='line_1_27' title="bbox 349 2559 2047 2636; baseline -0.002 -19"><span class='ocrx_word' id='word_1_200' title='bbox 349 2580 728 2636; x_wconf 74' lang='lat' dir='ltr'><strong>quaecumque</strong></span> <span class='ocrx_word' id='word_1_201' title='bbox 757 2564 871 2619; x_wconf 89' lang='lat' dir='ltr'><strong>illis</strong></span> <span class='ocrx_word' id='word_1_202' title='bbox 901 2565 1115 2620; x_wconf 82' lang='lat' dir='ltr'><strong>fuerint</strong></span> <span class='ocrx_word' id='word_1_203' title='bbox 1164 2580 1295 2618; x_wconf 89' lang='lat' dir='ltr'><strong>vasa</strong></span> <span class='ocrx_word' id='word_1_204' title='bbox 1350 2562 1775 2629; x_wconf 66' lang='lat' dir='ltr'><strong>misericordiae,</strong></span> <span class='ocrx_word' id='word_1_205' title='bbox 1834 2559 2047 2615; x_wconf 89' lang='lat' dir='ltr'><strong>mutuis</strong></span> 
     </span>
    </p>
   </div>
   <div class='ocr_carea' id='block_1_28' title="bbox 350 2649 2045 2725">
    <p class='ocr_par' dir='ltr' id='par_1_28' title="bbox 350 2649 2045 2725">
     <span class='ocr_line' id='line_1_28' title="bbox 350 2649 2045 2725; baseline -0.003 -18"><span class='ocrx_word' id='word_1_206' title='bbox 350 2670 481 2707; x_wconf 90' lang='lat' dir='ltr'><strong>cum</strong></span> <span class='ocrx_word' id='word_1_207' title='bbox 512 2654 709 2723; x_wconf 68' lang='lat' dir='ltr'><strong>gloriw</strong></span> <span class='ocrx_word' id='word_1_208' title='bbox 743 2654 1066 2725; x_wconf 89' lang='lat' dir='ltr'><strong>aspectibus</strong></span> <span class='ocrx_word' id='word_1_209' title='bbox 1096 2655 1392 2725; x_wconf 89' lang='lat' dir='ltr'><strong>patebunt,</strong></span> <span class='ocrx_word' id='word_1_210' title='bbox 1419 2652 1552 2707; x_wconf 90' lang='lat' dir='ltr'><strong>foris</strong></span> <span class='ocrx_word' id='word_1_211' title='bbox 1585 2651 1807 2723; x_wconf 84' lang='lat' dir='ltr'><strong>fulgidi,</strong></span> <span class='ocrx_word' id='word_1_212' title='bbox 1838 2656 1894 2705; x_wconf 90' lang='lat' dir='ltr'><strong>et</strong></span> <span class='ocrx_word' id='word_1_213' title='bbox 1951 2649 2045 2703; x_wconf 85' lang='lat' dir='ltr'><strong>in-</strong></span> 
     </span>
    </p>
   </div>
   <div class='ocr_carea' id='block_1_29' title="bbox 352 2739 2046 2814">
    <p class='ocr_par' dir='ltr' id='par_1_29' title="bbox 352 2739 2046 2814">
     <span class='ocr_line' id='line_1_29' title="bbox 352 2739 2046 2814; baseline -0.004 -18"><span class='ocrx_word' id='word_1_214' title='bbox 352 2748 443 2797; x_wconf 88' lang='lat' dir='ltr'><strong>tus</strong></span> <span class='ocrx_word' id='word_1_215' title='bbox 467 2743 739 2814; x_wconf 88' lang='lat' dir='ltr'><strong>jucundi;</strong></span> <span class='ocrx_word' id='word_1_216' title='bbox 781 2759 1021 2813; x_wconf 89' lang='lat' dir='ltr'><strong>corpore</strong></span> <span class='ocrx_word' id='word_1_217' title='bbox 1077 2743 1309 2814; x_wconf 90' lang='lat' dir='ltr'><strong>integri,</strong></span> <span class='ocrx_word' id='word_1_218' title='bbox 1368 2748 1423 2796; x_wconf 91' lang='lat' dir='ltr'><strong>et</strong></span> <span class='ocrx_word' id='word_1_219' title='bbox 1478 2743 1667 2795; x_wconf 84' lang='lat' dir='ltr'><strong>animo</strong></span> <span class='ocrx_word' id='word_1_220' title='bbox 1721 2739 1864 2804; x_wconf 64' lang='lat' dir='ltr'><strong>laeti;</strong></span> <span class='ocrx_word' id='word_1_221' title='bbox 1922 2752 2046 2791; x_wconf 88' lang='lat' dir='ltr'><strong>cor-</strong></span> 
     </span>
    </p>
   </div>
   <div class='ocr_carea' id='block_1_30' title="bbox 351 2830 1489 2902">
    <p class='ocr_par' dir='ltr' id='par_1_30' title="bbox 351 2830 1489 2902">
     <span class='ocr_line' id='line_1_30' title="bbox 351 2830 1489 2902; baseline -0.002 -17"><span class='ocrx_word' id='word_1_222' title='bbox 351 2847 509 2902; x_wconf 84' lang='lat' dir='ltr'><strong>pore,</strong></span> <span class='ocrx_word' id='word_1_223' title='bbox 542 2830 799 2902; x_wconf 84' lang='lat' dir='ltr'><strong>inquam,</strong></span> <span class='ocrx_word' id='word_1_224' title='bbox 831 2831 1001 2886; x_wconf 82' lang='lat' dir='ltr'><strong>simul</strong></span> <span class='ocrx_word' id='word_1_225' title='bbox 1024 2838 1081 2887; x_wconf 92' lang='lat' dir='ltr'><strong>et</strong></span> <span class='ocrx_word' id='word_1_226' title='bbox 1100 2832 1289 2886; x_wconf 87' lang='lat' dir='ltr'><strong>anima</strong></span> <span class='ocrx_word' id='word_1_227' title='bbox 1320 2830 1489 2885; x_wconf 84' lang='lat' dir='ltr'><strong>beati.</strong></span> 
     </span>
    </p>
   </div>
   <div class='ocr_carea' id='block_1_31' title="bbox 428 2914 2046 2991">
    <p class='ocr_par' dir='ltr' id='par_1_31' title="bbox 428 2914 2046 2991">
     <span class='ocr_line' id='line_1_31' title="bbox 428 2914 2046 2991; baseline -0.006 -16"><span class='ocrx_word' id='word_1_228' title='bbox 428 2940 456 2968; x_wconf 86' lang='grc'><strong>‹‹</strong></span> <span class='ocrx_word' id='word_1_229' title='bbox 489 2922 622 2975; x_wconf 83' lang='lat' dir='ltr'><strong>Erat</strong></span> <span class='ocrx_word' id='word_1_230' title='bbox 648 2925 836 2973; x_wconf 87' lang='lat' dir='ltr'><strong>autem</strong></span> <span class='ocrx_word' id='word_1_231' title='bbox 873 2926 1113 2991; x_wconf 85' lang='lat' dir='ltr'><strong>uterque</strong></span> <span class='ocrx_word' id='word_1_232' title='bbox 1144 2921 1353 2979; x_wconf 84' lang='lat' dir='ltr'><strong>nudus,</strong></span> <span class='ocrx_word' id='word_1_233' title='bbox 1387 2939 1408 2967; x_wconf 77' lang='grc' dir='ltr'><strong>ι</strong></span> <span class='ocrx_word' id='word_1_234' title='bbox 1457 2923 1562 2972; x_wconf 90' lang='lat' dir='ltr'><strong>etc.</strong></span> <span class='ocrx_word' id='word_1_235' title='bbox 1593 2916 1767 2987; x_wconf 73' lang='lat'><strong>(1310.,</strong></span> <span class='ocrx_word' id='word_1_236' title='bbox 1802 2916 1862 2968; x_wconf 82' lang='lat' dir='ltr'><strong>in</strong></span> <span class='ocrx_word' id='word_1_237' title='bbox 1891 2914 2046 2976; x_wconf 88' lang='lat' dir='ltr'><strong>Gen.,</strong></span> 
     </span>
    </p>
   </div>
   <div class='ocr_carea' id='block_1_32' title="bbox 354 2998 2117 3079">
    <p class='ocr_par' dir='ltr' id='par_1_32' title="bbox 354 2998 2117 3079">
     <span class='ocr_line' id='line_1_32' title="bbox 354 2998 2117 3079; baseline -0.003 -18"><span class='ocrx_word' id='word_1_238' title='bbox 354 3025 415 3062; x_wconf 83' lang='lat' dir='ltr'><strong>cx</strong></span> <span class='ocrx_word' id='word_1_239' title='bbox 450 3010 593 3079; x_wconf 90' lang='lat' dir='ltr'><strong>Aug.</strong></span> <span class='ocrx_word' id='word_1_240' title='bbox 625 3009 691 3063; x_wconf 84' lang='lat' dir='ltr'><strong>de</strong></span> <span class='ocrx_word' id='word_1_241' title='bbox 722 3011 857 3063; x_wconf 87' lang='lat' dir='ltr'><strong>Gen.</strong></span> <span class='ocrx_word' id='word_1_242' title='bbox 890 3015 1076 3064; x_wconf 79' lang='lat' dir='ltr'><strong>contra</strong></span> <span class='ocrx_word' id='word_1_243' title='bbox 1128 3008 1388 3073; x_wconf 75' lang='lat' dir='ltr'><strong>Maniclt.,</strong></span> <span class='ocrx_word' id='word_1_244' title='bbox 1423 3007 1517 3061; x_wconf 93' lang='lat' dir='ltr'><strong>lib.</strong></span> <span class='ocrx_word' id='word_1_245' title='bbox 1557 3023 1612 3066; x_wconf 87' lang='grc' dir='ltr'>ιι,</span> <span class='ocrx_word' id='word_1_246' title='bbox 1643 3020 1690 3058; x_wconf 93' lang='lat' dir='ltr'><strong>c.</strong></span> <span class='ocrx_word' id='word_1_247' title='bbox 1746 3004 1857 3071; x_wconf 85' lang='lat'><strong>15.)</strong></span> <span class='ocrx_word' id='word_1_248' title='bbox 1888 2998 2047 3066; x_wconf 82' lang='lat' dir='ltr'><strong>Quod</strong></span> <span class='ocrx_word' id='word_1_249' title='bbox 2077 3017 2117 3072; x_wconf 66' lang='grc' dir='ltr'><strong>(ς</strong></span> 
     </span>
    </p>
   </div>
   <div class='ocr_carea' id='block_1_33' title="bbox 356 3092 2050 3166">
    <p class='ocr_par' dir='ltr' id='par_1_33' title="bbox 356 3092 2050 3166">
     <span class='ocr_line' id='line_1_33' title="bbox 356 3092 2050 3166; baseline -0.004 -14"><span class='ocrx_word' id='word_1_250' title='bbox 356 3098 680 3152; x_wconf 86' lang='lat' dir='ltr'><strong>nudierant</strong></span> <span class='ocrx_word' id='word_1_251' title='bbox 710 3103 767 3153; x_wconf 90' lang='lat' dir='ltr'><strong>et</strong></span> <span class='ocrx_word' id='word_1_252' title='bbox 794 3098 1225 3164; x_wconf 79' lang='lat' dir='ltr'><strong>erubescebant,</strong></span> <span class='ocrx_word' id='word_1_253' title='bbox 1269 3105 1400 3163; x_wconf 89' lang='lat' dir='ltr'><strong>etc.,</strong></span> <span class='ocrx_word' id='word_1_254' title='bbox 1448 3112 1617 3166; x_wconf 85' lang='lat' dir='ltr'><strong>usque</strong></span> <span class='ocrx_word' id='word_1_255' title='bbox 1669 3095 1743 3150; x_wconf 86' lang='lat' dir='ltr'><strong>ad</strong></span> <span class='ocrx_word' id='word_1_256' title='bbox 1799 3092 1935 3164; x_wconf 87' lang='lat' dir='ltr'><strong>quia</strong></span> <span class='ocrx_word' id='word_1_257' title='bbox 1995 3092 2050 3146; x_wconf 89' lang='lat' dir='ltr'><strong>in</strong></span> 
     </span>
    </p>
   </div>
   <div class='ocr_carea' id='block_1_34' title="bbox 356 3187 1432 3241">
    <p class='ocr_par' dir='ltr' id='par_1_34' title="bbox 356 3187 1432 3241">
     <span class='ocr_line' id='line_1_34' title="bbox 356 3187 1432 3241; baseline 0 0"><span class='ocrx_word' id='word_1_258' title='bbox 356 3202 635 3241; x_wconf 90' lang='lat' dir='ltr'><strong>consensu</strong></span> <span class='ocrx_word' id='word_1_259' title='bbox 670 3203 767 3241; x_wconf 89' lang='lat' dir='ltr'><strong>rea</strong></span> <span class='ocrx_word' id='word_1_260' title='bbox 817 3191 1043 3241; x_wconf 90' lang='lat' dir='ltr'><strong>tenetur</strong></span> <span class='ocrx_word' id='word_1_261' title='bbox 1067 3187 1432 3241; x_wconf 83' lang='lat' dir='ltr'><strong>conscientia.</strong></span> 
     </span>
    </p>
   </div>
   <div class='ocr_carea' id='block_1_35' title="bbox 1015 3276 1384 3330">
    <p class='ocr_par' dir='ltr' id='par_1_35' title="bbox 1015 3276 1384 3330">
     <span class='ocr_line' id='line_1_35' title="bbox 1015 3276 1384 3330; baseline 0 -1"><span class='ocrx_word' id='word_1_262' title='bbox 1015 3276 1238 3330; x_wconf 84' lang='lat' dir='ltr'><strong>CAPUT</strong></span> <span class='ocrx_word' id='word_1_263' title='bbox 1291 3276 1384 3330; x_wconf 89' lang='lat' dir='ltr'><strong>III.</strong></span> 
     </span>
    </p>
   </div>
   <div class='ocr_carea' id='block_1_36' title="bbox 428 3360 2051 3435">
    <p class='ocr_par' dir='ltr' id='par_1_36' title="bbox 428 3360 2051 3435">
     <span class='ocr_line' id='line_1_36' title="bbox 428 3360 2051 3435; baseline -0.003 -19"><span class='ocrx_word' id='word_1_264' title='bbox 428 3366 599 3420; x_wconf 75' lang='lat' dir='ltr'><strong>VERS.</strong></span> <span class='ocrx_word' id='word_1_265' title='bbox 639 3366 743 3419; x_wconf 71' lang='grc'><strong>1-4.</strong></span> <span class='ocrx_word' id='word_1_266' title='bbox 776 3394 847 3406; x_wconf 94' lang='grc'><strong>-</strong></span> <span class='ocrx_word' id='word_1_267' title='bbox 880 3384 906 3414; x_wconf 75' lang='grc' dir='ltr'>α</span> <span class='ocrx_word' id='word_1_268' title='bbox 957 3366 1063 3420; x_wconf 87' lang='lat' dir='ltr'><strong>Sed</strong></span> <span class='ocrx_word' id='word_1_269' title='bbox 1094 3370 1150 3418; x_wconf 88' lang='lat' dir='ltr'><strong>et</strong></span> <span class='ocrx_word' id='word_1_270' title='bbox 1183 3380 1414 3435; x_wconf 88' lang='lat' dir='ltr'><strong>serpens</strong></span> <span class='ocrx_word' id='word_1_271' title='bbox 1443 3369 1565 3416; x_wconf 89' lang='lat' dir='ltr'><strong>erat</strong></span> <span class='ocrx_word' id='word_1_272' title='bbox 1609 3360 1864 3415; x_wconf 89' lang='lat' dir='ltr'><strong>callidior</strong></span> <span class='ocrx_word' id='word_1_273' title='bbox 1918 3374 2051 3411; x_wconf 89' lang='lat' dir='ltr'><strong>cun-</strong></span> 
     </span>
    </p>
   </div>
   <div class='ocr_carea' id='block_1_37' title="bbox 359 3443 2054 3521">
    <p class='ocr_par' dir='ltr' id='par_1_37' title="bbox 359 3443 2054 3521">
     <span class='ocr_line' id='line_1_37' title="bbox 359 3443 2054 3521; baseline -0.003 -18"><span class='ocrx_word' id='word_1_274' title='bbox 359 3474 384 3503; x_wconf 81' lang='grc'><strong>‹‹</strong></span> <span class='ocrx_word' id='word_1_275' title='bbox 421 3452 524 3506; x_wconf 92' lang='lat' dir='ltr'><strong>ctis</strong></span> <span class='ocrx_word' id='word_1_276' title='bbox 569 3450 978 3516; x_wconf 86' lang='lat' dir='ltr'><strong>animantibus,</strong></span> <span class='ocrx_word' id='word_1_277' title='bbox 1013 3473 1041 3500; x_wconf 86' lang='grc'><strong>››</strong></span> <span class='ocrx_word' id='word_1_278' title='bbox 1110 3456 1216 3506; x_wconf 86' lang='lat' dir='ltr'><strong>etc.</strong></span> <span class='ocrx_word' id='word_1_279' title='bbox 1272 3454 1451 3521; x_wconf 63' lang='grc' dir='ltr'><strong>(Αυῦη</strong></span> <span class='ocrx_word' id='word_1_280' title='bbox 1482 3450 1582 3503; x_wconf 92' lang='lat' dir='ltr'><strong>lib.</strong></span> <span class='ocrx_word' id='word_1_281' title='bbox 1627 3465 1662 3502; x_wconf 88' lang='grc' dir='ltr'><strong>ιι</strong></span> <span class='ocrx_word' id='word_1_282' title='bbox 1717 3447 1782 3502; x_wconf 87' lang='lat' dir='ltr'><strong>de</strong></span> <span class='ocrx_word' id='word_1_283' title='bbox 1813 3448 1946 3500; x_wconf 87' lang='lat' dir='ltr'><strong>Gen.</strong></span> <span class='ocrx_word' id='word_1_284' title='bbox 1980 3443 2054 3499; x_wconf 84' lang='lat' dir='ltr'><strong>ad</strong></span> 
     </span>
    </p>
   </div>
   <div class='ocr_carea' id='block_1_38' title="bbox 357 3533 2050 3608">
    <p class='ocr_par' dir='ltr' id='par_1_38' title="bbox 357 3533 2050 3608">
     <span class='ocr_line' id='line_1_38' title="bbox 357 3533 2050 3608; baseline -0.006 -14"><span class='ocrx_word' id='word_1_285' title='bbox 357 3542 469 3594; x_wconf 74' lang='lat' dir='ltr'><strong>litt.</strong></span> <span class='ocrx_word' id='word_1_286' title='bbox 528 3554 576 3592; x_wconf 93' lang='lat' dir='ltr'><strong>c.</strong></span> <span class='ocrx_word' id='word_1_287' title='bbox 636 3541 689 3606; x_wconf 95' lang='lat'><strong>2,</strong></span> <span class='ocrx_word' id='word_1_288' title='bbox 753 3540 804 3603; x_wconf 98' lang='lat'><strong>3,</strong></span> <span class='ocrx_word' id='word_1_289' title='bbox 865 3540 1005 3591; x_wconf 88' lang='lat' dir='ltr'><strong>tom.</strong></span> <span class='ocrx_word' id='word_1_290' title='bbox 1058 3539 1182 3608; x_wconf 90' lang='grc'><strong>111.)</strong></span> <span class='ocrx_word' id='word_1_291' title='bbox 1238 3537 1368 3603; x_wconf 83' lang='lat' dir='ltr'><strong>Alii,</strong></span> <span class='ocrx_word' id='word_1_292' title='bbox 1434 3533 1985 3607; x_wconf 82' lang='lat' dir='ltr'><strong>«prudentissimus,</strong></span> <span class='ocrx_word' id='word_1_293' title='bbox 2025 3551 2050 3583; x_wconf 75' lang='grc' dir='ltr'>ιο</span> 
     </span>
    </p>
   </div>
   <div class='ocr_carea' id='block_1_39' title="bbox 359 3621 2055 3692">
    <p class='ocr_par' dir='ltr' id='par_1_39' title="bbox 359 3621 2055 3692">
     <span class='ocr_line' id='line_1_39' title="bbox 359 3621 2055 3692; baseline -0.004 -11"><span class='ocrx_word' id='word_1_294' title='bbox 359 3626 688 3682; x_wconf 89' lang='lat' dir='ltr'><strong>translative</strong></span> <span class='ocrx_word' id='word_1_295' title='bbox 714 3626 950 3682; x_wconf 89' lang='lat' dir='ltr'><strong>dictum.</strong></span> <span class='ocrx_word' id='word_1_296' title='bbox 983 3627 1226 3691; x_wconf 89' lang='lat' dir='ltr'><strong>Quidam</strong></span> <span class='ocrx_word' id='word_1_297' title='bbox 1281 3626 1493 3680; x_wconf 85' lang='lat' dir='ltr'><strong>codices</strong></span> <span class='ocrx_word' id='word_1_298' title='bbox 1526 3623 1738 3679; x_wconf 86' lang='lat' dir='ltr'><strong>habent</strong></span> <span class='ocrx_word' id='word_1_299' title='bbox 1780 3641 1806 3672; x_wconf 80' lang='grc' dir='ltr'>(ι</span> <span class='ocrx_word' id='word_1_300' title='bbox 1835 3621 2055 3692; x_wconf 85' lang='lat' dir='ltr'><strong>sapien-</strong></span> 
     </span>
    </p>
   </div>
   <div class='ocr_carea' id='block_1_40' title="bbox 359 3706 2054 3788">
    <p class='ocr_par' dir='ltr' id='par_1_40' title="bbox 359 3706 2054 3788">
     <span class='ocr_line' id='line_1_40' title="bbox 359 3706 2054 3788; baseline -0.007 -16"><span class='ocrx_word' id='word_1_301' title='bbox 359 3717 631 3783; x_wconf 86' lang='lat' dir='ltr'><strong>tissimus,</strong></span> <span class='ocrx_word' id='word_1_302' title='bbox 668 3737 695 3767; x_wconf 82' lang='lat'>»</span> <span class='ocrx_word' id='word_1_303' title='bbox 730 3732 848 3771; x_wconf 92' lang='lat' dir='ltr'><strong>non</strong></span> <span class='ocrx_word' id='word_1_304' title='bbox 895 3717 1146 3788; x_wconf 89' lang='lat' dir='ltr'><strong>proprie,</strong></span> <span class='ocrx_word' id='word_1_305' title='bbox 1181 3716 1327 3769; x_wconf 91' lang='lat' dir='ltr'><strong>sicut</strong></span> <span class='ocrx_word' id='word_1_306' title='bbox 1371 3713 1432 3768; x_wconf 90' lang='lat' dir='ltr'><strong>in</strong></span> <span class='ocrx_word' id='word_1_307' title='bbox 1476 3714 1628 3768; x_wconf 91' lang='lat' dir='ltr'><strong>bono</strong></span> <span class='ocrx_word' id='word_1_308' title='bbox 1679 3712 1823 3765; x_wconf 90' lang='lat' dir='ltr'><strong>solet</strong></span> <span class='ocrx_word' id='word_1_309' title='bbox 1875 3706 2054 3778; x_wconf 89' lang='lat' dir='ltr'><strong>accipi</strong></span> 
     </span>
    </p>
   </div>
   <div class='ocr_carea' id='block_1_41' title="bbox 358 3797 2054 3876">
    <p class='ocr_par' dir='ltr' id='par_1_41' title="bbox 358 3797 2054 3876">
     <span class='ocr_line' id='line_1_41' title="bbox 358 3797 2054 3876; baseline -0.006 -17"><span class='ocrx_word' id='word_1_310' title='bbox 358 3804 641 3876; x_wconf 83' lang='lat' dir='ltr'><strong>sapientia</strong></span> <span class='ocrx_word' id='word_1_311' title='bbox 673 3803 793 3869; x_wconf 89' lang='lat' dir='ltr'><strong>Dei,</strong></span> <span class='ocrx_word' id='word_1_312' title='bbox 828 3805 911 3859; x_wconf 90' lang='lat' dir='ltr'><strong>vel</strong></span> <span class='ocrx_word' id='word_1_313' title='bbox 958 3805 1313 3875; x_wconf 89' lang='lat' dir='ltr'><strong>angelorum,</strong></span> <span class='ocrx_word' id='word_1_314' title='bbox 1365 3802 1451 3856; x_wconf 85' lang='lat' dir='ltr'><strong>vel</strong></span> <span class='ocrx_word' id='word_1_315' title='bbox 1483 3800 1693 3855; x_wconf 60' lang='lat' dir='ltr'><strong>animas</strong></span> <span class='ocrx_word' id='word_1_316' title='bbox 1742 3797 2054 3865; x_wconf 86' lang='lat' dir='ltr'><strong>rationalis,</strong></span> 
     </span>
    </p>
   </div>
   <div class='ocr_carea' id='block_1_42' title="bbox 361 3894 1413 3965">
    <p class='ocr_par' dir='ltr' id='par_1_42' title="bbox 361 3894 1413 3965">
     <span class='ocr_line' id='line_1_42' title="bbox 361 3894 1413 3965; baseline -0.004 -16"><span class='ocrx_word' id='word_1_317' title='bbox 361 3902 493 3963; x_wconf 90' lang='lat' dir='ltr'><strong>etc.,</strong></span> <span class='ocrx_word' id='word_1_318' title='bbox 525 3910 691 3965; x_wconf 85' lang='lat' dir='ltr'><strong>usque</strong></span> <span class='ocrx_word' id='word_1_319' title='bbox 720 3894 795 3949; x_wconf 87' lang='lat' dir='ltr'><strong>ad</strong></span> <span class='ocrx_word' id='word_1_320' title='bbox 826 3894 922 3949; x_wconf 90' lang='lat' dir='ltr'><strong>sed</strong></span> <span class='ocrx_word' id='word_1_321' title='bbox 943 3898 1195 3965; x_wconf 87' lang='lat' dir='ltr'><strong>potestas</strong></span> <span class='ocrx_word' id='word_1_322' title='bbox 1215 3911 1249 3947; x_wconf 90' lang='lat' dir='ltr'><strong>a</strong></span> <span class='ocrx_word' id='word_1_323' title='bbox 1280 3894 1413 3947; x_wconf 93' lang='lat' dir='ltr'><strong>Deo.</strong></span> 
     </span>
    </p>
   </div>
   <div class='ocr_carea' id='block_1_43' title="bbox 437 3975 2053 4055">
    <p class='ocr_par' dir='ltr' id='par_1_43' title="bbox 437 3975 2053 4055">
     <span class='ocr_line' id='line_1_43' title="bbox 437 3975 2053 4055; baseline -0.008 -16"><span class='ocrx_word' id='word_1_324' title='bbox 437 4007 458 4033; x_wconf 77' lang='grc' dir='ltr'>α</span> <span class='ocrx_word' id='word_1_325' title='bbox 486 3984 597 4039; x_wconf 89' lang='lat' dir='ltr'><strong>Sed</strong></span> <span class='ocrx_word' id='word_1_326' title='bbox 626 3998 881 4055; x_wconf 85' lang='lat' dir='ltr'><strong>serpens,</strong></span> <span class='ocrx_word' id='word_1_327' title='bbox 922 4004 943 4031; x_wconf 78' lang='grc' dir='ltr'><strong>ι</strong></span> <span class='ocrx_word' id='word_1_328' title='bbox 979 3988 1087 4038; x_wconf 88' lang='lat' dir='ltr'><strong>etc.</strong></span> <span class='ocrx_word' id='word_1_329' title='bbox 1125 3979 1365 4050; x_wconf 63' lang='lat' dir='ltr'><strong>(Snus)</strong></span> <span class='ocrx_word' id='word_1_330' title='bbox 1396 3978 1485 4034; x_wconf 90' lang='lat' dir='ltr'><strong>Sic</strong></span> <span class='ocrx_word' id='word_1_331' title='bbox 1544 3975 1803 4031; x_wconf 86' lang='lat' dir='ltr'><strong>diabolus</strong></span> <span class='ocrx_word' id='word_1_332' title='bbox 1858 3975 2053 4045; x_wconf 87' lang='lat' dir='ltr'><strong>loque-</strong></span> 
     </span>
    </p>
   </div>
   <div class='ocr_carea' id='block_1_44' title="bbox 362 4065 2051 4144">
    <p class='ocr_par' dir='ltr' id='par_1_44' title="bbox 362 4065 2051 4144">
     <span class='ocr_line' id='line_1_44' title="bbox 362 4065 2051 4144; baseline -0.009 -16"><span class='ocrx_word' id='word_1_333' title='bbox 362 4074 529 4128; x_wconf 87' lang='lat' dir='ltr'><strong>batur</strong></span> <span class='ocrx_word' id='word_1_334' title='bbox 557 4089 661 4144; x_wconf 90' lang='lat' dir='ltr'><strong>per</strong></span> <span class='ocrx_word' id='word_1_335' title='bbox 715 4077 1039 4142; x_wconf 85' lang='lat' dir='ltr'><strong>serpentem</strong></span> <span class='ocrx_word' id='word_1_336' title='bbox 1096 4071 1482 4142; x_wconf 88' lang='lat' dir='ltr'><strong>ignorantem,</strong></span> <span class='ocrx_word' id='word_1_337' title='bbox 1541 4065 1686 4119; x_wconf 85' lang='lat' dir='ltr'><strong>sicut</strong></span> <span class='ocrx_word' id='word_1_338' title='bbox 1740 4078 1843 4134; x_wconf 90' lang='lat' dir='ltr'><strong>per</strong></span> <span class='ocrx_word' id='word_1_339' title='bbox 1890 4076 2051 4115; x_wconf 90' lang='lat' dir='ltr'><strong>ener-</strong></span> 
     </span>
    </p>
   </div>
   <div class='ocr_carea' id='block_1_45' title="bbox 361 4149 2051 4231">
    <p class='ocr_par' dir='ltr' id='par_1_45' title="bbox 361 4149 2051 4231">
     <span class='ocr_line' id='line_1_45' title="bbox 361 4149 2051 4231; baseline -0.006 -19"><span class='ocrx_word' id='word_1_340' title='bbox 361 4176 641 4231; x_wconf 90' lang='lat' dir='ltr'><strong>gumenos</strong></span> <span class='ocrx_word' id='word_1_341' title='bbox 671 4160 759 4213; x_wconf 91' lang='lat' dir='ltr'><strong>vel</strong></span> <span class='ocrx_word' id='word_1_342' title='bbox 791 4158 1071 4213; x_wconf 86' lang='lat' dir='ltr'><strong>fanaticos</strong></span> <span class='ocrx_word' id='word_1_343' title='bbox 1110 4170 1574 4229; x_wconf 87' lang='lat' dir='ltr'><strong>:quemcumque</strong></span> <span class='ocrx_word' id='word_1_344' title='bbox 1630 4152 1781 4207; x_wconf 91' lang='lat' dir='ltr'><strong>enim</strong></span> <span class='ocrx_word' id='word_1_345' title='bbox 1832 4149 2051 4220; x_wconf 89' lang='lat' dir='ltr'><strong>arripit,</strong></span> 
     </span>
    </p>
   </div>
   <div class='ocr_carea' id='block_1_46' title="bbox 360 4240 2056 4315">
    <p class='ocr_par' dir='ltr' id='par_1_46' title="bbox 360 4240 2056 4315">
     <span class='ocr_line' id='line_1_46' title="bbox 360 4240 2056 4315; baseline -0.006 -13"><span class='ocrx_word' id='word_1_346' title='bbox 360 4249 717 4302; x_wconf 90' lang='lat' dir='ltr'><strong>intellectum</strong></span> <span class='ocrx_word' id='word_1_347' title='bbox 747 4252 803 4302; x_wconf 88' lang='lat' dir='ltr'><strong>et</strong></span> <span class='ocrx_word' id='word_1_348' title='bbox 845 4247 1123 4301; x_wconf 89' lang='lat' dir='ltr'><strong>rationem</strong></span> <span class='ocrx_word' id='word_1_349' title='bbox 1170 4245 1337 4299; x_wconf 90' lang='lat' dir='ltr'><strong>tollit.</strong></span> <span class='ocrx_word' id='word_1_350' title='bbox 1396 4244 1638 4315; x_wconf 91' lang='lat' dir='ltr'><strong>Spiritus</strong></span> <span class='ocrx_word' id='word_1_351' title='bbox 1690 4257 1821 4294; x_wconf 92' lang='lat' dir='ltr'><strong>vero</strong></span> <span class='ocrx_word' id='word_1_352' title='bbox 1870 4240 2056 4293; x_wconf 88' lang='lat' dir='ltr'><strong>bonus</strong></span> 
     </span>
    </p>
   </div>
   <div class='ocr_carea' id='block_1_47' title="bbox 363 4327 2056 4407">
    <p class='ocr_par' dir='ltr' id='par_1_47' title="bbox 363 4327 2056 4407">
     <span class='ocr_line' id='line_1_47' title="bbox 363 4327 2056 4407; baseline -0.006 -17"><span class='ocrx_word' id='word_1_353' title='bbox 363 4351 757 4407; x_wconf 88' lang='lat' dir='ltr'><strong>quoscumque</strong></span> <span class='ocrx_word' id='word_1_354' title='bbox 785 4336 970 4406; x_wconf 86' lang='lat' dir='ltr'><strong>gratia</strong></span> <span class='ocrx_word' id='word_1_355' title='bbox 1002 4334 1323 4404; x_wconf 86' lang='lat' dir='ltr'><strong>repleverit,</strong></span> <span class='ocrx_word' id='word_1_356' title='bbox 1358 4333 1612 4387; x_wconf 84' lang='lat' dir='ltr'><strong>videntes</strong></span> <span class='ocrx_word' id='word_1_357' title='bbox 1650 4334 1706 4384; x_wconf 88' lang='lat' dir='ltr'><strong>et</strong></span> <span class='ocrx_word' id='word_1_358' title='bbox 1733 4327 2056 4399; x_wconf 84' lang='lat' dir='ltr'><strong>intelligen-</strong></span> 
     </span>
    </p>
   </div>
   <div class='ocr_carea' id='block_1_48' title="bbox 363 4420 2062 4492">
    <p class='ocr_par' dir='ltr' id='par_1_48' title="bbox 363 4420 2062 4492">
     <span class='ocr_line' id='line_1_48' title="bbox 363 4420 2062 4492; baseline -0.002 -16"><span class='ocrx_word' id='word_1_359' title='bbox 363 4426 446 4476; x_wconf 89' lang='lat' dir='ltr'><strong>tes</strong></span> <span class='ocrx_word' id='word_1_360' title='bbox 493 4421 645 4487; x_wconf 86' lang='lat' dir='ltr'><strong>facit,</strong></span> <span class='ocrx_word' id='word_1_361' title='bbox 688 4421 843 4476; x_wconf 89' lang='lat' dir='ltr'><strong>unde</strong></span> <span class='ocrx_word' id='word_1_362' title='bbox 901 4421 1135 4492; x_wconf 88' lang='lat' dir='ltr'><strong>spiritus</strong></span> <span class='ocrx_word' id='word_1_363' title='bbox 1190 4421 1601 4492; x_wconf 87' lang='lat' dir='ltr'><strong>prophetarum</strong></span> <span class='ocrx_word' id='word_1_364' title='bbox 1648 4420 1934 4489; x_wconf 80' lang='lat' dir='ltr'><strong>subjectus</strong></span> <span class='ocrx_word' id='word_1_365' title='bbox 1976 4424 2062 4473; x_wconf 87' lang='lat' dir='ltr'><strong>est</strong></span> 
     </span>
    </p>
   </div>
   <div class='ocr_carea' id='block_1_49' title="bbox 361 4511 678 4583">
    <p class='ocr_par' dir='ltr' id='par_1_49' title="bbox 361 4511 678 4583">
     <span class='ocr_line' id='line_1_49' title="bbox 361 4511 678 4583; baseline -0.003 -18"><span class='ocrx_word' id='word_1_366' title='bbox 361 4511 678 4583; x_wconf 83' lang='lat' dir='ltr'><strong>prophetis.</strong></span> 
     </span>
    </p>
   </div>
   <div class='ocr_carea' id='block_1_50' title="bbox 440 4597 2057 4667">
    <p class='ocr_par' dir='ltr' id='par_1_50' title="bbox 440 4597 2057 4667">
     <span class='ocr_line' id='line_1_50' title="bbox 440 4597 2057 4667; baseline 0 -18"><span class='ocrx_word' id='word_1_367' title='bbox 440 4622 467 4649; x_wconf 87' lang='grc'><strong>‹‹</strong></span> <span class='ocrx_word' id='word_1_368' title='bbox 497 4599 605 4663; x_wconf 87' lang='lat' dir='ltr'><strong>Qui</strong></span> <span class='ocrx_word' id='word_1_369' title='bbox 632 4597 772 4653; x_wconf 86' lang='lat' dir='ltr'><strong>dixit</strong></span> <span class='ocrx_word' id='word_1_370' title='bbox 802 4598 868 4653; x_wconf 92' lang='lat' dir='ltr'><strong>ad</strong></span> <span class='ocrx_word' id='word_1_371' title='bbox 904 4598 1222 4652; x_wconf 87' lang='lat' dir='ltr'><strong>mulierem.</strong></span> <span class='ocrx_word' id='word_1_372' title='bbox 1260 4618 1286 4648; x_wconf 79' lang='grc' dir='ltr'>ι)</span> <span class='ocrx_word' id='word_1_373' title='bbox 1323 4601 1506 4667; x_wconf 84' lang='lat' dir='ltr'><strong>(Auc.,</strong></span> <span class='ocrx_word' id='word_1_374' title='bbox 1545 4597 1646 4651; x_wconf 90' lang='lat' dir='ltr'><strong>lib.</strong></span> <span class='ocrx_word' id='word_1_375' title='bbox 1707 4614 1741 4650; x_wconf 84' lang='grc' dir='ltr'><strong>ιι</strong></span> <span class='ocrx_word' id='word_1_376' title='bbox 1799 4598 1865 4651; x_wconf 81' lang='lat' dir='ltr'><strong>de</strong></span> <span class='ocrx_word' id='word_1_377' title='bbox 1920 4598 2057 4650; x_wconf 85' lang='lat' dir='ltr'><strong>Gen.</strong></span> 
     </span>
    </p>
   </div>
   <div class='ocr_carea' id='block_1_51' title="bbox 364 4683 2060 4757">
    <p class='ocr_par' dir='ltr' id='par_1_51' title="bbox 364 4683 2060 4757">
     <span class='ocr_line' id='line_1_51' title="bbox 364 4683 2060 4757; baseline -0.005 -14"><span class='ocrx_word' id='word_1_378' title='bbox 364 4688 439 4743; x_wconf 78' lang='lat' dir='ltr'><strong>ad</strong></span> <span class='ocrx_word' id='word_1_379' title='bbox 471 4689 594 4753; x_wconf 63' lang='grc' dir='ltr'>ιίιι,</span> <span class='ocrx_word' id='word_1_380' title='bbox 628 4704 672 4742; x_wconf 92' lang='lat' dir='ltr'><strong>c.</strong></span> <span class='ocrx_word' id='word_1_381' title='bbox 711 4689 799 4752; x_wconf 88' lang='lat'><strong>30,</strong></span> <span class='ocrx_word' id='word_1_382' title='bbox 848 4691 905 4741; x_wconf 92' lang='lat' dir='ltr'><strong>et</strong></span> <span class='ocrx_word' id='word_1_383' title='bbox 947 4704 1013 4741; x_wconf 86' lang='lat' dir='ltr'><strong>ex</strong></span> <span class='ocrx_word' id='word_1_384' title='bbox 1054 4703 1213 4757; x_wconf 83' lang='lat' dir='ltr'><strong>capp.</strong></span> <span class='ocrx_word' id='word_1_385' title='bbox 1262 4691 1315 4749; x_wconf 87' lang='lat'><strong>7,</strong></span> <span class='ocrx_word' id='word_1_386' title='bbox 1351 4688 1400 4749; x_wconf 91' lang='lat'><strong>8,</strong></span> <span class='ocrx_word' id='word_1_387' title='bbox 1438 4689 1487 4747; x_wconf 87' lang='lat'><strong>6,</strong></span> <span class='ocrx_word' id='word_1_388' title='bbox 1527 4687 1614 4753; x_wconf 91' lang='lat'><strong>10,</strong></span> <span class='ocrx_word' id='word_1_389' title='bbox 1669 4683 1924 4754; x_wconf 90' lang='lat' dir='ltr'><strong>passim.)</strong></span> <span class='ocrx_word' id='word_1_390' title='bbox 1960 4683 2060 4736; x_wconf 89' lang='lat' dir='ltr'><strong>In-</strong></span> 
     </span>
    </p>
   </div>
   <div class='ocr_carea' id='block_1_52' title="bbox 365 4772 2063 4846">
    <p class='ocr_par' dir='ltr' id='par_1_52' title="bbox 365 4772 2063 4846">
     <span class='ocr_line' id='line_1_52' title="bbox 365 4772 2063 4846; baseline -0.004 -16"><span class='ocrx_word' id='word_1_391' title='bbox 365 4777 697 4832; x_wconf 80' lang='lat' dir='ltr'><strong>excusabilis</strong></span> <span class='ocrx_word' id='word_1_392' title='bbox 751 4781 838 4831; x_wconf 86' lang='lat' dir='ltr'><strong>est</strong></span> <span class='ocrx_word' id='word_1_393' title='bbox 892 4775 1283 4846; x_wconf 71' lang='lat' dir='ltr'><strong>prawaricatio</strong></span> <span class='ocrx_word' id='word_1_394' title='bbox 1332 4774 1609 4838; x_wconf 85' lang='lat' dir='ltr'><strong>mulieris,</strong></span> <span class='ocrx_word' id='word_1_395' title='bbox 1663 4772 1799 4844; x_wconf 89' lang='lat' dir='ltr'><strong>quia</strong></span> <span class='ocrx_word' id='word_1_396' title='bbox 1845 4787 2063 4825; x_wconf 83' lang='lat' dir='ltr'><strong>memor</strong></span> 
     </span>
    </p>
   </div>
   <div class='ocr_carea' id='block_1_53' title="bbox 369 4858 2063 4936">
    <p class='ocr_par' dir='ltr' id='par_1_53' title="bbox 369 4858 2063 4936">
     <span class='ocr_line' id='line_1_53' title="bbox 369 4858 2063 4936; baseline -0.004 -18"><span class='ocrx_word' id='word_1_397' title='bbox 369 4869 492 4918; x_wconf 89' lang='lat' dir='ltr'><strong>erat</strong></span> <span class='ocrx_word' id='word_1_398' title='bbox 546 4865 817 4936; x_wconf 71' lang='lat' dir='ltr'><strong>praecepti</strong></span> <span class='ocrx_word' id='word_1_399' title='bbox 870 4865 986 4919; x_wconf 91' lang='lat' dir='ltr'><strong>Dei.</strong></span> <span class='ocrx_word' id='word_1_400' title='bbox 1019 4865 1238 4921; x_wconf 81' lang='lat' dir='ltr'><strong>Oblivio</strong></span> <span class='ocrx_word' id='word_1_401' title='bbox 1285 4870 1499 4929; x_wconf 88' lang='lat' dir='ltr'><strong>tamen,</strong></span> <span class='ocrx_word' id='word_1_402' title='bbox 1582 4866 1712 4927; x_wconf 88' lang='lat' dir='ltr'><strong>etc.,</strong></span> <span class='ocrx_word' id='word_1_403' title='bbox 1767 4876 1935 4929; x_wconf 83' lang='lat' dir='ltr'><strong>usque</strong></span> <span class='ocrx_word' id='word_1_404' title='bbox 1988 4858 2063 4912; x_wconf 80' lang='lat' dir='ltr'><strong>ad</strong></span> 
     </span>
    </p>
   </div>
   <div class='ocr_carea' id='block_1_54' title="bbox 370 4948 2066 5013">
    <p class='ocr_par' dir='ltr' id='par_1_54' title="bbox 370 4948 2066 5013">
     <span class='ocr_line' id='line_1_54' title="bbox 370 4948 2066 5013; baseline -0.004 -7"><span class='ocrx_word' id='word_1_405' title='bbox 370 4954 478 5007; x_wconf 60' lang='lat' dir='ltr'><strong>hac</strong></span> <span class='ocrx_word' id='word_1_406' title='bbox 531 4969 578 5007; x_wconf 92' lang='lat' dir='ltr'><strong>c.</strong></span> <span class='ocrx_word' id='word_1_407' title='bbox 636 4956 699 5010; x_wconf 89' lang='grc'><strong>10</strong></span> <span class='ocrx_word' id='word_1_408' title='bbox 758 4971 770 5007; x_wconf 92' lang='lat'>:</span> <span class='ocrx_word' id='word_1_409' title='bbox 821 4954 1083 5008; x_wconf 86' lang='lat' dir='ltr'><strong>Providet</strong></span> <span class='ocrx_word' id='word_1_410' title='bbox 1115 4954 1297 5007; x_wconf 92' lang='lat' dir='ltr'><strong>bonos</strong></span> <span class='ocrx_word' id='word_1_411' title='bbox 1336 4957 1391 5005; x_wconf 89' lang='lat' dir='ltr'><strong>et</strong></span> <span class='ocrx_word' id='word_1_412' title='bbox 1448 4951 1629 5004; x_wconf 89' lang='lat' dir='ltr'><strong>malos</strong></span> <span class='ocrx_word' id='word_1_413' title='bbox 1706 4948 1945 5013; x_wconf 89' lang='lat' dir='ltr'><strong>futuros,</strong></span> <span class='ocrx_word' id='word_1_414' title='bbox 2006 4951 2066 5000; x_wconf 88' lang='lat' dir='ltr'><strong>et</strong></span> 
     </span>
    </p>
   </div>
   <div class='ocr_carea' id='block_1_55' title="bbox 367 5035 2063 5112">
    <p class='ocr_par' dir='ltr' id='par_1_55' title="bbox 367 5035 2063 5112">
     <span class='ocr_line' id='line_1_55' title="bbox 367 5035 2063 5112; baseline -0.003 -19"><span class='ocrx_word' id='word_1_415' title='bbox 367 5046 522 5095; x_wconf 90' lang='lat' dir='ltr'><strong>creat</strong></span> <span class='ocrx_word' id='word_1_416' title='bbox 554 5057 567 5095; x_wconf 91' lang='lat'>:</span> <span class='ocrx_word' id='word_1_417' title='bbox 604 5041 852 5112; x_wconf 90' lang='lat' dir='ltr'><strong>seipsum</strong></span> <span class='ocrx_word' id='word_1_418' title='bbox 886 5043 953 5096; x_wconf 88' lang='lat' dir='ltr'><strong>ad</strong></span> <span class='ocrx_word' id='word_1_419' title='bbox 984 5041 1287 5096; x_wconf 90' lang='lat' dir='ltr'><strong>fruendum</strong></span> <span class='ocrx_word' id='word_1_420' title='bbox 1338 5045 1615 5111; x_wconf 66' lang='lat' dir='ltr'><strong>praestans</strong></span> <span class='ocrx_word' id='word_1_421' title='bbox 1665 5036 1848 5101; x_wconf 90' lang='lat' dir='ltr'><strong>bonis,</strong></span> <span class='ocrx_word' id='word_1_422' title='bbox 1885 5035 2063 5090; x_wconf 88' lang='lat' dir='ltr'><strong>multa</strong></span> 
     </span>
    </p>
   </div>
   <div class='ocr_carea' id='block_1_56' title="bbox 371 5128 1025 5200">
    <p class='ocr_par' dir='ltr' id='par_1_56' title="bbox 371 5128 1025 5200">
     <span class='ocr_line' id='line_1_56' title="bbox 371 5128 1025 5200; baseline 0.002 -17"><span class='ocrx_word' id='word_1_423' title='bbox 371 5129 541 5183; x_wconf 86' lang='lat' dir='ltr'><strong>etiam</strong></span> <span class='ocrx_word' id='word_1_424' title='bbox 569 5128 815 5200; x_wconf 89' lang='lat' dir='ltr'><strong>largiens</strong></span> <span class='ocrx_word' id='word_1_425' title='bbox 845 5131 1025 5184; x_wconf 88' lang='lat' dir='ltr'><strong>malis.</strong></span> 
     </span>
    </p>
   </div>
   <div class='ocr_carea' id='block_1_57' title="bbox 445 5211 2063 5286">
    <p class='ocr_par' dir='ltr' id='par_1_57' title="bbox 445 5211 2063 5286">
     <span class='ocr_line' id='line_1_57' title="bbox 445 5211 2063 5286; baseline -0.002 -19"><span class='ocrx_word' id='word_1_426' title='bbox 445 5236 471 5267; x_wconf 79' lang='grc' dir='ltr'><strong>α</strong></span> <span class='ocrx_word' id='word_1_427' title='bbox 496 5216 611 5271; x_wconf 87' lang='lat' dir='ltr'><strong>Cur</strong></span> <span class='ocrx_word' id='word_1_428' title='bbox 638 5218 914 5286; x_wconf 79' lang='lat' dir='ltr'><strong>praecepit</strong></span> <span class='ocrx_word' id='word_1_429' title='bbox 972 5238 995 5265; x_wconf 74' lang='grc' dir='ltr'><strong>ι</strong></span> <span class='ocrx_word' id='word_1_430' title='bbox 1031 5222 1135 5271; x_wconf 88' lang='lat' dir='ltr'><strong>etc.</strong></span> <span class='ocrx_word' id='word_1_431' title='bbox 1173 5217 1369 5280; x_wconf 71' lang='lat' dir='ltr'><strong>(Snus</strong></span> <span class='ocrx_word' id='word_1_432' title='bbox 1410 5215 1426 5286; x_wconf 95' lang='lat'><strong>)</strong></span> <span class='ocrx_word' id='word_1_433' title='bbox 1455 5214 1587 5268; x_wconf 90' lang='lat' dir='ltr'><strong>Ideo</strong></span> <span class='ocrx_word' id='word_1_434' title='bbox 1619 5211 1856 5266; x_wconf 87' lang='lat' dir='ltr'><strong>callidus</strong></span> <span class='ocrx_word' id='word_1_435' title='bbox 1886 5211 2063 5265; x_wconf 87' lang='lat' dir='ltr'><strong>hostis</strong></span> 
     </span>
    </p>
   </div>
   <div class='ocr_carea' id='block_1_58' title="bbox 374 5303 2064 5375">
    <p class='ocr_par' dir='ltr' id='par_1_58' title="bbox 374 5303 2064 5375">
     <span class='ocr_line' id='line_1_58' title="bbox 374 5303 2064 5375; baseline -0.004 -16"><span class='ocrx_word' id='word_1_436' title='bbox 374 5305 691 5375; x_wconf 87' lang='lat' dir='ltr'><strong>interrogat</strong></span> <span class='ocrx_word' id='word_1_437' title='bbox 715 5303 836 5366; x_wconf 90' lang='lat' dir='ltr'><strong>hoc,</strong></span> <span class='ocrx_word' id='word_1_438' title='bbox 874 5309 929 5358; x_wconf 91' lang='lat' dir='ltr'><strong>et</strong></span> <span class='ocrx_word' id='word_1_439' title='bbox 980 5306 1311 5359; x_wconf 88' lang='lat' dir='ltr'><strong>mandatum</strong></span> <span class='ocrx_word' id='word_1_440' title='bbox 1350 5303 1451 5358; x_wconf 89' lang='lat' dir='ltr'><strong>Dei</strong></span> <span class='ocrx_word' id='word_1_441' title='bbox 1482 5305 1779 5363; x_wconf 88' lang='lat' dir='ltr'><strong>memorat,</strong></span> <span class='ocrx_word' id='word_1_442' title='bbox 1834 5317 1906 5355; x_wconf 90' lang='lat' dir='ltr'><strong>ne</strong></span> <span class='ocrx_word' id='word_1_443' title='bbox 1935 5315 2064 5354; x_wconf 91' lang='lat' dir='ltr'><strong>cum</strong></span> 
     </span>
    </p>
   </div>
   <div class='ocr_carea' id='block_1_59' title="bbox 371 5389 1810 5464">
    <p class='ocr_par' dir='ltr' id='par_1_59' title="bbox 371 5389 1810 5464">
     <span class='ocr_line' id='line_1_59' title="bbox 371 5389 1810 5464; baseline -0.003 -16"><span class='ocrx_word' id='word_1_444' title='bbox 371 5393 709 5464; x_wconf 88' lang='lat' dir='ltr'><strong>peccaverit,</strong></span> <span class='ocrx_word' id='word_1_445' title='bbox 742 5392 1165 5446; x_wconf 77' lang='lat' dir='ltr'><strong>excusationem</strong></span> <span class='ocrx_word' id='word_1_446' title='bbox 1198 5393 1405 5447; x_wconf 87' lang='lat' dir='ltr'><strong>habeat</strong></span> <span class='ocrx_word' id='word_1_447' title='bbox 1434 5391 1594 5462; x_wconf 90' lang='lat' dir='ltr'><strong>quasi</strong></span> <span class='ocrx_word' id='word_1_448' title='bbox 1617 5389 1810 5444; x_wconf 88' lang='lat' dir='ltr'><strong>oblita.</strong></span> 
     </span>
    </p>
   </div>
   <div class='ocr_carea' id='block_1_60' title="bbox 447 5480 2065 5553">
    <p class='ocr_par' dir='ltr' id='par_1_60' title="bbox 447 5480 2065 5553">
     <span class='ocr_line' id='line_1_60' title="bbox 447 5480 2065 5553; baseline 0.001 -23"><span class='ocrx_word' id='word_1_449' title='bbox 447 5504 473 5530; x_wconf 89' lang='grc'><strong>‹‹</strong></span> <span class='ocrx_word' id='word_1_450' title='bbox 505 5483 618 5537; x_wconf 84' lang='lat' dir='ltr'><strong>Cur</strong></span> <span class='ocrx_word' id='word_1_451' title='bbox 646 5481 937 5553; x_wconf 74' lang='lat' dir='ltr'><strong>praecepit,</strong></span> <span class='ocrx_word' id='word_1_452' title='bbox 964 5500 990 5531; x_wconf 71' lang='grc' dir='ltr'><strong>ιι</strong></span> <span class='ocrx_word' id='word_1_453' title='bbox 1020 5485 1126 5534; x_wconf 90' lang='lat' dir='ltr'><strong>etc.</strong></span> <span class='ocrx_word' id='word_1_454' title='bbox 1162 5481 1374 5550; x_wconf 52' lang='lat' dir='ltr'><strong>(Gesch,</strong></span> <span class='ocrx_word' id='word_1_455' title='bbox 1425 5480 1626 5535; x_wconf 71' lang='lat' dir='ltr'><strong>Morel.</strong></span> <span class='ocrx_word' id='word_1_456' title='bbox 1667 5481 1709 5533; x_wconf 93' lang='lat' dir='ltr'><strong>l.</strong></span> <span class='ocrx_word' id='word_1_457' title='bbox 1746 5495 1900 5544; x_wconf 82' lang='lat' dir='ltr'><strong>mu,</strong></span> <span class='ocrx_word' id='word_1_458' title='bbox 1925 5483 2065 5532; x_wconf 89' lang='lat' dir='ltr'><strong>tom.</strong></span> 
     </span>
    </p>
   </div>
   <div class='ocr_carea' id='block_1_61' title="bbox 376 5558 2067 5641">
    <p class='ocr_par' dir='ltr' id='par_1_61' title="bbox 376 5558 2067 5641">
     <span class='ocr_line' id='line_1_61' title="bbox 376 5558 2067 5641; baseline -0.003 -16"><span class='ocrx_word' id='word_1_459' title='bbox 376 5571 462 5637; x_wconf 81' lang='lat' dir='ltr'><strong>ll.)</strong></span> <span class='ocrx_word' id='word_1_460' title='bbox 492 5570 644 5625; x_wconf 84' lang='lat' dir='ltr'><strong>Idem</strong></span> <span class='ocrx_word' id='word_1_461' title='bbox 670 5569 1065 5641; x_wconf 62' lang='lat' dir='ltr'><strong>quotidie‘agit</strong></span> <span class='ocrx_word' id='word_1_462' title='bbox 1096 5569 1272 5623; x_wconf 89' lang='lat' dir='ltr'><strong>hostis</strong></span> <span class='ocrx_word' id='word_1_463' title='bbox 1298 5558 1534 5624; x_wconf 86' lang='lat' dir='ltr'><strong>humani</strong></span> <span class='ocrx_word' id='word_1_464' title='bbox 1584 5568 1808 5639; x_wconf 83' lang='lat' dir='ltr'><strong>generis</strong></span> <span class='ocrx_word' id='word_1_465' title='bbox 1844 5584 1857 5623; x_wconf 90' lang='lat'><strong>:</strong></span> <span class='ocrx_word' id='word_1_466' title='bbox 1899 5567 2067 5621; x_wconf 91' lang='lat' dir='ltr'><strong>verba</strong></span> 
     </span>
    </p>
   </div>
   <div class='ocr_carea' id='block_1_62' title="bbox 2147 533 3850 606">
    <p class='ocr_par' dir='ltr' id='par_1_62' title="bbox 2147 533 3850 606">
     <span class='ocr_line' id='line_1_62' title="bbox 2147 533 3850 606; baseline 0.001 -18"><span class='ocrx_word' id='word_1_467' title='bbox 2147 534 2374 602; x_wconf 88' lang='lat' dir='ltr'><strong>leviare,</strong></span> <span class='ocrx_word' id='word_1_468' title='bbox 2397 539 2454 589; x_wconf 88' lang='lat' dir='ltr'><strong>et</strong></span> <span class='ocrx_word' id='word_1_469' title='bbox 2483 536 2550 589; x_wconf 88' lang='lat' dir='ltr'><strong>ad</strong></span> <span class='ocrx_word' id='word_1_470' title='bbox 2573 535 2918 590; x_wconf 89' lang='lat' dir='ltr'><strong>credendum</strong></span> <span class='ocrx_word' id='word_1_471' title='bbox 2950 534 3102 606; x_wconf 92' lang='lat' dir='ltr'><strong>quod</strong></span> <span class='ocrx_word' id='word_1_472' title='bbox 3133 534 3273 588; x_wconf 89' lang='lat' dir='ltr'><strong>falso</strong></span> <span class='ocrx_word' id='word_1_473' title='bbox 3300 533 3610 604; x_wconf 86' lang='lat' dir='ltr'><strong>promittit.</strong></span> <span class='ocrx_word' id='word_1_474' title='bbox 3645 534 3850 590; x_wconf 84' lang='lat' dir='ltr'><strong>invitat</strong></span> 
     </span>
    </p>
   </div>
   <div class='ocr_carea' id='block_1_63' title="bbox 2147 621 3847 694">
    <p class='ocr_par' dir='ltr' id='par_1_63' title="bbox 2147 621 3847 694">
     <span class='ocr_line' id='line_1_63' title="bbox 2147 621 3847 694; baseline 0 -17"><span class='ocrx_word' id='word_1_475' title='bbox 2147 624 2300 678; x_wconf 89' lang='lat' dir='ltr'><strong>enim</strong></span> <span class='ocrx_word' id='word_1_476' title='bbox 2317 625 2387 679; x_wconf 90' lang='lat' dir='ltr'><strong>ad</strong></span> <span class='ocrx_word' id='word_1_477' title='bbox 2402 624 2833 694; x_wconf 88' lang='lat' dir='ltr'><strong>temporalia,ut</strong></span> <span class='ocrx_word' id='word_1_478' title='bbox 2856 624 3006 677; x_wconf 88' lang='lat' dir='ltr'><strong>levet</strong></span> <span class='ocrx_word' id='word_1_479' title='bbox 3029 623 3183 694; x_wconf 90' lang='lat' dir='ltr'><strong>quod</strong></span> <span class='ocrx_word' id='word_1_480' title='bbox 3206 623 3355 677; x_wconf 90' lang='lat' dir='ltr'><strong>Deus</strong></span> <span class='ocrx_word' id='word_1_481' title='bbox 3370 621 3847 677; x_wconf 70' lang='lat' dir='ltr'><strong>mineturaaterna</strong></span> 
     </span>
    </p>
   </div>
   <div class='ocr_carea' id='block_1_64' title="bbox 2146 709 3845 785">
    <p class='ocr_par' dir='ltr' id='par_1_64' title="bbox 2146 709 3845 785">
     <span class='ocr_line' id='line_1_64' title="bbox 2146 709 3845 785; baseline 0 -20"><span class='ocrx_word' id='word_1_482' title='bbox 2146 712 2456 785; x_wconf 88' lang='lat' dir='ltr'><strong>supplicia.</strong></span> <span class='ocrx_word' id='word_1_483' title='bbox 2493 712 2789 783; x_wconf 89' lang='lat' dir='ltr'><strong>Spondens</strong></span> <span class='ocrx_word' id='word_1_484' title='bbox 2828 711 3113 782; x_wconf 90' lang='lat' dir='ltr'><strong>siquidem</strong></span> <span class='ocrx_word' id='word_1_485' title='bbox 3140 710 3382 781; x_wconf 87' lang='lat' dir='ltr'><strong>gloriam</strong></span> <span class='ocrx_word' id='word_1_486' title='bbox 3433 709 3730 781; x_wconf 58' lang='lat' dir='ltr'><strong>prasentis</strong></span> <span class='ocrx_word' id='word_1_487' title='bbox 3760 710 3845 765; x_wconf 87' lang='lat' dir='ltr'><strong>vi-</strong></span> 
     </span>
    </p>
   </div>
   <div class='ocr_carea' id='block_1_65' title="bbox 2143 797 3842 867">
    <p class='ocr_par' dir='ltr' id='par_1_65' title="bbox 2143 797 3842 867">
     <span class='ocr_line' id='line_1_65' title="bbox 2143 797 3842 867; baseline -0.001 -12"><span class='ocrx_word' id='word_1_488' title='bbox 2143 806 2233 866; x_wconf 75' lang='lat' dir='ltr'><strong>taz,</strong></span> <span class='ocrx_word' id='word_1_489' title='bbox 2270 801 2443 855; x_wconf 88' lang='lat' dir='ltr'><strong>dicit:</strong></span> <span class='ocrx_word' id='word_1_490' title='bbox 2493 824 2513 849; x_wconf 74' lang='grc' dir='ltr'><strong>ι</strong></span> <span class='ocrx_word' id='word_1_491' title='bbox 2575 802 2831 867; x_wconf 87' lang='lat' dir='ltr'><strong>Gustate,</strong></span> <span class='ocrx_word' id='word_1_492' title='bbox 2864 805 2916 854; x_wconf 90' lang='lat' dir='ltr'><strong>et</strong></span> <span class='ocrx_word' id='word_1_493' title='bbox 2953 801 3113 854; x_wconf 90' lang='lat' dir='ltr'><strong>eritis</strong></span> <span class='ocrx_word' id='word_1_494' title='bbox 3164 799 3309 853; x_wconf 89' lang='lat' dir='ltr'><strong>sicut</strong></span> <span class='ocrx_word' id='word_1_495' title='bbox 3366 797 3467 866; x_wconf 90' lang='lat' dir='ltr'><strong>dii,</strong></span> <span class='ocrx_word' id='word_1_496' title='bbox 3504 818 3532 848; x_wconf 70' lang='grc' dir='ltr'><strong>η</strong></span> <span class='ocrx_word' id='word_1_497' title='bbox 3590 802 3647 852; x_wconf 91' lang='lat' dir='ltr'><strong>et</strong></span> <span class='ocrx_word' id='word_1_498' title='bbox 3698 803 3842 853; x_wconf 89' lang='lat' dir='ltr'><strong>tem-</strong></span> 
     </span>
    </p>
   </div>
   <div class='ocr_carea' id='block_1_66' title="bbox 2145 886 3842 961">
    <p class='ocr_par' dir='ltr' id='par_1_66' title="bbox 2145 886 3842 961">
     <span class='ocr_line' id='line_1_66' title="bbox 2145 886 3842 961; baseline -0.002 -18"><span class='ocrx_word' id='word_1_499' title='bbox 2145 890 2399 961; x_wconf 88' lang='lat' dir='ltr'><strong>poralem</strong></span> <span class='ocrx_word' id='word_1_500' title='bbox 2432 888 2949 961; x_wconf 89' lang='lat' dir='ltr'><strong>concupiscentiam</strong></span> <span class='ocrx_word' id='word_1_501' title='bbox 2977 889 3215 959; x_wconf 89' lang='lat' dir='ltr'><strong>tangite,</strong></span> <span class='ocrx_word' id='word_1_502' title='bbox 3265 887 3410 941; x_wconf 87' lang='lat' dir='ltr'><strong>etin</strong></span> <span class='ocrx_word' id='word_1_503' title='bbox 3468 886 3577 942; x_wconf 92' lang='lat' dir='ltr'><strong>hoc</strong></span> <span class='ocrx_word' id='word_1_504' title='bbox 3626 888 3842 941; x_wconf 90' lang='lat' dir='ltr'><strong>mundo</strong></span> 
     </span>
    </p>
   </div>
   <div class='ocr_carea' id='block_1_67' title="bbox 2146 975 3838 1052">
    <p class='ocr_par' dir='ltr' id='par_1_67' title="bbox 2146 975 3838 1052">
     <span class='ocr_line' id='line_1_67' title="bbox 2146 975 3838 1052; baseline -0.002 -20"><span class='ocrx_word' id='word_1_505' title='bbox 2146 978 2420 1052; x_wconf 86' lang='lat' dir='ltr'><strong>sublimes</strong></span> <span class='ocrx_word' id='word_1_506' title='bbox 2457 982 2757 1048; x_wconf 78' lang='lat' dir='ltr'><strong>apparate;</strong></span> <span class='ocrx_word' id='word_1_507' title='bbox 2792 982 2850 1031; x_wconf 89' lang='lat' dir='ltr'><strong>et</strong></span> <span class='ocrx_word' id='word_1_508' title='bbox 2903 993 3030 1031; x_wconf 90' lang='lat' dir='ltr'><strong>cum</strong></span> <span class='ocrx_word' id='word_1_509' title='bbox 3065 977 3331 1031; x_wconf 89' lang='lat' dir='ltr'><strong>timorem</strong></span> <span class='ocrx_word' id='word_1_510' title='bbox 3371 975 3578 1029; x_wconf 69' lang='lat' dir='ltr'><strong>divinae</strong></span> <span class='ocrx_word' id='word_1_511' title='bbox 3610 982 3838 1029; x_wconf 85' lang='lat' dir='ltr'><strong>senten-</strong></span> 
     </span>
    </p>
   </div>
   <div class='ocr_carea' id='block_1_68' title="bbox 2145 1061 3846 1136">
    <p class='ocr_par' dir='ltr' id='par_1_68' title="bbox 2145 1061 3846 1136">
     <span class='ocr_line' id='line_1_68' title="bbox 2145 1061 3846 1136; baseline -0.002 -16"><span class='ocrx_word' id='word_1_512' title='bbox 2145 1067 2239 1121; x_wconf 70' lang='lat' dir='ltr'><strong>tia:</strong></span> <span class='ocrx_word' id='word_1_513' title='bbox 2295 1071 2536 1121; x_wconf 91' lang='lat' dir='ltr'><strong>conatur</strong></span> <span class='ocrx_word' id='word_1_514' title='bbox 2580 1080 2864 1131; x_wconf 89' lang='lat' dir='ltr'><strong>amovere,</strong></span> <span class='ocrx_word' id='word_1_515' title='bbox 2922 1062 3348 1136; x_wconf 77' lang='lat' dir='ltr'><strong>quodammodo</strong></span> <span class='ocrx_word' id='word_1_516' title='bbox 3397 1061 3535 1117; x_wconf 89' lang='lat' dir='ltr'><strong>dicit</strong></span> <span class='ocrx_word' id='word_1_517' title='bbox 3578 1077 3590 1115; x_wconf 92' lang='lat'>:</span> <span class='ocrx_word' id='word_1_518' title='bbox 3648 1082 3675 1112; x_wconf 82' lang='grc' dir='ltr'><strong><em>α</em></strong></span> <span class='ocrx_word' id='word_1_519' title='bbox 3730 1062 3846 1117; x_wconf 89' lang='lat' dir='ltr'><strong>Cur</strong></span> 
     </span>
    </p>
   </div>
   <div class='ocr_carea' id='block_1_69' title="bbox 2145 1153 2884 1227">
    <p class='ocr_par' dir='ltr' id='par_1_69' title="bbox 2145 1153 2884 1227">
     <span class='ocr_line' id='line_1_69' title="bbox 2145 1153 2884 1227; baseline -0.008 -19"><span class='ocrx_word' id='word_1_520' title='bbox 2145 1154 2420 1227; x_wconf 61' lang='lat' dir='ltr'><strong>praecepit</strong></span> <span class='ocrx_word' id='word_1_521' title='bbox 2440 1153 2600 1208; x_wconf 87' lang='lat' dir='ltr'><strong>vobis</strong></span> <span class='ocrx_word' id='word_1_522' title='bbox 2634 1155 2782 1207; x_wconf 90' lang='lat' dir='ltr'><strong>Deus</strong></span> <span class='ocrx_word' id='word_1_523' title='bbox 2803 1154 2833 1206; x_wconf 84' lang='lat'><strong>?</strong></span> <span class='ocrx_word' id='word_1_524' title='bbox 2863 1175 2884 1200; x_wconf 76' lang='grc' dir='ltr'><strong>ι</strong></span> 
     </span>
    </p>
   </div>
   <div class='ocr_carea' id='block_1_70' title="bbox 2216 1238 3843 1314">
    <p class='ocr_par' dir='ltr' id='par_1_70' title="bbox 2216 1238 3843 1314">
     <span class='ocr_line' id='line_1_70' title="bbox 2216 1238 3843 1314; baseline -0.002 -16"><span class='ocrx_word' id='word_1_525' title='bbox 2216 1244 2413 1314; x_wconf 61' lang='lat' dir='ltr'><strong>(Ana,</strong></span> <span class='ocrx_word' id='word_1_526' title='bbox 2446 1241 2542 1295; x_wconf 90' lang='lat' dir='ltr'><strong>lib.</strong></span> <span class='ocrx_word' id='word_1_527' title='bbox 2577 1259 2616 1295; x_wconf 91' lang='grc' dir='ltr'><strong>ιι</strong></span> <span class='ocrx_word' id='word_1_528' title='bbox 2644 1242 2711 1295; x_wconf 85' lang='lat' dir='ltr'><strong>de</strong></span> <span class='ocrx_word' id='word_1_529' title='bbox 2734 1243 2868 1295; x_wconf 88' lang='lat' dir='ltr'><strong>Gen.</strong></span> <span class='ocrx_word' id='word_1_530' title='bbox 2900 1238 2975 1294; x_wconf 84' lang='lat' dir='ltr'><strong>ad</strong></span> <span class='ocrx_word' id='word_1_531' title='bbox 3008 1241 3141 1307; x_wconf 60' lang='lat' dir='ltr'><strong>litt,</strong></span> <span class='ocrx_word' id='word_1_532' title='bbox 3175 1255 3225 1296; x_wconf 92' lang='lat' dir='ltr'><strong>c.</strong></span> <span class='ocrx_word' id='word_1_533' title='bbox 3256 1241 3310 1307; x_wconf 78' lang='grc'><strong>4,</strong></span> <span class='ocrx_word' id='word_1_534' title='bbox 3345 1244 3483 1293; x_wconf 88' lang='lat' dir='ltr'><strong>tom.</strong></span> <span class='ocrx_word' id='word_1_535' title='bbox 3521 1239 3643 1310; x_wconf 90' lang='lat' dir='ltr'><strong>Ill.)</strong></span> <span class='ocrx_word' id='word_1_536' title='bbox 3676 1240 3843 1305; x_wconf 71' lang='lat' dir='ltr'><strong>Quie-</strong></span> 
     </span>
    </p>
   </div>
   <div class='ocr_carea' id='block_1_71' title="bbox 2145 1329 3843 1399">
    <p class='ocr_par' dir='ltr' id='par_1_71' title="bbox 2145 1329 3843 1399">
     <span class='ocr_line' id='line_1_71' title="bbox 2145 1329 3843 1399; baseline -0.001 -14"><span class='ocrx_word' id='word_1_537' title='bbox 2145 1330 2294 1385; x_wconf 90' lang='lat' dir='ltr'><strong>ritur</strong></span> <span class='ocrx_word' id='word_1_538' title='bbox 2340 1346 2442 1384; x_wconf 91' lang='lat' dir='ltr'><strong>cur</strong></span> <span class='ocrx_word' id='word_1_539' title='bbox 2497 1331 2643 1385; x_wconf 86' lang='lat' dir='ltr'><strong>Deus</strong></span> <span class='ocrx_word' id='word_1_540' title='bbox 2694 1329 2990 1384; x_wconf 90' lang='lat' dir='ltr'><strong>hominem</strong></span> <span class='ocrx_word' id='word_1_541' title='bbox 3042 1329 3250 1384; x_wconf 88' lang='lat' dir='ltr'><strong>tentari</strong></span> <span class='ocrx_word' id='word_1_542' title='bbox 3306 1329 3649 1399; x_wconf 90' lang='lat' dir='ltr'><strong>permiserit,</strong></span> <span class='ocrx_word' id='word_1_543' title='bbox 3709 1335 3843 1396; x_wconf 90' lang='lat' dir='ltr'><strong>etc.,</strong></span> 
     </span>
    </p>
   </div>
   <div class='ocr_carea' id='block_1_72' title="bbox 2145 1419 3801 1493">
    <p class='ocr_par' dir='ltr' id='par_1_72' title="bbox 2145 1419 3801 1493">
     <span class='ocr_line' id='line_1_72' title="bbox 2145 1419 3801 1493; baseline -0.001 -18"><span class='ocrx_word' id='word_1_544' title='bbox 2145 1436 2316 1491; x_wconf 86' lang='lat' dir='ltr'><strong>usque</strong></span> <span class='ocrx_word' id='word_1_545' title='bbox 2342 1420 2417 1474; x_wconf 83' lang='lat' dir='ltr'><strong>ad</strong></span> <span class='ocrx_word' id='word_1_546' title='bbox 2441 1420 2556 1473; x_wconf 91' lang='lat' dir='ltr'><strong>sive</strong></span> <span class='ocrx_word' id='word_1_547' title='bbox 2584 1425 2896 1483; x_wconf 87' lang='lat' dir='ltr'><strong>terrenum,</strong></span> <span class='ocrx_word' id='word_1_548' title='bbox 2930 1425 2995 1473; x_wconf 90' lang='lat' dir='ltr'><strong>ut</strong></span> <span class='ocrx_word' id='word_1_549' title='bbox 3025 1420 3275 1473; x_wconf 86' lang='lat' dir='ltr'><strong>hominis</strong></span> <span class='ocrx_word' id='word_1_550' title='bbox 3306 1419 3517 1473; x_wconf 87' lang='lat' dir='ltr'><strong>anima.</strong></span> <span class='ocrx_word' id='word_1_551' title='bbox 3791 1483 3801 1493; x_wconf 83' lang='lat'>_</span> 
     </span>
    </p>
   </div>
   <div class='ocr_carea' id='block_1_73' title="bbox 2220 1506 3837 1579">
    <p class='ocr_par' dir='ltr' id='par_1_73' title="bbox 2220 1506 3837 1579">
     <span class='ocr_line' id='line_1_73' title="bbox 2220 1506 3837 1579; baseline -0.001 -17"><span class='ocrx_word' id='word_1_552' title='bbox 2220 1508 2414 1575; x_wconf 84' lang='lat' dir='ltr'><strong>(Ibid.,</strong></span> <span class='ocrx_word' id='word_1_553' title='bbox 2445 1524 2491 1562; x_wconf 94' lang='lat' dir='ltr'><strong>c.</strong></span> <span class='ocrx_word' id='word_1_554' title='bbox 2527 1508 2605 1576; x_wconf 85' lang='lat'><strong>5.)</strong></span> <span class='ocrx_word' id='word_1_555' title='bbox 2634 1508 2746 1562; x_wconf 85' lang='lat' dir='ltr'><strong>Nec</strong></span> <span class='ocrx_word' id='word_1_556' title='bbox 2775 1507 3094 1578; x_wconf 87' lang='lat' dir='ltr'><strong>putandum</strong></span> <span class='ocrx_word' id='word_1_557' title='bbox 3123 1507 3277 1579; x_wconf 91' lang='lat' dir='ltr'><strong>quod</strong></span> <span class='ocrx_word' id='word_1_558' title='bbox 3335 1508 3509 1561; x_wconf 89' lang='lat' dir='ltr'><strong>homo</strong></span> <span class='ocrx_word' id='word_1_559' title='bbox 3560 1506 3837 1577; x_wconf 85' lang='lat' dir='ltr'><strong>dejicere-</strong></span> 
     </span>
    </p>
   </div>
   <div class='ocr_carea' id='block_1_74' title="bbox 2149 1594 3847 1667">
    <p class='ocr_par' dir='ltr' id='par_1_74' title="bbox 2149 1594 3847 1667">
     <span class='ocr_line' id='line_1_74' title="bbox 2149 1594 3847 1667; baseline -0.001 -16"><span class='ocrx_word' id='word_1_560' title='bbox 2149 1602 2261 1663; x_wconf 92' lang='lat' dir='ltr'><strong>tur,</strong></span> <span class='ocrx_word' id='word_1_561' title='bbox 2291 1595 2397 1650; x_wconf 90' lang='lat' dir='ltr'><strong>nisi</strong></span> <span class='ocrx_word' id='word_1_562' title='bbox 2425 1596 2805 1666; x_wconf 63' lang='lat' dir='ltr'><strong>praecessisset</strong></span> <span class='ocrx_word' id='word_1_563' title='bbox 2843 1597 2904 1651; x_wconf 89' lang='lat' dir='ltr'><strong>in</strong></span> <span class='ocrx_word' id='word_1_564' title='bbox 2961 1612 3030 1650; x_wconf 93' lang='lat' dir='ltr'><strong>eo</strong></span> <span class='ocrx_word' id='word_1_565' title='bbox 3078 1596 3341 1667; x_wconf 86' lang='lat' dir='ltr'><strong>quaedam</strong></span> <span class='ocrx_word' id='word_1_566' title='bbox 3391 1595 3560 1649; x_wconf 86' lang='lat' dir='ltr'><strong>elatio</strong></span> <span class='ocrx_word' id='word_1_567' title='bbox 3591 1594 3847 1665; x_wconf 83' lang='lat' dir='ltr'><strong>compri-</strong></span> 
     </span>
    </p>
   </div>
   <div class='ocr_carea' id='block_1_75' title="bbox 2147 1681 3848 1754">
    <p class='ocr_par' dir='ltr' id='par_1_75' title="bbox 2147 1681 3848 1754">
     <span class='ocr_line' id='line_1_75' title="bbox 2147 1681 3848 1754; baseline -0.002 -15"><span class='ocrx_word' id='word_1_568' title='bbox 2147 1684 2377 1752; x_wconf 88' lang='lat' dir='ltr'><strong>menda,</strong></span> <span class='ocrx_word' id='word_1_569' title='bbox 2412 1689 2474 1737; x_wconf 91' lang='lat' dir='ltr'><strong>ut</strong></span> <span class='ocrx_word' id='word_1_570' title='bbox 2501 1699 2605 1754; x_wconf 87' lang='lat' dir='ltr'><strong>per</strong></span> <span class='ocrx_word' id='word_1_571' title='bbox 2647 1683 3029 1739; x_wconf 87' lang='lat' dir='ltr'><strong>humilitatem</strong></span> <span class='ocrx_word' id='word_1_572' title='bbox 3063 1682 3277 1754; x_wconf 91' lang='lat' dir='ltr'><strong>peccati</strong></span> <span class='ocrx_word' id='word_1_573' title='bbox 3307 1682 3474 1737; x_wconf 89' lang='lat' dir='ltr'><strong>sciret</strong></span> <span class='ocrx_word' id='word_1_574' title='bbox 3501 1682 3656 1753; x_wconf 90' lang='lat' dir='ltr'><strong>quod</strong></span> <span class='ocrx_word' id='word_1_575' title='bbox 3706 1681 3848 1736; x_wconf 88' lang='lat' dir='ltr'><strong>falso</strong></span> 
     </span>
    </p>
   </div>
   <div class='ocr_carea' id='block_1_76' title="bbox 2148 1769 3847 1843">
    <p class='ocr_par' dir='ltr' id='par_1_76' title="bbox 2148 1769 3847 1843">
     <span class='ocr_line' id='line_1_76' title="bbox 2148 1769 3847 1843; baseline -0.003 -16"><span class='ocrx_word' id='word_1_576' title='bbox 2148 1773 2218 1827; x_wconf 91' lang='lat' dir='ltr'><strong>de</strong></span> <span class='ocrx_word' id='word_1_577' title='bbox 2247 1789 2304 1826; x_wconf 90' lang='lat' dir='ltr'><strong>se</strong></span> <span class='ocrx_word' id='word_1_578' title='bbox 2338 1772 2789 1843; x_wconf 74' lang='lat' dir='ltr'><strong>prmsumpserit,</strong></span> <span class='ocrx_word' id='word_1_579' title='bbox 2824 1775 2881 1825; x_wconf 91' lang='lat' dir='ltr'><strong>et</strong></span> <span class='ocrx_word' id='word_1_580' title='bbox 2933 1770 3087 1842; x_wconf 92' lang='lat' dir='ltr'><strong>quod</strong></span> <span class='ocrx_word' id='word_1_581' title='bbox 3120 1786 3239 1824; x_wconf 92' lang='lat' dir='ltr'><strong>non</strong></span> <span class='ocrx_word' id='word_1_582' title='bbox 3282 1769 3427 1824; x_wconf 89' lang='lat' dir='ltr'><strong>bene</strong></span> <span class='ocrx_word' id='word_1_583' title='bbox 3478 1785 3537 1822; x_wconf 89' lang='lat' dir='ltr'><strong>se</strong></span> <span class='ocrx_word' id='word_1_584' title='bbox 3566 1770 3734 1823; x_wconf 82' lang='lat' dir='ltr'><strong>habet</strong></span> <span class='ocrx_word' id='word_1_585' title='bbox 3763 1769 3847 1823; x_wconf 85' lang='lat' dir='ltr'><strong>fa-</strong></span> 
     </span>
    </p>
   </div>
   <div class='ocr_carea' id='block_1_77' title="bbox 2148 1857 3852 1921">
    <p class='ocr_par' dir='ltr' id='par_1_77' title="bbox 2148 1857 3852 1921">
     <span class='ocr_line' id='line_1_77' title="bbox 2148 1857 3852 1921; baseline -0.001 -8"><span class='ocrx_word' id='word_1_586' title='bbox 2148 1864 2235 1914; x_wconf 89' lang='lat' dir='ltr'><strong>cta</strong></span> <span class='ocrx_word' id='word_1_587' title='bbox 2272 1864 2490 1921; x_wconf 89' lang='lat' dir='ltr'><strong>natura,</strong></span> <span class='ocrx_word' id='word_1_588' title='bbox 2539 1860 2587 1913; x_wconf 91' lang='lat' dir='ltr'><strong>si</strong></span> <span class='ocrx_word' id='word_1_589' title='bbox 2648 1877 2678 1913; x_wconf 90' lang='lat' dir='ltr'><strong>a</strong></span> <span class='ocrx_word' id='word_1_590' title='bbox 2734 1859 2975 1914; x_wconf 81' lang='lat' dir='ltr'><strong>faciente</strong></span> <span class='ocrx_word' id='word_1_591' title='bbox 3033 1858 3344 1913; x_wconf 88' lang='lat' dir='ltr'><strong>recesserit.</strong></span> <span class='ocrx_word' id='word_1_592' title='bbox 3404 1857 3852 1913; x_wconf 86' lang='lat' dir='ltr'><strong>Commendatur</strong></span> 
     </span>
    </p>
   </div>
   <div class='ocr_carea' id='block_1_78' title="bbox 2150 1945 3853 2018">
    <p class='ocr_par' dir='ltr' id='par_1_78' title="bbox 2150 1945 3853 2018">
     <span class='ocr_line' id='line_1_78' title="bbox 2150 1945 3853 2018; baseline -0.002 -16"><span class='ocrx_word' id='word_1_593' title='bbox 2150 1948 2302 2002; x_wconf 90' lang='lat' dir='ltr'><strong>enim</strong></span> <span class='ocrx_word' id='word_1_594' title='bbox 2335 1948 2503 2018; x_wconf 90' lang='lat' dir='ltr'><strong>quale</strong></span> <span class='ocrx_word' id='word_1_595' title='bbox 2533 1947 2749 2001; x_wconf 91' lang='lat' dir='ltr'><strong>bonum</strong></span> <span class='ocrx_word' id='word_1_596' title='bbox 2798 1947 2943 2001; x_wconf 86' lang='lat' dir='ltr'><strong>Deus</strong></span> <span class='ocrx_word' id='word_1_597' title='bbox 2986 1946 3074 2011; x_wconf 90' lang='lat' dir='ltr'><strong>sit,</strong></span> <span class='ocrx_word' id='word_1_598' title='bbox 3107 1946 3337 2018; x_wconf 86' lang='lat' dir='ltr'><strong>quando</strong></span> <span class='ocrx_word' id='word_1_599' title='bbox 3387 1945 3534 2001; x_wconf 90' lang='lat' dir='ltr'><strong>nulli</strong></span> <span class='ocrx_word' id='word_1_600' title='bbox 3573 1945 3717 1999; x_wconf 92' lang='lat' dir='ltr'><strong>bene</strong></span> <span class='ocrx_word' id='word_1_601' title='bbox 3763 1948 3853 1998; x_wconf 87' lang='lat' dir='ltr'><strong>est</strong></span> 
     </span>
    </p>
   </div>
   <div class='ocr_carea' id='block_1_79' title="bbox 2150 2036 2682 2108">
    <p class='ocr_par' dir='ltr' id='par_1_79' title="bbox 2150 2036 2682 2108">
     <span class='ocr_line' id='line_1_79' title="bbox 2150 2036 2682 2108; baseline 0 -17"><span class='ocrx_word' id='word_1_602' title='bbox 2150 2037 2220 2092; x_wconf 91' lang='lat' dir='ltr'><strong>ab</strong></span> <span class='ocrx_word' id='word_1_603' title='bbox 2253 2036 2376 2108; x_wconf 89' lang='lat' dir='ltr'><strong>ipso</strong></span> <span class='ocrx_word' id='word_1_604' title='bbox 2401 2036 2682 2091; x_wconf 91' lang='lat' dir='ltr'><strong>recedere.</strong></span> 
     </span>
    </p>
   </div>
   <div class='ocr_carea' id='block_1_80' title="bbox 2220 2119 3849 2196">
    <p class='ocr_par' dir='ltr' id='par_1_80' title="bbox 2220 2119 3849 2196">
     <span class='ocr_line' id='line_1_80' title="bbox 2220 2119 3849 2196; baseline -0.007 -14"><span class='ocrx_word' id='word_1_605' title='bbox 2220 2125 2406 2196; x_wconf 83' lang='lat' dir='ltr'><strong>(1bid.,</strong></span> <span class='ocrx_word' id='word_1_606' title='bbox 2459 2141 2508 2178; x_wconf 92' lang='lat' dir='ltr'><strong>c.</strong></span> <span class='ocrx_word' id='word_1_607' title='bbox 2564 2126 2667 2191; x_wconf 90' lang='grc'><strong>18.)</strong></span> <span class='ocrx_word' id='word_1_608' title='bbox 2705 2125 2831 2178; x_wconf 79' lang='lat' dir='ltr'><strong>Haec</strong></span> <span class='ocrx_word' id='word_1_609' title='bbox 2877 2122 3120 2193; x_wconf 64' lang='lat' dir='ltr'><strong>quaestio</strong></span> <span class='ocrx_word' id='word_1_610' title='bbox 3168 2121 3239 2176; x_wconf 90' lang='lat' dir='ltr'><strong>de</strong></span> <span class='ocrx_word' id='word_1_611' title='bbox 3290 2120 3460 2175; x_wconf 91' lang='lat' dir='ltr'><strong>beata</strong></span> <span class='ocrx_word' id='word_1_612' title='bbox 3524 2119 3653 2184; x_wconf 89' lang='lat' dir='ltr'><strong>vita,</strong></span> <span class='ocrx_word' id='word_1_613' title='bbox 3716 2121 3849 2187; x_wconf 88' lang='lat' dir='ltr'><strong>etc.,</strong></span> 
     </span>
    </p>
   </div>
   <div class='ocr_carea' id='block_1_81' title="bbox 2148 2206 3852 2283">
    <p class='ocr_par' dir='ltr' id='par_1_81' title="bbox 2148 2206 3852 2283">
     <span class='ocr_line' id='line_1_81' title="bbox 2148 2206 3852 2283; baseline -0.006 -14"><span class='ocrx_word' id='word_1_614' title='bbox 2148 2229 2316 2283; x_wconf 86' lang='lat' dir='ltr'><strong>usque</strong></span> <span class='ocrx_word' id='word_1_615' title='bbox 2360 2213 2435 2267; x_wconf 84' lang='lat' dir='ltr'><strong>ad</strong></span> <span class='ocrx_word' id='word_1_616' title='bbox 2491 2212 2681 2267; x_wconf 89' lang='lat' dir='ltr'><strong>minus</strong></span> <span class='ocrx_word' id='word_1_617' title='bbox 2736 2227 2908 2283; x_wconf 91' lang='lat' dir='ltr'><strong>quam</strong></span> <span class='ocrx_word' id='word_1_618' title='bbox 2963 2209 3023 2265; x_wconf 92' lang='lat' dir='ltr'><strong>in</strong></span> <span class='ocrx_word' id='word_1_619' title='bbox 3074 2210 3187 2263; x_wconf 84' lang='lat' dir='ltr'><strong>vita</strong></span> <span class='ocrx_word' id='word_1_620' title='bbox 3247 2212 3579 2263; x_wconf 90' lang='lat' dir='ltr'><strong>sanctorum</strong></span> <span class='ocrx_word' id='word_1_621' title='bbox 3627 2206 3852 2278; x_wconf 58' lang='lat' dir='ltr'><strong>angelo.</strong></span> 
     </span>
    </p>
   </div>
   <div class='ocr_carea' id='block_1_82' title="bbox 2151 2318 2304 2357">
    <p class='ocr_par' dir='ltr' id='par_1_82' title="bbox 2151 2318 2304 2357">
     <span class='ocr_line' id='line_1_82' title="bbox 2151 2318 2304 2357; baseline 0 0"><span class='ocrx_word' id='word_1_622' title='bbox 2151 2318 2304 2357; x_wconf 90' lang='lat' dir='ltr'><strong>rum.</strong></span> 
     </span>
    </p>
   </div>
   <div class='ocr_carea' id='block_1_83' title="bbox 2225 2381 3852 2459">
    <p class='ocr_par' dir='ltr' id='par_1_83' title="bbox 2225 2381 3852 2459">
     <span class='ocr_line' id='line_1_83' title="bbox 2225 2381 3852 2459; baseline -0.006 -14"><span class='ocrx_word' id='word_1_623' title='bbox 2225 2391 2409 2457; x_wconf 61' lang='lat' dir='ltr'><strong>(Ibid,</strong></span> <span class='ocrx_word' id='word_1_624' title='bbox 2445 2406 2492 2445; x_wconf 93' lang='lat' dir='ltr'><strong>c.</strong></span> <span class='ocrx_word' id='word_1_625' title='bbox 2552 2391 2660 2459; x_wconf 88' lang='lat' dir='ltr'><strong>t6.)</strong></span> <span class='ocrx_word' id='word_1_626' title='bbox 2694 2389 2816 2443; x_wconf 87' lang='lat' dir='ltr'><strong>Non</strong></span> <span class='ocrx_word' id='word_1_627' title='bbox 2847 2389 3056 2443; x_wconf 86' lang='lat' dir='ltr'><strong>frustra</strong></span> <span class='ocrx_word' id='word_1_628' title='bbox 3086 2385 3280 2458; x_wconf 90' lang='lat' dir='ltr'><strong>putari</strong></span> <span class='ocrx_word' id='word_1_629' title='bbox 3337 2388 3526 2456; x_wconf 88' lang='lat' dir='ltr'><strong>potest</strong></span> <span class='ocrx_word' id='word_1_630' title='bbox 3581 2384 3651 2438; x_wconf 89' lang='lat' dir='ltr'><strong>ab</strong></span> <span class='ocrx_word' id='word_1_631' title='bbox 3689 2381 3852 2436; x_wconf 91' lang='lat' dir='ltr'><strong>initio</strong></span> 
     </span>
    </p>
   </div>
   <div class='ocr_carea' id='block_1_84' title="bbox 2151 2470 3855 2551">
    <p class='ocr_par' dir='ltr' id='par_1_84' title="bbox 2151 2470 3855 2551">
     <span class='ocr_line' id='line_1_84' title="bbox 2151 2470 3855 2551; baseline -0.007 -16"><span class='ocrx_word' id='word_1_632' title='bbox 2151 2478 2427 2551; x_wconf 87' lang='lat' dir='ltr'><strong>temporis</strong></span> <span class='ocrx_word' id='word_1_633' title='bbox 2484 2476 2777 2533; x_wconf 88' lang='lat' dir='ltr'><strong>diabolum</strong></span> <span class='ocrx_word' id='word_1_634' title='bbox 2835 2476 3125 2541; x_wconf 88' lang='lat' dir='ltr'><strong>cecidisse,</strong></span> <span class='ocrx_word' id='word_1_635' title='bbox 3186 2479 3315 2541; x_wconf 87' lang='lat' dir='ltr'><strong>etc.,</strong></span> <span class='ocrx_word' id='word_1_636' title='bbox 3350 2473 3615 2542; x_wconf 72' lang='lat' dir='ltr'><strong>usquead</strong></span> <span class='ocrx_word' id='word_1_637' title='bbox 3644 2470 3855 2543; x_wconf 87' lang='lat' dir='ltr'><strong>quibus</strong></span> 
     </span>
    </p>
   </div>
   <div class='ocr_carea' id='block_1_85' title="bbox 2153 2561 3397 2635">
    <p class='ocr_par' dir='ltr' id='par_1_85' title="bbox 2153 2561 3397 2635">
     <span class='ocr_line' id='line_1_85' title="bbox 2153 2561 3397 2635; baseline -0.005 -12"><span class='ocrx_word' id='word_1_638' title='bbox 2153 2584 2269 2623; x_wconf 91' lang='lat' dir='ltr'><strong>non</strong></span> <span class='ocrx_word' id='word_1_639' title='bbox 2296 2566 2452 2622; x_wconf 90' lang='lat' dir='ltr'><strong>dedit</strong></span> <span class='ocrx_word' id='word_1_640' title='bbox 2483 2567 2630 2621; x_wconf 90' lang='lat' dir='ltr'><strong>Deus</strong></span> <span class='ocrx_word' id='word_1_641' title='bbox 2656 2563 3022 2635; x_wconf 62' lang='lat' dir='ltr'><strong>praesentiam</strong></span> <span class='ocrx_word' id='word_1_642' title='bbox 3050 2562 3119 2617; x_wconf 91' lang='lat' dir='ltr'><strong>de</strong></span> <span class='ocrx_word' id='word_1_643' title='bbox 3146 2561 3349 2632; x_wconf 87' lang='lat' dir='ltr'><strong>seipsis</strong></span> <span class='ocrx_word' id='word_1_644' title='bbox 3369 2561 3397 2617; x_wconf 77' lang='lat'><strong>?</strong></span> 
     </span>
    </p>
   </div>
   <div class='ocr_carea' id='block_1_86' title="bbox 2226 2646 3849 2727">
    <p class='ocr_par' dir='ltr' id='par_1_86' title="bbox 2226 2646 3849 2727">
     <span class='ocr_line' id='line_1_86' title="bbox 2226 2646 3849 2727; baseline -0.007 -16"><span class='ocrx_word' id='word_1_645' title='bbox 2226 2655 2409 2727; x_wconf 51' lang='lat' dir='ltr'><strong>(lbidu</strong></span> <span class='ocrx_word' id='word_1_646' title='bbox 2446 2672 2494 2710; x_wconf 93' lang='lat' dir='ltr'><strong>c.</strong></span> <span class='ocrx_word' id='word_1_647' title='bbox 2534 2655 2640 2722; x_wconf 79' lang='grc'><strong>14.)</strong></span> <span class='ocrx_word' id='word_1_648' title='bbox 2671 2655 2970 2719; x_wconf 89' lang='lat' dir='ltr'><strong>Quomodo</strong></span> <span class='ocrx_word' id='word_1_649' title='bbox 3021 2657 3213 2707; x_wconf 90' lang='lat' dir='ltr'><strong>autem</strong></span> <span class='ocrx_word' id='word_1_650' title='bbox 3253 2650 3404 2706; x_wconf 84' lang='lat' dir='ltr'><strong>beati</strong></span> <span class='ocrx_word' id='word_1_651' title='bbox 3460 2666 3580 2704; x_wconf 90' lang='lat' dir='ltr'><strong>esse</strong></span> <span class='ocrx_word' id='word_1_652' title='bbox 3611 2646 3849 2719; x_wconf 85' lang='lat' dir='ltr'><strong>possint,</strong></span> 
     </span>
    </p>
   </div>
   <div class='ocr_carea' id='block_1_87' title="bbox 2154 2734 3856 2816">
    <p class='ocr_par' dir='ltr' id='par_1_87' title="bbox 2154 2734 3856 2816">
     <span class='ocr_line' id='line_1_87' title="bbox 2154 2734 3856 2816; baseline -0.005 -19"><span class='ocrx_word' id='word_1_653' title='bbox 2154 2745 2364 2816; x_wconf 90' lang='lat' dir='ltr'><strong>quibus</strong></span> <span class='ocrx_word' id='word_1_654' title='bbox 2412 2750 2501 2798; x_wconf 89' lang='lat' dir='ltr'><strong>est</strong></span> <span class='ocrx_word' id='word_1_655' title='bbox 2530 2743 2752 2797; x_wconf 91' lang='lat' dir='ltr'><strong>incerta</strong></span> <span class='ocrx_word' id='word_1_656' title='bbox 2813 2758 2912 2795; x_wconf 91' lang='lat' dir='ltr'><strong>sua</strong></span> <span class='ocrx_word' id='word_1_657' title='bbox 2966 2740 3312 2795; x_wconf 85' lang='lat' dir='ltr'><strong>beatitudo?</strong></span> <span class='ocrx_word' id='word_1_658' title='bbox 3374 2742 3504 2803; x_wconf 90' lang='lat' dir='ltr'><strong>etc.,</strong></span> <span class='ocrx_word' id='word_1_659' title='bbox 3562 2752 3730 2805; x_wconf 82' lang='lat' dir='ltr'><strong>usque</strong></span> <span class='ocrx_word' id='word_1_660' title='bbox 3780 2734 3856 2789; x_wconf 84' lang='lat' dir='ltr'><strong>ad</strong></span> 
     </span>
    </p>
   </div>
   <div class='ocr_carea' id='block_1_88' title="bbox 2158 2827 3458 2897">
    <p class='ocr_par' dir='ltr' id='par_1_88' title="bbox 2158 2827 3458 2897">
     <span class='ocr_line' id='line_1_88' title="bbox 2158 2827 3458 2897; baseline -0.007 -10"><span class='ocrx_word' id='word_1_661' title='bbox 2158 2834 2300 2888; x_wconf 90' lang='lat' dir='ltr'><strong>mihi</strong></span> <span class='ocrx_word' id='word_1_662' title='bbox 2323 2836 2510 2887; x_wconf 89' lang='lat' dir='ltr'><strong>autem</strong></span> <span class='ocrx_word' id='word_1_663' title='bbox 2544 2832 2698 2886; x_wconf 91' lang='lat' dir='ltr'><strong>unde</strong></span> <span class='ocrx_word' id='word_1_664' title='bbox 2728 2834 3001 2897; x_wconf 88' lang='lat' dir='ltr'><strong>asserant,</strong></span> <span class='ocrx_word' id='word_1_665' title='bbox 3033 2845 3150 2883; x_wconf 92' lang='lat' dir='ltr'><strong>non</strong></span> <span class='ocrx_word' id='word_1_666' title='bbox 3189 2827 3458 2882; x_wconf 86' lang='lat' dir='ltr'><strong>occurrit.</strong></span> 
     </span>
    </p>
   </div>
   <div class='ocr_carea' id='block_1_89' title="bbox 2226 2913 3855 2991">
    <p class='ocr_par' dir='ltr' id='par_1_89' title="bbox 2226 2913 3855 2991">
     <span class='ocr_line' id='line_1_89' title="bbox 2226 2913 3855 2991; baseline -0.007 -14"><span class='ocrx_word' id='word_1_667' title='bbox 2226 2922 2417 2991; x_wconf 80' lang='lat' dir='ltr'><strong>(lbid.,</strong></span> <span class='ocrx_word' id='word_1_668' title='bbox 2450 2939 2495 2976; x_wconf 93' lang='lat' dir='ltr'><strong>c.</strong></span> <span class='ocrx_word' id='word_1_669' title='bbox 2556 2922 2672 2990; x_wconf 89' lang='lat'><strong>21.)</strong></span> <span class='ocrx_word' id='word_1_670' title='bbox 2699 2920 2803 2975; x_wconf 86' lang='lat' dir='ltr'><strong>Sed</strong></span> <span class='ocrx_word' id='word_1_671' title='bbox 2844 2935 2961 2973; x_wconf 92' lang='lat' dir='ltr'><strong>non</strong></span> <span class='ocrx_word' id='word_1_672' title='bbox 3021 2919 3232 2972; x_wconf 87' lang='lat' dir='ltr'><strong>frustra</strong></span> <span class='ocrx_word' id='word_1_673' title='bbox 3264 2916 3581 2988; x_wconf 89' lang='lat' dir='ltr'><strong>putandum</strong></span> <span class='ocrx_word' id='word_1_674' title='bbox 3642 2917 3728 2967; x_wconf 91' lang='lat' dir='ltr'><strong>est</strong></span> <span class='ocrx_word' id='word_1_675' title='bbox 3782 2913 3855 2967; x_wconf 87' lang='lat' dir='ltr'><strong>ab</strong></span> 
     </span>
    </p>
   </div>
   <div class='ocr_carea' id='block_1_90' title="bbox 2158 3001 3858 3080">
    <p class='ocr_par' dir='ltr' id='par_1_90' title="bbox 2158 3001 3858 3080">
     <span class='ocr_line' id='line_1_90' title="bbox 2158 3001 3858 3080; baseline -0.005 -17"><span class='ocrx_word' id='word_1_676' title='bbox 2158 3009 2280 3080; x_wconf 88' lang='lat' dir='ltr'><strong>ipso</strong></span> <span class='ocrx_word' id='word_1_677' title='bbox 2334 3012 2607 3063; x_wconf 58' lang='lat' dir='ltr'><strong>creaturas</strong></span> <span class='ocrx_word' id='word_1_678' title='bbox 2683 3006 2939 3073; x_wconf 88' lang='lat' dir='ltr'><strong>exordio,</strong></span> <span class='ocrx_word' id='word_1_679' title='bbox 2987 3011 3120 3074; x_wconf 90' lang='lat' dir='ltr'><strong>etc.,</strong></span> <span class='ocrx_word' id='word_1_680' title='bbox 3194 3020 3364 3074; x_wconf 84' lang='lat' dir='ltr'><strong>usque</strong></span> <span class='ocrx_word' id='word_1_681' title='bbox 3414 3003 3489 3057; x_wconf 88' lang='lat' dir='ltr'><strong>ad</strong></span> <span class='ocrx_word' id='word_1_682' title='bbox 3540 3001 3858 3073; x_wconf 75' lang='lat' dir='ltr'><strong>praevidens</strong></span> 
     </span>
    </p>
   </div>
   <div class='ocr_carea' id='block_1_91' title="bbox 2160 3093 3487 3169">
    <p class='ocr_par' dir='ltr' id='par_1_91' title="bbox 2160 3093 3487 3169">
     <span class='ocr_line' id='line_1_91' title="bbox 2160 3093 3487 3169; baseline -0.006 -17"><span class='ocrx_word' id='word_1_683' title='bbox 2160 3102 2375 3169; x_wconf 88' lang='lat' dir='ltr'><strong>quanta</strong></span> <span class='ocrx_word' id='word_1_684' title='bbox 2406 3098 2474 3152; x_wconf 91' lang='lat' dir='ltr'><strong>de</strong></span> <span class='ocrx_word' id='word_1_685' title='bbox 2504 3097 2604 3152; x_wconf 91' lang='lat' dir='ltr'><strong>illo</strong></span> <span class='ocrx_word' id='word_1_686' title='bbox 2636 3113 2735 3150; x_wconf 91' lang='lat' dir='ltr'><strong>sua</strong></span> <span class='ocrx_word' id='word_1_687' title='bbox 2766 3095 3022 3150; x_wconf 89' lang='lat' dir='ltr'><strong>bonitate</strong></span> <span class='ocrx_word' id='word_1_688' title='bbox 3051 3098 3195 3148; x_wconf 79' lang='lat' dir='ltr'><strong>esset</strong></span> <span class='ocrx_word' id='word_1_689' title='bbox 3217 3093 3487 3147; x_wconf 89' lang='lat' dir='ltr'><strong>facturus.</strong></span> 
     </span>
    </p>
   </div>
   <div class='ocr_carea' id='block_1_92' title="bbox 2231 3176 3850 3255">
    <p class='ocr_par' dir='ltr' id='par_1_92' title="bbox 2231 3176 3850 3255">
     <span class='ocr_line' id='line_1_92' title="bbox 2231 3176 3850 3255; baseline -0.007 -15"><span class='ocrx_word' id='word_1_690' title='bbox 2231 3184 2419 3255; x_wconf 53' lang='lat' dir='ltr'><strong>(Ibid,</strong></span> <span class='ocrx_word' id='word_1_691' title='bbox 2453 3201 2501 3238; x_wconf 92' lang='lat' dir='ltr'><strong>c.</strong></span> <span class='ocrx_word' id='word_1_692' title='bbox 2536 3185 2648 3255; x_wconf 87' lang='lat'><strong>22.)</strong></span> <span class='ocrx_word' id='word_1_693' title='bbox 2685 3203 2712 3232; x_wconf 74' lang='grc' dir='ltr'><strong>α</strong></span> <span class='ocrx_word' id='word_1_694' title='bbox 2745 3183 2975 3237; x_wconf 88' lang='lat' dir='ltr'><strong>Initium</strong></span> <span class='ocrx_word' id='word_1_695' title='bbox 3009 3186 3200 3237; x_wconf 89' lang='lat' dir='ltr'><strong>autem</strong></span> <span class='ocrx_word' id='word_1_696' title='bbox 3266 3178 3529 3251; x_wconf 81' lang='lat' dir='ltr'><strong>figmenti</strong></span> <span class='ocrx_word' id='word_1_697' title='bbox 3562 3196 3590 3230; x_wconf 67' lang='grc' dir='ltr'><strong>ν</strong></span> <span class='ocrx_word' id='word_1_698' title='bbox 3625 3176 3850 3243; x_wconf 87' lang='lat' dir='ltr'><strong>dicitur,</strong></span> 
     </span>
    </p>
   </div>
   <div class='ocr_carea' id='block_1_93' title="bbox 2160 3271 3187 3342">
    <p class='ocr_par' dir='ltr' id='par_1_93' title="bbox 2160 3271 3187 3342">
     <span class='ocr_line' id='line_1_93' title="bbox 2160 3271 3187 3342; baseline -0.006 -14"><span class='ocrx_word' id='word_1_699' title='bbox 2160 3278 2289 3340; x_wconf 87' lang='lat' dir='ltr'><strong>etc.,</strong></span> <span class='ocrx_word' id='word_1_700' title='bbox 2313 3288 2480 3342; x_wconf 86' lang='lat' dir='ltr'><strong>usque</strong></span> <span class='ocrx_word' id='word_1_701' title='bbox 2507 3273 2580 3325; x_wconf 79' lang='lat' dir='ltr'><strong>ad</strong></span> <span class='ocrx_word' id='word_1_702' title='bbox 2610 3277 2672 3324; x_wconf 91' lang='lat' dir='ltr'><strong>ut</strong></span> <span class='ocrx_word' id='word_1_703' title='bbox 2696 3271 2958 3326; x_wconf 88' lang='lat' dir='ltr'><strong>homines</strong></span> <span class='ocrx_word' id='word_1_704' title='bbox 2988 3271 3187 3324; x_wconf 88' lang='lat' dir='ltr'><strong>malos.</strong></span> 
     </span>
    </p>
   </div>
   <div class='ocr_carea' id='block_1_94' title="bbox 2233 3354 3858 3429">
    <p class='ocr_par' dir='ltr' id='par_1_94' title="bbox 2233 3354 3858 3429">
     <span class='ocr_line' id='line_1_94' title="bbox 2233 3354 3858 3429; baseline -0.006 -13"><span class='ocrx_word' id='word_1_705' title='bbox 2233 3361 2498 3429; x_wconf 74' lang='lat' dir='ltr'><strong>(lbid.,c.</strong></span> <span class='ocrx_word' id='word_1_706' title='bbox 2553 3358 2666 3427; x_wconf 89' lang='lat'><strong>23.)</strong></span> <span class='ocrx_word' id='word_1_707' title='bbox 2724 3360 2885 3423; x_wconf 88' lang='lat' dir='ltr'><strong>Quod</strong></span> <span class='ocrx_word' id='word_1_708' title='bbox 2944 3375 3079 3429; x_wconf 90' lang='lat' dir='ltr'><strong>ergo</strong></span> <span class='ocrx_word' id='word_1_709' title='bbox 3134 3360 3372 3429; x_wconf 88' lang='lat' dir='ltr'><strong>putatur</strong></span> <span class='ocrx_word' id='word_1_710' title='bbox 3409 3354 3670 3411; x_wconf 89' lang='lat' dir='ltr'><strong>diabolus</strong></span> <span class='ocrx_word' id='word_1_711' title='bbox 3714 3368 3858 3407; x_wconf 90' lang='lat' dir='ltr'><strong>nun-</strong></span> 
     </span>
    </p>
   </div>
   <div class='ocr_carea' id='block_1_95' title="bbox 2162 3442 3857 3521">
    <p class='ocr_par' dir='ltr' id='par_1_95' title="bbox 2162 3442 3857 3521">
     <span class='ocr_line' id='line_1_95' title="bbox 2162 3442 3857 3521; baseline -0.004 -18"><span class='ocrx_word' id='word_1_712' title='bbox 2162 3466 2333 3521; x_wconf 90' lang='lat' dir='ltr'><strong>quam</strong></span> <span class='ocrx_word' id='word_1_713' title='bbox 2367 3448 2426 3502; x_wconf 93' lang='lat' dir='ltr'><strong>in</strong></span> <span class='ocrx_word' id='word_1_714' title='bbox 2484 3447 2720 3501; x_wconf 85' lang='lat' dir='ltr'><strong>veritate</strong></span> <span class='ocrx_word' id='word_1_715' title='bbox 2774 3448 3016 3517; x_wconf 88' lang='lat' dir='ltr'><strong>stetisse,</strong></span> <span class='ocrx_word' id='word_1_716' title='bbox 3067 3452 3199 3513; x_wconf 89' lang='lat' dir='ltr'><strong>etc.,</strong></span> <span class='ocrx_word' id='word_1_717' title='bbox 3251 3461 3421 3515; x_wconf 85' lang='lat' dir='ltr'><strong>usque</strong></span> <span class='ocrx_word' id='word_1_718' title='bbox 3476 3444 3552 3497; x_wconf 86' lang='lat' dir='ltr'><strong>ad</strong></span> <span class='ocrx_word' id='word_1_719' title='bbox 3596 3444 3761 3515; x_wconf 90' lang='lat' dir='ltr'><strong>plura</strong></span> <span class='ocrx_word' id='word_1_720' title='bbox 3799 3442 3857 3497; x_wconf 89' lang='lat' dir='ltr'><strong>in</strong></span> 
     </span>
    </p>
   </div>
   <div class='ocr_carea' id='block_1_96' title="bbox 2162 3535 2914 3610">
    <p class='ocr_par' dir='ltr' id='par_1_96' title="bbox 2162 3535 2914 3610">
     <span class='ocr_line' id='line_1_96' title="bbox 2162 3535 2914 3610; baseline -0.007 -16"><span class='ocrx_word' id='word_1_721' title='bbox 2162 3555 2367 3610; x_wconf 90' lang='lat' dir='ltr'><strong>corpus</strong></span> <span class='ocrx_word' id='word_1_722' title='bbox 2399 3538 2524 3608; x_wconf 90' lang='lat' dir='ltr'><strong>ejus</strong></span> <span class='ocrx_word' id='word_1_723' title='bbox 2549 3535 2914 3590; x_wconf 91' lang='lat' dir='ltr'><strong>conveniunt.</strong></span> 
     </span>
    </p>
   </div>
   <div class='ocr_carea' id='block_1_97' title="bbox 2236 3618 3859 3699">
    <p class='ocr_par' dir='ltr' id='par_1_97' title="bbox 2236 3618 3859 3699">
     <span class='ocr_line' id='line_1_97' title="bbox 2236 3618 3859 3699; baseline -0.007 -16"><span class='ocrx_word' id='word_1_724' title='bbox 2236 3629 2441 3699; x_wconf 78' lang='lat' dir='ltr'><strong>(Gaec.,</strong></span> <span class='ocrx_word' id='word_1_725' title='bbox 2463 3628 2577 3693; x_wconf 88' lang='lat'><strong>23.)</strong></span> <span class='ocrx_word' id='word_1_726' title='bbox 2606 3627 2745 3679; x_wconf 84' lang='lat' dir='ltr'><strong>hom.</strong></span> <span class='ocrx_word' id='word_1_727' title='bbox 2770 3628 2853 3691; x_wconf 87' lang='grc'><strong>16,</strong></span> <span class='ocrx_word' id='word_1_728' title='bbox 2876 3626 2936 3677; x_wconf 78' lang='lat' dir='ltr'><strong>in</strong></span> <span class='ocrx_word' id='word_1_729' title='bbox 2958 3624 3189 3690; x_wconf 85' lang='lat' dir='ltr'><strong>Evang.,</strong></span> <span class='ocrx_word' id='word_1_730' title='bbox 3208 3624 3347 3675; x_wconf 90' lang='lat' dir='ltr'><strong>tom.</strong></span> <span class='ocrx_word' id='word_1_731' title='bbox 3369 3619 3455 3689; x_wconf 91' lang='lat' dir='ltr'><strong>II.)</strong></span> <span class='ocrx_word' id='word_1_732' title='bbox 3478 3618 3733 3675; x_wconf 88' lang='lat' dir='ltr'><strong>Primum</strong></span> <span class='ocrx_word' id='word_1_733' title='bbox 3752 3635 3859 3689; x_wconf 86' lang='lat' dir='ltr'><strong>pa—</strong></span> 
     </span>
    </p>
   </div>
   <div class='ocr_carea' id='block_1_98' title="bbox 2163 3708 3860 3775">
    <p class='ocr_par' dir='ltr' id='par_1_98' title="bbox 2163 3708 3860 3775">
     <span class='ocr_line' id='line_1_98' title="bbox 2163 3708 3860 3775; baseline -0.006 -6"><span class='ocrx_word' id='word_1_734' title='bbox 2163 3720 2385 3770; x_wconf 91' lang='lat' dir='ltr'><strong>rentem</strong></span> <span class='ocrx_word' id='word_1_735' title='bbox 2439 3713 2701 3769; x_wconf 89' lang='lat' dir='ltr'><strong>diabolus</strong></span> <span class='ocrx_word' id='word_1_736' title='bbox 2749 3711 2934 3765; x_wconf 90' lang='lat' dir='ltr'><strong>tribus</strong></span> <span class='ocrx_word' id='word_1_737' title='bbox 2996 3709 3181 3764; x_wconf 90' lang='lat' dir='ltr'><strong>modis</strong></span> <span class='ocrx_word' id='word_1_738' title='bbox 3237 3708 3490 3768; x_wconf 86' lang='lat' dir='ltr'><strong>tentavit,</strong></span> <span class='ocrx_word' id='word_1_739' title='bbox 3537 3710 3860 3775; x_wconf 86' lang='lat' dir='ltr'><strong>etc.,usquc</strong></span> 
     </span>
    </p>
   </div>
   <div class='ocr_carea' id='block_1_99' title="bbox 2163 3796 3587 3867">
    <p class='ocr_par' dir='ltr' id='par_1_99' title="bbox 2163 3796 3587 3867">
     <span class='ocr_line' id='line_1_99' title="bbox 2163 3796 3587 3867; baseline -0.008 -9"><span class='ocrx_word' id='word_1_740' title='bbox 2163 3805 2238 3858; x_wconf 83' lang='lat' dir='ltr'><strong>ad</strong></span> <span class='ocrx_word' id='word_1_741' title='bbox 2266 3801 2642 3858; x_wconf 88' lang='lat' dir='ltr'><strong>delectatione</strong></span> <span class='ocrx_word' id='word_1_742' title='bbox 2671 3800 2970 3865; x_wconf 88' lang='lat' dir='ltr'><strong>vincimur,</strong></span> <span class='ocrx_word' id='word_1_743' title='bbox 3005 3813 3282 3852; x_wconf 88' lang='lat' dir='ltr'><strong>consensu</strong></span> <span class='ocrx_word' id='word_1_744' title='bbox 3320 3796 3587 3867; x_wconf 86' lang='lat' dir='ltr'><strong>ligamur.</strong></span> 
     </span>
    </p>
   </div>
   <div class='ocr_carea' id='block_1_100' title="bbox 2237 3884 3851 3950">
    <p class='ocr_par' dir='ltr' id='par_1_100' title="bbox 2237 3884 3851 3950">
     <span class='ocr_line' id='line_1_100' title="bbox 2237 3884 3851 3950; baseline -0.008 -4"><span class='ocrx_word' id='word_1_745' title='bbox 2237 3894 2392 3947; x_wconf 70' lang='lat' dir='ltr'><strong>Vens.</strong></span> <span class='ocrx_word' id='word_1_746' title='bbox 2455 3894 2504 3945; x_wconf 86' lang='lat'><strong>5.</strong></span> <span class='ocrx_word' id='word_1_747' title='bbox 2579 3918 2651 3931; x_wconf 95' lang='lat'><strong>—</strong></span> <span class='ocrx_word' id='word_1_748' title='bbox 2707 3929 2721 3944; x_wconf 92' lang='lat'><strong>.</strong></span> <span class='ocrx_word' id='word_1_749' title='bbox 2757 3929 2771 3943; x_wconf 93' lang='lat'><strong>.</strong></span> <span class='ocrx_word' id='word_1_750' title='bbox 2810 3929 2822 3942; x_wconf 95' lang='lat'><strong>.</strong></span> <span class='ocrx_word' id='word_1_751' title='bbox 2861 3930 2873 3942; x_wconf 92' lang='lat'><strong>.</strong></span> <span class='ocrx_word' id='word_1_752' title='bbox 2930 3908 2958 3937; x_wconf 72' lang='grc' dir='ltr'><strong><em>α</em></strong></span> <span class='ocrx_word' id='word_1_753' title='bbox 3022 3887 3182 3943; x_wconf 88' lang='lat' dir='ltr'><strong>Eritis</strong></span> <span class='ocrx_word' id='word_1_754' title='bbox 3265 3886 3410 3940; x_wconf 90' lang='lat' dir='ltr'><strong>sicut</strong></span> <span class='ocrx_word' id='word_1_755' title='bbox 3489 3884 3590 3950; x_wconf 92' lang='lat' dir='ltr'><strong>dii,</strong></span> <span class='ocrx_word' id='word_1_756' title='bbox 3660 3902 3688 3933; x_wconf 75' lang='lat' dir='ltr'><strong>io</strong></span> <span class='ocrx_word' id='word_1_757' title='bbox 3747 3886 3851 3936; x_wconf 87' lang='lat' dir='ltr'><strong>etc.</strong></span> 
     </span>
    </p>
   </div>
   <div class='ocr_carea' id='block_1_101' title="bbox 2164 3969 3854 4052">
    <p class='ocr_par' dir='ltr' id='par_1_101' title="bbox 2164 3969 3854 4052">
     <span class='ocr_line' id='line_1_101' title="bbox 2164 3969 3854 4052; baseline -0.007 -17"><span class='ocrx_word' id='word_1_758' title='bbox 2164 3982 2409 4052; x_wconf 65' lang='grc' dir='ltr'><strong>(δι-ΜΒ.)</strong></span> <span class='ocrx_word' id='word_1_759' title='bbox 2470 3981 2705 4047; x_wconf 73' lang='lat' dir='ltr'><strong>Mystice.</strong></span> <span class='ocrx_word' id='word_1_760' title='bbox 2767 3976 3062 4032; x_wconf 82' lang='lat' dir='ltr'><strong>Artiﬁciali</strong></span> <span class='ocrx_word' id='word_1_761' title='bbox 3123 3975 3255 4030; x_wconf 94' lang='lat' dir='ltr'><strong>dolo</strong></span> <span class='ocrx_word' id='word_1_762' title='bbox 3298 3975 3468 4028; x_wconf 92' lang='lat' dir='ltr'><strong>verba</strong></span> <span class='ocrx_word' id='word_1_763' title='bbox 3538 3969 3854 4043; x_wconf 91' lang='lat' dir='ltr'><strong>componit,</strong></span> 
     </span>
    </p>
   </div>
   <div class='ocr_carea' id='block_1_102' title="bbox 2163 4062 3856 4139">
    <p class='ocr_par' dir='ltr' id='par_1_102' title="bbox 2163 4062 3856 4139">
     <span class='ocr_line' id='line_1_102' title="bbox 2163 4062 3856 4139; baseline -0.007 -15"><span class='ocrx_word' id='word_1_764' title='bbox 2163 4075 2226 4124; x_wconf 91' lang='lat' dir='ltr'><strong>ut</strong></span> <span class='ocrx_word' id='word_1_765' title='bbox 2255 4069 2301 4123; x_wconf 90' lang='lat' dir='ltr'><strong>si</strong></span> <span class='ocrx_word' id='word_1_766' title='bbox 2331 4085 2435 4139; x_wconf 91' lang='lat' dir='ltr'><strong>per</strong></span> <span class='ocrx_word' id='word_1_767' title='bbox 2491 4066 2895 4122; x_wconf 68' lang='lat' dir='ltr'><strong>inobedientiie</strong></span> <span class='ocrx_word' id='word_1_768' title='bbox 2945 4068 3339 4135; x_wconf 88' lang='lat' dir='ltr'><strong>contemptum</strong></span> <span class='ocrx_word' id='word_1_769' title='bbox 3380 4062 3706 4118; x_wconf 89' lang='lat' dir='ltr'><strong>subvertere</strong></span> <span class='ocrx_word' id='word_1_770' title='bbox 3755 4075 3856 4113; x_wconf 80' lang='lat' dir='ltr'><strong>ne-</strong></span> 
     </span>
    </p>
   </div>
   <div class='ocr_carea' id='block_1_103' title="bbox 2164 4148 3858 4229">
    <p class='ocr_par' dir='ltr' id='par_1_103' title="bbox 2164 4148 3858 4229">
     <span class='ocr_line' id='line_1_103' title="bbox 2164 4148 3858 4229; baseline -0.008 -16"><span class='ocrx_word' id='word_1_771' title='bbox 2164 4157 2430 4229; x_wconf 87' lang='lat' dir='ltr'><strong>quiverit,</strong></span> <span class='ocrx_word' id='word_1_772' title='bbox 2479 4158 2679 4211; x_wconf 88' lang='lat' dir='ltr'><strong>saltem</strong></span> <span class='ocrx_word' id='word_1_773' title='bbox 2734 4155 2792 4209; x_wconf 92' lang='lat' dir='ltr'><strong>in</strong></span> <span class='ocrx_word' id='word_1_774' title='bbox 2842 4155 2951 4209; x_wconf 89' lang='lat' dir='ltr'><strong>hoc</strong></span> <span class='ocrx_word' id='word_1_775' title='bbox 2988 4153 3143 4224; x_wconf 91' lang='lat' dir='ltr'><strong>quod</strong></span> <span class='ocrx_word' id='word_1_776' title='bbox 3173 4153 3343 4207; x_wconf 83' lang='lat' dir='ltr'><strong>fidem</strong></span> <span class='ocrx_word' id='word_1_777' title='bbox 3408 4148 3753 4221; x_wconf 89' lang='lat' dir='ltr'><strong>corruperit,</strong></span> <span class='ocrx_word' id='word_1_778' title='bbox 3802 4152 3858 4203; x_wconf 88' lang='lat' dir='ltr'><strong>et</strong></span> 
     </span>
    </p>
   </div>
   <div class='ocr_carea' id='block_1_104' title="bbox 2166 4236 3855 4310">
    <p class='ocr_par' dir='ltr' id='par_1_104' title="bbox 2166 4236 3855 4310">
     <span class='ocr_line' id='line_1_104' title="bbox 2166 4236 3855 4310; baseline -0.007 -10"><span class='ocrx_word' id='word_1_779' title='bbox 2166 4245 2549 4300; x_wconf 88' lang='lat' dir='ltr'><strong>idololatriam</strong></span> <span class='ocrx_word' id='word_1_780' title='bbox 2588 4242 2850 4310; x_wconf 90' lang='lat' dir='ltr'><strong>suaserit,</strong></span> <span class='ocrx_word' id='word_1_781' title='bbox 2881 4241 3151 4296; x_wconf 90' lang='lat' dir='ltr'><strong>victorem</strong></span> <span class='ocrx_word' id='word_1_782' title='bbox 3183 4256 3241 4293; x_wconf 91' lang='lat' dir='ltr'><strong>se</strong></span> <span class='ocrx_word' id='word_1_783' title='bbox 3288 4239 3565 4310; x_wconf 88' lang='lat' dir='ltr'><strong>glorietur</strong></span> <span class='ocrx_word' id='word_1_784' title='bbox 3600 4255 3613 4292; x_wconf 89' lang='lat'><strong>:</strong></span> <span class='ocrx_word' id='word_1_785' title='bbox 3657 4236 3703 4289; x_wconf 91' lang='lat' dir='ltr'><strong>si</strong></span> <span class='ocrx_word' id='word_1_786' title='bbox 3753 4253 3855 4289; x_wconf 87' lang='lat' dir='ltr'><strong>au-</strong></span> 
     </span>
    </p>
   </div>
   <div class='ocr_carea' id='block_1_105' title="bbox 2168 4323 3857 4404">
    <p class='ocr_par' dir='ltr' id='par_1_105' title="bbox 2168 4323 3857 4404">
     <span class='ocr_line' id='line_1_105' title="bbox 2168 4323 3857 4404; baseline -0.007 -17"><span class='ocrx_word' id='word_1_787' title='bbox 2168 4339 2284 4387; x_wconf 87' lang='lat' dir='ltr'><strong>tem</strong></span> <span class='ocrx_word' id='word_1_788' title='bbox 2363 4348 2467 4404; x_wconf 89' lang='lat' dir='ltr'><strong>per</strong></span> <span class='ocrx_word' id='word_1_789' title='bbox 2514 4330 2919 4386; x_wconf 68' lang='lat' dir='ltr'><strong>inobedientiaa</strong></span> <span class='ocrx_word' id='word_1_790' title='bbox 2993 4332 3383 4400; x_wconf 90' lang='lat' dir='ltr'><strong>contemptum</strong></span> <span class='ocrx_word' id='word_1_791' title='bbox 3440 4325 3745 4389; x_wconf 82' lang='lat' dir='ltr'><strong>seduxerit,</strong></span> <span class='ocrx_word' id='word_1_792' title='bbox 3798 4323 3857 4377; x_wconf 90' lang='lat' dir='ltr'><strong>in</strong></span> 
     </span>
    </p>
   </div>
   <div class='ocr_carea' id='block_1_106' title="bbox 2171 4419 2863 4493">
    <p class='ocr_par' dir='ltr' id='par_1_106' title="bbox 2171 4419 2863 4493">
     <span class='ocr_line' id='line_1_106' title="bbox 2171 4419 2863 4493; baseline -0.003 -18"><span class='ocrx_word' id='word_1_793' title='bbox 2171 4428 2418 4493; x_wconf 88' lang='lat' dir='ltr'><strong>utroque</strong></span> <span class='ocrx_word' id='word_1_794' title='bbox 2447 4420 2624 4474; x_wconf 89' lang='lat' dir='ltr'><strong>victor</strong></span> <span class='ocrx_word' id='word_1_795' title='bbox 2646 4419 2863 4473; x_wconf 86' lang='lat' dir='ltr'><strong>existat.</strong></span> 
     </span>
    </p>
   </div>
   <div class='ocr_carea' id='block_1_107' title="bbox 2243 4499 3859 4579">
    <p class='ocr_par' dir='ltr' id='par_1_107' title="bbox 2243 4499 3859 4579">
     <span class='ocr_line' id='line_1_107' title="bbox 2243 4499 3859 4579; baseline -0.008 -14"><span class='ocrx_word' id='word_1_796' title='bbox 2243 4513 2423 4579; x_wconf 58' lang='lat' dir='ltr'><strong>(Ama,</strong></span> <span class='ocrx_word' id='word_1_797' title='bbox 2456 4508 2521 4563; x_wconf 84' lang='lat' dir='ltr'><strong>de</strong></span> <span class='ocrx_word' id='word_1_798' title='bbox 2548 4510 2674 4565; x_wconf 85' lang='lat' dir='ltr'><strong>Gen.</strong></span> <span class='ocrx_word' id='word_1_799' title='bbox 2709 4512 2896 4562; x_wconf 81' lang='lat' dir='ltr'><strong>contra</strong></span> <span class='ocrx_word' id='word_1_800' title='bbox 2925 4506 3143 4561; x_wconf 64' lang='grc' dir='ltr'><strong>Πιαηίοὴ</strong></span> <span class='ocrx_word' id='word_1_801' title='bbox 3172 4544 3186 4565; x_wconf 88' lang='grc'><strong>.</strong></span> <span class='ocrx_word' id='word_1_802' title='bbox 3207 4504 3242 4559; x_wconf 95' lang='lat' dir='ltr'><strong>l.</strong></span> <span class='ocrx_word' id='word_1_803' title='bbox 3275 4522 3333 4570; x_wconf 89' lang='grc' dir='ltr'>ιι,</span> <span class='ocrx_word' id='word_1_804' title='bbox 3366 4519 3413 4558; x_wconf 91' lang='lat' dir='ltr'><strong>c.</strong></span> <span class='ocrx_word' id='word_1_805' title='bbox 3451 4506 3535 4567; x_wconf 89' lang='lat'><strong>15,</strong></span> <span class='ocrx_word' id='word_1_806' title='bbox 3569 4506 3706 4557; x_wconf 87' lang='lat' dir='ltr'><strong>tom.</strong></span> <span class='ocrx_word' id='word_1_807' title='bbox 3740 4499 3859 4567; x_wconf 77' lang='grc'><strong>111.)</strong></span> 
     </span>
    </p>
   </div>
   <div class='ocr_carea' id='block_1_108' title="bbox 2171 4586 3863 4666">
    <p class='ocr_par' dir='ltr' id='par_1_108' title="bbox 2171 4586 3863 4666">
     <span class='ocr_line' id='line_1_108' title="bbox 2171 4586 3863 4666; baseline -0.007 -15"><span class='ocrx_word' id='word_1_808' title='bbox 2171 4599 2529 4666; x_wconf 89' lang='lat' dir='ltr'><strong>Interrogata</strong></span> <span class='ocrx_word' id='word_1_809' title='bbox 2586 4594 2794 4648; x_wconf 91' lang='lat' dir='ltr'><strong>mulier</strong></span> <span class='ocrx_word' id='word_1_810' title='bbox 2844 4592 3155 4663; x_wconf 89' lang='lat' dir='ltr'><strong>respondit,</strong></span> <span class='ocrx_word' id='word_1_811' title='bbox 3198 4597 3328 4656; x_wconf 89' lang='lat' dir='ltr'><strong>etc.,</strong></span> <span class='ocrx_word' id='word_1_812' title='bbox 3392 4604 3559 4658; x_wconf 82' lang='lat' dir='ltr'><strong>usque</strong></span> <span class='ocrx_word' id='word_1_813' title='bbox 3587 4587 3663 4641; x_wconf 82' lang='lat' dir='ltr'><strong>ad</strong></span> <span class='ocrx_word' id='word_1_814' title='bbox 3702 4586 3863 4641; x_wconf 89' lang='lat' dir='ltr'><strong>nullo</strong></span> 
     </span>
    </p>
   </div>
   <div class='ocr_carea' id='block_1_109' title="bbox 2172 4675 3865 4755">
    <p class='ocr_par' dir='ltr' id='par_1_109' title="bbox 2172 4675 3865 4755">
     <span class='ocr_line' id='line_1_109' title="bbox 2172 4675 3865 4755; baseline -0.007 -14"><span class='ocrx_word' id='word_1_815' title='bbox 2172 4685 2323 4741; x_wconf 90' lang='lat' dir='ltr'><strong>enim</strong></span> <span class='ocrx_word' id='word_1_816' title='bbox 2359 4688 2589 4755; x_wconf 88' lang='lat' dir='ltr'><strong>regente</strong></span> <span class='ocrx_word' id='word_1_817' title='bbox 2619 4699 2723 4753; x_wconf 92' lang='lat' dir='ltr'><strong>per</strong></span> <span class='ocrx_word' id='word_1_818' title='bbox 2754 4697 2914 4736; x_wconf 91' lang='lat' dir='ltr'><strong>suam</strong></span> <span class='ocrx_word' id='word_1_819' title='bbox 2956 4683 3299 4752; x_wconf 88' lang='lat' dir='ltr'><strong>potestatem</strong></span> <span class='ocrx_word' id='word_1_820' title='bbox 3331 4679 3483 4733; x_wconf 89' lang='lat' dir='ltr'><strong>solus</strong></span> <span class='ocrx_word' id='word_1_821' title='bbox 3540 4678 3688 4732; x_wconf 86' lang='lat' dir='ltr'><strong>Deus</strong></span> <span class='ocrx_word' id='word_1_822' title='bbox 3727 4675 3865 4730; x_wconf 82' lang='lat' dir='ltr'><strong>bea-</strong></span> 
     </span>
    </p>
   </div>
   <div class='ocr_carea' id='block_1_110' title="bbox 2172 4777 2380 4828">
    <p class='ocr_par' dir='ltr' id='par_1_110' title="bbox 2172 4777 2380 4828">
     <span class='ocr_line' id='line_1_110' title="bbox 2172 4777 2380 4828; baseline -0.005 0"><span class='ocrx_word' id='word_1_823' title='bbox 2172 4778 2265 4828; x_wconf 91' lang='lat' dir='ltr'><strong>tus</strong></span> <span class='ocrx_word' id='word_1_824' title='bbox 2292 4777 2380 4827; x_wconf 88' lang='lat' dir='ltr'><strong>est</strong></span> 
     </span>
    </p>
   </div>
   <div class='ocr_carea' id='block_1_111' title="bbox 2247 4854 3866 4937">
    <p class='ocr_par' dir='ltr' id='par_1_111' title="bbox 2247 4854 3866 4937">
     <span class='ocr_line' id='line_1_111' title="bbox 2247 4854 3866 4937; baseline -0.004 -23"><span class='ocrx_word' id='word_1_825' title='bbox 2247 4862 2385 4916; x_wconf 73' lang='lat' dir='ltr'><strong>Vens</strong></span> <span class='ocrx_word' id='word_1_826' title='bbox 2448 4863 2501 4926; x_wconf 90' lang='lat'><strong>6,</strong></span> <span class='ocrx_word' id='word_1_827' title='bbox 2532 4864 2585 4916; x_wconf 87' lang='grc'><strong>’7.</strong></span> <span class='ocrx_word' id='word_1_828' title='bbox 2620 4890 2687 4900; x_wconf 87' lang='lat'><strong>-—-</strong></span> <span class='ocrx_word' id='word_1_829' title='bbox 2721 4878 2747 4909; x_wconf 77' lang='grc' dir='ltr'>(ι</span> <span class='ocrx_word' id='word_1_830' title='bbox 2789 4858 2939 4913; x_wconf 89' lang='lat' dir='ltr'><strong>Vidit</strong></span> <span class='ocrx_word' id='word_1_831' title='bbox 2973 4857 3169 4929; x_wconf 89' lang='lat' dir='ltr'><strong>igitur,</strong></span> <span class='ocrx_word' id='word_1_832' title='bbox 3202 4876 3227 4906; x_wconf 79' lang='grc' dir='ltr'>ι)</span> <span class='ocrx_word' id='word_1_833' title='bbox 3262 4854 3550 4937; x_wconf 47' lang='lat' dir='ltr'><strong>etc..(Isw.</strong></span> <span class='ocrx_word' id='word_1_834' title='bbox 3608 4870 3675 4907; x_wconf 84' lang='lat' dir='ltr'><strong>ex</strong></span> <span class='ocrx_word' id='word_1_835' title='bbox 3720 4855 3866 4923; x_wconf 88' lang='lat' dir='ltr'><strong>Aug.</strong></span> 
     </span>
    </p>
   </div>
   <div class='ocr_carea' id='block_1_112' title="bbox 2173 4939 3871 5019">
    <p class='ocr_par' dir='ltr' id='par_1_112' title="bbox 2173 4939 3871 5019">
     <span class='ocr_line' id='line_1_112' title="bbox 2173 4939 3871 5019; baseline -0.006 -15"><span class='ocrx_word' id='word_1_836' title='bbox 2173 4949 2267 5004; x_wconf 80' lang='lat' dir='ltr'><strong>ubi</strong></span> <span class='ocrx_word' id='word_1_837' title='bbox 2295 4948 2509 5019; x_wconf 84' lang='lat' dir='ltr'><strong>supra.)</strong></span> <span class='ocrx_word' id='word_1_838' title='bbox 2541 4946 2841 5012; x_wconf 88' lang='lat' dir='ltr'><strong>Quomodo</strong></span> <span class='ocrx_word' id='word_1_839' title='bbox 2867 4944 3133 4999; x_wconf 88' lang='lat' dir='ltr'><strong>videbant</strong></span> <span class='ocrx_word' id='word_1_840' title='bbox 3162 4944 3207 4997; x_wconf 93' lang='lat' dir='ltr'><strong>si</strong></span> <span class='ocrx_word' id='word_1_841' title='bbox 3253 4942 3429 4999; x_wconf 88' lang='lat' dir='ltr'><strong>clausi</strong></span> <span class='ocrx_word' id='word_1_842' title='bbox 3471 4945 3634 4996; x_wconf 88' lang='lat' dir='ltr'><strong>erant</strong></span> <span class='ocrx_word' id='word_1_843' title='bbox 3660 4939 3811 4994; x_wconf 90' lang='lat' dir='ltr'><strong>oculi</strong></span> <span class='ocrx_word' id='word_1_844' title='bbox 3841 4940 3871 4994; x_wconf 81' lang='lat'><strong>?</strong></span> 
     </span>
    </p>
   </div>
   <div class='ocr_carea' id='block_1_113' title="bbox 2175 5030 3872 5103">
    <p class='ocr_par' dir='ltr' id='par_1_113' title="bbox 2175 5030 3872 5103">
     <span class='ocr_line' id='line_1_113' title="bbox 2175 5030 3872 5103; baseline -0.008 -10"><span class='ocrx_word' id='word_1_845' title='bbox 2175 5038 2283 5093; x_wconf 90' lang='lat' dir='ltr'><strong>Sed</strong></span> <span class='ocrx_word' id='word_1_846' title='bbox 2314 5037 2530 5092; x_wconf 90' lang='lat' dir='ltr'><strong>dictum</strong></span> <span class='ocrx_word' id='word_1_847' title='bbox 2579 5040 2665 5090; x_wconf 90' lang='lat' dir='ltr'><strong>est</strong></span> <span class='ocrx_word' id='word_1_848' title='bbox 2716 5040 2780 5088; x_wconf 90' lang='lat' dir='ltr'><strong>ut</strong></span> <span class='ocrx_word' id='word_1_849' title='bbox 2829 5034 3217 5103; x_wconf 85' lang='lat' dir='ltr'><strong>intelligamus</strong></span> <span class='ocrx_word' id='word_1_850' title='bbox 3273 5048 3372 5086; x_wconf 91' lang='lat' dir='ltr'><strong>eos</strong></span> <span class='ocrx_word' id='word_1_851' title='bbox 3418 5030 3611 5084; x_wconf 90' lang='lat' dir='ltr'><strong>oculos</strong></span> <span class='ocrx_word' id='word_1_852' title='bbox 3639 5033 3872 5099; x_wconf 88' lang='lat' dir='ltr'><strong>apertos</strong></span> 
     </span>
    </p>
   </div>
   <div class='ocr_carea' id='block_1_114' title="bbox 2176 5117 3873 5196">
    <p class='ocr_par' dir='ltr' id='par_1_114' title="bbox 2176 5117 3873 5196">
     <span class='ocr_line' id='line_1_114' title="bbox 2176 5117 3873 5196; baseline -0.007 -16"><span class='ocrx_word' id='word_1_853' title='bbox 2176 5126 2366 5192; x_wconf 86' lang='lat' dir='ltr'><strong>fuisse,</strong></span> <span class='ocrx_word' id='word_1_854' title='bbox 2428 5130 2731 5196; x_wconf 87' lang='lat' dir='ltr'><strong>postquam</strong></span> <span class='ocrx_word' id='word_1_855' title='bbox 2763 5123 2837 5176; x_wconf 94' lang='lat' dir='ltr'><strong>de</strong></span> <span class='ocrx_word' id='word_1_856' title='bbox 2886 5122 3072 5175; x_wconf 90' lang='lat' dir='ltr'><strong>fructu</strong></span> <span class='ocrx_word' id='word_1_857' title='bbox 3103 5120 3492 5186; x_wconf 90' lang='lat' dir='ltr'><strong>comederunt,</strong></span> <span class='ocrx_word' id='word_1_858' title='bbox 3551 5117 3759 5189; x_wconf 88' lang='lat' dir='ltr'><strong>quibus</strong></span> <span class='ocrx_word' id='word_1_859' title='bbox 3813 5132 3873 5169; x_wconf 85' lang='lat' dir='ltr'><strong>se</strong></span> 
     </span>
    </p>
   </div>
   <div class='ocr_carea' id='block_1_115' title="bbox 2176 5207 3871 5281">
    <p class='ocr_par' dir='ltr' id='par_1_115' title="bbox 2176 5207 3871 5281">
     <span class='ocr_line' id='line_1_115' title="bbox 2176 5207 3871 5281; baseline -0.006 -13"><span class='ocrx_word' id='word_1_860' title='bbox 2176 5214 2358 5268; x_wconf 90' lang='lat' dir='ltr'><strong>nudos</strong></span> <span class='ocrx_word' id='word_1_861' title='bbox 2380 5212 2671 5280; x_wconf 88' lang='lat' dir='ltr'><strong>videbant,</strong></span> <span class='ocrx_word' id='word_1_862' title='bbox 2699 5215 2756 5266; x_wconf 89' lang='lat' dir='ltr'><strong>et</strong></span> <span class='ocrx_word' id='word_1_863' title='bbox 2781 5210 3152 5281; x_wconf 89' lang='lat' dir='ltr'><strong>displicebant</strong></span> <span class='ocrx_word' id='word_1_864' title='bbox 3179 5226 3192 5264; x_wconf 90' lang='lat'><strong>:</strong></span> <span class='ocrx_word' id='word_1_865' title='bbox 3244 5209 3302 5263; x_wconf 91' lang='lat' dir='ltr'><strong>id</strong></span> <span class='ocrx_word' id='word_1_866' title='bbox 3339 5214 3447 5276; x_wconf 89' lang='lat' dir='ltr'><strong>est,</strong></span> <span class='ocrx_word' id='word_1_867' title='bbox 3487 5207 3681 5265; x_wconf 89' lang='lat' dir='ltr'><strong>oculos</strong></span> <span class='ocrx_word' id='word_1_868' title='bbox 3714 5211 3871 5260; x_wconf 90' lang='lat' dir='ltr'><strong>astu-</strong></span> 
     </span>
    </p>
   </div>
   <div class='ocr_carea' id='block_1_116' title="bbox 2178 5293 3870 5371">
    <p class='ocr_par' dir='ltr' id='par_1_116' title="bbox 2178 5293 3870 5371">
     <span class='ocr_line' id='line_1_116' title="bbox 2178 5293 3870 5371; baseline -0.005 -18"><span class='ocrx_word' id='word_1_869' title='bbox 2178 5302 2291 5366; x_wconf 57' lang='lat' dir='ltr'><strong>tiae,</strong></span> <span class='ocrx_word' id='word_1_870' title='bbox 2350 5299 2560 5371; x_wconf 90' lang='lat' dir='ltr'><strong>quibus</strong></span> <span class='ocrx_word' id='word_1_871' title='bbox 2613 5297 2948 5368; x_wconf 88' lang='lat' dir='ltr'><strong>simplicitas</strong></span> <span class='ocrx_word' id='word_1_872' title='bbox 3005 5296 3283 5366; x_wconf 88' lang='lat' dir='ltr'><strong>displicet.</strong></span> <span class='ocrx_word' id='word_1_873' title='bbox 3346 5297 3485 5351; x_wconf 89' lang='lat' dir='ltr'><strong>Cum</strong></span> <span class='ocrx_word' id='word_1_874' title='bbox 3535 5293 3665 5364; x_wconf 90' lang='lat' dir='ltr'><strong>quis</strong></span> <span class='ocrx_word' id='word_1_875' title='bbox 3714 5293 3870 5346; x_wconf 90' lang='lat' dir='ltr'><strong>enim</strong></span> 
     </span>
    </p>
   </div>
   <div class='ocr_carea' id='block_1_117' title="bbox 2177 5382 3872 5449">
    <p class='ocr_par' dir='ltr' id='par_1_117' title="bbox 2177 5382 3872 5449">
     <span class='ocr_line' id='line_1_117' title="bbox 2177 5382 3872 5449; baseline -0.005 -6"><span class='ocrx_word' id='word_1_876' title='bbox 2177 5388 2445 5443; x_wconf 89' lang='lat' dir='ltr'><strong>ceciderit</strong></span> <span class='ocrx_word' id='word_1_877' title='bbox 2474 5388 2545 5442; x_wconf 91' lang='lat' dir='ltr'><strong>ab</strong></span> <span class='ocrx_word' id='word_1_878' title='bbox 2574 5386 2778 5441; x_wconf 89' lang='lat' dir='ltr'><strong>intima</strong></span> <span class='ocrx_word' id='word_1_879' title='bbox 2807 5388 2933 5441; x_wconf 89' lang='lat' dir='ltr'><strong>luce</strong></span> <span class='ocrx_word' id='word_1_880' title='bbox 2964 5385 3237 5449; x_wconf 78' lang='lat' dir='ltr'><strong>veritatis,</strong></span> <span class='ocrx_word' id='word_1_881' title='bbox 3271 5383 3414 5438; x_wconf 87' lang='lat' dir='ltr'><strong>nihil</strong></span> <span class='ocrx_word' id='word_1_882' title='bbox 3465 5388 3549 5437; x_wconf 91' lang='lat' dir='ltr'><strong>est</strong></span> <span class='ocrx_word' id='word_1_883' title='bbox 3580 5382 3734 5436; x_wconf 91' lang='lat' dir='ltr'><strong>unde</strong></span> <span class='ocrx_word' id='word_1_884' title='bbox 3780 5396 3872 5435; x_wconf 90' lang='lat' dir='ltr'><strong>su-</strong></span> 
     </span>
    </p>
   </div>
   <div class='ocr_carea' id='block_1_118' title="bbox 2177 5469 3875 5549">
    <p class='ocr_par' dir='ltr' id='par_1_118' title="bbox 2177 5469 3875 5549">
     <span class='ocr_line' id='line_1_118' title="bbox 2177 5469 3875 5549; baseline -0.006 -17"><span class='ocrx_word' id='word_1_885' title='bbox 2177 5476 2377 5549; x_wconf 85' lang='lat' dir='ltr'><strong>perbia</strong></span> <span class='ocrx_word' id='word_1_886' title='bbox 2432 5476 2655 5548; x_wconf 88' lang='lat' dir='ltr'><strong>placere</strong></span> <span class='ocrx_word' id='word_1_887' title='bbox 2701 5474 2856 5542; x_wconf 88' lang='lat' dir='ltr'><strong>velit,</strong></span> <span class='ocrx_word' id='word_1_888' title='bbox 2896 5473 3008 5529; x_wconf 90' lang='lat' dir='ltr'><strong>nisi</strong></span> <span class='ocrx_word' id='word_1_889' title='bbox 3068 5472 3450 5527; x_wconf 89' lang='lat' dir='ltr'><strong>fraudulentis</strong></span> <span class='ocrx_word' id='word_1_890' title='bbox 3499 5469 3875 5525; x_wconf 85' lang='lat' dir='ltr'><strong>simulationi-</strong></span> 
     </span>
    </p>
   </div>
   <div class='ocr_carea' id='block_1_119' title="bbox 2182 5558 3869 5635">
    <p class='ocr_par' dir='ltr' id='par_1_119' title="bbox 2182 5558 3869 5635">
     <span class='ocr_line' id='line_1_119' title="bbox 2182 5558 3869 5635; baseline -0.005 -16"><span class='ocrx_word' id='word_1_891' title='bbox 2182 5570 2299 5619; x_wconf 78' lang='lat' dir='ltr'><strong>lms.</strong></span> <span class='ocrx_word' id='word_1_892' title='bbox 2342 5566 2479 5619; x_wconf 84' lang='lat' dir='ltr'><strong>Hinc</strong></span> <span class='ocrx_word' id='word_1_893' title='bbox 2509 5564 2659 5618; x_wconf 90' lang='lat' dir='ltr'><strong>enim</strong></span> <span class='ocrx_word' id='word_1_894' title='bbox 2692 5562 3005 5635; x_wconf 86' lang='lat' dir='ltr'><strong>hypocrisis</strong></span> <span class='ocrx_word' id='word_1_895' title='bbox 3064 5561 3331 5626; x_wconf 87' lang='lat' dir='ltr'><strong>nascitur,</strong></span> <span class='ocrx_word' id='word_1_896' title='bbox 3378 5559 3439 5615; x_wconf 89' lang='lat' dir='ltr'><strong>in</strong></span> <span class='ocrx_word' id='word_1_897' title='bbox 3482 5575 3594 5631; x_wconf 87' lang='lat' dir='ltr'><strong>qua</strong></span> <span class='ocrx_word' id='word_1_898' title='bbox 3624 5558 3869 5612; x_wconf 89' lang='lat' dir='ltr'><strong>multum</strong></span> 
     </span>
    </p>
   </div>
  </div>
