4086 6190
178 312 242 363 93
1343 302 1591 358 cressa
1632 278 2029 357 nummum.
2076 328 2136 334 —-
2182 297 2312 353 LIB.
2352 294 2514 349 GEN.
3615 285 3684 339 9t

175 431 442 484 videntur
469 427 706 491 cordati,
772 426 873 498 qui
906 425 1163 497 decipere
1195 428 1505 496 potuerunt
1549 439 1721 495 quem
1784 438 1878 475 το·
1920 427 1958 479 A
1991 419 2085 486 rit,
2113 418 2362 472 insinuat
2384 416 2517 489 quia
2548 420 2870 485 peccatores
2893 412 3024 483 jure
3082 410 3385 464 damnatos
3436 406 3688 478 ignorat.

176 520 421 575 luerunt.

239 628 265 657 α
301 606 459 660 Vidit
489 605 686 676 igitur,
723 626 748 652 ‹‹
788 610 893 657 etc.
932 603 1149 673 (GM-36.,
1204 601 1301 656 lib.
1360 617 1447 655 xxi
1475 601 1690 666 Moral.,
1753 615 1876 669 cap.

174 696 357 749 2.1518
412 695 473 749 in
528 692 748 749 lubrica
810 691 1154 763 cogitatione
1196 706 1509 755 versemur,
1545 705 1659 742 non
1707 687 1878 742 debe-

176 800 297 838 mur
324 782 546 838 intueri
578 782 731 852 quod
764 798 878 837 non
908 782 1039 835 licet
1077 778 1424 849 concupisci,
1458 783 1587 843 ctc.,
1627 775 1881 845 usquead

172 873 524 927 exteriorum
557 886 787 942 quoque
822 884 1091 924 sensuum
1122 867 1423 938 disciplina
1452 866 1727 919 servanda
1772 872 1875 918 est.

237 982 263 1006 ιι
302 960 592 1031 Deditque
647 959 770 1012 viro
804 974 925 1024 suo,
959 957 1057 1028 qui
1110 956 1375 1011 comedit.
1414 956 1478 1009 Et
1534 953 1717 1025 aperti
1747 959 1881 1007 sunt

171 1048 318 1103 oculi
349 1048 736 1111 amborum,»
786 1053 883 1101 etc.
955 1047 1098 1114 (Isin.
1161 1061 1227 1099 ex
1255 1049 1398 1115 Aug.
1457 1044 1552 1097 ubi
1606 1058 1795 1111 supra,
1827 1058 1875 1097 c.

176 1140 254 1201 l6,
291 1139 401 1205 l7.)
429 1138 508 1192 De
542 1137 749 1208 quibus
779 1136 991 1190 dictum
1025 1140 1145 1189 est:
1184 1153 1210 1185 ‹‹
1237 1135 1392 1189 Tunc
1419 1134 1683 1186 viderunt
1723 1130 1877 1201 quod

168 1225 307 1279 nudi
335 1230 551 1293 essent,
586 1244 612 1275 ι)
660 1223 842 1278 oculis
896 1223 1110 1277 scilicet
1164 1220 1467 1293 perversis,
1530 1219 1742 1291 quibus
1768 1235 1877 1272 nu-

167 1314 334 1381 ditas,
393 1314 612 1367 scilicet
678 1311 1034 1383 simplicitas,
1090 1310 1477 1365 erubescenda
1551 1307 1873 1362 videbatur.

167 1410 295 1470 ctc.,
318 1418 497 1472 usque
518 1403 590 1455 ad
621 1424 647 1449 ‹‹
678 1402 762 1455 Ad
796 1400 1075 1472 meipsum
1107 1400 1332 1454 turbata
1359 1403 1442 1452 est
1463 1397 1659 1451 anima
1685 1412 1872 1450 mea.»

163 1492 366 1562 (Pscal.
402 1498 539 1558 xu.)

239 1601 267 1631 ιι
300 1579 416 1644 Qui
473 1577 797 1643 comedit,»
852 1582 957 1631 etc.
1009 1577 1197 1644 (Are,
1247 1576 1311 1630 de
1351 1576 1504 1639 Gen.,
1537 1573 1633 1628 lib.
1693 1589 1764 1637 ιιι,
1827 1588 1875 1625 c.

170 1673 219 1735 3,
251 1673 402 1722 tom.
460 1668 557 1732 Ill,
621 1666 729 1720 col.
790 1666 939 1733 429.)
982 1665 1065 1719 Ab
1104 1664 1625 1735 concupiscendum
1666 1661 1879 1715 scilicet

172 1757 442 1824 invicem,
501 1761 632 1822 ctc.,
692 1770 865 1825 usque
892 1754 966 1808 ad
1024 1770 1153 1824 qua:
1206 1753 1570 1807 convinceret
1621 1755 1878 1822 peccato-

171 1861 289 1899 rem
317 1846 497 1907 facto,
534 1850 590 1898 et
619 1844 851 1898 doceret
874 1842 1084 1913 scripto
1107 1844 1400 1896 lectorem.

241 1957 267 1981 ιι
292 1933 671 1987 Consuerunt
704 1932 840 1986 folia
864 1932 1019 1985 ficus.
1052 1952 1079 1978 «
1144 1931 1418 1999 (Ancus,
1451 1931 1508 1982 in
1565 1929 1694 1984 Gen.
1730 1930 1775 1981 t.
1808 1925 1879 1995 Ι.)

176 2022 313 2086 Quia
344 2020 601 2093 gloriam
650 2020 927 2092 simplicis
979 2018 1249 2073 castitatis
1295 2018 1631 2084 amiserunt,
1690 2017 1761 2070 ad
1786 2016 1881 2070 du-

180 2111 381 2181 plicem
414 2108 669 2164 libidinis
699 2109 987 2180 pruritum
1018 2108 1398 2178 confugerunt
1429 2124 1445 2173 ;
1476 2106 1627 2159 unde
1655 2106 1815 2160 Joau.
1842 2120 1877 2156 ιε

183 2222 207 2246 α
237 2201 377 2253 Cum
434 2214 590 2251 esses
611 2198 716 2250 sub
748 2197 887 2250 licus
910 2196 1022 2250 vidi
1054 2201 1129 2261 te,
1190 2194 1541 2259 etdescendi,
1572 2217 1590 2241 ι
1641 2193 1884 2248 subaudi

182 2310 202 2335 ει
240 2287 497 2341 liberare
536 2291 612 2339 te.
645 2306 671 2333 ››

263 2376 434 2428 Vens.
470 2376 525 2428 8.
556 2404 624 2412 —-
657 2396 684 2422 ‹‹
722 2373 942 2426 Etcum
974 2372 1284 2435 audissent,
1318 2392 1344 2417 ››
1402 2376 1501 2424 etc.
1549 2372 1742 2441 (Ave,
1777 2371 1811 2424 l.
1849 2388 1883 2424 ιι

178 2463 239 2515 de
269 2464 404 2518 Gen.
452 2462 530 2515 ad
581 2462 712 2528 ιίιε.,
747 2476 794 2515 c.
830 2462 945 2531 33.)
980 2462 1051 2514 Ea
1103 2460 1259 2514 enim
1303 2459 1443 2514 liora
1484 2462 1624 2513 tales
1681 2475 1885 2513 convc-

181 2549 379 2602 niebat
409 2547 648 2613 visitari,
677 2548 813 2619 quia
842 2547 1169 2601 defecerant
1206 2563 1237 2600 a
1266 2547 1390 2601 luce
1437 2546 1712 2612 veritatis,
1763 2551 1887 2607 etc.,

182 2653 349 2707 usque
376 2637 453 2690 ad
504 2635 893 2707 corporalibus
951 2634 1213 2689 sensibus
1270 2634 1432 2689 locali
1474 2640 1530 2689 et
1586 2634 1890 2706 temporali

184 2730 341 2779 motu
364 2730 705 2795 apparuisse
724 2724 1007 2779 credatur.

251 2836 277 2861 (ι
311 2814 633 2867 Abscondit
662 2830 744 2879 se,
778 2834 805 2863 ››
829 2818 934 2866 etc.
970 2814 1157 2879 (Acc.,
1190 2812 1348 2882 ibid.)
1368 2813 1507 2867 Cum
1541 2813 1687 2867 Deus
1735 2828 1892 2867 aver-

185 2901 247 2955 tit
272 2902 629 2956 intrinsecus
659 2901 863 2955 faciem
895 2906 952 2954 et
972 2901 1142 2955 homo
1187 2900 1475 2968 turbatur,
1508 2901 1656 2955 fiunt
1686 2900 1895 2955 similia

2060 509 2225 562 Vens.
2266 510 2349 561 t2.
2374 536 2441 544 -——
2473 526 2500 553 «ι
2535 502 2797 573 Dixitque
2828 500 3042 555 Adam:
3081 498 3281 554 Mulier
3307 511 3482 568 quam
3530 494 3690 549 dedi-

1991 618 2017 644 ‹‹
2050 597 2141 661 sti,
2180 618 2199 642 ι
2238 601 2341 648 etc.
2379 593 2565 663 (Aea)
2598 593 2717 645 Non
2749 589 2903 655 dicit,
2936 587 3197 659 peccavi:
3225 584 3491 657 superbia
3531 582 3686 637 enim

1988 684 2157 738 habet
2212 680 2559 736 confusionis
2631 676 3073 742 deformitatem,
3131 690 3242 728 non
3320 670 3691 726 confessionis

1987 762 2388 816 humilitatem.
2429 759 2513 813 Ad
2542 758 2651 812 hoc
2681 761 2868 810 autem
2902 756 3178 826 scriptum
3206 758 3310 817 est,
3343 758 3401 806 et
3443 751 3691 804 interro-

1986 849 2245 921 gationes
2273 848 2343 901 ad
2400 848 2504 901 hoc
2550 845 2733 910 factm,
2765 850 2830 898 ut
2856 843 3127 897 veraciter
3153 846 3209 895 et
3236 839 3453 894 utiliter
3481 836 3690 891 scribe-

1987 944 2203 1003 rentur,
2238 944 2298 991 ut
2323 936 2566 990 sciamus
2595 938 2809 1005 quanto
2850 933 3049 986 morbo
3099 930 3383 1000 superbire
3424 928 3682 981 laborent

1986 1027 2155 1083 bodie
2207 1030 2469 1080 conantes
2522 1025 2736 1077 malum
2801 1022 2856 1075 iu
2889 1023 3214 1076 Creatorem
3275 1017 3506 1082 referre,
3553 1019 3610 1067 et
3638 1014 3686 1068 si

1986 1116 2122 1188 quid
2144 1114 2276 1168 boni
2318 1112 2548 1179 faciunt,
2583 1111 2689 1165 sibi
2720 1109 2992 1163 tribuere.

2059 1223 2082 1256 α
2115 1203 2312 1258 Mulier
2350 1216 2525 1271 quam
2556 1198 2780 1263 dedisti,
2822 1217 2843 1244 ι
2874 1202 2980 1249 etc.
3017 1193 3186 1259 Quasi
3218 1193 3286 1246 ad
3311 1192 3417 1245 hoc
3447 1191 3578 1244 data
3596 1188 3690 1257 sit,

1990 1296 2050 1346 ut
2081 1308 2196 1346 non
2222 1290 2342 1361 ipsa
2370 1287 2630 1342 obediret
2652 1285 2792 1347 viro,
2826 1288 2883 1337 et
2912 1284 3081 1336 ambo
3116 1282 3249 1335 Deo.

2059 1398 2085 1430 α
2122 1380 2319 1433 Mulier
2346 1391 2517 1448 quam
2535 1372 2758 1436 dedisti,
2788 1393 2814 1419 ››
2849 1374 2954 1424 etc.
3017 1370 3232 1438 (GBBG.,
3290 1366 3388 1427 lib,
3424 1381 3472 1418 iv
3517 1364 3687 1429 Man,

1987 1471 2155 1535 c.27,
2217 1472 2355 1520 tom.
2422 1466 2458 1528 Ι,
2487 1464 2573 1517 col
2631 1464 2781 1529 661.)
2830 1459 3087 1523 Quatuor
3145 1455 3331 1509 modis
3387 1456 3685 1524 peccatum

1987 1558 2348 1627 perpetretur
2379 1552 2436 1604 in
2464 1549 2650 1613 corde,
2706 1552 2840 1611 ctc.,
2900 1560 3069 1615 usque
3124 1542 3198 1596 ad
3244 1541 3317 1595 ad
3372 1545 3691 1594 extremum

1991 1646 2145 1698 falsae
2176 1641 2298 1713 spei
2327 1639 2675 1702 seductioue,
2704 1637 2787 1690 vel
2810 1632 3192 1690 obstinatione
3229 1630 3452 1684 miserae
3498 1627 3693 1696 despe-

1995 1729 2230 1783 rationis
2261 1727 2526 1781 nutritur.

2066 1819 2223 1871 Vens.
2260 1820 2340 1871 l3.
2379 1844 2439 1854 —
2477 1833 2501 1865 α
2549 1816 2610 1868 Ει.
2662 1812 2803 1867 dixit
2838 1809 3113 1865 Dominus
3170 1808 3320 1862 Deus
3342 1804 3413 1859 ad
3484 1800 3691 1857 mulie-

1992 1926 2018 1955 ‹‹
2054 1921 2194 1971 rem,
2227 1926 2254 1954 »
2287 1913 2392 1959 etc.
2429 1904 2616 1973 (Auc.)
2646 1902 2753 1955 Nec
2782 1900 2891 1953 ista
2920 1899 3224 1952 contitetur
3244 1897 3562 1966 peccatum,
3592 1889 3690 1944 sed

1990 1994 2163 2048 refert
2191 1993 2248 2047 in
2268 1993 2536 2059 alterum,
2565 1990 2622 2043 in
2655 1988 2864 2058 impari
2887 2003 3043 2052 sexu,
3104 1984 3230 2056 pari
3284 1983 3453 2037 fastu.
3508 1981 3581 2033 Ex
3609 1977 3699 2032 bis

1992 2088 2185 2137 tamen
2210 2086 2374 2135 natus
2395 2079 2563 2134 David
2590 2078 2725 2132 dicit
2756 2093 2935 2147 usque
2960 2075 3019 2128 in
3050 2076 3226 2127 tinem
3253 2070 3447 2126 saeculi
3474 2085 3487 2123 :
3525 2088 3552 2119 σι
3581 2069 3697 2137 Ego

1994 2170 2153 2224 dixi:
2188 2167 2448 2235 Domine,
2482 2166 2753 2220 miserere
2795 2162 2930 2231 mei,
2989 2178 3127 2216 sana
3179 2160 3434 2213 animam
3490 2170 3699 2223 meam,

1995 2259 2130 2330 quia
2158 2255 2380 2327 peccavi
2412 2255 2515 2309 tibi
2547 2253 2837 2325 (Psal.xL).
2870 2274 2898 2301 ››
2956 2253 3071 2306 Hoc
3100 2250 3169 2304 ab
3224 2247 3349 2302 istis
3394 2245 3699 2301 dicendum

1995 2349 2138 2401 fuit:
2198 2344 2295 2399 sed
2354 2344 2613 2398 nondum
2670 2346 3033 2413 peccatorum
3092 2337 3337 2392 cervices
3378 2334 3703 2389 considerat

2001 2437 2146 2489 Deus
2182 2450 2194 2487 :
2228 2434 2525 2487 restabant
2554 2432 2778 2486 labores
2806 2435 2862 2485 et
2885 2429 3110 2484 dolores
3138 2424 3361 2489 mortis,
3393 2428 3449 2477 et
3486 2421 3699 2477 contri-

2001 2524 2079 2577 tio
2111 2522 2324 2589 saeculi,
2349 2526 2406 2575 et
2450 2521 2635 2593 gratia
2679 2519 2795 2584 Dei,
2841 2535 2971 2590 quae
2998 2517 3058 2571 in
3104 2521 3361 2586 tempore
3419 2511 3700 2575 subvenit,

2001 2612 2209 2666 docens
2238 2613 2478 2665 afflictos
2514 2626 2626 2663 non
2651 2610 2719 2663 de
2746 2624 2804 2662 se
2859 2620 3228 2678 praesumere.

2077 2720 2102 2751 α
2126 2701 2369 2770 Serpens
2394 2698 2639 2768 decepit,
2674 2720 2695 2746 ι
2741 2704 2845 2750 etc.
2876 2695 3045 2759 Quasi
3076 2691 3379 2762 cujuslibet
3409 2686 3701 2759 persuasio

2004 2790 2312 2860 praevaleat
2337 2787 2437 2842 Dei
2461 2790 2766 2857 praecepto.

2081 2906 2108 2937 ε(
2136 2886 2381 2956 Serpens
2409 2884 2633 2954 decepit
2686 2898 2796 2949 me,
2836 2902 2855 2928 ο
2891 2887 2995 2934 etc.
3053 2878 3242 2946 (Aoe.,
3302 2875 3456 2935 ibid.,
3514 2873 3612 2928 lib.
3644 2891 3703 2939 ιι,

182 2991 475 3056 amentiae,
512 2990 693 3044 nimio
750 2988 957 3043 timore
989 3005 1052 3042 ac
1109 2988 1348 3059 pudore,
1400 2990 1622 3043 occulto
1671 3006 1890 3061 quoqus

2088 2975 2196 3044 30.)
2226 2972 2522 3038 Quomodo
2565 2972 2653 3025 his
2709 2968 2912 3034 verbis,
2973 2975 3104 3035 ctc.,
3157 2964 3431 3035 usquead
3486 2978 3615 3017 cum
3637 2978 3706 3016 eo

185 3079 458 3133 instinctu
494 3094 612 3132 non
642 3077 1003 3148 quiescente:
1038 3081 1100 3130 ut
1130 3075 1443 3130 nescientes
1495 3078 1747 3131 facerent
1767 3094 1896 3148 quae

184 3168 404 3239 aliquid
438 3167 685 3238 posteris
715 3166 1127 3237 significarent,
1156 3171 1389 3237 propter
1412 3182 1555 3236 quos
1602 3166 1724 3220 1]th
1755 3166 1894 3219 scri-

185 3264 278 3327 pta
308 3260 470 3310 sunt.

254 3368 279 3391 ιτ
311 3346 397 3400 Ad
460 3361 659 3400 auram
718 3348 845 3414 post
899 3342 1271 3398 meridiem.»
1340 3342 1497 3398 Unde
1555 3342 1697 3397 hora
1746 3359 1899 3397 nona

189 3433 449 3488 Christus
504 3433 767 3503 spiritum
820 3431 1009 3486 emisit
1066 3431 1291 3499 (Matth.
1356 3432 1545 3499 χχιιι).
1580 3430 1689 3495 Qui
1745 3436 1901 3485 sexta

191 3524 331 3576 liora
386 3522 500 3576 fuit
546 3522 865 3585 crucifixus,
920 3526 985 3574 ut
1043 3519 1245 3573 eadem
1303 3519 1446 3574 hora
1502 3520 1900 3574 restitueretur

189 3612 366 3664 homo
398 3627 515 3681 qua
541 3610 610 3663 de
640 3609 905 3680 paradiso
925 3612 1010 3664 est
1039 3609 1272 3679 ejectus.

262 3723 288 3746 ιε
315 3701 381 3753 In
411 3698 601 3752 medio
632 3698 774 3769 ligni
802 3697 1068 3768 paradisi.
1105 3717 1133 3748 η
1169 3696 1479 3751 Abscondit
1507 3713 1585 3764 se,
1617 3696 1717 3768 qui
1749 3712 1900 3751 aver-

190 3804 340 3841 susa
370 3791 657 3858 praecepto
707 3785 1007 3853 Creatoris,
1066 3785 1276 3839 erroris
1332 3786 1422 3839 sui
1452 3790 1508 3839 et
1562 3785 1785 3840 arbitrii
1808 3802 1900 3840 vo-

192 3877 414 3929 luntate
448 3875 599 3928 vivit.

260 3966 434 4018 Vens.
472 3966 654 4017 9.-—«
702 3962 1042 4033 Vocavitque
1109 3961 1381 4016 Dominus
1440 3963 1588 4016 Deus
1635 3961 1896 4016 Adam.»

193 4056 383 4120 (Ana,
421 4053 512 4106 ubi
534 4068 725 4122 supra,
758 4052 935 4121 c.3i.)
968 4051 1338 4121 increpando,
1374 4050 1588 4105 scilicet
1608 4051 1899 4122 nonigno-

194 4142 397 4209 rando,
431 4146 560 4205 ctc.,
588 4156 757 4209 usque
790 4141 864 4194 ad
898 4156 1048 4194 nunc
1077 4146 1269 4194 autem
1306 4156 1419 4193 non
1457 4138 1775 4210 significata
1806 4156 1899 4195 re-

194 4233 457 4296 ferimus,
490 4231 588 4285 sed
616 4235 774 4302 gesta
804 4228 1180 4284 defendimus.

2006 3064 2132 3117 cibo
2163 3078 2279 3116 non
2317 3061 2533 3115 videret
2560 3076 2686 3113 eam
2719 3065 3004 3113 mortuam
3035 3072 3176 3108 esse.

2080 3154 2264 3219 (Auc.,
2299 3149 2458 3215 ibid,
2492 3164 2540 3202 c.
2571 3147 2683 3216 28.)
2733 3146 3057 3200 Notandum
3090 3142 3243 3214 quod
3300 3157 3413 3195 non
3454 3138 3709 3194 diabolus

2007 3245 2090 3294 est
2122 3239 2431 3311 permissus
2458 3236 2732 3291 feminam
2761 3240 3002 3299 tentare,
3038 3237 3168 3298 etc.,
3191 3246 3359 3300 usque
3396 3229 3471 3283 ad
3515 3228 3616 3283 sed
3644 3243 3707 3282 ex

2007 3329 2111 3382 hac
2132 3326 2350 3382 homini
2382 3324 2648 3380 invidisse
2678 3325 2816 3377 ratio
2853 3322 3131 3375 ostendit.

2080 3418 2250 3487 (ALc.)
2284 3417 2583 3470 Peccatum
2645 3413 2832 3482 angeli
2886 3413 3145 3478 tacitum,
3190 3407 3440 3462 hominis
3487 3405 3710 3477 patefa-

2008 3513 2189 3560 ctum:
2224 3504 2358 3576 quia
2386 3503 2525 3557 illud
2545 3501 2880 3566 incurabile,
2912 3501 3019 3555 hoc
3047 3502 3328 3553 curatum.

2083 3616 2109 3643 ‹‹
2136 3594 2281 3647 Vidit
2310 3593 2507 3663 igitur,
2539 3612 2566 3642 »
2609 3597 2713 3645 etc.
2770 3590 3011 3660 (Suus)
3048 3591 3255 3659 Aperte
3311 3582 3713 3639 inexcusabilis

2009 3683 2346 3747 ostenditur,
2373 3680 2466 3734 cui
2497 3681 2657 3734 licuit
2678 3681 2781 3733 sub
2810 3679 2907 3732 tali
2938 3674 3353 3731 deliberatione
3384 3673 3547 3727 dolos
3596 3671 3710 3726 ini-

2009 3770 2143 3823 mici
2169 3769 2485 3823 advertere.

2083 3859 2249 3911 Vsus.
2286 3858 2368 3911 14.
2391 3876 2519 3903 -ηα
2563 3857 2627 3909 Et
2650 3854 2730 3908 ait
2771 3853 3046 3908 Dominus
3107 3853 3274 3932 Deus,
3303 3872 3330 3898 ιο
3364 3852 3471 3903 etc.
3526 3848 3713 3918 (AUG.,

2011 3947 2104 4001 ubi
2130 3961 2320 4016 supra,
2359 3961 2406 3998 c.
2467 3947 2581 4014 36.)
2642 3944 2779 3996 Tota
2840 3943 2961 3995 haec
3014 3941 3295 3995 sententia
3347 3938 3588 4008 figurata
3606 3940 3713 3990 est.

2015 4036 2118 4090 Ubi
2172 4034 2522 4089 credendum
2578 4038 2772 4085 tamen
2824 4030 3020 4083 omnia
3085 4029 3233 4083 dicta
3263 4041 3406 4081 esse.
3470 4026 3715 4095 Serpens

2011 4141 2124 4178 non
2158 4124 2545 4193 interrogatur
2575 4136 2751 4192 quare
2774 4119 2987 4184 fecerit,
3022 4117 3157 4189 quia
3177 4132 3291 4170 non
3320 4116 3443 4186 ipse
3483 4112 3716 4184 propria

2015 4214 2305 4267 voluntate
2336 4218 2393 4266 et
2422 4214 2625 4265 natura
2651 4208 2803 4274 fecit,
2835 4207 2930 4262 sed
2954 4207 3024 4261 de
3054 4207 3153 4259 illo
3184 4204 3468 4268 diabolus,
3500 4207 3559 4256 et
3612 4217 3718 4271 per

266 4287 773 4374 νειιελΟ-Ηῖ-α
810 4319 917 4383 Qui
945 4319 1055 4372 ait:
1093 4319 1296 4371 Vocem
1321 4323 1477 4371 tuam
1511 4316 1721 4386 audivi,
1750 4339 1776 4367 »
1792 4322 1898 4373 etc.
1933 4287 1974 4341 θ
2016 4303 2277 4371 illum,“
2305 4300 2363 4354 ίη
2392 4300 2525 4354 illo:
2554 4298 2785 4369 quiiam
2840 4312 2943 4368 Ι)Γο
2997 4294 3287 4366 ίωΡίθίειίθ
3342 4296 3399 4344 et
3451 4290 3719 4363 superbia

198 4412 393 4477 {AUG.,
429 4410 524 4464 ubi
554 4425 747 4478 supra,
768 4425 815 4461 c.
854 4407 961 4476 3i.)
1016 4409 1300 4462 Historice.
1353 4407 1650 4461 Probabile
1694 4411 1776 4461 est
1806 4422 1908 4478 per

201 4515 515 4569 congruam
566 4503 885 4553 creaturam
935 4496 1114 4551 solere
1162 4496 1473 4550 humanam
1532 4495 1778 4549 formam
1811 4495 1909 4549 ho-

202 4588 458 4641 minibus
483 4585 686 4656 primis
715 4601 1012 4657 apparere,
1037 4589 1167 4653 ctc.,
1228 4599 1397 4654 usque
1434 4584 1508 4639 ad
1537 4589 1592 4639 et
1648 4589 1905 4638 secutum

202 4675 461 4747 estquod
488 4674 745 4745 puderet.

271 4788 299 4812 ι(
332 4766 543 4817 Vocem
561 4768 736 4828 tuam,
762 4786 789 4811 »
822 4767 928 4816 etc.
971 4763 1153 4831 (1510.,
1184 4764 1239 4816 in
1279 4762 1392 4820 ἔθη.
1456 4766 1595 4815 tom.
1658 4762 1747 4831 V.)
1786 4764 1901 4827 My-

202 4857 345 4909 sti'ee.
382 4851 733 4922 Respondet,
764 4867 899 4905 voce
929 4851 1051 4921 ejus
1082 4851 1277 4905 audita
1304 4866 1363 4903 se
1409 4850 1736 4916 occultasse,
1772 4855 1858 4904 etc
1887 4887 1903 4916 ,

202 4958 368 5012 usque
395 4941 473 4995 ad
504 4945 562 4995 et
589 4943 873 5011 praecepto
902 4939 1004 4994 Dei
1032 4956 1145 4993 non
1165 4939 1415 4993 obedire.

268 5053 294 5079 α
326 5028 675 5100 Vocavitque
708 5029 854 5083 Deus
883 5028 1085 5094 Adam,
1109 5050 1129 5075 ι
1162 5032 1266 5081 etc.
1302 5028 1542 5097 (Gneo)
1579 5024 1722 5091 Quia
1768 5026 1908 5080 vidit

202 5120 257 5172 in
296 5119 468 5189 culpa
525 5117 748 5188 lapsum
794 5117 913 5186 jam
947 5116 1051 5169 sub
1101 5120 1347 5185 peccato,
1389 5116 1544 5169 velut
1571 5132 1605 5168 a
1659 5113 1908 5168 veritatis

202 5207 378 5261 oculis
428 5204 855 5268 absconditum,
918 5204 1053 5275 quia
1101 5204 1366 5257 tenebras
1387 5203 1597 5257 erroris
1627 5202 1748 5274 ejus
1791 5219 1907 5256 non

202 5296 501 5367 approbat,
535 5292 699 5364 quasi
739 5293 836 5346 ubi
865 5292 933 5346 sit
967 5297 1227 5363 peccator
1258 5292 1501 5362 ignorat,
1536 5308 1784 5362 eumque
1823 5307 1911 5344 vo-

204 5390 285 5439 cat
300 5401 363 5438 ac
397 5380 853 5453 requiritdicens
880 5396 893 5433 :
920 5402 948 5428 «
982 5379 1183 5443 Adam,
1218 5381 1316 5434 ubi
1348 5382 1451 5436 es?
1477 5402 1504 5430 η
1540 5382 1685 5435 Dum
1731 5384 1903 5445 vocat,

204 5473 487 5545 signiﬁcat
515 5470 654 5543 quia
683 5469 753 5525 ad
782 5468 1181 5539 paenitentiam
1232 5474 1491 5539 revocat;
1532 5470 1669 5525 dum
1717 5468 1906 5540 requi-

2014 4397 2227 4445 aeterno
2248 4389 2369 4460 igni
2391 4387 2707 4443 destinatus
2729 4387 2937 4440 fuerat.
2978 4385 3062 4439 Ad
3097 4385 3287 4454 ipsum
3351 4396 3487 4453 ergo
3543 4380 3714 4435 refer~

2014 4487 2108 4535 tur
2135 4480 2287 4551 quod
2315 4477 2568 4549 serpenti
2617 4476 2847 4543 dicitur,
2903 4480 2960 4528 et
2988 4474 3173 4544 qualis
3224 4472 3476 4525 humano
3520 4467 3716 4539 generi

2013 4570 2243 4624 futurus
2274 4567 2345 4621 sit
2373 4566 2710 4621 ostenditur.

2084 4660 2325 4725 Mystice.
2356 4677 2376 4703 ο
2416 4657 2478 4709 Et
2520 4655 2599 4709 ait
2655 4652 2925 4708 Dominus
2986 4653 3132 4704 Deus
3176 4649 3248 4702 ad
3310 4650 3654 4717 serpentem,
3687 4665 3715 4697 »

2010 4752 2113 4800 etc.
2142 4748 2278 4815 (Anc
2308 4786 2321 4808 ,
2346 4745 2413 4799 de
2440 4746 2572 4798 Gen.
2630 4747 2767 4797 cont.
2799 4740 3065 4805 Manich.,
3089 4737 3185 4790 lib.
3244 4753 3303 4801 ιι,
3337 4751 3385 4787 c.
3450 4734 3559 4803 17.)
3586 4734 3715 4789 Ser-

2012 4850 2154 4904 pens
2192 4849 2309 4886 non
2366 4832 2751 4901 interrogatur
2806 4827 2965 4899 prior
3015 4824 3228 4894 excipit
3276 4839 3529 4894 pinnam,
3586 4828 3717 4887 ctc.,

2010 4936 2181 4992 usque
2208 4921 2283 4975 ad
2334 4924 2396 4974 ut
2440 4920 2630 4991 ipsum
2682 4916 2913 4972 initium
2971 4911 3351 4985 suggestionis
3404 4912 3569 4966 malai
3624 4928 3721 4965 ex-

2013 5011 2222 5065 cludat.

2089 5128 2116 5155 «
2148 5107 2331 5176 Super
2349 5109 2543 5175 pectus
2565 5108 2749 5167 tuum,
2780 5121 2807 5149 ι)
2841 5104 2941 5154 etc.
3000 5099 3286 5169 (HIERON.)
3322 5116 3350 5149 (ι
3380 5098 3655 5151 Ventrem
3689 5114 3717 5146 ιο

2019 5198 2140 5252 LXX
2172 5197 2537 5257 addiderunt,
2594 5192 2689 5245 sed
2710 5192 2769 5245 in
2805 5190 3042 5244 Hebraeo
3098 5188 3346 5243 habetur
3380 5206 3406 5237 α
3441 5191 3662 5256 pectus.
3694 5208 3714 5233 υ

2014 5291 2261 5351 tantum,
2316 5291 2379 5339 ut
2426 5281 2793 5337 calliditatem
2841 5286 2899 5333 et
2948 5278 3257 5332 versutiam
3310 5274 3721 5346 cogitationum

2018 5378 2142 5448 ejus
2172 5374 2439 5446 aperiret,
2470 5372 2526 5425 id
2547 5376 2633 5425 est
2659 5370 2813 5441 quod
2837 5368 3037 5424 omnia
3084 5383 3309 5439 gressus
3364 5365 3487 5433 ejus
3518 5362 3720 5434 nequi-

2017 5466 2111 5520 tite
2144 5468 2229 5518 est
2256 5459 2491 5517 fraudis.

269 5608 292 5633 ³
322 5600 383 5653 In
410 5597 654 5653 Hebraao
667 5598 754 5647 est
783 5593 988 5661 gahon,
1019 5593 1173 5665 quod
1194 5598 1429 5648 ventrem
1457 5598 1512 5649 et
1536 5598 1720 5663 pectus
1741 5590 2041 5663 significat.
