4086 6190
333 255 399 306 93
951 250 1341 307 WALAFRIDI
1382 251 1625 311 STRABI
1672 252 1864 309 FULD.
1911 250 2033 307 MO!

2189 251 2264 305 Ψ.
2310 249 2486 306 PARS
2526 251 2568 307 Ι.
2615 280 2684 288 —
2722 250 3178 308 THEOLOGIGA.
3764 258 3832 308 96

403 396 420 417 τι
453 373 686 426 Pectore
712 375 768 425 et
802 372 996 425 ventre
1042 385 1223 440 repes.
1262 388 1289 421 ιι
1341 370 1563 441 (61130.,
1591 368 1689 424 lib.
1747 386 1838 423 xxi
1862 372 2026 437 Man,
2059 372 2103 426 Α
2141 376 2331 425 catum
2361 371 2595 426 fuerunt
2640 370 2708 426 ad
2759 371 3008 427 laborem
3044 376 3100 428 et
3120 371 3509 437 afﬂictionem,
3539 372 3685 427 sicut
3714 388 3832 427 ser-

324 478 370 517 c.
402 462 481 531 2.)
513 462 719 516 Malum
739 459 983 515 luxuries
1014 463 1111 514 aut
1140 458 1484 529 cogitatione
1541 463 1902 529 perpetratur
1930 463 2030 513 aut

325 567 516 621 opere.
551 549 734 605 Hostis
763 548 917 603 enim
948 562 1078 602 cum
1118 547 1189 601 ab
1247 547 1450 601 eti‘ectu
1479 547 1667 617 operis
1706 547 2024 618 expellitur,

324 643 537 694 secreta
590 637 954 710 cogitationis
995 636 1251 708 polluere
1307 635 1561 689 molitur.
1590 636 1792 690 Ventre
1853 635 2025 707 repit,

325 728 465 783 dum
489 728 746 783 lubricus
767 743 870 798 per
906 724 1165 780 membra
1207 725 1461 778 humana
1498 724 1608 779 sibi
1657 725 1904 787 subdita,
1940 726 2026 778 lu-

328 816 551 871 xui-iam
580 820 803 870 exercet
830 815 890 869 in
918 829 1112 885 opere.
1144 811 1330 883 Serpit
1361 817 1612 883 pectore,
1632 813 1768 868 dum
1824 813 2031 883 polluit

328 904 388 959 in
431 904 793 976 cogitatione.
822 903 929 958 Sed
953 901 1089 972 quia
1130 916 1233 971 per
1285 901 1692 971 cogitationem
1752 902 1820 956 ad
1853 917 2029 973 opera

326 995 573 1063 venitur,
605 993 762 1065 prius
814 996 1041 1064 pectore
1071 994 1128 1045 et
1152 993 1280 1062 post
1322 995 1519 1045 ventre
1552 990 1893 1045 describitur
1931 1006 2026 1045 re-

328 1100 480 1154 pere.

400 1173 562 1226 Vens.
602 1175 683 1225 l5.
744 1199 814 1211 —-
858 1167 1233 1223 «Inimicitias
1282 1182 1495 1238 ponam
1528 1165 1681 1221 inter
1730 1170 1786 1221 te
1816 1170 1871 1221 et
1892 1182 2025 1221 mu-

330 1285 349 1308 ιι
389 1260 659 1315 lierem...
697 1260 826 1330 Ipsa
856 1262 1113 1313 conteret
1133 1261 1304 1327 caput
1334 1260 1520 1317 tuum,
1554 1275 1582 1307 ιι
1616 1260 1721 1310 etc.
1746 1256 1933 1326 (Gneo.
1963 1256 2025 1310 Li

324 1351 486 1415 Mora,
534 1364 582 1403 c.
635 1350 742 1412 38.)
800 1348 982 1417 Caput
1034 1345 1316 1416 serpentis
1376 1349 1690 1412 conterere,
1720 1349 1807 1399 est
1863 1343 2027 1398 initia

324 1437 707 1509 suggestionis
740 1452 917 1490 manu
953 1434 1210 1489 sollicitas
1275 1432 1747 1488 considerationis
1778 1450 1812 1487 a
1840 1432 2025 1488 cordis

325 1526 485 1581 aditu
516 1524 984 1596 exstirpare;qui
1024 1539 1155 1577 cum
1199 1523 1272 1578 ab
1323 1522 1491 1577 initio
1551 1521 2021 1592 deprehenditur,

324 1620 622 1686 percutere
651 1614 914 1669 calcaneo
936 1614 1191 1678 molitur,
1214 1611 1350 1683 quia
1379 1626 1552 1681 quem
1607 1610 1795 1682 prima
1838 1614 2022 1664 tenta-

322 1705 480 1759 tione
512 1720 627 1758 non
658 1702 921 1774 percutit,
949 1700 1211 1770 decipere
1240 1700 1300 1754 in
1325 1700 1437 1753 tine
1490 1698 1689 1753 tendit.
1744 1698 1799 1753 Si
1837 1702 2030 1753 autem

325 1808 424 1846 cor
476 1792 537 1845 in
583 1790 902 1846 tentatione
954 1789 1360 1860 corrumpitur,
1420 1787 1711 1858 sequentis
1788 1786 2029 1841 actionis

228 1890 231 1895 ‘
329 1880 601 1935 medietas
633 1884 689 1933 et
717 1878 998 1934 terminus
1026 1878 1094 1932 ab
1123 1878 1283 1932 hoste
1305 1875 1640 1948 possidetur,
1670 1875 1807 1947 quia
1851 1880 2028 1930 totam

320 1969 428 2023 sibi
466 1969 729 2023 arborem
787 1968 1005 2023 fructus
1057 1968 1204 2022 ferre
1250 1965 1543 2036 conspicit,
1601 1980 1778 2036 quam
1822 1964 2029 2019 veneni

324 2058 495 2113 dente
526 2058 585 2112 in
617 2056 805 2112 radice
836 2054 1074 2110 vitiavit.

401 2147 742 2217 (Hmaon.)«
792 2147 923 2217 Ipsa
976 2143 1224 2199 servabit
1248 2143 1578 2198 calcaneum
1633 2144 1821 2209 tuum,
1876 2146 1931 2195 et
1968 2145 2031 2196 tu

326 2241 585 2291 conteres
615 2236 739 2304 ejus
767 2235 1116 2289 calcaneum.
1159 2254 1187 2281 »
1228 2232 1427 2288 Melius
1448 2230 1509 2285 in
1559 2231 1795 2287 Hebraeo
1850 2229 2031 2285 habe-

325 2329 419 2378 tur
450 2340 464 2378 :
494 2345 516 2372 ι
554 2324 678 2395 Ipsa
706 2327 965 2377 conteret
989 2325 1162 2391 caput
1207 2326 1391 2387 tuum,
1425 2324 1483 2374 et
1508 2324 1570 2374 tu
1625 2323 1879 2373 conteres
1926 2320 2033 2373 cal-

324 2427 565 2466 caneum
594 2414 739 2480 ejus,
773 2429 800 2461 ι)
833 2410 969 2481 quia
1000 2414 1055 2464 et
1085 2409 1260 2464 nostri
1312 2425 1539 2479 gressus
1596 2407 2032 2479 praepediuntur

328 2518 361 2555 a
392 2501 733 2569 colubro,ct
786 2499 1058 2554 Dominus
1113 2501 1371 2553 conteret
1422 2497 1597 2553 Satan
1626 2496 1729 2551 sub
1786 2496 2030 2567 pedibus

324 2606 466 2660 eJus.

398 2680 555 2733 Vens.
586 2682 668 2733 16.
722 2708 781 2718 -
818 2698 838 2725 ι
898 2674 1116 2732 Mulieri
1178 2690 1431 2747 quoque,
1466 2694 1491 2723 ιι
1540 2677 1645 2727 etc.
1698 2672 1886 2743 (Auc.,
1932 2672 2029 2728 ubi

324 2784 514 2837 supra,
549 2785 596 2821 c.
631 2768 745 2836 37.)
781 2767 903 2821 Haec
931 2767 1175 2836 figurate
1222 2770 1279 2818 et
1298 2762 1630 2834 prophetice
1685 2762 1891 2817 melius
1935 2760 2027 2815 iu-

326 2858 684 2927 telliguntur,
747 2860 877 2918 etc.,
932 2853 1202 2924 usquead
1260 2851 1662 2924 depravabitur
1715 2856 1939 2916 natura,
1971 2853 2030 2905 et

324 2945 630 3017 augebitur
658 2944 846 3014 culpa.

397 3053 424 3084 α
451 3032 834 3104 Multiplicabo
865 3046 1170 3097 (erumnas,
1201 3050 1228 3081 υ
1261 3034 1365 3085 etc.
1395 3032 1572 3098 (Auc.,
1591 3029 1658 3084 de
1686 3031 1819 3084 Gen.
1849 3032 2037 3083 contra

330 3123 591 3188 Manich.,
645 3122 681 3175 l.
717 3137 777 3188 ιι,
830 3136 880 3174 c.
944 3122 1054 3189 l9.)
1100 3119 1460 3173 Manifestum
1507 3124 1593 3173 est
1628 3117 2033 3188 multiplicatos

328 3227 448 3264 esse
470 3210 695 3265 dolores
714 3207 990 3274 mulieris,
1020 3212 1153 3274 etc.,
1206 3222 1375 3275 usque
1422 3207 1497 3260 ad
1535 3207 1630 3261 sed
1696 3205 1854 3277 prius
1888 3205 2035 3259 relu-

329 3303 542 3353 ctatum
576 3303 663 3352 est
694 3313 825 3352 cum
857 3296 1052 3353 dolore
1082 3294 1481 3350 consuetudini
1502 3296 1684 3349 malae.

398 3387 564 3441 ans.
602 3389 785 3441 17-18.
817 3413 886 3426 -
1008 3403 1036 3434 a
1096 3383 1386 3439 Maledicta
1436 3387 1603 3445 terra,
1640 3402 1666 3433 ιι
1699 3386 1806 3437 etc.
1869 3384 2029 3452 (AUG.

328 3475 484 3539 ibid,
549 3491 599 3529 c.
652 3474 901 3544 38.)Hos
956 3489 1079 3527 esse
1122 3472 1341 3527 labores
1404 3471 1641 3526 humani
1697 3469 1922 3541 generis
1974 3471 2033 3524 iu

329 3569 480 3619 terra
511 3579 681 3617 nemo
712 3562 959 3633 ignorat,
1014 3567 1071 3616 et
1122 3561 1274 3633 quod
1323 3577 1437 3615 non
1479 3565 1647 3627 esset,
1703 3560 1749 3615 si
1794 3559 2034 3613 felicitas

328 3670 458 3724 quae
488 3656 609 3706 erat
661 3651 721 3706 in
768 3651 1034 3722 paradiso
1086 3654 1377 3705 teneretur
1446 3648 1832 3704 indubitanter
1903 3663 2034 3702 cono

328 3746 455 3796 stat.

399 3830 640 3899 (δι-ωε.)
660 3831 834 3885 Terra
891 3826 1269 3891 maledicitur,
1328 3842 1447 3881 non
1500 3826 1698 3890 Adam.
1751 3829 1816 3880 ut
1844 3825 2031 3879 cuncti

330 3925 564 3989 propter
588 3934 730 3991 quos
760 3919 879 3973 haec
908 3916 1115 3987 scripta
1148 3920 1281 3970 sunt
1299 3919 1670 3982 terrerentur,
1703 3932 1774 3970 ne
1802 3913 2033 3969 simillia

328 4008 618 4075 facientes,
649 4005 820 4062 simili
850 4022 1017 4076 poena
1058 4005 1467 4075 plecterentur.
1506 4006 1627 4076 Ipse
1687 4020 1815 4059 vero
1869 4002 2028 4067 Cain,

330 4098 464 4169 quia
495 4096 699 4169 prima;
720 4094 1172 4166 praevaricationi
1212 4093 1583 4149 fratricidium
1614 4092 1857 4157 addidit,
1909 4108 2029 4147 ma-

332 4185 594 4240 ledicitur
625 4201 756 4239 cum
798 4183 1094 4238 dicitnrza
1152 4183 1483 4238 Maledictus
1537 4183 1650 4237 eris
1705 4198 1876 4254 super
1923 4186 2032 4235 ter-
2063 4223 2105 4278 Β

335 4290 476 4341 ram,
506 4293 534 4325 io
564 4277 669 4327 etc.

405 4361 591 4433 (Auc.)
623 4362 812 4416 Terrm
840 4358 1157 4428 maledixit,
1189 4375 1303 4414 non
1327 4358 1494 4430 aquis
1558 4356 1697 4430 quia
1767 4358 1937 4413 homo
1963 4357 2033 4413 de

336 4450 524 4505 fructu
552 4454 719 4505 terrae
749 4452 950 4502 contra
975 4446 1215 4501 vetitum
1239 4447 1619 4512 manducavit,
1641 4463 1754 4501 non
1781 4447 1852 4502 de
1873 4446 2035 4517 aquis

336 4539 499 4606 bibit,
532 4541 589 4593 et
617 4536 675 4591 in
700 4536 866 4607 aquis
894 4541 1018 4590 erat
1048 4540 1341 4605 peccatum
1372 4535 1720 4589 abluendum
1743 4535 1814 4589 de
1846 4535 2033 4589 fructu

335 4634 498 4682 terra;
529 4631 906 4682 contractum.
956 4623 1243 4679 Animalia
1295 4639 1527 4695 quoque
1572 4622 1860 4679 terrestria
1908 4623 2035 4694 plus

337 4713 752 4769 maledictionis
782 4714 996 4769 habent
1034 4728 1210 4784 quam
1256 4712 1551 4784 aquatilia,
1576 4712 1711 4783 quia
1766 4713 1894 4783 plus
1947 4711 2036 4765 vi-

336 4810 473 4858 vunt
502 4804 572 4858 de
610 4803 913 4858 maledicta
955 4807 1125 4856 terra.
1188 4802 1320 4857 lude
1372 4801 1625 4857 Christus
1677 4806 1805 4873 post
1850 4816 2037 4855 resur-

338 4892 647 4947 rectionem
700 4893 769 4946 de
832 4892 984 4961 pisce
1051 4890 1429 4956 manducavit,
1499 4906 1613 4944 non
1672 4891 1741 4945 de
1784 4888 2037 4945 terrestri

346 4979 604 5033 animali.
1340 4998 1343 5003 ·

408 5066 754 5122 «Maledicta
802 5072 955 5123 terra
1010 5069 1068 5122 in
1123 5084 1293 5140 opere
1336 5071 1453 5121 tuo.
1489 5086 1517 5116 δ)
1587 5067 1795 5136 (6350.,
1845 5067 2036 5122 Morel.

337 5156 434 5210 lib.
463 5173 535 5223 iv,
569 5172 618 5210 c.
654 5161 705 5224 5,
739 5158 815 5225 6.)
854 5158 1000 5211 Deus
1032 5156 1323 5213 maledicit
1349 5156 1569 5212 homini
1598 5155 1875 5227 peccanti,
1908 5161 2036 5221 etc.,

335 5261 503 5314 usque
552 5244 627 5299 ad
673 5248 731 5298 et
790 5244 933 5299 duos
1000 5246 1524 5318 quinquagenarius
1598 5244 1834 5299 ﬂamma
1886 5262 2040 5300 com-

351 5334 547 5389 bussit.

411 5442 437 5471 α
473 5424 535 5477 ln
580 5420 890 5488 laboribus,
951 5442 978 5469 ››
1028 5425 1133 5475 etc.
1189 5421 1377 5492 (ΗΑΒ.)
1423 5422 1613 5494 Spinae
1664 5426 1831 5477 antea
1885 5427 2047 5478 erant

341 5512 435 5567 sed
466 5527 585 5566 non
636 5515 701 5564 ut
745 5510 994 5566 laborem
1050 5509 1269 5567 homini
1303 5510 1615 5566 inferrent:
1650 5510 1735 5565 cui
1760 5515 1886 5583 post
1916 5528 2045 5584 pec-

2139 466 2337 531 pentes
2368 465 2425 516 et
2453 476 2809 532 quascunque
2842 460 3030 530 noxia,
3064 465 3194 515 ante
3220 460 3470 516 innoxia.
3508 463 3571 515 Et
3631 468 3834 515 notan-

2139 552 2277 605 dum
2303 550 2454 622 quod
2483 550 2620 605 Adae
2648 550 2957 604 extrinseca
2986 565 3157 620 poena
3186 549 3536 620 imponitur:
3576 571 3602 601 α
3668 551 3837 605 Male-

2139 640 2289 695 dicta
2309 644 2457 694 terra
2490 638 2548 693 in
2583 654 2757 709 Opere
2804 642 2903 692 tuo
2937 655 2950 706 ;
2992 661 3011 685 ι
3051 638 3294 693 muliere
3341 654 3475 693 vero
3529 637 3837 693 intrinseca

2137 746 2268 784 cum
2297 728 2548 783 dicitur:
2584 747 2611 778 ‹‹
2662 726 3048 798 Multiplicabo
3094 743 3383 782 aerumnas
3430 731 3576 794 tuas,
3612 751 3637 773 ιν
3702 732 3834 793 etc.,

2138 818 2272 890 quia
2310 817 2539 873 seducta
2569 816 2798 871 seduxit
2823 816 3023 870 virum.

2208 908 2380 962 Vens.
2428 909 2508 960 19.
2543 927 2654 955 -‹‹
2687 904 2874 960 Pulvis
2895 921 2976 973 es,
3008 924 3035 956 )›
3069 910 3175 959 etc.
3208 904 3386 974 (Gneo
3418 944 3455 970 .,
3490 904 3585 959 ubi
3616 910 3835 975 supra.)

2139 999 2319 1052 Homo
2342 996 2425 1050 ita
2453 995 2714 1049 conditus
2732 993 2862 1063 fuit,
2884 997 3016 1057 etc.,
3050 1009 3215 1064 usque
3245 994 3320 1048 ad
3345 999 3604 1048 senectus
3634 994 3839 1048 transit

2134 1086 2203 1140 ad
2236 1090 2498 1140 mortem.

2208 1177 2375 1228 Vens.
2409 1175 2499 1228 20.
2521 1202 2589 1213 -
2615 1195 2637 1219 ι
2665 1173 2731 1226 Et
2760 1171 2980 1225 vocavit
3005 1170 3179 1225 Adam
3234 1186 3442 1224 nomen
3487 1168 3678 1224 uxoris
3720 1186 3841 1224 suae

2137 1265 2312 1330 «Eva,
2346 1279 2373 1316 ι
2401 1266 2506 1317 etc.
2539 1261 2721 1332 (AUG.,
2756 1261 2852 1315 ubi
2872 1272 3082 1330 supra.)
3135 1259 3317 1313 Verba
3373 1258 3543 1330 primi
3588 1257 3842 1313 hominis

2134 1353 2255 1407 haec
2272 1352 2526 1414 fuerunt,
2555 1350 2830 1422 quoniam
2855 1350 2975 1403 haec
3004 1355 3089 1403 est
3113 1353 3293 1402 mater
3349 1348 3611 1403 omnium
3644 1348 3840 1401 Viuen-

2134 1442 2302 1507 tium,
2334 1445 2610 1511 tanquam
2640 1439 2845 1494 reddat
2869 1453 3099 1492 causam
3130 1436 3378 1491 nominis
3397 1454 3431 1491 a
3461 1453 3519 1490 se
3556 1435 3837 1507 impositi,

2134 1546 2235 1585 cur
2263 1530 2477 1585 scilicet
2506 1530 2676 1583 Evam
2705 1526 3005 1582 vocaverit.

2208 1621 2453 1690 Mystice.
2480 1619 2666 1687 (AUG.,
2700 1616 2765 1670 de
2796 1616 2922 1672 Gen.
2956 1618 3143 1670 contra
3168 1616 3431 1680 Manich.,
3460 1614 3492 1668 l.
3530 1630 3587 1681 ιι,
3621 1629 3669 1668 c.
3724 1613 3839 1680 21.)

2139 1712 2269 1764 Post
2289 1712 2587 1779 peccatum
2632 1710 2682 1760 et
2727 1704 2940 1776 judicis
2986 1703 3331 1758 sententiam
3384 1703 3602 1758 vocavit
3659 1702 3841 1757 Adam

2138 1814 2372 1852 uxorem
2404 1812 2566 1851 suam
2593 1796 2784 1859 Evam,
2826 1797 2956 1860 etc.,
3005 1808 3176 1863 usque
3231 1792 3307 1847 ad
3325 1792 3387 1846 in
3441 1791 3689 1863 pellibus
3737 1807 3841 1847 ex—

2136 1885 2407 1958 primitur
2434 1899 2563 1955 quaa
2621 1881 2862 1936 mortuis
2912 1882 3246 1952 corporibus
3304 1880 3700 1935 detrahuntur.

2208 1973 2373 2027 Vens.
2408 1975 2497 2027 21.
2530 2001 2599 2012 —
2623 1990 2649 2021 ιι
2686 1970 2838 2024 Fecit
2867 1986 3121 2041 quoque,
3164 1988 3190 2019 ιι
3220 1972 3324 2023 etc.
3350 1968 3551 2037 (AUG.,
3573 1968 3639 2022 de
3686 1968 3829 2021 Gen.

2138 2062 2214 2117 lib
2267 2079 2339 2130 x1,
2371 2061 2553 2129 c.39.)
2603 2062 2716 2115 Hoc
2773 2074 3004 2131 quoque
3053 2056 3487 2129 signiﬁcationis
3546 2072 3715 2111 causa
3757 2056 3841 2109 fa-

2137 2155 2289 2205 ctum
2329 2156 2432 2215 est,
2466 2148 2613 2205 etin
2658 2147 2820 2203 factis
2877 2146 3159 2218 quaeritur
3215 2146 3354 2217 quid
3409 2146 3620 2200 factum
3667 2144 3759 2207 sit,
3783 2148 3843 2198 et

2137 2240 2275 2311 quid
2304 2238 2604 2309 signiﬁcet,
2627 2242 2685 2293 et
2713 2236 2774 2291 in
2804 2235 2970 2291 dictis
3027 2234 3165 2307 quid
3223 2234 3435 2290 dictum
3478 2233 3572 2301 sit,
3632 2233 3840 2305 quidve

2139 2326 2439 2397 signiticet.

2210 2415 2446 2483 (δι-ΜΒ.)
2481 2412 2599 2484 Ipsi
2655 2413 2914 2469 fecerunt
2942 2411 3050 2467 sibi
3121 2412 3490 2483 perizomata,
3546 2414 3609 2465 ut
3639 2426 3835 2481 pecca-

2135 2508 2260 2557 tum
2291 2519 2459 2558 suum
2488 2501 2932 2557 absconderant:
2969 2502 3117 2555 Deus
3140 2517 3274 2554 vero
3302 2500 3523 2555 tunicas
3551 2499 3839 2571 pelliceas,

2138 2593 2345 2663 quibus
2369 2596 2552 2647 totum
2584 2606 2784 2645 eorum
2831 2605 3039 2660 corpus
3094 2587 3298 2652 induit,
3359 2587 3497 2660 quia
3524 2592 3581 2643 et
3633 2588 3694 2642 in
3718 2603 3841 2642 cor-

2136 2696 2276 2751 pore
2298 2684 2355 2735 et
2407 2680 2469 2735 in
2516 2679 2709 2734 anima
2754 2696 2850 2733 eos
2896 2678 3049 2750 juste
3108 2677 3417 2733 damnavit.
3476 2677 3659 2732 Stulta
3705 2692 3840 2731 vero

2136 2768 2377 2840 quaestio
2408 2774 2495 2824 est
2523 2768 2769 2840 qualiter
2794 2768 2879 2822 vel
2911 2784 3026 2840 quo
3058 2771 3333 2838 operante
3389 2766 3565 2837 pelles
3592 2765 3660 2820 ab
3719 2765 3839 2819 ani-

2138 2859 2381 2913 malibus
2401 2858 2656 2913 deducta:
2686 2856 2819 2924 sint,
2852 2872 3111 2927 quaerere
3141 2872 3154 2911 :
3215 2855 3315 2927 qui
3335 2854 3489 2909 enim
3533 2854 3603 2909 de
3660 2854 3841 2908 nihilo

2075 2936 2115 2990 (ἓ
2145 2948 2341 3001 omnia
2383 2945 2660 3013 condidit,
2719 2945 3008 3017 quomodo
3055 2950 3114 2999 et
3160 2944 3407 3015 qualiter
3462 2942 3663 3012 voluit,
3721 2943 3843 2997 hinc

2140 3036 2292 3093 fecit.

2213 3127 2373 3180 Vnes.
2402 3126 2490 3178 22.
2525 3154 2591 3163 --
2627 3144 2652 3169 α
2699 3122 2765 3174 Et
2796 3121 2911 3176 ait:
2968 3121 3292 3176 EcceAdam
3343 3119 3505 3192 quasi
3574 3136 3721 3173 unus
3776 3135 3839 3174 ex

2144 3238 2171 3265 ‹‹
2196 3213 2379 3277 nobis,
2411 3234 2438 3262 »
2465 3220 2569 3265 etc.
2599 3212 2788 3278 (Auc.,
2814 3210 2973 3275 ibid,
2997 3228 3044 3263 c.
3078 3210 3185 3271 41.)
3236 3210 3473 3280 Propter
3530 3208 3840 3262 trinitatem

2140 3302 2377 3374 pluralis
2425 3315 2699 3355 numerus
2748 3297 3003 3369 ponitur,
3062 3302 3191 3361 etc.,
3247 3313 3414 3367 usque
3464 3297 3539 3351 ad
3594 3297 3739 3351 sicut
3780 3297 3841 3351 in

2144 3391 2385 3448 Ecclesia
2413 3391 2597 3444 solent
2625 3387 2934 3442 hominesa
2964 3386 3333 3441 sacramentis
3376 3386 3696 3441 visibilibus
3741 3387 3838 3440 Ec-

2138 3482 2324 3537 clesiae
2350 3477 2651 3549 disciplina
2673 3476 2973 3531 removeri.

2213 3572 2393 3637 (AUG.,
2424 3567 2518 3621 ubi
2534 3581 2722 3635 supra,
2748 3580 2795 3617 c.
2832 3564 2947 3632 42.)
2981 3564 3180 3617 Mirum
3230 3567 3314 3617 est
3342 3562 3386 3617 si
3435 3562 3615 3617 Adam
3669 3561 3838 3632 spiri-

2138 3656 2305 3711 tualis
2326 3661 2447 3710 erat
2477 3660 2687 3720 mente,
2721 3659 2852 3721 etc.,
2885 3670 3052 3723 usque
3113 3653 3187 3707 ad
3216 3669 3347 3724 quas
3377 3652 3581 3707 falsum
3639 3667 3839 3706 verum

2138 3761 2258 3799 esse
2287 3744 2525 3815 putavit.

2213 3856 2239 3881 α
2295 3833 2462 3896 Quasi
2511 3848 2658 3887 unus
2697 3846 2763 3886 ex
2817 3830 3001 3885 nobis.
3031 3852 3057 3878 ››
3124 3832 3312 3897 (Aur...
3359 3831 3424 3884 de
3470 3831 3605 3884 Gen.
3651 3835 3843 3883 contra.

2135 3924 2397 3987 Manich.,
2433 3921 2532 3975 lib.
2592 3937 2736 3985 It,c.
2804 3919 2916 3987 21.)
2973 3918 3290 3990 Dupliciter
3338 3917 3583 3987 intelligi
3640 3920 3843 3986 potest

2143 4033 2169 4058 ‹‹
2200 4010 2361 4083 quasi
2393 4026 2539 4064 unus
2569 4026 2633 4063 ex
2657 4008 2839 4067 nobis.
2874 4030 2899 4057 n
2937 4007 2995 4062 id
3023 4012 3108 4061 est
3156 4008 3319 4071 Deus,
3354 4012 3485 4071 etc.,
3543 4020 3711 4074 usque
3767 4005 3844 4059 ad

2136 4100 2315 4155 donec
2348 4099 2447 4152 Dei
2476 4096 2862 4152 misericordia
2898 4094 3197 4149 reviviscat
3226 4094 3325 4165 qui
3350 4102 3612 4149 mortuus
3658 4094 3846 4148 fuerat

2217 4187 2503 4257 (Borean)
2532 4187 2611 4241 Ne
2640 4185 2899 4239 comedat
2918 4184 2987 4238 de
3034 4183 3191 4254 ligno
3248 4183 3399 4251 vitae,
3425 4188 3482 4237 et
3530 4184 3640 4238 hoc
3695 4183 3842 4237 facto

2144 4275 2294 4342 talis,
2325 4279 2443 4329 tam
2465 4273 2636 4328 miser
2664 4273 2845 4328 factus
2875 4272 3079 4339 Adam,
3102 4271 3253 4324 vivat
3278 4270 3335 4325 in
3359 4277 3660 4325 mternum.
3695 4270 3840 4335 Quid

2143 4363 2299 4418 enim
2324 4364 2372 4418 si
2399 4378 2527 4417 cum
2560 4362 2689 4417 talis
2718 4362 2899 4416 factus
2929 4360 3002 4415 sit
3021 4360 3170 4414 vivat
3200 4360 3257 4414 in
3280 4360 3601 4415 aeternum?
3644 4360 3844 4430 utique

2145 4453 2224 4507 nil
2255 4452 2365 4507 nisi
2397 4453 2611 4506 malum
2641 4457 2943 4507 asternum.
2970 4451 3098 4505 Jam
3129 4448 3287 4503 enim
3337 4448 3512 4504 miser
3566 4452 3764 4515 lactus,
3796 4447 3843 4502 si

2144 4545 2393 4595 internus
2448 4557 2675 4612 quoque
2734 4540 2827 4605 sit,
2891 4538 3028 4610 quid
3061 4538 3170 4593 nisi
3227 4537 3519 4592 miseriam
3568 4542 3845 4592 aeternam

2145 4629 2412 4684 habebit?
2445 4631 2746 4685 Parcamus
2776 4629 2879 4695 illi,
2911 4645 2984 4683 ne
3011 4629 3119 4684 hoc
3155 4628 3327 4682 modo
3360 4628 3507 4681 male
3536 4626 3650 4680 sit»
3681 4624 3845 4697 quasi

2146 4733 2294 4771 unus
2315 4733 2380 4772 ex
2410 4716 2652 4785 nobis,»
2675 4733 2745 4772 ne
2793 4716 2938 4771 sicut
2992 4716 3234 4788 quisque
3284 4719 3547 4769 nostrum
3596 4718 3846 4769 aeternus

2146 4810 2232 4861 est
2279 4809 2543 4873 (aeternus
2598 4805 2752 4861 enim
2822 4808 3007 4871 Pater,
3049 4808 3299 4859 aeternus
3350 4803 3541 4869 Filius,
3600 4806 3849 4857 aeternus

2147 4894 2391 4965 Spiritus
2447 4894 2718 4965 sanctus),
2763 4894 2842 4949 sic
2867 4900 2924 4948 et
2974 4893 3069 4948 ille
3122 4898 3372 4948 aeternus
3397 4892 3488 4962 sit,
3534 4896 3592 4947 et
3620 4891 3693 4945 ob
3738 4889 3849 4945 hoc

2149 5000 2408 5038 veracem
2440 5000 2499 5037 se
2528 5000 2646 5037 esse
2688 4982 2869 5038 rideat
2926 4983 3124 5037 oculus
3174 4997 3420 5053 nequam
3465 4979 3694 5046 diaboli,
3746 4977 3849 5049 qui

2152 5073 2253 5129 Dei
2284 5072 2677 5126 similitudiem
2712 5070 2765 5125 ei
2795 5070 3140 5141 repromisit.
3176 5070 3393 5125 Etenim
3453 5070 3667 5123 malum
3720 5068 3847 5139 qui-

2153 5164 2283 5219 dem
2306 5161 2390 5217 illi
2446 5166 2531 5216 est
2575 5162 2948 5232 temporalem
2992 5176 3132 5227 esse,
3160 5160 3254 5215 sed
3307 5158 3619 5230 pessimum
3702 5162 3853 5212 esset

2153 5257 2433 5306 aeternum
2461 5266 2596 5304 esse.
2632 5249 2773 5304 Mala
2793 5249 2966 5303 nimis
2994 5254 3050 5303 et
3081 5248 3218 5302 falsa
3252 5252 3337 5301 est
3361 5248 3481 5301 haec
3530 5245 3849 5300 similitudo

2159 5338 2275 5392 Dei.
2313 5339 2483 5393 Multo
2504 5337 2709 5392 melius
2730 5337 2812 5393 illi
2841 5343 2925 5392 est
2951 5354 3074 5392 esse
3100 5335 3335 5391 omnino
3356 5333 3688 5389 dissimilem
3728 5333 3847 5387 Dei.

2156 5427 2451 5493 Quomodo
2479 5426 2506 5481 ?
2565 5426 2856 5493 Videlicet,
2900 5429 2983 5492 nt,
3014 5425 3150 5497 quia
3191 5422 3364 5479 miser
3415 5427 3519 5493 est,
3550 5423 3622 5477 sit
3675 5421 3850 5476 etiam

2155 5513 2511 5586 temporalis,
2578 5513 2688 5570 hoc
2740 5518 2825 5567 est
2867 5529 2989 5568 esse
3047 5513 3282 5566 omnino
3339 5511 3669 5569 dissimilem
3727 5512 3847 5566 Dei.
