4086 6190
183 280 243 329 υῖ
1344 277 1598 335 GLOSSA
1636 277 1855 337 0RDlN.

2032 321 2043 333 .
2088 309 2155 319 -
2198 280 2323 335 LIB.
2366 280 2519 359 qua.
3611 290 3677 344 98

177 400 311 453 Deos
340 396 504 451 enim
537 401 591 451 et
613 401 867 451 aeternus
898 400 999 465 est,
1031 401 1087 453 et
1113 396 1267 465 felix,
1316 402 1372 453 et
1401 404 1485 453 est
1515 401 1635 471 ejus
1666 406 1877 455 aeterna
1909 406 1951 456 Α
1990 400 2099 454 nisi
2134 417 2232 471 per
2260 401 2556 470 cherubin,
2583 400 2640 455 id
2683 407 2767 456 est
2823 403 3243 473 plenitudinem
3310 407 3582 471 scientiae,
3631 408 3686 463 id

174 487 437 554 felicitas,
471 485 605 540 felix
633 486 945 541 aeternitas.
983 488 1194 541 Horum
1228 489 1493 554 alterum,
1526 488 1580 543 id
1635 496 1721 543 est
1764 488 1882 543 feli-

174 577 429 643 citatem,
484 574 736 646 perdidit
790 575 1071 642 diabolus,
1128 576 1512 631 mternitatem
1582 593 1714 631 vero
1768 594 1883 633 non

174 663 405 729 amisit;
435 670 493 717 et
523 667 608 716 est
638 664 763 733 ejus
785 668 999 718 aeterna
1047 664 1371 730 infelicitas,
1430 665 1623 719 infelix
1660 667 1882 720 aeterni-

174 758 268 807 tas.
304 753 643 819 Parcamus,
694 753 955 823 inquam.
982 752 1234 819 homini;
1267 759 1324 807 et
1354 753 1490 824 quia
1556 754 1881 810 felicitatem

173 840 450 911 perdidit,
481 840 864 895 mteruitatem
909 857 1140 913 quoque
1192 840 1597 912 prmcipiamus
1646 842 1881 908 infelici,

175 936 234 983 ut
261 929 323 982 in
356 935 572 983 neutro
604 929 677 983 sit
712 951 734 979 ι
784 929 948 1001 quasi
979 946 1127 984 unus
1155 947 1221 983 ex
1253 930 1443 995 nobis;
1491 949 1517 980 ι)
1578 930 1741 985 nobis
1800 937 1885 986 est

176 1025 395 1072 aeterna
453 1018 712 1085 felicitas,
772 1021 903 1075 felix
931 1021 1251 1075 aeternitas:
1313 1022 1387 1075 sit
1416 1020 1498 1075 illi
1556 1021 1884 1092 temporalis

179 1104 439 1173 miseria,
483 1106 570 1159 vel
602 1108 811 1161 misera
840 1110 1257 1179 temporalitas;
1293 1116 1355 1163 ut
1407 1114 1543 1163 tunc
1594 1110 1677 1164 illi
1730 1126 1882 1164 com-

180 1193 386 1247 modus
435 1195 780 1250 reformetur
809 1198 1114 1261 aeternitas,
1151 1213 1280 1251 cuin
1330 1198 1500 1251 fuerit
1556 1207 1884 1269 recuperata

177 1282 440 1336 felicitas.
494 1284 556 1337 In
605 1300 810 1354 magna
858 1301 994 1355 ergo
1048 1285 1148 1352 ira,
1198 1302 1418 1356 magnae
1479 1286 1882 1341 misericordiae

180 1371 461 1424 Dominus
494 1372 823 1425 recordatus
853 1380 958 1439 est,
1008 1374 1114 1427 hoc
1144 1373 1267 1444 ipso
1297 1375 1449 1444 quod
1502 1375 1722 1445 lignum
1753 1376 1882 1430 vitae

176 1475 281 1512 non
336 1460 625 1513 concessit
669 1461 878 1515 misero
932 1462 1155 1516 homini
1188 1479 1201 1516 :
1237 1463 1449 1535 quippe
1506 1480 1677 1535 quem
1708 1465 1886 1519 voluit

173 1548 247 1600 sic
274 1564 403 1601 esse
433 1548 774 1603 dissimilem
809 1549 940 1617 sibi,
994 1554 1057 1604 ut
1113 1567 1227 1605 non
1280 1557 1427 1605 esset
1473 1554 1776 1624 utrobique
1808 1553 1883 1607 si-

176 1634 327 1688 milis
361 1635 615 1702 diabolo,
639 1636 695 1689 id
729 1643 813 1691 est
845 1654 915 1692 ne
962 1640 1175 1693 viveret
1205 1640 1401 1706 homo,
1450 1656 1612 1711 aeque
1645 1647 1706 1695 ut
1761 1642 1880 1696 dia-

174 1721 360 1790 bolus,
395 1739 579 1795 usque
608 1725 675 1777 ad
714 1726 982 1780 ultimum
1006 1728 1311 1798 judicium,
1352 1733 1408 1782 et
1440 1745 1600 1800 aeque
1652 1735 1715 1785 ut
1768 1730 1878 1791 ille,

172 1814 408 1883 absquel
436 1815 740 1885 temporali
792 1820 990 1882 morte,
1024 1820 1292 1872 transiret
1339 1818 1408 1873 ad
1463 1824 1743 1873 aeternum
1801 1818 1883 1871 in-

170 1900 473 1955 cendium.

241 1990 410 2043 Vrsas.
445 1992 631 2045 —23.
694 2013 724 2041 ιι
784 1993 848 2047 Et
897 1993 1088 2048 emisit
1144 2011 1298 2061 eum,
1332 2016 1357 2046 ι)
1408 2002 1511 2049 etc.
1569 1998 1754 2066 (Anon
1817 1995 1883 2049 de

184 2079 310 2131 Gen.
342 2083 541 2132 contra
572 2080 840 2148 Manich.,
874 2082 911 2135 l.
950 2099 1004 2149 ιι,
1038 2099 1087 2136 c.
1138 2085 1249 2153 2'2.)
1298 2085 1356 2137 lu
1387 2084 1572 2138 locum
1604 2084 1710 2138 sibi
1747 2100 1880 2138 con-

186 2180 422 2233 gruum;
458 2167 604 2220 sicut
634 2169 976 2240 plerumque
1009 2172 1213 2239 malus,
1248 2188 1376 2225 cum
1405 2172 1555 2225 inter
1586 2172 1764 2226 bonos
1807 2170 1882 2224 vi-

186 2267 303 2305 vere
325 2255 591 2323 coeperit,
623 2256 671 2308 si
704 2256 764 2310 in
804 2257 1007 2311 melius
1037 2259 1245 2312 mutari
1278 2260 1543 2326 noluerit,
1593 2259 1661 2313 de
1705 2259 1883 2313 bono-

180 2356 302 2395 rum
335 2345 791 2415 congregatione
822 2346 1053 2418 pellitur
1089 2347 1339 2419 pondere
1397 2365 1584 2420 pravas
1641 2364 1883 2403 consue—

178 2430 400 2485 tudinis
448 2448 591 2488 sum.

242 2518 415 2572 Vens.
448 2520 540 2574 24.
575 2551 643 2559 -—
679 2541 706 2569 «
746 2521 1030 2594 Ejecitque
1061 2524 1260 2580 Adam.
1299 2545 1324 2576 ››
1386 2527 1637 2597 (Hienox.
1676 2527 1875 2593 Quaest.

176 2606 369 2674 ﬂebam,
398 2613 543 2661 tom.
583 2609 674 2676 ill)
711 2610 835 2664 LXX
869 2626 882 2664 :
919 2631 946 2659 ‹‹
980 2611 1043 2665 Et
1073 2613 1260 2684 ejecit,
1320 2619 1378 2669 et
1430 2614 1688 2668 habitare
1744 2613 1878 2668 fecit

172 2698 373 2747 contra
402 2694 735 2765 paradisum
788 2697 1109 2769 voluptatis,
1143 2706 1198 2754 et
1256 2701 1454 2755 statuit
1495 2700 1791 2766 cherubin,
1824 2706 1879 2753 et

172 2780 507 2836 ﬂammeam
547 2783 950 2853 rhompheam,
990 2803 1118 2857 quas
1157 2788 1396 2841 vertitur
1425 2788 1493 2842 ad
1549 2788 1875 2841 custodien-

171 2868 299 2923 dam
333 2870 485 2940 ligni
515 2871 645 2924 vitaa
671 2871 841 2925 viam.
880 2894 900 2920 ι
944 2873 1100 2927 Alius
1147 2891 1345 2929 sensus
1395 2880 1480 2928 est
1514 2874 1572 2928 in
1604 2875 1870 2943 Hebraeo;

1989 494 2075 543 est
2102 489 2439 545 charitatem
2473 507 2485 544 :
2520 495 2577 545 et
2626 506 2729 559 per
2784 493 3037 563 gladium
3076 496 3421 562 versatilem,
3480 496 3539 551 id
3597 502 3687 551 est

1991 579 2352 632 tolerantiam
2384 581 2785 650 temporalem.
2976 576 2987 589 ’

2669 705 2894 761 CAPUT
2937 708 3001 761 IV

2062 827 2220 881 Vens.
2287 831 2331 881 l.
2392 858 2458 867 —
2513 848 2541 878 (ι
2595 828 2773 881 Adam
2826 844 2977 893 vero,
3037 849 3063 879 α
3127 832 3313 897 (Aura,
3370 831 3471 897 lib,
3534 847 3585 885 ix
3618 832 3683 885 da

1991 917 2125 969 Gen.
2160 916 2234 969 ad
2263 916 2394 980 litt,
2428 933 2474 969 c.
2508 917 2580 983 4).
2630 917 2692 970 In
2726 917 2986 986 paradiso
3044 918 3354 988 virginitas,
3390 924 3546 973 extra
3574 937 3686 974 nuo

1990 1005 2144 1075 ptize,
2176 1011 2306 1071 etc.,
2338 1019 2507 1073 usque
2538 1006 2612 1059 ad
2633 1005 2735 1085 sed
2759 1010 2941 1076 potest
2969 1006 3029 1059 in
3066 1007 3263 1060 exsilio
3291 1014 3579 1077 generata.

2062 1111 2090 1145 α
2125 1094 2396 1164 Concepit
2417 1098 2471 1146 et
2512 1095 2755 1164 peperit,
2792 1114 2819 1145 »
2847 1099 2957 1150 etc.
3011 1094 3149 1149 Cain
3183 1101 3240 1149 et
3269 1097 3406 1149 Abel
3440 1098 3510 1151 de
3566 1113 3682 1151 una

1990 1188 2172 1236 matre
2202 1181 2401 1253 geniti,
2436 1182 2621 1251 tigura
2647 1188 2780 1236 sunt
2830 1183 3089 1237 omnium
3147 1184 3447 1238 hominum
3483 1186 3582 1257 qui
3614 1187 3684 1239 de

1989 1270 2175 1326 radice
2207 1270 2418 1342 peccati
2464 1272 2522 1324 in
2581 1271 2725 1325 hanc
2772 1271 2942 1326 vitam
2999 1278 3423 1344 propagentur;
3483 1280 3543 1328 et
3595 1275 3693 1328 alii

1990 1365 2273 1414 terrenam
2306 1359 2591 1413 civitatem
2618 1365 2674 1413 et
2714 1362 3032 1413 mortiferas
3068 1361 3295 1415 delicias
3347 1367 3481 1416 sunt
3536 1378 3687 1416 ama-

1991 1448 2125 1514 turi,
2186 1452 2242 1502 et
2299 1454 2579 1519 quantum
2634 1448 2693 1501 in
2734 1465 2792 1501 se
2838 1454 2922 1503 est
2949 1450 3263 1504 ambitione
3322 1452 3684 1521 possessuri;

1990 1554 2134 1609 quos
2164 1536 2451 1607 significat
2480 1536 2637 1603 Cain,
2667 1536 2766 1608 qui
2798 1536 3205 1609 interpretatur
3228 1543 3511 1607 possessio.
3574 1540 3687 1594 Alii

1993 1627 2240 1679 futuram
2272 1626 2555 1679 civitatem
2589 1626 2900 1696 quaesituri,
2933 1632 2990 1680 et
3021 1626 3090 1680 de
3115 1628 3283 1696 hujus
3314 1628 3687 1681 habitationis

1995 1715 2236 1769 miseriis
2264 1715 2546 1784 lugentes,
2580 1715 2649 1769 ad
2683 1715 2932 1769 futuram
2962 1715 3205 1785 gloriam
3237 1720 3356 1769 toto
3400 1717 3684 1770 desiderio

1994 1804 2311 1869 transituri,
2371 1820 2514 1875 quos
2567 1804 2851 1872 signiﬁcat
2915 1805 3073 1865 Abel,
3126 1805 3227 1875 qui
3277 1804 3692 1876 interpretatur

1992 1895 2185 1957 luctus,
2228 1897 2280 1945 et
2332 1898 2415 1945 est
2458 1892 2784 1962 posterior:
2840 1893 2976 1963 quia
3025 1909 3142 1946 non
3200 1893 3359 1963 prius
3416 1898 3503 1947 est
3533 1894 3687 1963 quod

1992 1980 2287 2050 spirituale
2315 1989 2419 2047 est,
2454 1980 2550 2034 sed
2582 1980 2735 2051 quod
2768 1980 3035 2035 animale.
3099 1982 3237 2035 Hinc
3287 1982 3426 2036 Cain
3479 1982 3689 2036 dicitur

1995 2070 2315 2139 «agricola,
2351 2090 2377 2116 η
2438 2068 2494 2123 ld
2549 2075 2650 2134 est,
2702 2070 2944 2123 terrenis
2996 2070 3266 2141 operibus
3314 2072 3687 2136 incumbens;

1989 2158 2129 2212 Abel
2157 2173 2289 2212 vero
2321 2177 2347 2208 α
2375 2163 2572 2228 pastor
2601 2157 2815 2225 ovium,
2851 2177 2876 2208 ››
2910 2158 3333 2230 simplicitatem
3391 2160 3604 2215 scilicet
3633 2166 3689 2214 et

1992 2246 2379 2301 innocentiam
2413 2245 2677 2316 diligens.

2058 2334 2376 2402 Allegorice.
2412 2336 2582 2405 (lsm.,
2612 2336 2671 2388 in
2697 2334 2847 2403 Gen.)
2904 2336 3023 2389 Duo
3073 2335 3177 2389 ﬁlii
3220 2336 3356 2390 Adae
3415 2335 3558 2390 duos
3589 2352 3689 2407 pn-

1990 2422 2157 2494 pulos
2183 2423 2530 2495 exprimunt,
2577 2423 2879 2478 Iudaicum
2921 2424 3133 2478 scilicet
3193 2427 3328 2478 natu
3389 2425 3690 2495 majorem,

1989 2516 2118 2578 etc.,
2147 2527 2315 2581 usque
2341 2512 2416 2566 ad
2445 2512 2607 2583 quasi
2642 2528 2757 2566 non
2788 2513 3079 2583 permittat
3106 2514 3251 2568 ratio
3295 2520 3513 2569 motum
3547 2531 3680 2586 pra-

1987 2616 2120 2655 vum
2152 2600 2221 2655 ad
2250 2600 2516 2655 aﬂ‘ectnm
2547 2601 2760 2670 venire,
2789 2602 2885 2655 sed
2917 2602 3140 2655 studeat
3170 2603 3519 2673 subjugare..

2060 2691 2217 2745 Vens.
2247 2694 2299 2745 2.
2332 2720 2399 2730 —
2428 2709 2455 2741 α
2481 2689 2607 2744 Fuit
2630 2696 2821 2744 autem
2847 2690 3007 2757 Abel,
3043 2710 3070 2740 ι)
3094 2696 3197 2746 etc.
3234 2692 3294 2745 In
3355 2707 3469 2761 quo
3511 2689 3687 2760 signi-

1986 2778 2188 2833 ticatur
2233 2779 2333 2850 qui
2388 2779 2456 2834 de
2510 2784 2737 2833 terrena
2794 2778 3207 2833 inhabitatione
3263 2781 3488 2849 lugent.
3543 2780 3685 2833 Abel

1989 2883 2237 2939 namque
2267 2871 2440 2922 luctus
2470 2867 2900 2938 interpretatur,
2932 2868 3018 2921 vel
3064 2884 3256 2937 vapor,
3319 2868 3458 2940 quia
3501 2868 3688 2922 luctus

170 2954 247 3008 ait
271 2956 459 3022 enim,
502 2975 528 3005 α
560 2961 616 3009 et
667 2957 835 3027 ejecit
876 2958 1167 3022 Dominus,
1228 2979 1253 3009 »
1314 2960 1491 3013 Adam
1539 2960 1769 3027 scilicet,
1822 2966 1876 3014 et
1914 2975 1953 3033 ο
1995 2956 2101 3011 fuit
2126 2957 2462 3027 parentibus
2494 2957 2579 3010 vel
2615 2960 2890 3028 tanquam
2920 2972 3100 3028 vapor
3128 2956 3239 3010 cito
3270 2956 3570 3028 disparuit.

174 3042 441 3097 habitare
501 3042 637 3098 fecit
663 3048 794 3097 ante
843 3046 1170 3115 paradisum
1219 3047 1531 3117 voluptatis
1582 3048 1879 3113 cherubin,

176 3135 228 3183 et
259 3130 608 3185 ﬂammeum
634 3131 908 3200 gladium.
966 3152 989 3181 ι
1026 3134 1148 3187 Νυη
1190 3134 1342 3204 quod
1408 3135 1586 3189 Adam
1619 3136 1879 3190 habitare

176 3218 375 3272 fecerit
422 3225 625 3273 contra
652 3221 977 3291 paradisum
1026 3224 1351 3294 voluptatis,
1382 3224 1498 3290 sed,
1554 3225 1652 3279 illo
1678 3226 1879 3295 ejecto,

177 3312 305 3359 ante
335 3307 491 3360 fores
520 3308 771 3377 paradisi
800 3308 1075 3364 cherubin
1105 3316 1163 3365 et
1184 3312 1513 3366 ﬂammeum
1546 3312 1738 3385 posuit
1768 3314 1884 3383 gla-

175 3398 358 3462 dium,
393 3414 468 3451 ne
500 3398 630 3469 quis
662 3405 851 3470 posset
883 3401 1115 3456 intrare.

249 3486 369 3539 «Et
424 3487 746 3553 collocavit,
814 3509 835 3536 ι
886 3493 990 3542 etc.
1049 3489 1205 3559 (A06.
1251 3496 1311 3546 ut
1374 3493 1589 3560 supra.)
1636 3492 1748 3546 Hoc
1782 3508 1882 3563 per

182 3577 444 3627 caelestes
470 3580 779 3645 potestates
802 3577 973 3632 etiam
1003 3578 1064 3633 in
1102 3579 1366 3649 paradiso
1418 3580 1626 3633 visibili
1669 3581 1878 3634 factum

176 3675 298 3714 esse
327 3662 682 3717 credendum
712 3668 814 3728 est,
862 3670 927 3719 ut
958 3681 1064 3736 per
1115 3667 1439 3737 angelicum
1496 3667 1879 3723 ministerium

174 3749 253 3802 ibi
280 3756 437 3805 esset
466 3751 730 3823 quaedam
762 3752 930 3823 ignea
966 3755 1244 3822 custodia,
1276 3771 1392 3810 non
1424 3761 1614 3811 tamen
1646 3756 1879 3827 frustra,

174 3837 270 3890 sed
305 3838 447 3908 quia
475 3840 693 3911 aliquid
720 3840 791 3895 de
814 3842 1075 3913 paradiso
1106 3843 1391 3914 signiﬁcat
1420 3846 1723 3915 spirituali.

246 3952 270 3980 ι
336 3929 668 3999 Collocavit,
700 3951 721 3977 ι
766 3936 870 3986 etc.
898 3932 1132 4002 (Suum)
1186 3935 1298 3989 Hoc
1347 3944 1429 3990 est
1479 3952 1583 4006 per
1629 3935 1882 3991 ministe-

178 4019 329 4074 rium
356 4021 698 4091 angelorum
731 4021 957 4092 igneam
993 4024 1303 4079 custodiam
1339 4025 1649 4079 constituit.
1688 4026 1878 4080 Flam-

174 4125 341 4163 meus
371 4109 597 4179 gladius
627 4110 1039 4175 tribulationes,
1084 4112 1308 4168 dolores
1352 4118 1409 4168 et
1456 4114 1677 4168 labores
1706 4115 1880 4185 hujus

177 4196 327 4265 vitae,
380 4198 592 4268 quibus
642 4214 747 4253 nos
805 4215 1165 4269 exercemur;
1213 4201 1300 4255 vel
1379 4203 1657 4257 sententia
1713 4205 1877 4275 juslm

2064 3045 2230 3099 Vens.
2262 3047 2314 3110 3,
2344 3047 2396 3099 4.
2429 3075 2498 3084 -
2528 3066 2549 3094 ε
2588 3045 2820 3099 Factum
2874 3049 2959 3099 est
2988 3050 3198 3110 autem,
3229 3066 3251 3095 ι
3309 3051 3414 3100 etc.
3464 3064 3491 3097 α
3548 3045 3687 3100 Abel

1992 3149 2219 3206 quoque
2251 3133 2477 3199 obtulit,
2508 3154 2553 3195 ν»
2590 3138 2664 3187 et.
2696 3133 2839 3198 Quia
2875 3134 3063 3204 justus
3121 3134 3178 3188 in
3232 3134 3499 3188 omnibus
3559 3151 3687 3205 quae

1992 3222 2110 3293 agit
2138 3238 2241 3293 per
2257 3222 2428 3276 tidem
2451 3227 2507 3277 et
2534 3222 2868 3277 charitatem
2922 3222 3013 3293 (de
3072 3223 3281 3295 quibus
3329 3228 3550 3278 craterae
3581 3225 3689 3276 vir-

1992 3315 2138 3366 tutes
2168 3311 2449 3374 oriuntur,
2506 3317 2562 3366 et
2617 3311 2739 3365 sine
2791 3310 2998 3382 quibus
3046 3312 3188 3365 nihil
3252 3314 3511 3383 possunt)
3572 3313 3686 3366 Deo

1989 3400 2212 3471 placere
2235 3400 2550 3469 contendit,
2577 3400 2729 3471 quod
2760 3400 3116 3471 signiﬁcatur
3171 3401 3230 3454 in
3285 3400 3549 3471 adipibus
3579 3400 3682 3455 ob-

1993 3489 2146 3553 latis;
2173 3489 2327 3543 unde
2359 3490 2500 3560 psal.
2529 3504 2634 3543 Lxu
2668 3504 2683 3543 :
2714 3506 2742 3539 oi
2790 3489 2946 3543 Sicut
2989 3489 3155 3558 adipe
3213 3493 3269 3543 et
3324 3489 3678 3561 pinguedine

1988 3578 2277 3649 repleatur
2324 3578 2513 3633 anima
2592 3594 2739 3633 mea.
2805 3599 2827 3626 ι
2867 3578 2999 3633 Sine
3056 3578 3329 3632 charitate
3384 3579 3686 3633 macilenta

1987 3673 2074 3721 est
2103 3668 2294 3723 anima
2312 3674 2369 3723 et
2400 3668 2690 3739 languida,
2720 3672 2775 3722 et
2799 3667 2858 3721 in
2891 3667 3048 3721 nullo
3078 3669 3191 3720 Deo
3214 3667 3518 3738 placitura.

2063 3778 2091 3806 ‹‹
2144 3758 2209 3812 Et
2252 3757 2500 3828 respexit
2556 3757 2830 3811 Dominus
2874 3757 2943 3810 ad
3012 3757 3171 3823 Abel,
3221 3775 3249 3807 ι»
3310 3761 3413 3811 etc.
3474 3758 3683 3826 (illam,

1989 3847 2185 3914 Ouzst.
2222 3847 2379 3902 Ilebr.
2412 3850 2470 3900 in
2491 3847 2648 3909 Gem,
2684 3851 2821 3900 tom.
2857 3844 2975 3915 ιιι.)
3002 3844 3159 3900 Unde
3192 3844 3299 3898 hoc
3323 3847 3511 3916 potuit
3542 3848 3685 3900 scire

1990 3936 2143 3997 Cain,
2168 3936 2276 3989 nisi
2302 3952 2431 3989 vera
2449 3939 2591 3988 esset
2626 3934 3020 4003 interpretatio
3050 3933 3457 3987 Theodotionis
3489 3952 3501 3989 :
3529 3953 3559 3986 α
3623 3936 3686 3990 Et

1988 4024 2366 4079 inﬂammavit
2416 4023 2689 4079 Dominus
2717 4037 2889 4089 super
2927 4022 3090 4085 Abel,
3147 4026 3202 4074 et
3259 4038 3431 4093 super
3466 4022 3683 4077 sacrili-

1988 4114 2140 4169 cium
2171 4115 2313 4182 ejus,
2360 4127 2532 4183 super
2587 4111 2741 4175 Cain,
2785 4114 2841 4165 et
2864 4109 3203 4164 sacrificium
3236 4122 3404 4162 suum
3439 4121 3553 4159 non
3600 4105 3686 4159 in-

1990 4201 2348 4257 ﬂammavit?
2379 4222 2406 4253 ι)
2440 4202 2636 4271 Ignem
2685 4204 2875 4254 autem
2931 4199 3001 4254 de
3056 4200 3196 4253 C(BIO
3230 4196 3419 4252 venire
3451 4194 3681 4249 solitum

176 4285 589 4356 damnationis,
620 4303 749 4359 quae
780 4287 1001 4343 homini
1031 4294 1116 4342 est
1151 4289 1302 4356 data,
1335 4291 1435 4363 qui
1466 4291 1545 4346 ita
1572 4268 1876 4347 damnatus
1910 4268 1953 4324 D
1992 4292 2056 4347 ad
2080 4290 2417 4345 sacrificium
2449 4268 2863 4358 devorandum,
2906 4293 2966 4343 ut
2996 4289 3053 4342 in
3087 4286 3445 4343 dedicatione
3481 4286 3683 4357 templi

176 4379 261 4427 est
291 4379 356 4428 ut
386 4376 595 4430 Christi
628 4378 889 4447 passione
921 4377 1126 4433 redimi
1176 4385 1380 4450 posset.
1448 4381 1604 4435 Unde
1657 4382 1881 4452 gladius

176 4463 462 4518 versatilis
489 4464 722 4532 dicitur,
752 4466 889 4537 quia
918 4471 1107 4536 potest
1127 4468 1425 4522 removeri.
1461 4469 1765 4525 Remotum
1795 4476 1881 4527 est

176 4551 331 4605 enim
364 4554 559 4607 Enoch
586 4559 643 4608 et
668 4554 823 4621 Elite,
856 4560 913 4609 et
941 4555 1196 4626 quotidie
1243 4563 1569 4610 removetur
1589 4558 1875 4627 ﬁdelibus,

176 4637 243 4691 de
282 4639 392 4694 hac
421 4640 538 4695 vita
566 4641 636 4696 ad
662 4657 971 4713 supernam
984 4642 1399 4698 beatitudinem
1419 4647 1869 4702 transeuntibus.

176 4733 286 4787 Nec
313 4730 456 4784 dicit
483 4730 773 4786 ﬂammam
804 4730 1158 4801 etgladinm,
1191 4731 1289 4786 sed
1321 4751 1347 4782 α
1402 4731 1732 4788 ﬂammeum
1762 4736 1878 4804 gla-

173 4820 331 4875 dium
363 4835 379 4872 :
407 4838 437 4871 ιο
470 4819 567 4890 qui
629 4819 784 4873 enim
837 4820 906 4873 ad
950 4819 1283 4891 paradisum
1328 4820 1591 4887 redeunt,
1650 4838 1876 4878 necesse

172 4912 348 4963 estut
408 4908 544 4978 igne
596 4907 838 4978 Spiritus
889 4907 1067 4961 sancti
1135 4923 1335 4962 omnes
1391 4910 1876 4980 concupiscentias

172 4997 340 5068 hujus
363 4997 499 5051 vitm
526 5001 779 5060 exurent,
810 5000 864 5051 et
893 4995 1086 5069 gladio
1117 4996 1274 5051 verbi
1334 4996 1433 5052 Dei
1481 4998 1673 5053 omnia
1710 4999 1875 5054 noxia

173 5086 513 5156 praecidant.

240 5175 367 5229 «Et
400 5170 719 5238 collocavit,
772 5193 795 5221 ι
854 5175 959 5227 etc.
1020 5173 1192 5243 (Isin,
1254 5175 1313 5227 in
1373 5173 1527 5233 Gen.
1585 5179 1729 5231 tom.
1790 5176 1873 5247 V.)

174 5262 458 5317 Cherubin
502 5259 802 5330 plenitudo
858 5262 1129 5328 scientiae,
1163 5263 1283 5317 hzec
1315 5268 1401 5318 est
1446 5264 1692 5319 charitas
1744 5282 1873 5337 qua:

170 5349 473 5423 plenitudo
510 5348 656 5419 legis
684 5354 769 5403 est
795 5351 1024 5407 divinre.
1048 5352 1280 5406 Gladius
1310 5353 1631 5423 ﬂammeus,
1687 5369 1872 5423 poenae

171 5440 536 5513 temporales,
593 5454 723 5510 quae
766 5440 1058 5493 versatiles
1105 5444 1241 5494 sunt
1288 5440 1564 5511 quoniam
1614 5447 1875 5515 tempora

172 5530 441 5587 volubilia
469 5532 628 5585 sunt.
663 5526 749 5585 Ad
802 5526 1066 5585 arborem
1095 5528 1275 5602 igitur
1303 5528 1433 5585 vitae
1464 5546 1581 5587 non
1602 5552 1607 5565 ι
1629 5531 1867 5603 reditur,

1988 4381 2092 4435 sub
2119 4380 2444 4446 Salomone,
2489 4378 2751 4449 legimus,
2804 4383 2859 4431 et
2888 4376 3118 4450 quando
3174 4377 3315 4431 Elias
3364 4374 3425 4430 in
3488 4380 3683 4430 monte

1988 4469 2229 4524 Carmeli
2251 4468 2565 4523 construxit
2596 4468 2795 4522 altare.

2058 4559 2231 4626 μειβ..
2265 4562 2325 4611 ut
2354 4558 2563 4627 supra.)
2606 4556 2662 4611 Si
2692 4560 2839 4610 recte
2869 4555 3098 4622 offeras,
3131 4560 3189 4608 et
3234 4570 3346 4608 non
3396 4558 3545 4607 recte
3594 4552 3683 4607 di-

1984 4647 2160 4713 vidas,
2185 4646 2428 4718 peccasti
2463 4662 2476 4700 :
2510 4644 2646 4717 quia
2675 4644 2779 4699 etsi
2808 4650 2976 4698 antea
3024 4642 3209 4699 Judaei
3245 4647 3393 4695 recte
3416 4641 3514 4694 illa
3538 4641 3679 4695 olfe-

1986 4734 2204 4799 rebant,
2237 4735 2296 4789 in
2329 4751 2395 4789 eo
2442 4735 2528 4789 rei
2576 4738 2707 4788 sunt
2736 4732 2871 4805 quia
2918 4747 3131 4787 novum
3188 4731 3618 4785 Testamentum
3649 4746 3681 4784 a

1983 4822 2161 4877 veteri
2208 4839 2321 4877 non
2350 4823 2747 4877 distinxerunt.

2055 4913 2208 4966 Vens.
2244 4916 2297 4977 ὅ,
2322 4915 2374 4972 6.
2402 4915 2453 4966 7.
2484 4942 2550 4951 —-
2729 4930 2755 4961 (ι
2788 4910 2852 4964 In
2883 4908 3119 4964 foribus.
3144 4927 3171 4959 ιι
3228 4907 3401 4978 (Δις.)
3449 4907 3508 4962 Id
3570 4912 3677 4974 est,

1981 5000 2289 5055 intrantem
2321 5005 2373 5054 te
2407 5006 2463 5055 et
2500 5005 2801 5055 exeuntem
2836 5001 3130 5068 peccatum
3156 4996 3546 5062 comitabitur,
3577 5012 3682 5051 nec

1984 5090 2255 5145 Dominus
2283 5089 2562 5145 custodiet
2591 5088 2887 5143 introitum
2911 5092 3074 5140 tuum
3097 5091 3153 5140 et
3181 5086 3394 5141 exitum
3426 5090 3609 5140 tuum.

2055 5179 2211 5233 Vens.
2250 5184 2301 5233 8.
2336 5208 2402 5219 —
2434 5197 2460 5229 α
2496 5178 2758 5249 Dixitque
2807 5176 2966 5239 Cain,
3000 5194 3027 5227 ν
3085 5161 3190 5230 etc.
3251 5176 3424 5244 (Irim,
3478 5175 3678 5242 Quaest.

1982 5270 2037 5323 in
2079 5271 2241 5337 Gen,
2294 5272 2428 5322 tom.
2494 5266 2585 5333 V.)
2640 5267 2763 5320 Non
2810 5264 3117 5336 acquiescit
3150 5266 3390 5320 Domino
3448 5265 3680 5329 dicenti,

1980 5357 2234 5421 Quiesce.
2268 5361 2397 5418 etc.,
2437 5370 2605 5424 usque
2650 5355 2725 5409 ad
2778 5353 3056 5408 occiditur
3101 5370 3240 5426 ergo
3273 5353 3528 5409 (‘hristus
3582 5353 3682 5425 ju-

1986 5445 2164 5499 nioris
2195 5443 2394 5517 populi
2427 5446 2617 5514 caput,
2642 5460 2672 5497 a
2704 5444 2921 5513 majore
2954 5448 3113 5499 natu.

2056 5533 2211 5590 Vens.
2228 5536 2280 5587 9.
2322 5563 2383 5572 —
2412 5555 2439 5581 α
2467 5533 2529 5589 Et
2556 5532 2635 5589 ait
2667 5532 2945 5590 Dominus
2969 5532 3039 5589 ad
3066 5532 3226 5592 Cain.
3266 5552 3294 5585 ι
3346 5532 3530 5605 (1510..
3589 5531 3685 5587 ubi
