4050 6188
458 267 525 319 99
1095 259 1486 314 WAI..-\Fltllll
1532 259 1775 314 STRABI
1822 259 2018 315 FULD.
2067 258 2223 314 ΜΟΝ.
2264 257 2412 312 OPP.
2459 257 2634 312 PARS
2673 256 2711 310 1.
2753 286 2821 296 -—
2858 258 3313 316 TllEOLOGICA.

3852 267 3964 320 100

455 374 666 446 supra.)
700 374 1023 443 interrogat
1046 371 1316 426 Dominus
1349 372 1506 438 Cain,
1539 387 1654 425 non
1696 353 1929 438 ignarus
1975 372 2038 422 ut
2067 369 2149 422 dio
2188 372 2226 424 Α
2266 370 2376 424 tius
2443 372 2618 440 patet.
2677 369 2998 424 Secundum
3060 372 3204 426 LXX.
3273 391 3299 422 α
3333 371 3528 426 Omnis
3557 372 3656 444 qui
3689 375 3958 429 occiderit

455 469 590 530 seat,
627 462 727 516 sed
750 462 924 532 judex
952 466 1017 514 ut
1073 461 1292 531 puniat.
1329 462 1515 531 Usque
1557 457 1722 512 hodie
1769 456 1969 520 Judaei,
2020 472 2148 510 cum

455 569 560 624 per
587 552 906 621 Scripturas
937 566 1035 604 eos
1064 549 1482 619 interrogamus
1514 548 1581 601 de
1623 545 1859 606 Christo,
1914 560 2148 614 respon-

457 643 594 696 dent
615 657 672 694 se
696 639 910 694 nescire
939 655 1067 708 qum
1096 638 1356 692 dicimus.
1393 635 1623 691 Mendax
1657 633 1793 688 Cain
1841 633 2146 703 ignoratio.

455 730 781 784 Judzeorum
813 733 900 781 est
950 727 1089 780 falsa
1111 726 1338 796 negatio
1374 742 1386 778 :
1419 728 1608 777 essent
1647 737 1778 775 vero
1813 721 2021 775 Christi
2051 737 2148 774 cu-

453 818 662 883 stodes,
695 817 739 870 si
770 816 937 870 corde
967 815 1263 868 crederent
1293 818 1347 866 et
1375 830 1472 866 ore
1503 812 1835 866 faterentur.

529 907 688 962 Vens.
727 908 810 960 tO.
845 935 914 945 —
948 923 975 955 α
1007 905 1118 956 Vox
1165 901 1480 972 sanguinis,
1515 920 1541 951 υ
1597 905 1701 954 ets.
1738 899 1942 967 Magna
1973 898 2149 952 virtus

445 995 706 1066 justitise,
739 1011 868 1065 quae
901 991 1203 1046 vindictam
1235 989 1452 1061 expetit
1483 1006 1584 1060 pro
1642 988 1922 1058 sanguine
1981 987 2146 1041 inno-

452 1085 649 1139 centis.

527 1174 688 1226 Vnus.
729 1174 810 1224 ll.
837 1198 911 1211 —
939 1192 965 1217 ‹‹
994 1169 1153 1222 Nunc
1206 1167 1381 1235 igitur
1431 1165 1766 1220 maledictus
1797 1165 1930 1235 eris,
1964 1185 1990 1218 ι)
2037 1170 2142 1218 etc.

451 1261 629 1331 (ΗΑΒ.)
666 1258 985 1312 Notandum
1016 1257 1166 1326 quod
1201 1256 1258 1308 in
1290 1260 1518 1324 peccato
1577 1254 1711 1308 Adae
1760 1259 1912 1308 terra
1971 1255 2143 1307 male-

450 1349 675 1402 dicitur.
709 1347 845 1402 Cain
895 1363 1026 1400 vero
1063 1344 1442 1407 maledicitur,
1493 1343 1627 1413 quia
1669 1343 1851 1396 sciens
1907 1343 2143 1396 damna-

451 1439 666 1492 tionem
704 1435 900 1507 primaa
941 1431 1442 1506 praevaricationis,
1484 1431 1860 1485 tratricidium
1906 1430 2139 1484 addidit.

520 1526 679 1588 Vnus.
708 1528 792 1579 Η.
823 1553 892 1563 -
920 1542 947 1574 ‹‹
1008 1524 1166 1576 Nunc
1197 1521 1371 1591 igitur
1405 1520 1737 1574 maledictus
1785 1519 1917 1588 eris,
1951 1539 1976 1570 ι)
2035 1526 2141 1573 etc.

451 1615 558 1669 Per
579 1615 764 1667 locum
789 1628 917 1682 quae
948 1612 1005 1664 in
1050 1612 1171 1664 loco
1199 1614 1334 1663 sunt
1362 1609 1791 1678 significantur;
1827 1608 1986 1679 quasi
2019 1623 2137 1661 ma~

449 1703 684 1757 ledictus
712 1701 821 1755 eris
847 1701 917 1754 ab
956 1701 1043 1754 his
1092 1700 1190 1770 qui
1222 1702 1357 1752 sunt
1387 1713 1560 1768 super
1591 1703 1824 1764 terram,
1881 1697 1980 1768 qui
2012 1714 2140 1766 ape-

449 1795 692 1846 ruerunt
719 1805 782 1844 os
813 1805 976 1842 suum
1038 1789 1093 1842 in
1153 1787 1506 1842 confessione
1559 1791 1945 1856 peccatorum,
1996 1785 2139 1838 acci—

449 1896 585 1951 pere
609 1879 971 1948 sanguinem,
1002 1877 1102 1949 qui
1157 1877 1370 1930 effusus
1399 1875 1458 1930 in
1488 1875 1886 1930 remissionem
1939 1891 2138 1928 eorum

445 1968 515 2024 de
550 1985 721 2023 manu
781 1965 1178 2038 persecutoris,
1229 1964 1327 2035 qui
1369 1965 1557 2018 noluit
1604 1979 1722 2018 esse
1777 1963 1881 2017 sub
1935 1964 2136 2031 gratia,

446 2058 541 2112 sed
567 2057 672 2110 sub
704 2060 850 2126 lege,
891 2061 956 2108 ut
983 2061 1130 2109 esset
1162 2053 1495 2108 maledictus
1540 2053 1610 2107 ab
1673 2052 1948 2107 Ecclesia:
2009 2068 2138 2123 qua:

445 2145 713 2215 intelligit
742 2151 797 2198 et
845 2144 1095 2198 ostendit
1127 2158 1246 2196 esse
1278 2141 1648 2196 maledictum
1681 2162 1692 2196 :
1749 2141 1848 2212 qui
1886 2141 2040 2196 enim
2073 2157 2136 2195 ex

447 2235 718 2306 operibus
746 2234 886 2304 legis
906 2239 1056 2297 sunt,
1085 2233 1190 2286 sub
1223 2231 1520 2285 maledicto
1549 2237 1697 2284 sunt.

516 2323 674 2378 Vens.
711 2325 792 2378 t2.
823 2353 888 2362 —-
918 2340 942 2373 ι
994 2321 1135 2378 Cum
1183 2326 1476 2390 operatus,
1511 2340 1538 2370 ι)
1601 2324 1713 2374 etc.
1778 2319 1861 2374 Ad
1892 2335 2134 2385 vocem,

443 2427 557 2466 non
589 2411 660 2465 ad
714 2411 1064 2465 intellectum
1097 2408 1160 2461 tit
1206 2407 1426 2475 relatio,
1461 2407 1597 2479 quia
1646 2406 1812 2460 aliter
1841 2407 1932 2460 hic
1961 2413 2132 2470 terra,

441 2501 610 2554 aliter
657 2515 828 2571 supra
877 2498 1152 2568 accipitur
1219 2513 1232 2552 :
1292 2497 1372 2552 ibi
1425 2513 1530 2567 pro
1577 2496 1836 2562 Ecclesia,
1892 2495 1985 2550 hic
2030 2512 2134 2566 pro

443 2587 774 2657 operatione
806 2591 1032 2639 terrena
1059 2600 1234 2655 quam
1272 2583 1456 2638 adhuc
1502 2583 1734 2638 Judmus
1787 2590 2044 2649 exercet;
2075 2583 2132 2638 id

438 2682 522 2730 est
548 2674 790 2730 carnalis
819 2673 1196 2738 circumcisio,
1225 2671 1452 2743 pascha,
1485 2671 1806 2740 sabbatum,
1840 2677 1896 2726 et
1923 2673 2132 2726 similia

439 2781 568 2836 quas
599 2764 811 2818 habent
840 2763 1117 2816 occultam
1173 2760 1440 2814 virtutem
1503 2760 1893 2831 intelligenda:
1933 2761 2131 2830 gratiae.

440 2854 560 2922 Dei,
592 2852 688 2907 sed
720 2868 834 2906 non
867 2851 1002 2906 dant
1027 2849 1237 2906 Iudaeis
1267 2849 1511 2904 fructum
1536 2848 1861 2903 nolentibus
1891 2852 2130 2902 transire

2260 458 2398 513 Cain
2429 465 2648 528 septem
2683 459 2957 513 vindictas
3000 460 3266 524 exsolvet,
3305 479 3332 509 ι»
3384 461 3440 515 id
3472 466 3574 527 est,
3608 463 3962 535 quicumque

2259 547 2404 601 tein
2458 551 2699 619 septima
2745 549 3116 618 generatione
3178 549 3466 618 occiderit,
3516 553 3767 606 exsolvet
3832 558 3888 607 te
3929 571 3961 608 a

2258 637 2509 690 cruciatu
2539 653 2642 707 per
2669 643 2932 702 mortem,
2975 637 3074 707 qui
3108 654 3288 708 usque
3327 638 3398 692 ad
3428 645 3653 712 tempus
3685 641 3824 696 illud
3868 659 3960 696 re-

2259 726 2565 779 servandus
2599 741 2657 778 es
2694 725 2750 778 in
2787 725 2918 790 vita,
2978 731 3199 780 tantum
3229 727 3299 780 ad
3349 743 3598 798 poenam,
3629 745 3758 800 quae
3789 747 3963 800 poena

2257 814 2368 868 cito
2414 814 2694 882 finiretur,
2718 813 2764 867 si
2815 815 2928 867 cito
2980 815 3306 868 interfectus
3366 833 3533 870 esses.
3593 819 3673 871 tta
3713 819 3812 887 qui
3856 820 3960 873 Ju-

2256 903 2408 958 dteos
2440 903 2644 956 visibili
2695 908 2882 957 morte
2914 904 3166 974 puniret,
3219 911 3434 974 septem
3471 905 3742 960 vindictas
3771 907 3844 960 ab
3875 909 3961 962 eis

2257 993 2528 1058 auferret,
2555 991 2763 1062 quibus
2789 991 3022 1062 obligati
3057 999 3188 1046 sunt
3217 999 3459 1063 propter
3508 1001 3728 1048 reatum
3786 997 3958 1050 occisi

2257 1081 2486 1147 Christi,
2516 1082 2652 1151 quia
2681 1081 2942 1134 miserias
2971 1087 3026 1134 et
3043 1081 3425 1152 dispersiones
3467 1099 3666 1137 eorum
3719 1084 3956 1139 leviaret

2255 1185 2397 1240 quas
2427 1169 2746 1239 patiuntur.

2332 1281 2350 1304 α
2388 1257 2585 1313 Omnis
2615 1257 2713 1329 qui
2743 1257 3009 1312 occiderit
3029 1257 3187 1323 Cain,
3233 1281 3254 1308 ι
3291 1265 3396 1314 etc.
3434 1259 3555 1313 LXX
3590 1276 3602 1314 :
3642 1287 3668 1308 ιι
3721 1265 3953 1331 Septem

2254 1346 2530 1399 vindictas
2605 1346 2880 1400 exsolvet.
2941 1365 2967 1397 ι)
3035 1347 3257 1418 Aquila.
3313 1367 3340 1398 α
3399 1348 3876 1419 septempliciter:
3923 1372 3949 1396 ››

2254 1435 2646 1504 Symmachus,
2699 1453 2726 1485 α
2776 1436 3091 1506 septulum;
3158 1454 3185 1486 ι)
3227 1435 3604 1503 Theodotion,
3656 1453 3760 1508 per
3810 1438 3951 1491 beb-

2254 1523 2554 1578 domadem
2589 1543 2616 1573 »
2649 1523 3102 1594 {interpretatum
3165 1523 3221 1578 in
3267 1541 3382 1595 quo
3429 1525 3780 1595 signiﬁcatur
3813 1527 3952 1596 quia

2252 1612 2349 1666 diu
2381 1617 2432 1665 et
2464 1612 2707 1682 perfecte
2737 1613 3025 1682 punietur,
3061 1628 3132 1666 ne
3162 1612 3288 1684 quis
3319 1613 3694 1668 homicidium
3740 1615 3952 1668 audeat

2252 1700 2477 1756 iterare.

2323 1809 2349 1838 α
2403 1789 2509 1854 Qui
2561 1789 2831 1843 occiderit
2876 1789 3034 1855 Cain,
3073 1810 3096 1838 ι
3143 1794 3249 1844 etc.
3305 1791 3588 1859 (HIERON.,

2255 1880 2498 1945 Damus.)
2530 1877 2586 1933 Si
2627 1878 2756 1949 quis
2804 1883 2857 1932 te
2889 1878 3258 1933 interliecerit
3291 1902 3313 1928 ι
3357 1879 3686 1950 septuplum
3738 1880 3944 1950 punie-

2248 1972 2355 2029 tur,
2390 1987 2417 2018 ι)
2452 1967 2508 2022 id
2539 1971 2643 2026 est.
2676 1966 3011 2037 gravissima
3047 1967 3264 2022 ultione
3307 1968 3580 2039 punietur
3611 1985 3624 2022 :
3677 1985 3792 2022 non
3840 1969 3945 2023 de—

2246 2055 2372 2110 buit
2403 2058 2571 2110 homo
2602 2055 2859 2110 occidere
2889 2071 3022 2110 eum
3054 2055 3144 2109 cui
3177 2056 3326 2110 Deus
3373 2057 3681 2111 reservavit
3741 2059 3942 2121 vitam,

2244 2146 2330 2199 vel
2362 2145 2430 2200 ad
2462 2161 2689 2216 poenam
2723 2143 2922 2215 ipsius,
2973 2145 3063 2199 vel
3105 2145 3176 2198 ad
3208 2146 3619 2199 correctionem
3675 2146 3918 2199 aliorum

2317 2255 2343 2283 ε
2378 2233 2482 2288 Sed
2513 2233 2700 2286 omnis
2725 2233 2824 2304 qui
2853 2233 3124 2286 occiderit
3151 2233 3309 2287 Cain.
3349 2255 3371 2282 ο
3403 2235 3579 2299 (1510.,
3603 2234 3699 2288 ubi
3725 2241 3940 2303 supra.)

2247 2323 2351 2377 Per
2379 2322 2634 2392 eclipsim
2670 2322 2994 2390 legendum.
3031 2327 3161 2381 etc..
3211 2338 3380 2392 usque
3424 2323 3498 2376 ad
3560 2329 3616 2376 et
3667 2323 3942 2393 impletur

2243 2409 2385 2465 illud
2419 2427 2431 2464 :
2469 2431 2495 2460 ‹ι
2533 2411 2804 2480 Disperge
2835 2409 2958 2464 illos
3015 2409 3075 2464 in
3121 2410 3328 2466 virtute
3380 2417 3478 2465 tua
3512 2413 3674 2476 (Psal.
3730 2413 3864 2480 Lm).
3910 2433 3936 2460 ι

2315 2499 2638 2569 (tlnnn.,ubi
2657 2499 2870 2568 supra.)
2921 2499 3083 2563 Quod
3114 2499 3320 2570 Aquila
3374 2500 3564 2570 posuit
3615 2522 3638 2549 ι
3695 2506 3937 2570 septem-

2241 2589 2484 2658 pliciter,
2523 2611 2543 2636 ο
2580 2593 2710 2656 etc.,
2741 2603 2909 2656 usque
2937 2587 3012 2641 ad
3040 2593 3096 2641 et
3117 2587 3332 2642 absolvi
3360 2593 3704 2646 mereretur.

2315 2697 2341 2728 α
2376 2675 2683 2746 Posuitque
2719 2675 2990 2730 Dominus
3039 2676 3172 2730 Cain
3225 2676 3476 2748 signum,
3515 2698 3535 2725 ι
3583 2683 3713 2752 ρῑοε,
3756 2678 3932 2749 (lsu).,

2241 2765 2438 2832 Quaest.
2471 2768 2524 2818 in
2559 2765 2710 2831 Gem,
2742 2771 2878 2818 tom.
2918 2764 3003 2834 V.)
3037 2765 3178 2819 Cum
3235 2781 3434 2820 omnes
3485 2770 3684 2836 gentes
3737 2783 3769 2821 a
3812 2768 3933 2821 Ro-

2240 2854 2426 2908 manis
2473 2853 2791 2924 subjugataa
2830 2854 3183 2908 transierunt
3243 2854 3302 2908 in
3359 2855 3500 2909 ritus
3531 2871 3757 2920 eorum,
3789 2872 3933 2925 gens

3655 1794 3814 1860 epist.
3872 1792 3949 1844 ad

434 2943 503 2996 ad
538 2941 843 2996 Christum.
879 2940 1067 2994 Potest
1094 2939 1149 2992 in
1181 2943 1331 2992 terra
1361 2954 1492 2993 caro
1529 2937 1735 2993 Christi
1783 2937 2051 3008 intelligi,
2080 2939 2132 2992 in
2175 2944 2212 2998 C
2243 2943 2458 3009 Iudaea,
2491 2942 2606 2996 sive
2636 2943 2739 2996 sub
2768 2942 3036 3012 gentibus
3051 2943 3164 2997 sive
3199 2944 3302 2998 sub
3325 2944 3659 2998 Christianis
3682 2945 3930 3016 regibus,

433 3047 547 3102 qua
573 3032 812 3084 salutem
845 3035 1096 3084 nostram
1137 3027 1320 3082 Judaai
1372 3026 1755 3097 crucifigendo
1807 3033 1941 3082 sunt
1987 3045 2125 3099 ope-

434 3119 556 3174 rati.
601 3140 628 3170 α
664 3120 916 3173 Mortuus
967 3122 1052 3172 est
1082 3115 1234 3170 enim
1263 3115 1510 3187 {propter
1564 3115 1770 3170 delicta
1825 3121 2036 3182 nostra,
2071 3122 2125 3171 et

432 3207 739 3262 resurrexit
769 3211 1001 3278 propter
1020 3204 1488 3276 justiticationem
1519 3209 1770 3258 nostram
1807 3221 1818 3259 :
1862 3226 1888 3254 ››
1949 3221 2120 3276 quem

430 3295 567 3367 quia
595 3299 976 3366 negaverunt,
1000 3292 1295 3362 justificati
1321 3309 1438 3348 non
1477 3297 1626 3346 sunt.

501 3404 528 3436 ι(
563 3386 748 3454 Vagus
795 3388 850 3438 et
902 3383 1199 3454 profugus,
1235 3400 1262 3432 ιι
1313 3386 1417 3436 etc.
1470 3380 1648 3451 (ISID.)
1709 3381 2002 3452 Dispersus
2062 3381 2119 3436 in

427 3473 713 3544 gentibus,
747 3471 1086 3542 profugusa
1121 3470 1488 3524 Hierusalem.
1545 3469 1667 3524 LXX
1727 3487 1744 3523 :
1797 3490 1823 3520 ς
1884 3486 2120 3540 gemens

425 3567 482 3616 et
500 3566 772 3616 tremens.
811 3582 833 3610 ιι
869 3561 1132 3625 Gemens,
1165 3559 1362 3613 dolore
1393 3558 1588 3612 amissi
1619 3557 1816 3628 regni;
1846 3565 2117 3627 tremens,

425 3649 790 3705 multitudine
815 3646 1125 3705 Christiani
1156 3647 1376 3718 pepuli,
1411 3663 1482 3700 ne
1525 3646 1819 3701 occideris.
1883 3667 1910 3697 ι(
1943 3647 2119 3716 Major

421 3743 506 3794 est
535 3737 810 3809 iniquitas
841 3753 988 3800 mea,
1018 3758 1039 3786 ι
1071 3741 1176 3790 etc.
1228 3736 1465 3806 Culpam
1497 3740 1822 3806 exaggerat,
1874 3737 1970 3790 sed
2021 3752 2116 3789 su-

420 3827 593 3898 perbe
623 3826 945 3893 conﬁtetur,
979 3841 1084 3880 nec
1111 3825 1337 3879 veniam
1371 3823 1609 3896 ﬂagitat.

492 3917 653 3970 Vens.
689 3919 866 3972 l3.—
926 3934 954 3965 α
1003 3914 1180 3984 Major
1229 3918 1316 3968 est
1349 3912 1622 3984 iniquitas
1683 3927 1835 3968 mea.
1883 3935 1903 3958 -
1942 3913 2111 3981 (lsm.)

420 4006 649 4060 Peccata
705 4003 951 4076 peccatis
990 4002 1262 4073 adjiciens
1317 4002 1600 4073 desperat,
1659 4017 1764 4055 nec
1821 4001 1994 4055 credit
2053 4017 2113 4056 se

418 4093 642 4149 veniam
671 4109 833 4164 posse
855 4091 1112 4164 adipisci,
1153 4089 1308 4162 quod
1340 4097 1425 4146 est
1462 4089 1818 4162 blasphemia
1868 4088 1929 4143 in
1981 4089 2112 4160 Spi-

416 4183 593 4238 ritum
625 4188 906 4248 sanctum,
941 4197 1070 4252 quae
1121 4196 1236 4234 non
1293 4179 1607 4234 remittitur
1666 4179 1724 4232 in
1768 4179 1877 4232 hoc
1904 4182 2110 4232 saccqu

419 4287 520 4324 nec
547 4270 604 4324 in
637 4271 828 4324 futuro
862 4287 875 4324 :
901 4270 1037 4340 quia
1067 4274 1232 4338 putat
1257 4269 1433 4322 Deum
1485 4273 1582 4322 aut
1613 4267 1765 4321 nolle
1797 4267 2107 4332 dimittere,

415 4364 515 4414 aut
540 4375 656 4413 non
696 4375 880 4429 posse,
912 4362 1189 4428 tanquam
1217 4361 1315 4410 aut
1367 4355 1560 4410 omnia
1616 4372 1732 4409 non
1765 4355 1964 4426 possit,
2014 4361 2112 4410 aut

415 4447 667 4502 invideat
695 4446 882 4501 saluti.
947 4446 1071 4500 Non
1103 4446 1282 4500 Deum
1315 4443 1419 4499 sibi
1470 4444 1680 4499 iratum
1733 4460 1904 4516 grave
1950 4449 2112 4516 putat

414 4535 513 4591 sed
540 4536 703 4591 timet
727 4552 795 4589 ne
827 4533 1156 4589 inveniatur
1183 4539 1242 4588 et
1265 4532 1576 4587 occidatur.

485 4625 642 4680 Vens.
681 4625 764 4679 14.
813 4652 882 4664 —-
937 4642 966 4674 α
1020 4623 1218 4678 Omnis
1274 4622 1452 4691 igitur
1501 4621 1600 4693 qui
1642 4621 1926 4675 invenerit
1946 4635 2106 4684 me,»

412 4717 518 4768 etc.
549 4711 785 4784 (Suum)
817 4709 960 4776 Quia
997 4727 1067 4766 ex
1114 4715 1362 4766 tremore
1411 4709 1664 4780 corporis
1696 4715 1753 4764 et
1797 4709 2108 4780 agitatione

415 4801 646 4857 furiose
681 4801 909 4867 mentis,
939 4799 1288 4871 quicumque
1332 4797 1610 4852 invenerit
1639 4814 1752 4866 me,
1804 4802 2110 4868 cognoscet

415 4906 509 4946 me
539 4906 700 4944 reum
728 4889 944 4944 mortis.

484 4979 648 5034 Vens.
689 4981 751 5033 l5
779 5007 848 5019 —
908 4999 930 5027 ι
969 4977 1344 5048 Nequaquam
1399 4975 1477 5030 ita
1506 4974 1622 5029 ﬁet.
1657 4994 1684 5026 an
1736 4975 1798 5028 ld
1831 4979 1936 5038 est,
1988 4990 2108 5029 non

415 5067 675 5122 morieris
701 5067 808 5122 cito
841 5066 986 5121 sicut
1016 5072 1074 5120 tu
1106 5066 1208 5133 vis,
1242 5082 1348 5136 pro
1379 5064 1631 5119 remedio
1675 5063 1758 5116 tui
1803 5063 2105 5128 cruciatus,

412 5157 509 5211 sed
543 5156 812 5228 punietur
833 5155 1296 5226 impersonaliter
1329 5171 1342 5209 :
1377 5153 1432 5208 id
1471 5157 1574 5218 est,
1609 5150 1834 5222 punitio
1889 5151 1987 5205 lict
2034 5153 2104 5205 de

411 5250 467 5300 te
488 5246 839 5317 septuplum,
873 5243 1009 5316 quia
1038 5243 1189 5298 vives
1218 5243 1278 5296 in
1326 5241 1578 5295 cruciatu
1609 5255 1792 5309 usque
1824 5237 1894 5292 ad
1926 5239 2104 5308 septi-

409 5349 565 5389 mam
617 5334 1078 5404 generationem,
1139 5333 1199 5386 in
1255 5347 1370 5402 qua
1421 5347 1454 5384 a
1501 5328 1742 5384 Lamech
1799 5325 2101 5394 occideris;

409 5438 548 5494 ergo
589 5423 776 5476 omnis
828 5421 928 5494 qui
973 5421 1266 5488 occiderit,
1319 5418 1579 5479 subaudi.
1636 5416 1898 5472 liberabit
1948 5421 2002 5470 te
2033 5416 2104 5472 ab

411 5511 508 5568 illo
537 5510 792 5566 cruciatu
845 5510 1007 5565 male:
1062 5507 1443 5563 conscientiw.
1499 5507 1597 5562 llic
1647 5521 1847 5561 sensus
1876 5505 2102 5561 eviden-

2236 3048 2352 3086 non
2407 3030 2642 3103 reliquit
2696 3032 2922 3102 signum
2963 3031 3429 3096 circumcisionis,
3467 3038 3524 3087 et
3560 3033 3800 3088 carnalis
3829 3035 3930 3088 ob-

2234 3119 2554 3188 servantim,
2615 3124 2747 3188 etc.,
2804 3135 2973 3190 usque
3020 3121 3109 3175 ad-
3149 3121 3245 3175 ubi
3282 3121 3570 3193 plantatus
3626 3125 3711 3176 est
3767 3139 3927 3194 para-

2233 3209 2408 3264 disus.

2305 3320 2326 3346 ι
2365 3296 2644 3352 Habitavit
2673 3295 2732 3350 in
2761 3301 2908 3351 terra
2943 3297 3010 3351 ad
3045 3297 3384 3353 orientalem
3428 3299 3655 3370 plagam
3691 3299 3863 3353 Eden.
3900 3323 3918 3345 -

2229 3387 2390 3453 (HIER
2421 3428 2434 3453 ,
2492 3387 2589 3440 ubi
2639 3387 2850 3455 supra.)
2906 3387 3028 3441 LXX
3063 3403 3075 3441 :
3140 3408 3160 3434 ι
3199 3387 3482 3442 Habitavit
3514 3389 3575 3442 in
3608 3394 3757 3442 terra
3779 3383 3926 3439 Ναῖὸ

2228 3475 2390 3540 Naid,
2416 3475 2474 3529 in
2509 3474 2741 3528 Hobrmo
2800 3486 2901 3534 ἨΞ
2936 3475 3082 3543 (nod)
3115 3475 3340 3537 dicitur,
3385 3477 3438 3530 id
3481 3483 3586 3541 est,
3642 3475 3926 3529 instabilis

2225 3569 2281 3618 et
2309 3564 2608 3618 fluctuans.
2645 3570 2701 3617 et
2732 3566 2961 3618 incertze
2991 3564 3139 3618 sedis
3197 3565 3318 3618 Non
3351 3570 3434 3618 est
3464 3570 3614 3619 terra
3665 3564 3826 3630 Naid,
3861 3570 3925 3618 ut

2223 3653 2429 3721 vulgus
2453 3656 2710 3706 nostrum
2727 3657 2914 3723 putat,
2939 3653 3032 3706 sed
3062 3653 3322 3722 expletur
3343 3654 3640 3719 jsententia
3674 3653 3922 3722 Domini,

2222 3739 2358 3794 dum
2392 3740 2502 3793 huc
2528 3740 2847 3811 atqueilluc
2879 3740 3152 3810 profugus
3184 3739 3425 3796 aberrat.

2294 3829 2450 3882 Vens.
2515 3831 2597 3882 l7.
2673 3857 2742 3867 —
2804 3849 2825 3875 ι
2883 3828 3160 3898 Cognovit
3215 3833 3407 3882 autem
3487 3829 3629 3883 Cain
3687 3845 3921 3883 uxorem

2226 3939 2248 3966 ι
2281 3932 2463 3971 suam.
2493 3936 2514 3962 ι
2553 3916 2729 3983 (1510.,
2761 3915 2920 3980 ibid.)
2954 3916 3216 3985 Figurate
3248 3917 3552 3986 progenies
3584 3917 3920 3987 impiorum,

2219 4005 2278 4059 in
2312 4005 2433 4076 ipsa
2473 4003 2672 4058 mundi
2700 4003 2920 4073 origine
2953 4003 3387 4059 fundamentum
3419 4021 3704 4076 querens,
3730 4006 3784 4059 in
3816 4006 3922 4059 hac

2219 4093 2333 4146 vita
2379 4092 2666 4147 civitatem
2702 4092 2982 4146 exstruxit
3010 4109 3181 4163 quam
3214 4094 3434 4147 vocavit
3480 4095 3730 4160 Henoch,
3762 4095 3916 4165 quod

2221 4182 2630 4252 interpretatur
2655 4181 2948 4247 dedicatio,
2991 4182 3125 4252 quia
3157 4181 3211 4235 in
3244 4182 3582 4252 primordiis
3634 4183 3917 4249 dedicant,

2220 4272 2357 4325 dum
2382 4271 2438 4323 in
2463 4270 2568 4324 hac
2593 4269 2706 4323 vita
2740 4286 2867 4340 quas
2897 4275 3027 4324 ante
3088 4276 3192 4335 est,
3230 4271 3484 4324 radicem
3538 4272 3724 4325 cordis
3753 4272 3916 4342 plan-

2217 4363 2358 4426 taut,
2395 4363 2453 4411 ut
2488 4357 2578 4411 hic
2628 4358 2694 4412 ad
2745 4363 2940 4411 votum
2995 4358 3258 4423 ﬂoreant,
3305 4364 3361 4413 et
3409 4377 3442 4413 a
3495 4361 3686 4414 futura
3733 4360 3919 4430 gloria

2216 4451 2489 4501 arescant.
2551 4445 2836 4500 Abraham
2892 4462 3026 4500 vero
3057 4448 3114 4500 in
3147 4448 3354 4501 casulis
3411 4448 3725 4513 habitabat,
3777 4449 3917 4519 quia

2216 4533 2392 4588 sancti
2437 4534 2690 4605 hospites
2756 4539 2814 4588 et
2871 4536 3203 4606 peregrinos
3251 4553 3308 4590 se
3363 4553 3486 4591 esse
3542 4543 3913 4608 cognoscunt,

2215 4628 2604 4694 exspectantes
2634 4622 2918 4679 civitatem
2975 4624 3284 4680 habentem
3318 4625 3756 4680 fundamentum
3813 4642 3910 4680 cu-

2207 4711 2303 4783 jus
2334 4711 2536 4764 artifex
2569 4711 2716 4765 Deus
2746 4716 2847 4765 est.

2288 4800 2403 4853 «Et
2430 4798 2731 4852 aedificavit
2765 4799 3070 4860 civitatem.
3111 4821 3136 4851 η
3169 4806 3274 4856 etc.
3331 4803 3512 4870 (Ane.,
3572 4802 3670 4859 lib.
3727 4820 3796 4856 xv
3845 4803 3909 4857 de

2215 4888 2464 4953 Civitale,
2493 4903 2616 4957 cap.
2651 4890 2702 4947 8.
2737 4892 2874 4942 tom.
2917 4888 3011 4942 νη
3043 4892 3060 4956 )
3097 4889 3386 4954 Quaeritur
3423 4890 3632 4961 quibus
3680 4891 3907 4961 adjuto-

2213 4976 2370 5030 ribus
2429 4991 2552 5028 eam
2613 4975 3000 5040 aedificaverit,
3033 4977 3079 5030 si
3113 4978 3302 5047 plures
3345 4979 3608 5033 homines
3637 4996 3752 5033 non
3783 4981 3908 5034 fue-

2216 5066 2332 5118 rint
2363 5079 2536 5134 quam
2575 5063 2866 5133 Scriptura
2923 5065 3077 5119 dicit.
3130 5066 3234 5120 Sed
3280 5067 3574 5122 sciendum
3615 5074 3696 5120 est
3728 5068 3908 5121 multo

2213 5154 2404 5224 plures
2431 5152 2602 5205 fuisse
2633 5157 2790 5219 tunc,
2824 5152 2961 5224 quia
3006 5153 3100 5207 diu
3137 5155 3378 5210 vivendo
3432 5156 3624 5226 plures
3653 5161 3912 5227 poterant

2212 5256 2505 5311 generare.
2553 5240 2664 5294 Nec
2696 5239 2929 5309 mirum,
2970 5257 3098 5295 cum
3133 5242 3236 5297 ﬁlii
3297 5245 3466 5298 Israel
3515 5261 3619 5316 per
3646 5245 3911 5316 quadrin-

2214 5333 2415 5400 gentos
2439 5345 2622 5382 annos
2652 5329 2731 5383 sic
2761 5330 3128 5402 multiplicati
3158 5330 3446 5403 leguntu'r,
3481 5339 3546 5388 ut
3581 5350 3693 5388 non
3732 5333 3911 5406 possit

2212 5416 2504 5473 numerari
2535 5417 2834 5472 exercitus.

2281 5507 2438 5562 Vens.
2467 5509 2550 5564 t8.
2582 5537 2649 5548 -—
2699 5526 2727 5560 α
2782 5509 2951 5564 Porro
3007 5509 3220 5577 Enoch,
3259 5529 3281 5558 ι
3318 5513 3419 5565 etc.
3478 5510 3753 5583 (Ηιειωα.)
3786 5509 3902 5564 Non
