4086 6190
196 245 282 299 lOl
1354 245 1609 302 GLOSSA
1646 248 2058 308 ORDINARIA.
2107 283 2168 291 —-
2214 253 2340 309 LIB.
2384 255 2543 311 CEN.

3602 266 3707 319 102

186 368 249 420 de
276 366 551 420 omnibus
586 365 677 420 his
710 370 863 420 certa
893 366 1163 437 mysteria
1185 367 1614 438 exsculpuntur,
1674 387 1776 424 nec
1806 371 1892 425 in-
1936 375 1971 428 Α
2008 381 2250 443 gnatur;
2290 393 2419 447 quia
2451 382 2640 432 tamen
2692 377 2751 433 in
2790 380 3093 451 Evangelio
3142 384 3442 454 pmnitenti
3491 385 3704 442 dimitti

187 455 536 519 venirentur,
573 455 687 509 nisi
720 455 880 527 prius
910 456 1173 526 quaedam
1212 456 1427 511 radices
1459 457 1712 512 historia:
1734 460 1890 529 jace-

186 549 424 607 rentur;
455 559 559 596 nec
587 543 656 597 de
690 544 865 598 ramis
908 544 1176 598 arborum
1224 544 1441 599 fructus
1487 546 1726 617 legeres,
1779 548 1890 602 nisi

187 639 421 684 truncos
447 638 616 686 antea
648 632 983 703 plantasses.

251 721 421 774 Vens.
483 723 568 775 19.
634 751 703 760 -
756 741 782 773 α
840 721 947 785 Qui
1001 722 1217 792 accepit
1270 722 1411 777 duas
1441 739 1665 790 uxores,
1713 743 1739 775 ι)
1780 732 1888 781 etc.

186 809 363 873 (lsm.,
399 815 461 863 ut
515 816 725 878 supra.)
795 810 1119 864 Notandum
1153 812 1303 880 quod
1370 813 1765 881 generationes
1820 815 1891 867 ab

186 902 363 951 Adam
391 914 495 968 per
524 898 660 951 Cain
693 898 1015 952 undenario
1047 899 1451 967 terminantur,
1482 901 1538 953 in
1572 917 1684 971 quo
1715 907 1885 955 trans

184 986 409 1055 gressio
470 988 756 1057 signatur.
850 988 1090 1041 Lamech
1146 1004 1396 1058 namque
1466 990 1742 1059 septimus
1807 998 1892 1044 est

183 1076 271 1128 cui
302 1082 423 1128 tres
462 1076 567 1129 ﬁlii
599 1082 787 1128 etuna
812 1075 926 1128 lilia
952 1074 1262 1143 adduntur,
1300 1083 1360 1129 ut
1401 1076 1752 1131 undenarius
1782 1079 1888 1132 im-

185 1165 436 1233 pleatur,
466 1179 572 1233 per
601 1180 773 1234 quem
814 1169 1105 1234 peccatum
1139 1164 1495 1234 signiﬁcatur
1526 1183 1538 1220 :
1574 1182 1708 1219 nam
1756 1175 1810 1220 et
1858 1184 1891 1220 a

188 1252 405 1305 femina
427 1252 716 1305 clauditur
739 1252 1057 1322 generatio,
1090 1269 1219 1323 quae
1257 1253 1486 1307 initium
1539 1256 1751 1323 peccati
1786 1256 1892 1308 fuit

188 1356 288 1410 per
320 1341 483 1410 quod
517 1342 772 1410 voluptas
810 1342 1019 1407 carnis,
1052 1358 1180 1412 quae
1205 1342 1663 1412 resistitspiritui
1731 1344 1887 1396 Unde

188 1430 407 1483 Noema
476 1435 730 1495 vocatur,
776 1430 829 1483 id
885 1434 987 1491 est,
1026 1431 1294 1498 voluptas.
1353 1431 1411 1483 In
1469 1432 1571 1484 hac
1616 1433 1887 1501 progenie

186 1518 436 1571 Lamech
466 1518 690 1588 primus
720 1522 921 1573 contra
952 1534 1193 1588 morem,
1236 1524 1434 1573 contra
1467 1525 1753 1586 naturam,
1789 1536 1891 1590 per

185 1606 508 1677 bigamiam
544 1606 890 1660 adulteruim
914 1607 1220 1661 commisit.

259 1697 423 1749 Vens.
460 1698 549 1749 20.
585 1724 654 1737 --
688 1717 715 1745 ‹‹
746 1696 1066 1766 Genuitque
1122 1696 1245 1751 Ada
1272 1696 1453 1764 Jabel,
1488 1716 1512 1746 ι)
1554 1702 1658 1751 etc.
1710 1697 1889 1766 (ιιιειι.

187 1787 242 1838 in
277 1790 477 1853 quaest.
513 1784 704 1853 Hebr.)
742 1785 817 1838 De
851 1784 1099 1854 bigamia
1148 1785 1401 1838 nascitur
1428 1786 1581 1839 Jabel
1626 1786 1895 1839 habitans

186 1875 243 1927 in
272 1873 569 1942 tentoriis,
600 1889 728 1943 quae
780 1874 1074 1926 mutabilia
1103 1873 1535 1928 instabilitatem
1588 1890 1789 1928 eorum
1822 1875 1893 1929 ti-

187 1962 556 2032 gurant,qui
614 1962 1096 2015 circumferuntur
1150 1963 1310 2015 omni
1369 1968 1536 2017 vento
1595 1964 1890 2018 doctrinae.

191 2051 454 2103 Nascitur
481 2057 538 2103 et
593 2050 792 2115 Tuba],
836 2050 935 2121 qui
967 2049 1232 2104 inventor
1270 2051 1523 2118 musicae,
1564 2057 1694 2119 etc.,
1728 2066 1896 2121 usque

190 2138 257 2192 ad
280 2140 433 2192 sicut
462 2139 645 2203 Jabel,
679 2139 858 2193 Tubal
892 2145 947 2191 et
973 2139 1298 2194 Tubalcain.

257 2229 416 2281 Vsus.
454 2229 541 2281 2t.
584 2257 649 2267 —
680 2248 706 2275 ι
745 2228 803 2281 Et
835 2244 1041 2281 nomen
1066 2229 1257 2281 fratris
1284 2229 1406 2298 ejus
1426 2229 1611 2284 Jubal.
1647 2249 1673 2280 ι)
1706 2230 1891 2299 (ΗΑΒ.)

189 2317 347 2371 Hunc
379 2316 583 2370 scribit
627 2317 910 2386 .losephus
943 2317 1217 2370 musicam
1256 2318 1546 2388 scripsisse
1586 2318 1644 2371 in
1674 2318 1894 2372 duabus

184 2405 498 2467 columnis,
548 2421 663 2458 una
711 2404 948 2474 lapidea,
1004 2408 1178 2459 altera
1205 2406 1474 2469 latericia,
1522 2407 1892 2477 quarumlal-

186 2501 301 2547 tera
328 2510 452 2547 non
485 2493 896 2547 dissolveretur
925 2493 1163 2554 diluvio.
1218 2494 1395 2548 altera
1447 2510 1576 2564 quae
1627 2510 1743 2548 non
1788 2496 1897 2549 sol-

186 2588 417 2635 veretur
463 2581 731 2635 incendio
767 2598 779 2636 :
813 2597 940 2652 quia
989 2582 1104 2636 duo
1146 2582 1368 2652 judicia
1421 2582 1602 2637 Adam
1657 2588 1896 2637 ventura

190 2671 558 2742 praedixerat.

258 2761 425 2813 Vens.
462 2762 552 2812 22.
588 2788 721 2812 —...
768 2780 790 2808 ι
845 2758 1174 2812 Tubalcain.
1211 2758 1394 2829 (liae)
1443 2758 1549 2823 Qui
1579 2760 1895 2813 secundum

187 2849 507 2919 Josephum
554 2864 643 2901 res
702 2847 927 2900 bellicas
977 2849 1243 2910 exercuit,
1300 2854 1357 2901 et
1400 2848 1667 2901 decenter
1709 2856 1892 2902 artem

192 2938 495 2991 ferrariam
520 2935 743 3002 docuit;
777 2935 1040 3006 quaedam
1084 2935 1257 2989 etiam
1290 2952 1419 3008 quae
1475 2937 1543 2990 ad
1593 2938 1889 2991 oculorum
1920 2938 1957 2993 C

189 3026 484 3097 pertinent
507 3026 1044 3095 concupiscentiam,
1083 3024 1313 3080 invenit.

262 3115 425 3168 Vens.
461 3116 558 3168 23.
605 3142 674 3153 -
732 3135 754 3160 ι
821 3113 1085 3184 Dixitque
1141 3114 1401 3181 Lamech,
1455 3134 1484 3165 ι)
1534 3119 1645 3169 etc.
1712 3115 1891 3186 (ΗΑΒ.)

188 3203 365 3257 Aiunt
401 3202 630 3256 Hebraei
685 3201 926 3255 Lamech
973 3202 1071 3255 diu
1120 3202 1359 3256 vivendo
1414 3202 1721 3272 caliginem
1764 3220 1894 3258 ocu-

189 3293 378 3344 lorum
412 3290 743 3358 incurrisse,
777 3294 833 3343 et
862 3289 1279 3343 adolescentem
1312 3290 1514 3343 ducem
1536 3296 1590 3344 et
1612 3297 1891 3345 rectorem

188 3380 414 3433 itineris
471 3378 753 3433 habuisse.
822 3378 1092 3431 Exercens
1135 3393 1273 3447 ergo
1305 3378 1691 3443 venationem,
1724 3381 1893 3449 sagit-

189 3478 301 3523 tam
323 3468 536 3521 direxit
598 3483 713 3537 quo
763 3465 1088 3519 adolescens
1141 3466 1434 3532 indicavit,
1468 3482 1715 3538 casuque
1751 3468 1891 3523 Cain

188 3561 339 3611 inter
358 3557 571 3610 fruteta
625 3556 894 3609 latentem
923 3554 1235 3621 interfecit;
1273 3559 1329 3608 et
1358 3555 1466 3608 hoc
1496 3560 1581 3608 est
1608 3556 1760 3626 quod
1800 3555 1889 3610 di-

185 3648 302 3700 cit:
340 3667 369 3693 ιι
401 3644 593 3700 Occidi
636 3644 823 3697 virum
879 3644 937 3697 in
986 3645 1190 3698 vulnus
1240 3659 1450 3707 meum,
1493 3665 1513 3691 ι
1562 3644 1616 3697 id
1650 3650 1734 3698 est
1762 3644 1886 3698 vul-

187 3751 327 3789 nera
351 3733 509 3805 quod
538 3732 696 3786 inﬁxi
744 3748 857 3786 non
892 3732 1132 3786 bestiam
1184 3733 1281 3787 sed
1335 3732 1625 3787 hominem
1676 3732 1886 3800 occidi;

189 3823 344 3877 unde
371 3828 424 3875 et
459 3821 651 3875 furore
679 3836 947 3874 accensus
977 3820 1184 3874 occidit
1210 3821 1647 3875 adolescentem.

263 3912 430 3965 Vens.
488 3911 578 3964 23.
628 3940 766 3964 ——...
817 3927 844 3959 α
900 3908 1087 3963 Occidi
1135 3909 1345 3978 virum,
1399 3932 1425 3959 ››
1487 3915 1591 3964 etc.
1644 3910 1886 3980 (Smne)

191 4002 252 4056 ld
282 4006 371 4054 est
392 3998 532 4053 Cain
566 4014 580 4052 :
633 4020 654 4047 ι
684 3998 743 4051 in
772 3999 978 4051 vulnus
1006 4013 1218 4063 meum,
1251 4016 1277 4048 ιο
1310 3998 1446 4069 quia
1467 4014 1571 4067 pro
1617 3999 1715 4053 illo
1757 4000 1884 4053 vul-

189 4089 459 4154 nerabor,
494 4088 548 4141 id
580 4091 683 4151 est,
720 4087 979 4151 occidar;
1018 4107 1044 4133 ‹‹
1098 4090 1153 4140 et
1193 4087 1683 4145 adolescentulum
1738 4088 1796 4141 in
1833 4087 1889 4142 li-

187 4194 384 4231 vorem
416 4192 631 4240 meum,
665 4194 691 4225 »
726 4174 858 4246 quia
888 4190 991 4244 pro
1013 4174 1111 4228 illo
1133 4190 1362 4244 quoque
1392 4175 1727 4232 damnabor.

257 4269 425 4321 Vens.
480 4266 568 4319 24.
628 4292 696 4304 -
744 4283 771 4314 α
843 4264 1179 4333 Septuplum
1238 4262 1380 4316 ultio
1408 4262 1708 4329 dabitur,»
1776 4268 1881 4321 etc.

185 4356 359 4425 (Am)
400 4354 721 4419 Allegorice.
781 4352 1079 4404 Peccatum
1142 4350 1384 4404 Lamech
1424 4349 1549 4420 (qui
1603 4350 1884 4422 interpre-

183 4450 339 4498 tatur
369 4443 711 4500 humiliatus)
768 4438 1053 4509 signiﬁcat
1093 4437 1469 4508 dejectionem
1522 4438 1761 4493 humani
1790 4457 1885 4509 ge-

183 4534 335 4587 neris
373 4530 530 4601 quod
558 4527 966 4600 praevaricante
1014 4527 1192 4580 Adam
1245 4525 1481 4591 corruit,
1510 4542 1613 4581 nec
1668 4544 1771 4598 per
1816 4529 1884 4581 le-

181 4638 310 4690 gem
350 4621 441 4673 vel
473 4634 579 4689 per
633 4614 1147 4683 circumcisionem,
1191 4631 1292 4669 nec
1352 4631 1455 4685 per
1501 4633 1663 4671 suam
1704 4616 1883 4687 justi-

182 4713 320 4764 tiam
374 4722 615 4777 surgere
666 4703 868 4776 potuit,
907 4703 1088 4757 donec
1120 4708 1247 4773 post
1284 4704 1643 4774 septuaginta
1664 4710 1881 4775 septem

180 4797 590 4870 generationes
621 4792 933 4847 secundum
967 4793 1169 4846 Lucam
1218 4792 1473 4845 Christus
1511 4791 1572 4863 in
1603 4793 1881 4847 mundum

180 4888 442 4951 veniens,
477 4883 757 4937 etfusione
797 4880 1097 4952 sanguinis
1127 4885 1422 4952 peccatum
1456 4880 1690 4946 delevit;
1733 4881 1882 4935 unde

178 4977 378 5033 Matth.
412 4990 546 5028 xvm
577 4989 590 5026 :

246 5086 275 5118 ι
312 5066 441 5121 Non
466 5062 597 5117 dico
620 5059 723 5115 tibi
752 5058 981 5130 septies,
1040 5058 1138 5112 sed
1192 5073 1374 5129 usque
1409 5057 1735 5128 septuagies
1788 5074 1883 5111 se-

178 5156 343 5228 pties,
373 5176 396 5200 ο
425 5154 534 5207 hoc
565 5155 670 5214 est,
701 5149 965 5203 Judaeum
1014 5146 1407 5217 recipiendum
1451 5161 1574 5200 esse
1622 5150 1753 5217 post
1789 5162 1880 5199 se-

178 5244 483 5313 ptuaginta
516 5244 737 5309 septem
784 5236 1082 5300 vindictas,
1138 5236 1183 5288 si
1215 5234 1540 5305 resipuerit,
1572 5239 1629 5289 et
1675 5235 1883 5290 Christi

178 5329 610 5401 indulgentiam
669 5325 982 5390 quaesierit.
1028 5323 1396 5394 Septenarius
1453 5323 1881 5380 universitatem

176 5422 467 5492 signiﬁcat
495 5437 513 5472 :
539 5431 646 5488 per
666 5430 839 5488 quem
871 5414 1042 5468 ducto
1103 5412 1423 5468 undenario
1468 5412 1532 5466 tit
1579 5418 1880 5484 septuage-

179 5512 371 5567 narius
394 5506 699 5582 septimus,
732 5503 790 5560 in
836 5518 951 5575 quo
1010 5501 1340 5558 omnimoda
1385 5500 1758 5572 transgressio
1801 5501 1878 5556 si-

2005 464 2359 533 praecipitur.

2075 554 2362 619 (lllERON.,
2389 556 2547 623 epist.
2590 556 2664 609 ad
2694 559 2930 625 Damus.)
2983 559 3161 613 Aiunt
3208 560 3278 614 ab
3308 562 3487 616 Adam
3520 580 3700 635 usque

2003 639 2069 693 ad
2095 640 2379 695 Christum
2433 644 2829 712 generationes
2887 662 3006 699 esse
3065 650 3432 718 septuaginta
3480 658 3697 721 septem

2002 730 2312 783 secundum
2378 732 2604 787 Lucam.
2665 733 2816 787 Sicut
2869 750 3005 803 ergo
3043 736 3282 806 septima
3325 740 3697 807 generatione

2003 824 2296 885 peccatum
2329 820 2465 874 Cain
2517 822 2764 875 solutum
2796 829 2919 877 est:
2957 844 2981 871 α
3022 825 3143 877 Non
3208 826 3360 880 enim
3419 827 3698 896 iudicabit

2006 908 2149 961 Deus
2178 907 2263 960 bis
2294 908 2351 960 in
2382 908 2653 977 idipsum,
2688 928 2713 961 ι
2749 916 2803 962 et
2843 912 2942 981 qui
2990 914 3162 966 semel
3216 916 3430 984 recepit
3486 916 3545 969 in
3587 916 3701 970 vita

2001 1012 2121 1060 sua,
2150 1012 2266 1048 non
2316 997 2544 1050 eosdem
2600 999 2880 1052 cruciatus
2931 1001 3179 1068 patietur
3211 1002 3269 1056 in
3303 1011 3488 1059 morte
3551 1021 3695 1075 quos

2001 1098 2201 1153 passus
2240 1089 2325 1137 est
2355 1084 2413 1137 in
2447 1085 2557 1137 \ita
2584 1101 2685 1139 sua
2716 1103 2729 1139 :
2766 1088 2840 1140 ita
2871 1093 2927 1141 et
2961 1088 3221 1153 Lamech,
3254 1090 3309 1144 id
3363 1097 3466 1157 est,
3516 1092 3694 1145 totius

2003 1171 2205 1225 mundi
2231 1180 2549 1242 peccatum,
2582 1174 2786 1227 Christi
2816 1176 3064 1229 solvetur
3088 1177 3360 1231 adventu.
3403 1178 3703 1233 Referebat

2004 1258 2143 1312 mihi
2197 1261 2430 1330 quidam
2483 1262 2749 1316 Hebraeus
2797 1265 3157 1334 septuaginta
3214 1272 3433 1336 septem
3481 1268 3701 1321 animus

2002 1348 2183 1400 exisse
2214 1348 2281 1401 de
2314 1350 2570 1415 Lamcch,
2608 1366 2735 1419 quae
2765 1352 3247 1407 omnesinteriere
3280 1354 3515 1408 diluvio.

2078 1436 2233 1488 Vens.
2267 1438 2354 1490 25.
2387 1466 2455 1477 —
2507 1456 2532 1487 α
2583 1439 2856 1508 Cognovit
2882 1456 3108 1509 quoque
3140 1442 3345 1510 adhuc,
3380 1463 3405 1491 ι
3438 1448 3542 1497 etc.
3596 1446 3701 1499 Per

2002 1523 2154 1582 Seth.
2212 1525 2310 1595 qui
2369 1525 2779 1596 interpretatur
2837 1532 3179 1596 resurrectio,
3260 1531 3520 1600 signatur
3588 1534 3700 1588 vita

1938 1656 1975 1711 Β
2005 1612 2211 1667 Christi
2233 1629 2299 1667 ex
2342 1616 2626 1669 mortuis:
2681 1616 2830 1685 quod
2880 1617 2937 1668 in
2991 1617 3174 1670 verbis
3232 1620 3430 1673 matris
3479 1622 3696 1692 signiti-

2005 1707 2207 1755 catur:
2246 1724 2266 1750 ι
2307 1702 2500 1756 Posuit
2529 1704 2671 1757 mihi
2706 1704 2975 1758 Dominus
3005 1721 3202 1760 semen
3256 1708 3431 1773 aliud,
3464 1728 3491 1759 ιι
3535 1711 3697 1780 quasi

2006 1791 2153 1843 dicat
2172 1791 2415 1845 Ecclesia
2452 1792 2625 1855 :Qum
2652 1792 2864 1846 luctum
2907 1794 3115 1862 pertuli
3173 1794 3242 1848 de
3274 1800 3518 1861 mortuo,
3553 1813 3695 1868 gau—

2006 1878 2112 1931 deo
2144 1879 2211 1931 de
2242 1880 2597 1933 resuscitato.

2078 1968 2233 2022 Vens.
2276 1970 2365 2022 26.
2399 1997 2466 2007 —
2488 1987 2515 2018 α
2546 1968 2723 2031 Quem
2760 1968 2975 2022 vocavit
3008 1970 3171 2036 Enos,
3200 1992 3227 2019 υ
3257 1976 3392 2035 etc.,
3430 1974 3572 2027 Enos
3602 1972 3697 2027 in-

2002 2061 2352 2125 terpretatur
2382 2058 2533 2111 homo
2568 2074 2581 2111 :
2621 2080 2639 2104 α
2685 2058 2783 2128 qui
2834 2060 3006 2128 coepit
3045 2060 3309 2116 invocare
3346 2079 3555 2116 nomen
3591 2064 3697 2117 Do-

2006 2145 2211 2214 mini,»
2237 2146 2373 2216 quia
2403 2162 2505 2216 per
2550 2153 2796 2200 mortem
2864 2148 3093 2213 Christi,
3148 2167 3318 2220 quam
3358 2151 3701 2221 signiﬁcavit

2002 2233 2161 2296 Abel,
2215 2238 2272 2287 et
2310 2249 2412 2304 per
2456 2236 2949 2300 resurrectionem,
2997 2253 3170 2307 quam
3217 2239 3499 2308 significat
3541 2241 3694 2295 Seth.

2005 2321 2067 2374 fit
2128 2323 2301 2376 homo
2350 2324 2624 2377 conﬁtens
2688 2324 2992 2380 Dominum
3049 2327 3426 2397 conditorem,
3461 2335 3518 2383 et
3568 2331 3698 2386 vitm

2004 2411 2243 2481 perditae
2274 2418 2683 2482 reparatorem.

2078 2497 2355 2569 (Ηιειιοκ.)
2391 2519 2415 2551 α
2452 2501 2628 2565 Quem
2671 2502 2887 2556 vocavit
2941 2503 3107 2557 Enos.
3151 2522 3178 2554 io
3230 2504 3376 2558 Enos
3420 2505 3698 2578 interpre-

2004 2592 2160 2641 tatur
2188 2589 2361 2656 homo,
2383 2590 2482 2659 qui
2510 2609 2536 2639 «
2574 2589 2753 2660 ’cospit
2782 2592 3044 2645 invocare
3101 2607 3313 2647 nomen
3373 2595 3596 2650 Domini
3629 2614 3641 2651 :
3670 2618 3695 2647 ι)

2005 2676 2149 2729 sicut
2172 2678 2349 2730 Adam
2389 2678 2540 2731 homo
2582 2680 3007 2749 interpretatur,
3041 2680 3117 2733 ita
3147 2681 3319 2735 etiam
3363 2683 3509 2737 Enos
3534 2684 3699 2755 juxta

2008 2765 2337 2819 ilebraicam
2378 2767 2674 2821 veritatem
2697 2768 2870 2834 homo,
2897 2769 2980 2821 vel
3018 2771 3133 2834 vir;
3166 2774 3224 2822 et
3253 2772 3511 2840 pulchre,
3559 2775 3695 2844 quia

2004 2854 2462 2908 liocvocabulum
2495 2856 2714 2921 habuit,
2747 2856 2960 2910 dictum
3002 2862 3086 2911 est
3115 2858 3250 2928 quia
3304 2858 3534 2915 initium
3592 2862 3698 2917 fuit

2002 2949 2139 2997 tunc
2178 2942 2476 2997 invocandi
2507 2959 2718 2997 nomen
2764 2944 3037 2997 Domini:
3095 2945 3224 2999 licet
3272 2948 3533 3018 plerique
3584 2950 3694 3003 He-

2004 3031 2291 3085 brmorum
2330 3031 2684 3085 arbitrantur
2707 3032 2862 3102 quod
2902 3037 3038 3085 tunc
3084 3034 3335 3103 primum
3370 3035 3428 3088 in
3460 3039 3693 3093 nomine

2006 3119 2229 3174 Domini
2252 3126 2309 3174 et
2338 3120 2397 3174 in
2427 3120 2801 3175 similitudine
2841 3121 2964 3192 ejus
2988 3120 3259 3177 fabricata
3290 3129 3424 3178 sunt
3448 3124 3619 3180 idola.

2686 3300 2909 3355 CAPUT
2946 3301 3005 3354 V.

2073 3460 2232 3516 Vens.
2275 3465 2322 3530 t,
2355 3464 2411 3515 2.
2445 3491 2513 3501 —
2538 3481 2564 3511 α
2608 3462 2705 3516 Hic
2736 3468 2820 3515 est
2850 3462 2994 3516 liber
3019 3462 3406 3533 generationis
3435 3465 3632 3523 Adam.
3663 3490 3688 3519 ι)

2000 3550 2080 3604 Ad
2112 3549 2544 3604 similitudinem
2589 3551 2688 3605 Dei
2718 3550 2896 3605 factus
2926 3556 3030 3606 est.
3080 3552 3211 3619 Alii,
3258 3553 3329 3607 ad
3361 3554 3687 3611 similitudi-

2000 3654 2131 3692 nem
2187 3640 2342 3693 Adaa.
2372 3639 2468 3692 Est
2497 3638 2659 3710 quasi
2715 3639 3002 3693 conclusio
3029 3655 3075 3706 ,ιι
3126 3641 3514 3711 superioribus
3559 3661 3687 3699 cum

2000 3727 2484 3797 recapitulatione.
2545 3748 2573 3777 «
2632 3727 2695 3781 In
2752 3728 2843 3782 die
2891 3744 3003 3798 qua
3035 3730 3247 3783 creavit
3304 3731 3448 3785 Deus
3501 3732 3688 3787 homi-

1999 3832 2150 3871 nem.
2191 3838 2211 3863 ι
2248 3817 2308 3870 lu
2348 3815 2441 3870 die
2472 3816 2685 3870 etenim
2743 3821 2965 3870 creatus
3013 3821 3120 3883 est,
3172 3817 3307 3888 quia
3339 3818 3399 3871 in
3436 3819 3689 3875 claritate

1996 3906 2203 3960 divinte
2228 3904 2729 3975 contemplationis
2764 3904 3122 3958 constitutus.
3162 3928 3183 3952 ι
3222 3904 3302 3959 Ad
3351 3905 3688 3963 similitudi‘

1999 4012 2129 4049 nem
2171 3994 2289 4048 Dei.
2329 4016 2350 4043 ι
2382 3993 2526 4058 Quia
2564 3993 2846 4048 rationem
2885 3993 2937 4046 ei
2963 3992 3137 4060 dedit,
3171 4010 3284 4064 qua
3317 3994 3686 4066 intelligendo

1996 4085 2144 4139 bona
2182 4089 2239 4137 et
2299 4083 2447 4136 mala
2502 4082 2863 4147 discerneret,
2924 4080 3216 4135 intellectu
3263 4082 3545 4153 diligeret,
3599 4086 3686 4139 di-

1994 4175 2140 4228 lecta
2170 4170 2444 4226 oblivioni
2472 4187 2586 4224 non
2615 4170 2881 4233 traderet,
2915 4174 2971 4223 et
2991 4170 3051 4223 in
3083 4169 3188 4224 hoc
3236 4169 3333 4225 Dei
3363 4171 3686 4228 similitudi-

1998 4278 2130 4316 nem
2178 4261 2468 4314 retineret.
2532 4259 2638 4313 Sed
2688 4263 2990 4329 postquam
3067 4274 3169 4329 per
3231 4258 3684 4317 inobedientiam

1994 4352 2139 4405 hanc
2168 4348 2603 4403 similitudinem
2635 4345 2861 4415 delevit,
2922 4347 3401 4403 factuslterrenus
3432 4356 3685 4406 terrenos

1992 4438 2300 4511 generavit.
2340 4437 2496 4495 Unde
2528 4436 2713 4508 qualis
2743 4441 3024 4504 terrenus,
3048 4438 3186 4491 tales
3216 4442 3273 4491 et
3304 4438 3531 4492 terreni.

2062 4528 2403 4599 (Caavsosr.,
2456 4526 2595 4579 hom.
2628 4527 2689 4578 2t
2754 4525 2812 4577 in
2844 4526 3015 4585 Gen..
3046 4530 3187 4580 tom.
3233 4526 3347 4595 ιν.)
3380 4526 3683 4583 Considera

1991 4616 2282 4687 quomodo
2339 4615 2537 4668 iisdem
2571 4612 2753 4667 verbis
2784 4630 2918 4666 usus
2948 4612 3120 4667 fuerit
3149 4614 3357 4685 quibus
3388 4620 3443 4668 et
3490 4615 3676 4686 initio,

1990 4712 2055 4760 ut
2080 4705 2307 4759 doceret
2339 4719 2442 4757 nos
2472 4701 2620 4772 quod
2645 4701 3042 4771 generationes
3085 4701 3228 4765 illas,
3265 4704 3428 4774 quasi
3474 4721 3676 4776 repro-

1991 4795 2090 4849 bas
2122 4794 2313 4859 factas,
2338 4808 2523 4862 neque
2555 4791 2833 4844 memoria
2864 4796 2993 4861 post
3021 4790 3127 4845 hac
3149 4791 3444 4862 dignetur;
3476 4794 3572 4848 sed
3612 4811 3676 4850 ex

1991 4883 2146 4949 Seth,
2180 4881 2279 4952 qui
2312 4897 2465 4935 nunc
2512 4878 2623 4933 illis
2650 4885 2816 4932 natus
2846 4883 2965 4945 "est,
3002 4880 3394 4950 genealogiam
3434 4883 3675 4945 orditur.

1993 4976 2053 5025 ut
2082 4987 2148 5025 ex
2210 4972 2317 5024 hoc
2347 4968 2499 5023 dicas
2525 4974 2800 5039 quantam
2856 4968 3002 5021 Deus
3030 4968 3267 5022 humani
3315 4970 3542 5040 generis
3586 4988 3677 5028 ra-

1992 5059 2208 5113 tionem
2239 5057 2464 5123 habeat,
2510 5062 2566 5111 et
2616 5056 2902 5128 quomodo
2951 5055 3077 5110 illos
3134 5063 3422 5112 aversetur
3467 5060 3677 5131 quibus

1991 5145 2359 5217 sanguinaria
2390 5162 2548 5200 mens
2580 5149 2683 5198 est.

2065 5238 2203 5290 Vsus
2260 5236 2404 5290 3-23.
2438 5264 2506 5275 —
2539 5255 2565 5282 α
2605 5232 2750 5287 Vixit
2797 5236 2989 5287 autem
3036 5234 3237 5300 Adam,
3292 5256 3317 5287 ιο
3355 5242 3498 5305 etc.,
3528 5240 3677 5309 (Hua-

1994 5342 2145 5385 RON.,
2173 5326 2230 5379 in
2261 5323 2456 5390 Quaest.
2493 5321 2716 5390 Helm).
2749 5321 3053 5377 Sciendum
3084 5326 3236 5395 quod
3271 5343 3451 5398 usque
3479 5327 3549 5382 ad
3582 5328 3677 5383 di-

1990 5414 2229 5477 luvium,
2263 5410 2361 5465 ubi
2385 5410 2443 5465 in
2475 5410 2682 5465 nostris
2722 5409 3014 5465 codicibus
3059 5431 3088 5463 α
3141 5414 3523 5471 ducentorum
3552 5436 3578 5467 ι)
3620 5422 3680 5472 et

1990 5500 2143 5572 quod
2173 5498 2418 5554 excurrit
2447 5515 2729 5555 annorum
2761 5500 3025 5571 genuisse
3056 5503 3184 5575 quis
3214 5502 3438 5571 dicitur,
3471 5504 3528 5559 in
3579 5506 3678 5561 lie~
