4050 6188
416 259 513 314 103

1022 259 1427 314 WALAFRIDI
1466 258 1712 314 STRABI
1755 257 1949 313 FULD.
1997 255 2157 312 NON.
2199 256 2349 313 OPP.
2391 255 2578 313 PARS
2614 258 2656 314 Ι.
2699 289 2765 296 -
2803 258 3258 314 THEOLOGICA.
3329 333 3332 336 .
3809 264 3896 315 {0-i-

399 382 563 438 braso
610 382 816 438 habeat
850 403 872 432 ι
903 385 1135 436 centum
1189 397 1371 436 annos
1417 404 1437 430 ι
1473 385 1529 436 et
1564 381 1817 452 reliquos
1864 378 1964 451 qui
2013 395 2094 433 se-
2123 381 2164 436 Δ
2207 395 2411 434 norum
2443 380 2933 451 computationem
2956 386 3087 454 post
3107 382 3388 438 diluvium
3421 382 3606 439 vivere
3633 387 3896 456 potuerit,

444 477 676 526 uuntnr.

444 488 676 526 uuninr.

399 488 437 545 ᾳ
475 579 502 610 «
538 561 602 614 Et
635 559 892 629 genuit,»
925 561 1030 612 etc.
1073 557 1244 622 Quasi
1268 562 1324 611 et
1350 557 1455 610 iste
1515 555 1760 627 portavit
1789 555 2100 627 imaginem

400 648 612 702 terreni
642 648 740 718 qui
788 664 890 719 pro
916 647 1054 701 Abel
1081 647 1239 718 justo
1285 645 1569 715 repositus
1596 649 1702 712 est,
1733 649 1791 699 et
1820 644 2099 715 interpre-

400 737 617 792 tatione
645 735 894 790 nominis
925 736 1195 791 Christum
1227 734 1530 804 significat.
1563 733 1670 787 Sed
1707 749 1908 786 omnes
1941 733 2100 804 prius

403 829 636 896 portant
664 825 977 895 imaginem
1015 824 1228 877 terreni
1261 822 1511 876 hominis
1543 837 1712 892 quam
1745 822 2006 888 ccelestis,
2040 822 2103 876 li-

401 918 487 967 cet
534 913 700 967 multi
756 913 825 966 ad
871 913 1171 966 adventum
1223 910 1428 966 Christi
1479 926 1581 980 per
1628 910 1798 964 ﬁdem
1842 911 2099 964 eamdem

401 1002 641 1074 gratiam
666 1001 997 1055 habuerunt
1022 1016 1139 1070 qua
1170 1000 1462 1053 salvantur
1501 998 1828 1053 Christiani.

473 1090 714 1159 (Suum)
766 1089 975 1143 Ferunt
1002 1093 1135 1158 post
1179 1092 1421 1142 mortem
1470 1087 1608 1141 Abel
1661 1087 1874 1142 vovisse
1917 1087 2096 1142 Adam

400 1193 458 1231 se
504 1193 742 1231 uxorem
776 1193 894 1230 non
931 1176 1079 1230 ultra
1109 1176 1476 1246 cogniturum
1504 1191 1604 1229 nec
1639 1175 1824 1229 ﬁlium
1856 1191 2095 1246 genera-

398 1265 754 1335 tiirum.{Sed
785 1267 902 1319 Deo
934 1265 1172 1335 jubente
1214 1265 1382 1333 fregit
1425 1269 1640 1332 votum,
1672 1268 1736 1318 ut
1782 1264 1882 1318 Dei
1927 1265 2098 1319 Filius

401 1355 470 1410 de
494 1370 559 1408 eo
583 1358 930 1419 nasceretur,
964 1359 1020 1408 et
1063 1354 1236 1408 homo
1268 1353 1679 1419 redimeretur;
1708 1353 1883 1422 stirpe
1941 1353 2094 1408 enim

399 1439 537 1495 Cain
568 1441 721 1494 nasci
753 1457 869 1496 non
907 1441 1119 1496 debuit.
1167 1442 1322 1495 Unde
1366 1445 1496 1495 ante
1535 1439 1670 1495 Seth
1712 1443 1932 1496 nullum
1965 1443 2098 1512 legi-

397 1532 494 1580 tur
513 1529 799 1596 genuisse,
850 1533 978 1599 post
1007 1544 1138 1581 eum
1189 1543 1321 1582 vero
1360 1528 1587 1598 dicitur,
1647 1530 1782 1600 quia
1841 1549 1866 1576 α
1901 1531 2098 1600 genuit

395 1615 542 1670 ﬁlios
594 1623 651 1671 et
704 1617 868 1671 ﬁlias.
923 1636 950 1668 η
1015 1618 1142 1672 Haec
1182 1617 1533 1688 computatio
1601 1620 2088 1690 genealogiarum,

378 1704 560 1776 quasi
588 1721 780 1759 ramos
805 1706 1022 1776 spargit
1050 1706 1438 1774 historiarum,
1471 1707 1540 1761 de
1588 1708 1797 1778 quibus
1848 1708 1966 1762 suis
2008 1709 2092 1762 lo-

396 1793 477 1846 cis
528 1794 883 1865 colliguntur
937 1795 1152 1849 fructus
1199 1795 1622 1866 mysteriorum.
1659 1797 1722 1849 Et
1775 1797 2091 1852 notandum

393 1881 531 1952 quia
561 1882 620 1936 in
652 1882 1020 1953 generatione
1045 1882 1178 1937 Seth
1216 1883 1377 1937 nulla
1407 1883 1620 1938 femina
1655 1885 2092 1955 poniturlnomi-

393 1970 765 2032 natim,sicut
795 1971 854 2025 in
886 1971 1257 2042 generatione
1279 1971 1418 2026 Cain
1452 1988 1464 2026 :
1495 1972 1784 2042 justorum
1819 1971 1972 2026 enim
2009 1977 2093 2027 est

395 2058 591 2112 omnia
620 2058 860 2113 viriliter
889 2074 1081 2129 agere,
1121 2059 1264 2113 nihil
1317 2059 1654 2128 femineum,
1701 2061 1845 2115 nihil
1890 2062 2090 2132 fragile

397 2160 695 2217 usurpare.
745 2148 1005 2202 Procedit
1037 2147 1208 2202 etiam
1258 2149 1379 2202 haec
1445 2149 1740 2218 generatio
1785 2165 1884 2221 per
1912 2151 2090 2205 dena-

394 2234 547 2289 rium
577 2251 756 2308 usque
789 2237 859 2290 ad
893 2237 1026 2305 Noe,
1076 2237 1135 2290 in
1189 2253 1303 2308 quo
1357 2242 1777 2309 praeceptorum
1828 2239 2090 2309 signatur

393 2323 674 2394 impletio,
707 2325 851 2379 sicut
873 2340 978 2396 per
1017 2326 1401 2380 undenarium
1438 2326 1496 2380 in
1555 2328 1923 2396 generatione
1954 2329 2091 2384 Cain

391 2413 785 2483 transgressio.
867 2415 928 2468 In
985 2415 1355 2485 generatione
1427 2415 1772 2486 injustorum
1872 2417 2091 2487 primus

393 2502 582 2556 Enoch
614 2502 862 2572 ponitur,
892 2502 991 2574 qui
1024 2502 1297 2558 dedicatio
1343 2503 1779 2574 interpretatur,
1812 2506 1947 2576 quia
1999 2523 2089 2560 re-

388 2590 558 2660 probi
585 2590 644 2644 in
677 2590 948 2661 praesenti
971 2591 1091 2645 vita
1117 2592 1239 2662 spei
1268 2607 1385 2646 sua:
1415 2591 1662 2646 radicem
1693 2592 1897 2664 ﬁgunt,
1935 2599 1991 2648 et
2020 2595 2089 2650 ab

389 2695 584 2733 amore
614 2679 1100 2733 immarcescibilis
1129 2679 1478 2734 hazreditatis
1519 2687 1800 2736 arescunt.
1862 2683 1936 2736 De
1968 2685 2090 2754 qui-

391 2769 496 2822 bus
524 2768 733 2823 dicitur
760 2769 922 2823 Joan.
948 2786 981 2822 v
1011 2788 1028 2823 :
1067 2790 1089 2819 ι
1126 2770 1280 2824 Vidit
1309 2771 1546 2824 stultum
1575 2770 1742 2825 ﬁrma
1787 2772 1996 2840 radice,
2033 2779 2090 2828 et

389 2857 684 2913 maledixit
721 2858 1137 2928 pulchritudini
1171 2859 1294 2929 ejus
1348 2860 1560 2914 statim.
1596 2861 1658 2913 In
1715 2863 2086 2930 generatione

2213 485 2344 523 cum
2376 485 2595 535 omnes,
2629 476 2842 540 praeter
2871 488 2968 525 eos
2998 469 3100 542 qui
3129 473 3188 525 in
3235 488 3428 527 arcam
3471 473 3710 544 ingressi
3753 478 3896 539 sunt,

2208 557 2521 628 perierunt.
2549 558 2658 614 Sed
2695 559 2842 614 hanc
2871 559 3254 632 quaestionem
3309 561 3567 616 codicum
3621 562 3896 617 mendosi-

2208 650 2294 700 tas
2326 647 2587 717 peperit:
2621 663 2734 701 non
2763 648 2948 701 solum
2980 648 3133 702 enim
3165 648 3224 702 in
3267 649 3520 704 Hebraeis
3552 650 3720 705 aliter
3747 649 3895 705 inve-

2208 734 2385 801 nitur,
2417 751 2616 789 verum
2665 735 2838 790 etiam
2883 735 2941 790 in
2996 737 3118 791 LXX
3158 737 3651 808 interpretatione,
3711 739 3896 810 paucis

2207 823 2495 878 codicibus
2521 828 2738 893 septem
2771 824 2938 878 annis
2969 831 3097 878 ante
3132 825 3410 878 diluvium
3446 826 3764 881 Mathusala
3815 827 3898 880 de-

2209 910 2437 964 functus
2467 910 2770 981 reperitur.
2804 911 2964 976 Quod
3013 913 3327 966 Mathusala
3351 912 3515 982 juxta
3575 913 3700 969 LXX
3755 914 3894 968 ultra

2207 998 2486 1053 diluvium
2519 1004 2896 1054 numerantur
2925 1000 3081 1066 anui,
3116 1000 3249 1054 inde
3291 1006 3378 1055 est
3433 1001 3569 1072 quia
3618 1002 3896 1072 signiﬁcat

2209 1086 2512 1154 Christum,
2549 1088 2711 1156 cujus
2765 1087 2878 1142 vita
2935 1089 3152 1142 nullam
3209 1089 3381 1144 sentit
3438 1094 3686 1156 mtatem,
3743 1095 3805 1144 ut
3847 1091 3896 1144 in

2207 1175 2521 1244 majoribus
2552 1192 2780 1247 quoque
2811 1193 2926 1230 non
2961 1177 3202 1232 sensisse
3263 1178 3540 1232 diluvium
3596 1178 3897 1234 videretur.

2276 1265 2438 1319 Vens.
2471 1267 2559 1319 3t.
2601 1294 2670 1304 —
2725 1283 2752 1316 κ
2813 1266 2879 1318 Et
2918 1265 3049 1319 facti
3090 1270 3226 1320 sunt
3273 1283 3471 1320 omnes
3519 1268 3658 1336 dies,
3707 1285 3735 1320 in
3795 1272 3898 1323 etc.

2207 1351 2489 1423 (tirenum.
2534 1354 2590 1405 in
2632 1353 2826 1419 Quwst.
2887 1354 3074 1419 llebr.,
3107 1359 3245 1407 tom.
3305 1355 3420 1421 Ill.)
3477 1375 3504 1405 ei
3564 1356 3629 1408 Et
3671 1355 3898 1410 fuerunt

2207 1457 2406 1494 omnes
2425 1441 2544 1494 dies
2572 1441 2902 1494 Mathusalae
2929 1457 3073 1512 quos
3105 1442 3242 1496 vixit
3273 1443 3407 1496 anni
3438 1445 3713 1513 nongenti
3739 1461 3892 1497 sexa-

2206 1529 2361 1600 ginta
2393 1544 2619 1596 novem,
2652 1533 2708 1582 et
2737 1535 2994 1583 mortuus
3024 1536 3126 1584 est.
3159 1549 3186 1581 »
3200 1532 3364 1585 Juxta
3396 1531 3730 1602 diligentem
3764 1548 3892 1602 sup-

2205 1617 2560 1688 putationem
2612 1618 3042 1687 quatuordecim
3073 1619 3240 1672 annis
3262 1624 3390 1690 post
3420 1620 3699 1674 diluvium
3740 1621 3897 1675 vixis-

2207 1722 2266 1760 se
2305 1706 2566 1772 refertur,
2609 1711 2738 1772 etc.,
2761 1722 2929 1776 usque
2949 1707 3024 1761 ad
3053 1723 3119 1761 eo
3151 1723 3302 1762 anno
3334 1707 3548 1764 scilicet
3579 1725 3692 1780 quo
3729 1710 3899 1780 coepit

2203 1811 2323 1849 esse.
2355 1793 2655 1848 diluvium.

2276 1902 2304 1934 «
2348 1883 2465 1937 Noe
2505 1898 2640 1936 vero
2661 1898 2790 1937 cum
2823 1883 3274 1954 quingentorum
3337 1890 3482 1940 esset
3538 1901 3846 1956 annorum,
3873 1906 3893 1934 ι

2203 1977 2310 2028 etc.
2345 1971 2535 2042 (Ibid.)

2275 2061 2394 2115 Noe
2414 2060 2826 2129 interpretatur
2854 2063 3087 2129 requies,
3121 2061 3256 2132 quia
3318 2061 3424 2117 sub
3455 2062 3553 2117 illo
3583 2063 3776 2118 omnia
3808 2079 3896 2117 re-

2199 2151 2288 2203 tro
2319 2164 2492 2218 opera
2518 2163 2622 2219 per
2640 2148 2916 2203 diluvium
2940 2149 3299 2221 quieverunt.

2877 2292 3097 2346 CAPUT
3130 2293 3217 2350 Vl.

2271 2411 2434 2467 Vens.
2476 2415 2525 2467 ι.
2554 2443 2624 2454 -—
2656 2435 2683 2463 ‹‹
2720 2413 2978 2484 Cumque
3025 2416 3329 2486 coepissent
3381 2416 3642 2470 homines
3690 2416 3892 2471 multi-

2202 2519 2228 2552 ι(
2263 2501 2464 2571 plicari
2494 2518 2666 2573 super
2689 2506 2971 2557 terram.»
3004 2503 3212 2574 (Hilam,
3239 2507 3296 2558 in
3327 2507 3526 2570 Quaest.
3548 2505 3732 2573 Hebr.)
3765 2506 3896 2559 Ver-

2196 2589 2336 2645 bum
2359 2589 2699 2644 Hebraicum
2753 2577 2948 2651 ntn‘m
2999 2591 3263 2663 (Elohim)
3312 2593 3612 2664 utriusque
3669 2595 3897 2648 nuzneri

2197 2683 2314 2732 est:
2351 2681 2515 2733 Deum
2542 2679 2696 2733 enim
2725 2685 2784 2733 et
2813 2679 2935 2734 deos
2967 2679 3250 2751 signiﬁcat
3281 2697 3294 2736 :
3328 2681 3454 2736 ideo
3507 2682 3710 2751 Aquila
3744 2699 3772 2733 ι
3836 2683 3899 2736 ti-

2199 2767 2305 2821 lios
2326 2767 2564 2822 deorum
2598 2786 2626 2818 ι)
2660 2767 2848 2822 dicere
2888 2784 3061 2823 ausus
3091 2774 3192 2832 est,
3229 2770 3364 2824 deos
3392 2776 3617 2824 sanctos
3666 2771 3749 2824 vel
3785 2787 3895 2824 an-

2197 2857 2353 2927 gelos
2410 2856 2756 2925 intelligens,
2813 2873 2982 2928 quem
3042 2874 3283 2929 sequens
3334 2859 3707 2929 Symmachus
3747 2860 3831 2914 ait
3881 2877 3894 2912 :

380 2948 668 3002 Justorum
701 2947 890 3000 Enoch
917 2947 986 3000 ab
1016 2947 1194 3001 Adam
1224 2947 1503 3018 septimus
1528 2947 1794 3018 {ponitur,
1829 2951 1963 3022 quia
2000 2951 2091 3005 hic
2131 2977 2168 3030 η
2201 2963 2229 2995 α
2258 2943 2524 2998 Videntes
2564 2944 2668 2998 lilii
2708 2949 3008 3016 potentum
3039 2946 3183 2999 ﬁlias
3215 2947 3535 3002 hominum.
3575 2971 3594 2996 ι

386 3041 714 3090 manentem
746 3035 1030 3090 civitatem
1092 3051 1206 3090 non
1255 3041 1540 3106 quaerunt,
1583 3037 1680 3091 sed
1711 3040 2083 3109 exspectatio-

384 3140 519 3179 nem
549 3140 732 3196 nsque
763 3123 821 3177 in
850 3123 1024 3178 ﬁnem
1056 3124 1332 3196 temporis
1363 3124 1696 3192 extendunt,
1728 3127 1879 3196 quod
1899 3133 2082 3198 septe-

383 3213 547 3267 naria
579 3210 934 3266 revolutione
989 3210 1347 3278 terminatur,
1383 3228 1514 3266 cum
1545 3213 1832 3267 aeternitas
1889 3221 2083 3270 octava

384 3300 731 3354 successerit.
783 3298 941 3353 Unde
969 3299 1077 3353 iste
1136 3299 1331 3353 Enoch
1368 3299 1468 3370 qui
1500 3299 1736 3370 ponitur
1783 3303 2078 3372 septimus,

385 3394 441 3443 et
471 3389 776 3443 translatus
804 3391 888 3441 est
913 3386 1051 3459 quia
1074 3387 1188 3440 Deo
1221 3387 1454 3456 placuit,
1479 3387 1780 3458 septimam
1822 3390 2078 3462 requiem

381 3475 687 3547 signiﬁcat,
719 3476 788 3531 ad
819 3491 992 3548 quam
1023 3479 1153 3545 post
1180 3474 1326 3528 hanc
1350 3476 1546 3543 vitam,
1579 3477 1678 3546 qui
1728 3477 1841 3532 Deo
1893 3495 2084 3549 perse-

380 3570 643 3620 veranter
671 3565 943 3631 adhaeret,
975 3564 1098 3618 sine
1157 3563 1433 3619 dilatione
1477 3565 1837 3620 transfertur.
1889 3568 2077 3620 Inter-

383 3653 629 3724 pretatio
659 3669 892 3724 quoque
929 3652 1234 3707 nominum
1274 3653 1446 3722 hujus
1496 3653 1883 3723 generationis
1923 3654 2074 3710 idem

381 3741 606 3811 signat:
655 3740 833 3795 Adam
882 3739 1290 3812 interpretatur
1335 3742 1488 3795 homo
1520 3742 1605 3794 vel
1655 3742 1826 3796 rubra
1882 3746 2074 3812 terra;

378 3829 529 3895 Seth,
551 3831 783 3899 positio;
842 3829 927 3882 vel
970 3831 1319 3895 resurrectio;
1355 3830 1523 3895 Enos,
1585 3830 1782 3897 homo;
1841 3831 2075 3899 Cainan,

382 3919 734 3984 lamentatio;
770 3917 1081 3980 Malalehel,
1143 3917 1378 3972 laudans
1423 3917 1641 3985 Deum;
1689 3919 1877 3985 Jared,
1928 3921 2078 3976 robo-

376 4012 572 4072 ratus;
633 4007 841 4074 Enoch,
892 4005 1162 4061 dedicatio
1219 4006 1615 4074 Mathusalam,
1682 4011 1871 4063 mortis
1924 4013 2078 4065 emis-

377 4099 506 4162 sio;
553 4095 818 4161 Lamech,
861 4093 1223 4163 humiliatus;
1288 4095 1425 4162 Noe,
1471 4097 1698 4164 requies.
1761 4097 2076 4152 Procedens

378 4199 514 4254 ergo
545 4183 718 4236 homo
748 4182 817 4237 de
847 4187 1020 4248 terra,
1054 4197 1357 4252 resurgens
1386 4199 1418 4236 a
1448 4182 1711 4253 peccatis,
1748 4182 1858 4238 erit
1896 4183 2074 4236 homo

2265 3034 2422 3088 Vsus.
2475 3036 2528 3088 2.
2587 3064 2644 3073 —
2719 3054 2746 3084 ιι
2798 3034 3060 3089 Videntes
3116 3035 3219 3089 ﬁlii
3272 3036 3392 3103 Dei,
3435 3059 3456 3084 ιν
3519 3040 3626 3091 etc.
3661 3037 3897 3106 (STRAB.)

2196 3118 2321 3174 Filii
2379 3119 2514 3174 Seth
2570 3120 2822 3189 religiosi
2869 3121 3270 3191 intelliguntur
3308 3139 3410 3194 per
3449 3124 3597 3178 ﬁlios
3629 3125 3749 3193 Dei,
3791 3125 3896 3197 qui

2192 3208 2324 3263 victi
2350 3208 2825 3279 concupiscentia,
2860 3226 2925 3264 ex
2957 3210 3182 3265 ﬁliabus
3230 3211 3553 3276 hominum,
3587 3213 3645 3268 id
3685 3219 3775 3267 est
3825 3231 3896 3269 ex

2191 3296 2368 3367 stirpe
2401 3297 2558 3364 Cain,
2601 3313 2806 3351 uxores
2833 3305 3194 3370 acceperunt,
3227 3305 3283 3353 et
3312 3301 3459 3354 viros
3484 3307 3742 3372 potentes
3781 3319 3893 3373 ge-

2191 3390 2464 3452 nuerunt,
2505 3385 2817 3440 immensos
2844 3387 3056 3442 scilicet
3101 3389 3460 3459 corporibus,
3498 3391 3773 3460 superbos
3808 3392 3896 3446 vi-

2192 3473 2368 3537 ribus,
2399 3473 2720 3529 inconditos
2752 3476 3032 3544 moribus,
3067 3477 3166 3547 qui
3210 3479 3469 3548 gigantes
3499 3479 3896 3550 appellantur.

2191 3563 2312 3618 Non
2338 3567 2424 3616 est
2454 3563 2788 3618 incredibile
2825 3565 2897 3618 ab
2955 3566 3304 3632 hominibus,
3365 3582 3482 3621 non
3520 3567 3591 3621 ab
3638 3569 3892 3638 angelis,

2188 3651 2275 3706 vel
2305 3651 2646 3722 quibusdam
2691 3652 3050 3707 daemonibus
3082 3653 3181 3724 qui
3213 3655 3549 3708 mulieribus
3598 3660 3734 3710 sunt
3775 3657 3894 3711 im-

2187 3740 2377 3812 probi,
2427 3741 2710 3810 ejusmodi
2761 3742 3024 3796 homines
3067 3759 3188 3796 esse
3238 3749 3583 3813 procreatos,
3643 3745 3782 3816 quia
3837 3751 3900 3800 et

2187 3835 2320 3901 post
2375 3828 2654 3884 diluvium
2693 3846 2930 3900 corpora
2961 3847 3076 3885 non
3108 3831 3294 3885 solum
3344 3831 3620 3902 virorum,
3675 3834 3771 3888 sed
3838 3840 3899 3888 et

2189 3917 2496 3972 mulierum
2529 3916 2851 3973 incredibili
2889 3918 3286 3989 magnitudine
3311 3921 3665 3975 exstiterunt.

2259 4006 2417 4060 Vens.
2452 4007 2504 4072 3,
2527 4007 2579 4060 4.
2614 4036 2682 4046 —
2729 4024 2756 4057 ‹‹
2795 4006 3059 4078 Dixitque
3100 4008 3280 4062 Deus:
3342 4009 3463 4063 Non
3519 4011 3902 4080 permanebit

2189 4115 2212 4143 ιι
2231 4093 2474 4166 Spiritus
2493 4110 2677 4163 meus,
2708 4116 2727 4141 ι
2759 4101 2866 4149 etc.
2884 4095 3066 4165 (Hiaa.
3085 4097 3300 4162 ,Hebr.
3319 4097 3668 4166 ibid.)ﬂebr.
3695 4087 3902 4188 rnst

2187 4182 2468 4253 (loiadon).
2503 4202 2530 4234 α
2576 4183 2700 4237 Non
2727 4184 3010 4254 judicabit
3037 4185 3271 4255 spiritus
3303 4201 3464 4240 meus
3516 4182 3786 4242 homines
3832 4190 3900 4243 in

378 4271 646 4326 invocans
682 4271 860 4325 Deum
901 4276 957 4326 et
987 4269 1199 4326 deﬂens
1257 4275 1487 4340 peccata
1537 4271 1825 4343 pristina:
1878 4271 2070 4344 sicque
2110 4273 2152 4329 D
2183 4271 2616 4342 sempiternum,
2659 4271 2934 4342 quoniam
2977 4289 3107 4326 caro
3152 4278 3300 4328 sunt.
3339 4294 3360 4323 ο
3415 4275 3527 4329 Hoc
3588 4279 3691 4341 est,
3740 4277 3898 4348 quia

378 4359 614 4414 laudans
647 4359 846 4426 Deum,
877 4358 1178 4413 roboratus
1207 4357 1424 4429 Spiritu
1479 4359 1600 4427 Dei,
1666 4358 1960 4414 dedicatur
2017 4360 2076 4416 in

380 4449 552 4503 vitam
582 4451 875 4502 aeternam.
931 4449 1113 4518 Atque
1145 4447 1326 4502 victor
1364 4447 1563 4502 mortis
1596 4448 1707 4502 Deo
1763 4449 2070 4520 subjectus,

379 4536 637 4608 requiem
677 4535 931 4606 possidet
957 4535 1388 4606 sempiternam,
1417 4550 1594 4606 quam
1629 4535 1912 4607 signiﬁcat
1958 4539 2073 4592 Noe

377 4626 477 4697 qui
498 4628 709 4695 requies
740 4625 1165 4696 interpretatur,
1197 4630 1253 4679 et
1295 4624 1514 4679 decimo
1545 4625 1669 4679 loco
1715 4631 2068 4682 numeratur.

375 4717 510 4787 quia
528 4731 632 4785 per
648 4712 1038 4784 impletionem
1059 4712 1461 4767 mandatorum
1483 4715 1811 4784 possidetur
1827 4730 2071 4786 regnum

371 4804 665 4868 caelorum,

448 4891 612 4946 Vsus.
671 4892 764 4945 24.
818 4920 886 4930 —-
948 4908 976 4940 α
1037 4888 1476 4961 Ambulavitque
1522 4906 1650 4944 cum
1709 4892 1841 4956 Deo,
1876 4912 1904 4940 ››
1961 4897 2066 4946 etc.

379 4978 558 5046 (1310.,
599 4980 656 5032 in
706 4978 874 5046 Gen.)
915 4977 1100 5033 Enoch
1163 4979 1438 5049 septimus
1491 4978 1562 5032 ab
1617 4979 1797 5033 Adam
1841 4980 2072 5049 placens

379 5069 516 5133 Deo,
548 5071 680 5133 etc.,
715 5082 881 5136 usque
910 5067 986 5121 ad
1031 5080 1162 5121 nam
1190 5070 1280 5120 ter
1308 5067 1573 5138 quaterni
1605 5067 1792 5137 ipsum
1831 5067 2066 5122 faciunt.

449 5156 720 5226 (Ancum)
758 5155 945 5211 Enoch
985 5160 1146 5210 tanto
1185 5161 1444 5226 tempore
1497 5162 1755 5210 servatur
1783 5171 1816 5210 a
1860 5162 2068 5225 morte,

377 5245 436 5300 in
468 5261 582 5316 quo
603 5244 924 5299 ostenditur
955 5244 1089 5316 quia
1127 5243 1302 5300 homo
1342 5259 1570 5315 semper
1619 5243 1829 5297 viveret
1859 5244 1906 5297 si
1954 5260 2067 5298 non

371 5337 678 5406 peccasset.

443 5421 605 5476 Vens.
665 5421 854 5476 ‘25-30.
912 5438 940 5470 α
992 5419 1141 5474 Vixit
1195 5434 1425 5490 quoque
1484 5417 1812 5487 Mathusala,
1873 5437 1896 5466 ι
1955 5421 2063 5472 etc.

372 5513 562 5578 (Ara)
594 5509 878 5576 Quaeritur
912 5505 1200 5582 quomodo
1227 5505 1537 5590 Mathusala
1591 5505 1905 5560 secundum
1961 5521 2064 5562 an-

2180 4357 2401 4429 fragilis
2421 4363 2506 4412 est
2528 4357 2831 4412 hominum
2860 4359 3136 4426 conditio,
3167 4365 3309 4429 etc.,
3343 4376 3512 4432 usque
3539 4361 3615 4416 ad
3641 4363 3741 4418 sed
3780 4379 3897 4419 eo-

2180 4462 2309 4502 rum
2340 4463 2484 4518 quos
2504 4451 2626 4501 erat
2645 4447 2859 4502 diluvio
2901 4449 3211 4504 deleturus.
3657 4459 3674 4488 δ

2253 4554 2279 4586 α
2334 4537 2623 4608 Eruntque
2658 4535 2778 4590 dies
2833 4535 3008 4601 illius,
3051 4556 3078 4589 ii
3112 4541 3210 4591 etc.
3253 4537 3488 4605 (81mm)
3529 4541 3674 4595 Ante
3734 4541 3904 4597 dilu-

2179 4619 2335 4675 vium
2371 4663 2386 4686 ,
2421 4623 2633 4676 scilicet
2685 4623 2753 4677 ad
2805 4624 3085 4694 agendam
3139 4625 3558 4696 paenitentiam.
3600 4628 3711 4683 Sed
3742 4631 3903 4701 quia

2180 4709 2238 4763 in
2270 4710 2486 4765 malitia
2512 4717 3015 4782 perseveraverunt
3053 4717 3182 4768 ante
3207 4715 3508 4786 praeﬁxum
3538 4717 3903 4791 terminum,

2181 4800 2494 4854 contesimo
2521 4814 2681 4854 anno
2711 4800 2883 4854 deleti
2913 4805 3064 4854 sunt.

2249 4889 2408 4942 Vens.
2447 4892 2498 4942 5.
2537 4918 2601 4928 —
2637 4907 2664 4940 α
2699 4889 2906 4943 Videas
2965 4894 3157 4943 autem
3205 4890 3503 4960 Dominus,
3533 4910 3562 4942 ι
3608 4895 3715 4946 etc.
3755 4894 3903 4950 Non

2178 4974 2237 5029 in
2266 4976 2444 5031 Deum
2477 4976 2814 5046 paenitentia
2867 4977 3036 5042 cadit,
3069 4982 3167 5032 aut
3213 4979 3380 5033 dolor
3427 4980 3634 5048 cordis,
3666 4982 3767 5036 cui
3803 4991 3907 5040 est

2176 5063 2245 5117 de
2284 5063 2551 5116 omnibus
2569 5068 2683 5118 tam
2715 5063 2828 5118 ﬁxa
2859 5065 3139 5120 sententia
3170 5082 3344 5138 quam
3383 5073 3537 5123 certa
3565 5071 3906 5140 praescion-

2175 5150 2253 5206 ίίςι
2287 5166 2302 5204 :
2338 5151 2435 5204 sed
2467 5150 2646 5204 utitur
2672 5151 2966 5222 Scriptura
2993 5154 3219 5210 usitatis
3257 5157 3459 5223 verbis,
3496 5163 3784 5229 coeptans
3837 5179 3909 5218 se

2174 5237 2690 5310 nostraeparvitati.
2747 5245 2812 5296 ut
2847 5257 2910 5296 ex
2953 5243 3196 5314 cognitis
3231 5243 3518 5316 incognita
3564 5261 3913 5316 cognosca-

2175 5342 2323 5382 mus.
2358 5329 2496 5383 Nam
2523 5327 2608 5382 ira
2647 5328 2748 5383 Dei
2778 5345 2894 5384 non
2923 5333 3010 5385 est
3038 5331 3391 5402 perturbatio
3421 5333 3618 5402 animi,
3648 5335 3752 5388 sed
3787 5338 3910 5408 ju-

2173 5415 2388 5472 dicium
2446 5417 2600 5488 quod
2661 5417 2951 5490 irrogatur
2995 5419 3280 5491 peccatori
3333 5436 3346 5475 :
3398 5421 3668 5492 cogitatio
3736 5439 3910 5483 varo

2170 5503 2356 5563 cordis
2385 5505 2531 5580 ejus,
2565 5505 2967 5565 mutandarum
3018 5522 3207 5564 rerum
3267 5506 3637 5566 immutabilis
3692 5513 3900 5571 ratio.
