4086 6190
215 285 305 331 Iuli

1372 295 1624 351 GLOSSA
1663 297 2071 354 OHDINARIA.
2115 331 2181 339 ——
2223 303 2349 357 LIB.
2392 304 2546 357 GEN.

3626 315 3729 366 106

277 422 444 474 Vsus,
478 425 686 475 5.3,_
728 443 756 473 α
793 425 1067 479 paenituit
1099 443 1230 482 eum
1288 430 1441 500 quia,
1468 452 1495 483 ν
1531 436 1637 487 εις,
1697 436 1913 504 (cumq
1948 420 1996 475 A
2035 420 2094 473 in
2128 421 2449 489 latitudine,
2512 424 2748 493 triginta
2779 424 2840 479 in
2890 428 3210 497 altitudine,
3259 436 3391 497 etc.,
3440 447 3609 500 usque
3655 434 3729 487 ad

204 510 400 562 Horat.
436 510 537 563 lib.
562 510 652 579 ξν),
688 512 1035 584 Plerumque
1072 515 1131 570 in
1170 533 1328 571 sacro
1380 522 1605 591 eloquio
1634 524 1918 593 sapientes

205 600 300 652 Dei
322 598 637 653 consilium
670 602 909 655 trahunt
938 620 968 655 a
989 604 1340 673 sapientibus
1371 610 1582 664 saeculi.
1614 610 1701 664 Sic
1741 628 1911 679 nunc,

202 703 301 755 pro
332 687 588 741 utilitate
622 689 896 755 hominis,
927 708 1116 746 vocem
1149 696 1207 747 in
1238 711 1296 749 se
1330 698 1608 766 passionis
1647 700 1915 755 humanae

200 776 316 845 ipse
345 776 622 830 conditor
650 778 952 834 hominum
983 782 1176 849 sumit,
1208 800 1337 838 cum
1360 790 1580 840 constet
1626 789 1762 857 quia
1814 790 1912 859 qui

199 870 426 929 cuncta,
452 865 797 936 priusquam
844 870 1119 937 venerint,
1178 874 1471 944 conspicit,
1534 875 1677 929 nihil
1718 878 1916 931 fecerit

200 954 351 1021 quod
382 956 723 1022 pcenitendo
746 957 1054 1027 resipiscat.
1092 962 1158 1014 Ut
1189 977 1323 1032 ergo
1372 963 1585 1018 mirum
1640 982 1753 1019 non
1807 973 1910 1034 est,

200 1038 614 1111 sispirituales
643 1046 983 1117 plerumque
1039 1054 1275 1103 utantur
1330 1052 1515 1105 verbis
1574 1055 1910 1122 carnalium,

197 1129 273 1181 sic
296 1145 495 1200 neque
528 1132 861 1187 mirandum
892 1136 935 1187 si
964 1136 1083 1206 ipse
1113 1144 1332 1192 creator
1361 1140 1644 1205 omnium,
1678 1149 1742 1196 ut
1784 1160 1911 1197 car-

201 1235 329 1272 nem
364 1222 669 1289 pertrahat
697 1222 768 1275 ad
799 1223 1147 1280 intellectum
1176 1244 1365 1293 suum,
1391 1228 1449 1282 iu
1490 1231 1674 1301 seipso
1725 1234 1912 1286 carnis

198 1322 529 1361 sermonem
564 1316 752 1363 servet
798 1312 883 1363 vel
913 1318 1119 1366 sumat.

268 1396 597 1450 Vaas.9ol2.
627 1427 691 1439 —
726 1418 752 1447 ‹‹
827 1400 940 1452 Noe
972 1401 1059 1453 vir
1124 1402 1331 1471 justus.
1369 1424 1397 1454 ν
1459 1405 1559 1459 Hic
1614 1422 1717 1476 per
1755 1411 1909 1460 actus

196 1500 328 1536 suos
364 1484 655 1553 signiﬁcat
682 1486 991 1549 Christum.
1024 1490 1123 1559 qui
1154 1490 1235 1544 ait
1263 1492 1455 1547 Matth.
1498 1509 1590 1546 x1:
1629 1514 1656 1541 «
1705 1493 1908 1546 Discite

193 1588 226 1623 a
256 1587 349 1624 me
387 1572 529 1642 quia
564 1572 720 1626 mitis
750 1590 875 1627 sum
906 1581 963 1628 et
992 1575 1224 1630 humilis
1256 1579 1445 1634 corde.
1485 1600 1511 1631 ››
1533 1581 1696 1634 Solus
1722 1582 1908 1651 justus

196 1659 514 1721 invenitur,
547 1661 641 1713 cui
671 1665 1202 1732 propterjustitiam
1233 1682 1395 1721 suam
1454 1674 1673 1737 septem
1728 1668 1905 1721 homi-

196 1764 291 1800 nes
324 1748 640 1803 donantur.
690 1752 883 1804 Justus
928 1770 1154 1824 quoque
1211 1755 1464 1809 Christus
1498 1762 1555 1809 et
1605 1757 1903 1825 perfectus,

192 1837 279 1889 cui
312 1842 542 1906 septem
602 1839 861 1893 Fxclesiae
920 1842 1237 1911 septiformi
1294 1844 1511 1912 Spiritu
1571 1845 1907 1898 illumi‘natae

192 1927 247 1978 in
281 1942 461 1979 unam
516 1927 761 1981 Ecclesia
818 1929 1233 1985 condonantur.
1292 1932 1405 1986 Noe
1468 1949 1567 2003 per
1613 1949 1820 2004 aquam
1852 1939 1907 1987 et

191 2014 415 2084 lignum
450 2015 747 2082 liberatur,
774 2022 830 2070 et
861 2018 1075 2072 familia
1126 2020 1277 2089 ejus;
1312 2020 1390 2074 sic
1447 2022 1662 2076 familia
1700 2023 1906 2077 Christi

194 2118 289 2171 per
316 2103 675 2173 baptismum
706 2110 761 2159 et
791 2122 1034 2161 crucem.

265 2214 288 2237 «
322 2191 389 2245 In
412 2193 886 2261 generationibus
917 2195 1050 2249 suis.
1088 2215 1115 2245 ιο
1147 2195 1316 2260 Quasi
1336 2213 1447 2251 non
1496 2205 1905 2254 consummatae

186 2279 449 2347 jnstitize,
478 2282 756 2351 sedjuxta
788 2284 1217 2352 generationem
1251 2302 1433 2340 suam.

257 2369 422 2422 Vsus.
492 2372 575 2423 t3.
635 2394 752 2419 —n
812 2372 1142 2441 Disperdam
1176 2391 1273 2426 eos
1327 2390 1477 2439 cum,
1514 2394 1541 2425 ιν
1589 2380 1694 2429 etc.
1769 2378 1901 2430 Tra-

187 2457 329 2509 dunt
361 2458 629 2511 doctores
669 2464 837 2513 terra:
892 2462 1134 2515 virorem
1166 2468 1219 2515 et
1276 2462 1681 2517 fecunditatem
1733 2465 1901 2534 longe

187 2561 306 2598 esse
340 2545 681 2600 inferiorem
729 2552 862 2617 post
921 2549 1200 2603 diluvium
1239 2556 1329 2616 ;et
1381 2550 1511 2604 ideo
1568 2552 1900 2606 hominibus

187 2649 346 2686 rsum
379 2634 646 2688 carnium
676 2652 1032 2705 concessum,
1068 2655 1197 2692 cum
1227 2644 1390 2693 antea
1447 2645 1667 2696 tantum
1730 2647 1895 2695 terra:

188 2722 469 2776 fructibus
501 2723 845 2778 victitarent.

253 2812 420 2864 Vens.
460 2814 542 2865 14.
567 2833 677 2862 -α
704 2814 809 2867 Fac
863 2813 965 2867 tibi
1013 2831 1202 2869 arcam
1233 2815 1301 2869 de
1359 2816 1550 2887 lignis.
1586 2840 1612 2865 υ
1676 2818 1897 2874 Scilicet

184 2901 428 2953 fortibus
460 2906 515 2953 et
554 2901 974 2968 insolubilibus,
1007 2908 1062 2956 et
1092 2904 1235 2956 bene
1252 2905 1549 2958 coarctatis
1580 2922 1594 2971 ;
1624 2922 1752 2976 quae
1785 2906 1896 2960 alia

2026 514 2083 562 et
2110 526 2210 580 per
2239 527 2409 581 quem
2441 513 2635 566 omnia
2674 514 2982 583 proficiunt
3033 519 3131 588 qui
3167 535 3224 572 se
3282 525 3603 589 peccatores
3626 538 3727 575 no—

2024 605 2247 653 verunt.

2094 688 2254 741 Vens.
2298 691 2476 743 lli-l8.
2510 714 2629 737 -‹‹
2665 693 2723 744 In
2775 692 2962 747 cubito
3018 696 3441 750 consummabis
3493 700 3729 753 summi-

2026 794 2054 821 ‹‹
2085 780 2258 829 tatem
2291 778 2433 845 ejus.
2474 799 2493 826 τ
2532 779 2622 832 Sic
2652 781 2894 834 Ecclesia
2916 782 2973 835 in
3024 783 3237 838 unitate
3269 786 3505 840 collecta
3552 789 3728 842 subli-

2022 870 2211 916 matur
2241 870 2411 935 atque
2442 868 2739 934 perticitur
2772 887 2784 934 ;
2825 871 2973 923 unde
3006 873 3199 927 Matth.
3254 890 3347 927 x1:
3386 896 3407 921 ι
3444 876 3551 939 Qui
3612 893 3727 931 non

2020 952 2238 1021 colligit
2270 970 2514 1021 mecum,
2546 958 2839 1026 dispergit.
2884 977 2909 1010 ι

2097 1063 2115 1087 ι
2154 1040 2373 1094 Ostium
2401 1048 2593 1097 autem
2626 1062 2789 1111 arcae,
2814 1067 2839 1095 ι)
2892 1052 2999 1099 etc.
3042 1047 3217 1101 Nemo
3250 1050 3402 1103 enim
3470 1050 3639 1105 intrat
3668 1052 3725 1105 in

2021 1129 2343 1196 Ecclesium,
2388 1131 2497 1185 nisi
2525 1148 2627 1200 per
2656 1141 3074 1189 sacramentum
3125 1137 3475 1192 remissionis
3528 1156 3723 1210 pecca-

2019 1222 2230 1285 torum,
2264 1220 2419 1289 quod
2449 1220 2517 1274 de
2546 1223 2719 1275 latere
2742 1230 2941 1293 aperto
2973 1226 3280 1279 emanavit.

2093 1326 2118 1353 ‹‹
2152 1307 2451 1361 Cmnacula
2480 1314 2537 1363 et
2586 1310 2841 1381 tristega,
2871 1334 2897 1360 ››
2931 1317 3038 1368 etc.
3098 1314 3250 1367 LXX:
3290 1332 3317 1365 α
3374 1315 3726 1371 Bicamerata

2018 1398 2074 1447 et
2097 1398 2477 1451 tricamerata.
2514 1417 2540 1448 ιο
2576 1400 2648 1451 Ex
2684 1400 2947 1453 omnibus
3002 1402 3154 1455 enim
3214 1403 3479 1471 gentibus
3536 1406 3619 1458 vel
3644 1405 3724 1458 bi-

2015 1483 2284 1550 pertitam
2334 1486 2764 1540 multitudinem
2821 1493 3132 1558 congregat
3192 1490 3455 1556 Ecclesia,
3488 1508 3553 1545 ex
3609 1493 3723 1545 cir-

2016 1571 2361 1626 cumcisione
2410 1578 2466 1627 et
2516 1576 2949 1645 praeputio;vel
3003 1578 3373 1647 tripartitam,
3419 1597 3484 1633 ex
3539 1582 3722 1635 tribus

2020 1659 2149 1711 filiis
2184 1662 2322 1726 Noe,
2356 1678 2599 1731 quorum
2632 1665 2905 1733 progenie
2931 1666 3187 1735 repletur
3218 1666 3390 1720 orbis.
3448 1669 3723 1723 lnferiora

2019 1752 2209 1801 autem
2240 1765 2382 1802 arcse
2410 1750 2675 1805 distincta
2727 1758 2878 1817 sunt,
2936 1754 3069 1823 quia
3092 1754 3149 1807 in
3198 1754 3301 1807 hac
3336 1756 3449 1808 vita
3496 1760 3721 1811 terrena

2018 1838 2104 1885 est
2160 1832 2453 1887 diversitas
2521 1837 2816 1905 gentium:
2877 1838 2937 1890 in
3001 1854 3226 1891 summo
3279 1845 3471 1893 autem
3524 1858 3722 1895 omnes

2016 1929 2490 1977 consummantur
2517 1925 2579 1977 in
2609 1941 2808 1993 unum,
2853 1926 2987 1997 quia
3033 1927 3225 1980 omnia
3254 1931 3310 1981 et
3364 1928 3422 1982 in
3452 1930 3720 1983 omnibus

2017 2009 2291 2065 Christus.

2089 2100 2353 2170 (ALCUIN.)
2388 2102 2648 2172 Congrue
2689 2120 2817 2157 arca
2844 2103 2900 2156 in
2927 2120 3173 2170 summo,
3208 2105 3363 2158 velut
3392 2110 3539 2159 tecto
3574 2123 3717 2177 quo-

2013 2187 2144 2241 dam
2174 2194 2437 2259 angusto,
2456 2191 2811 2245 cacuminata
2840 2197 2943 2259 est,
2976 2198 3039 2246 ut
3068 2194 3339 2247 imbrium
3372 2194 3557 2249 minas
3608 2196 3715 2249 dif-

2013 2275 2291 2337 funderet,
2326 2282 2383 2331 et
2406 2278 2518 2332 ima
2560 2279 2621 2333 in
2680 2281 2845 2351 aquis
2906 2281 3208 2336 stabilitate
3263 2284 3541 2352 quadrata
3589 2300 3716 2337 con-

2011 2362 2231 2429 sistens,
2273 2381 2374 2418 nec
2405 2366 2656 2436 impulsu
2690 2374 3010 2436 ventorum,
3038 2386 3140 2423 nec
3161 2371 3383 2441 impetu
3410 2372 3713 2439 fluctuum,

2010 2468 2114 2506 nec
2146 2453 2545 2523 inquietudine
2574 2458 2909 2512 animalium
2943 2475 3071 2529 quae
3092 2460 3245 2513 intus
3263 2464 3423 2514 erant
3450 2460 3713 2515 inclinari

2009 2546 2204 2610 posset
2226 2548 2323 2596 aut
2346 2545 2547 2615 mergi.

2080 2630 2269 2687 (Gneo.
2304 2634 2361 2683 in
2422 2632 2638 2703 Morel.)
2700 2636 2842 2688 Area
2873 2639 2931 2689 in
2979 2636 3348 2690 inferioribus
3408 2638 3620 2707 ampla,
3652 2638 3712 2691 in

2006 2718 2395 2787 superioribus
2426 2726 2687 2790 angusta,
2724 2728 2853 2787 etc.,
2893 2740 3064 2793 usque
3100 2725 3174 2777 ad
3221 2723 3469 2795 grandes
3528 2726 3711 2780 acervi

2007 2805 2321 2873 palearum,
2346 2822 2474 2875 quae
2496 2806 2724 2876 ignibus
2748 2810 3188 2864 comburuntur.

2077 2894 2598 2963 (Gnec.)Moraliter
2649 2899 2992 2968 autem,qui
3019 2916 3076 2952 se
3139 2900 3209 2953 ab
3256 2917 3449 2955 amore
3504 2903 3707 2956 mundi

184 2989 488 3041 ιηηειειίο
537 2989 725 3043 dici“
786 2990 1086 3060 quadrata,
1143 3014 1169 3040 η
1201 2996 1265 3045 ιη
1321 3009 1425 3046 nec
1480 2993 1531 3045 vi
1594 2999 1892 3047 ventorum
1924 2992 1963 3046 (ζ
2002 2984 2302 3047 convertit,
2335 2984 2394 3036 in
2425 2985 2592 3037 corde
2617 2985 2859 3039 aaditicat
2885 3003 3074 3040 arcam
3122 2989 3344 3057 salutis,
3385 2989 3599 3043 habens
3626 2990 3709 3044 in-

184 3094 281 3130 nec
306 3078 689 3132 inundatione
719 3081 983 3133 solvetur.

253 3190 282 3212 u
338 3167 832 3231 Mansiunculas,-
894 3175 999 3222 etc.
1062 3170 1297 3239 (Snus)
1361 3172 1503 3224 LXX.
1566 3194 1593 3220 ‹‹
1650 3172 1892 3226 Bicame-

182 3259 301 3306 rata
330 3260 383 3306 et
416 3256 777 3310 tricamerata
808 3257 864 3309 in
890 3273 1020 3310 arca
1054 3257 1262 3311 facies:
1325 3258 1669 3313 bicamerata
1700 3260 1763 3335 in
1800 3260 1887 3313 in-

181 3342 508 3410 ferioribus,
570 3344 928 3397 tricamerata
977 3346 1037 3398 in
1086 3346 1496 3416 superioribus.
1542 3370 1567 3395 n
1627 3348 1888 3419 Quinque

180 3446 316 3498 ergo
351 3431 747 3487 mansionibus
778 3432 1044 3487 distincta
1073 3440 1206 3487 sunt
1239 3451 1251 3487 :
1286 3434 1492 3504 prima,
1530 3434 1584 3488 id
1621 3442 1705 3488 est
1745 3436 1888 3489 infe-

177 3520 315 3585 rior,
345 3521 456 3573 fuit
485 3521 840 3586 stercoraria,
874 3538 987 3592 quo
1019 3528 1265 3576 stercora
1294 3523 1644 3590 defluebant,
1687 3540 1757 3577 ne
1789 3524 1887 3595 qui

176 3607 424 3660 erantin
454 3624 581 3661 arca
612 3608 791 3661 fetore
840 3610 1216 3675 laederentur;
1258 3610 1526 3675 secunda,
1581 3613 1885 3679 apotheca-

174 3696 302 3758 ria;
364 3696 556 3762 tertia,
624 3696 937 3750 immitium
987 3698 1326 3751 animalium
1374 3702 1431 3751 et
1487 3699 1881 3767 serpentium;

176 3794 399 3852 quarta,
435 3790 914 3851 mansuetorum;
962 3786 1185 3855 quinta,
1237 3786 1289 3839 id
1315 3792 1400 3840 est
1446 3803 1733 3857 suprema,
1777 3788 1885 3841 lio—

178 3873 399 3925 minum
434 3879 488 3926 et
516 3874 729 3928 avium.
800 3874 1035 3937 Ostium,
1100 3875 1199 3929 ubi
1238 3874 1585 3929 bicamerata
1639 3882 1694 3929 et
1716 3878 1882 3930 trica-

176 3968 393 4014 merata
450 3962 864 4032 jungebantnr,
900 3962 953 4016 id
1005 3966 1108 4029 est,
1179 3963 1330 4018 inter
1378 3964 1793 4034 apothecariam
1829 3972 1885 4019 et

171 4046 484 4101 bestiarum
519 4048 950 4103 habitationem.
980 4049 1161 4119 (AL‘G.)
1186 4051 1245 4103 ln
1314 4052 1499 4119 prima
1526 4051 1881 4106 habitatione

171 4137 225 4188 in
257 4136 633 4191 inferioribus
658 4138 829 4191 semel
861 4144 1147 4192 camerata
1200 4146 1321 4193 erat
1344 4156 1493 4205 arca,
1549 4140 1606 4193 in
1631 4142 1879 4194 secunda

172 4241 343 4295 super
364 4225 699 4279 inferiorem
743 4226 1153 4281 habitationem
1215 4228 1577 4283 bicamerata.
1611 4230 1673 4283 In
1710 4229 1875 4283 tertia

170 4329 303 4366 vero
338 4330 517 4383 super
546 4315 851 4368 secundam
884 4316 1263 4376 tricamerata.
1316 4316 1519 4370 Dicunt
1573 4316 1671 4370 alii
1702 4316 1763 4369 in
1794 4316 1877 4369 in-

171 4401 481 4455 ferioribus
532 4402 672 4455 duas
722 4402 896 4455 fuisse
941 4404 1388 4470 mansiunculas,
1448 4408 1504 4457 et
1555 4404 1633 4459 sic
1688 4421 1877 4459 arcam

172 4490 345 4543 fuisse
386 4490 817 4544 bicameratam.
879 4492 1090 4545 Harum
1144 4491 1381 4546 inferior
1427 4497 1671 4547 stercora
1701 4494 1877 4548 susci-

172 4580 380 4649 piebat,
417 4579 668 4633 secunda
728 4595 899 4646 escas,
962 4598 1091 4652 qua:
1145 4581 1511 4653 apothecaria
1562 4582 1874 4649 dicebatur;

170 4670 225 4721 in
256 4667 655 4738 superioribus
680 4667 1042 4723 tricamerata
1069 4676 1204 4735 erat,
1242 4670 1340 4723 ubi
1382 4670 1645 4724 homines
1675 4677 1732 4725 et
1762 4672 1878 4725 ani-

170 4757 342 4810 malia
363 4770 625 4826 congrua
671 4756 1035 4812 distinctione
1074 4758 1533 4813 continebantur.

235 4846 401 4915 (ISID.
427 4847 486 4897 in
519 4846 677 4911 Gem,
702 4850 838 4900 tom.
868 4846 929 4900 V.
966 4850 985 4914 )
1036 4850 1239 4901 Arcam
1283 4846 1603 4901 construxit
1665 4848 1778 4901 Noe
1809 4848 1878 4902 de

164 4932 332 5003 lignis
360 4933 844 5003 imputribilibus,
873 4940 1003 5000 etc.,
1036 4950 1204 5005 usque
1247 4935 1321 4989 ad
1350 4935 1410 4989 in
1440 4935 1695 5006 quinque
1736 4951 1874 5005 pro-

165 5022 513 5090 phetizatus,
547 5022 607 5075 in
629 5026 785 5076 sexta
813 5024 1253 5095 evangelizatus.

228 5112 392 5164 Vens.
436 5114 520 5165 l5.
560 5132 589 5158 «
626 5111 1033 5166 Trecentorum
1091 5112 1445 5177 cubitorum,
1477 5133 1505 5159 »
1559 5116 1667 5165 etc.
1700 5112 1874 5181 (lsm.,

165 5198 321 5268 ibid.)
360 5199 531 5252 Potet
557 5197 617 5252 in
649 5198 917 5252 trecentis
950 5199 1155 5253 cubitis
1186 5200 1413 5270 lignum
1446 5198 1628 5252 crucis
1683 5204 1877 5253 osten-

166 5284 238 5349 di,
270 5292 406 5352 etc.,
436 5302 612 5355 usque
640 5287 716 5340 ad
746 5286 879 5357 quia
903 5303 1049 5342 unus
1078 5289 1226 5342 Deus
1281 5303 1349 5342 ex
1382 5303 1497 5359 quo
1550 5287 1765 5354 omnia,
1821 5293 1879 5342 et

172 5388 274 5426 una
301 5373 470 5441 ﬁdes,
504 5380 562 5429 et
591 5391 775 5429 unum
797 5375 1098 5447 baptisma.

229 5462 441 5533 (Gneo.
506 5465 649 5518 hom.
732 5478 819 5517 XVI
866 5466 925 5518 in
980 5466 1197 5535 Ezech.)
1251 5467 1395 5519 Arca
1427 5481 1555 5536 quae
1609 5465 1877 5519 trecentis

174 5552 362 5607 cubitis
402 5554 532 5607 fieri
566 5553 625 5606 in
678 5552 1032 5623 longitudine
1083 5554 1241 5624 jussa
1299 5558 1404 5619 est,
1455 5553 1877 5625 quinquaginta

489 5627 775 5691 PATROL.
832 5626 1020 5691 CXlll
1032 5675 1045 5689 .

2000 3086 2059 3123 se
2086 3071 2530 3140 longitudinem,
2574 3073 2628 3127 id
2679 3079 2784 3140 est,
2819 3075 3110 3129 Trinitatis
3139 3076 3309 3130 fidem
3339 3094 3401 3131 ac
3452 3077 3702 3147 longitu-

1999 3158 2193 3212 dinem
2228 3159 2356 3213 vitae
2384 3165 2440 3214 et
2467 3162 2916 3217 immortalitatis
2946 3181 2959 3229 ;
3009 3164 3371 3220 latitudinem
3401 3167 3460 3220 in
3512 3167 3702 3220 chari-

1998 3253 2128 3309 tate,
2161 3265 2274 3319 qua
2299 3256 2483 3318 potest
2509 3251 2655 3305 bene
2688 3252 2873 3306 facere
2900 3253 3074 3307 etiam
3105 3253 3389 3312 inimicis:
3439 3255 3701 3309 altitudi-

1998 3353 2129 3391 nem
2159 3337 2217 3391 in
2246 3355 2367 3409 spe,
2400 3356 2513 3410 qua
2561 3356 2617 3393 se
2646 3340 2829 3410 erigat
2885 3342 2954 3394 ad
3020 3341 3268 3396 cmlestia
3305 3347 3359 3395 et
3414 3358 3698 3396 summam

1995 3432 2225 3481 actuum
2250 3444 2481 3481 suorum
2526 3429 2595 3482 ad
2630 3446 2808 3482 unum
2831 3430 3057 3484 referat.

2070 3516 2231 3569 Vens.
2274 3518 2449 3571 19-20.
2482 3548 2549 3555 —
2593 3537 2620 3567 α
2682 3519 2741 3571 Et
2774 3535 2840 3571 ex
2889 3520 3125 3583 cunctis,
3160 3542 3185 3567 ››
3210 3524 3316 3573 etc.
3347 3519 3507 3588 (Ave.
3558 3521 3595 3574 l.
3629 3536 3697 3573 xv

1993 3604 2059 3656 de
2087 3606 2246 3658 Civit.
2280 3608 2393 3667 Dei,
2421 3621 2467 3659 c.
2504 3607 2629 3670 ult.,
2682 3612 2722 3660 t.
2760 3607 2900 3676 νη.)
2952 3608 3239 3671 Quaeritur
3267 3608 3335 3662 de
3389 3609 3700 3662 minutissi-

1994 3692 2122 3757 mis,
2157 3692 2324 3746 sicin
2384 3694 2641 3748 Ecclesia:
2678 3696 3044 3750 sacramentis
3095 3701 3391 3749 versantur
3450 3696 3584 3750 boni
3644 3701 3700 3751 et

1992 3781 2149 3835 mali.

2063 3871 2223 3923 Vens.
2250 3873 2336 3937 2t,
2368 3874 2455 3925 22.
2482 3902 2548 3912 --
2573 3894 2599 3921 u
2625 3873 2807 3927 Tolles
2838 3872 3032 3943 igitur,
3074 3895 3093 3919 ι»
3127 3877 3240 3927 etc.
3302 3872 3458 3927 Solet
3510 3874 3692 3944 quezri

1990 3958 2058 4012 de
2087 3958 2429 4013 animalibus
2460 3976 2589 4031 qua:
2623 3966 2847 4015 tantum
2888 3965 3165 4031 putantur
3214 3962 3363 4014 vesci
3407 3961 3694 4028 carnibus,

1993 4052 2181 4100 utrum
2213 4052 2422 4117 printer
2447 4064 2754 4103 numerum
2810 4049 2889 4103 ibi
2934 4049 3153 4103 fuerint
3208 4048 3329 4102 sine
3387 4053 3697 4119 transgres-

1987 4136 2149 4189 sione
2181 4135 2455 4200 mandati,
2490 4153 2618 4204 quaa
2675 4137 2918 4190 aliorum
2988 4136 3326 4191 alendorum
3390 4138 3694 4192 necessitas

1989 4223 2267 4293 coegisset
2290 4224 2552 4290 includi;
2599 4226 2705 4291 vel,
2743 4226 2897 4296 quod
2952 4225 3137 4296 magis
3180 4226 3531 4281 credendum
3588 4234 3692 4292 est,

1989 4317 2197 4382 printer
2225 4329 2420 4366 carnes
2445 4312 2718 4368 alimenta
2749 4331 2868 4368 esse
2899 4320 3214 4384 potuerunt
3257 4332 3387 4385 qua:
3424 4317 3694 4371 omnibus

1990 4402 2374 4456 convenirent.
2428 4404 2600 4457 Multa
2643 4403 2797 4457 enim
2855 4404 3145 4469 animalia,
3197 4405 3406 4475 quibus
3452 4421 3583 4459 caro
3614 4408 3692 4459 ci-

1991 4490 2403 4557 bus,fructibus
2462 4491 2759 4563 pomisque
2804 4496 3132 4557 vescuntur,
3184 4493 3430 4547 maxime
3487 4494 3594 4546 ﬁco
3639 4500 3693 4547 et

1989 4580 2286 4632 castaneis.
2314 4580 2503 4633 Potuit
2533 4596 2668 4651 ergo
2699 4580 2782 4634 vir
2826 4580 3015 4651 justus
3041 4583 3098 4634 et
3145 4581 3388 4651 sapiens,
3428 4586 3484 4633 et
3542 4581 3692 4635 divi-

1989 4666 2141 4720 nitus
2167 4668 2509 4735 admonitus,
2546 4686 2676 4740 qua:
2702 4669 2906 4740 cuique
2940 4673 3300 4740 congrueret,
3361 4669 3690 4723 alimoniam

1987 4760 2196 4825 praeter
2220 4772 2417 4810 carnes
2445 4758 2696 4828 reperire
2725 4763 2782 4813 et
2835 4759 3099 4813 condere.
3120 4760 3180 4812 Et
3231 4757 3499 4812 omnibus
3543 4758 3691 4811 vesci

1986 4844 2139 4913 cogit
2162 4844 2362 4912 fames,
2394 4849 2450 4899 et
2478 4846 2623 4900 nihil
2660 4850 2745 4901 est
2763 4846 2920 4918 quod
2948 4848 3095 4900 Deus
3149 4862 3321 4900 suave
3353 4851 3408 4899 et
3462 4846 3690 4900 salubre

1986 4932 2168 4986 facere
2194 4949 2309 4987 non
2363 4935 2557 5004 possit,
2611 4935 2709 5006 qui
2774 4934 2945 4991 etiam
3002 4941 3066 4989 ut.
3112 4934 3235 4989 sine
3293 4934 3417 4989 cibo
3437 4934 3693 4991 viverent

1986 5020 2174 5076 divina
2196 5021 2463 5078 facultate
2476 5024 2736 5079 donaret.

2646 5166 2872 5220 CAPUT
2904 5166 3019 5219 VII.

2058 5287 2221 5341 Vens.
2276 5290 2381 5341 l-3.
2433 5307 2557 5338 --a
2639 5287 2902 5357 Dixitque
2955 5288 3250 5354 Dominus,
3289 5308 3312 5337 ι
3382 5296 3493 5343 etc.
3532 5305 3557 5341 ι
3615 5290 3691 5343 Ex

1988 5395 2015 5425 ι(
2039 5375 2305 5429 omnibus
2331 5374 2718 5428 animantibus
2758 5374 2985 5429 mundis
3019 5376 3180 5429 tolles
3233 5380 3466 5446 septena
3521 5381 3580 5431 et
3608 5393 3697 5433 se.

1988 5470 2268 5534 «ptena,»
2298 5468 2403 5517 etc.
2465 5464 2642 5534 (ΗΑΒ.)
2679 5464 2805 5518 Non
2861 5464 3217 5535 geminatum
3279 5465 3692 5537 septenarinm,

1987 5552 2040 5607 id
2078 5557 2164 5606 est
2216 5552 2674 5622 quatuordecim,
2722 5552 2821 5607 sed
2861 5555 3082 5607 tantum
3135 5557 3351 5687 septzm
3418 5554 3693 5609 debemus
