4050 6188
397 310 495 364 107

391 428 664 498 accipere.
718 425 992 481 Similiter
1036 423 1147 478 duo
1195 427 1253 477 et
1308 423 1442 489 duo,
1485 437 1600 475 non
1667 423 1932 491 quatuor,
1991 419 2089 474 sed
2129 421 2176 476 A

390 523 612 571 tantum
636 516 770 583 duo,
813 514 1128 568 masculum
1189 518 1245 565 et
1299 512 1592 564 feminam.
1650 511 1713 564 Et
1772 509 2090 564 notandum

391 606 543 676 quod
579 607 793 658 munda
824 601 1094 657 animalia
1123 599 1329 670 impari
1361 613 1622 665 numero,
1683 596 1740 650 id
1774 600 1858 650 est
1909 601 2086 667 septe-

392 693 552 746 nario
593 693 1053 756 introducuntur,
1079 688 1376 742 immunda
1413 703 1546 741 vero
1607 685 1771 756 pari;
1829 683 2089 755 quiaim-

390 798 494 852 par
539 797 814 835 numerus
871 779 1098 833 virtutis
1170 777 1418 848 speciem
1458 774 1766 846 portendit,
1789 790 1896 844 par
1953 789 2088 826 vero

389 869 798 922 infirmitatem.
827 869 996 921 Plura
1021 871 1154 919 sunt
1191 863 1427 924 munda,
1462 869 1524 916 ut
1551 879 1812 932 egressus
1872 862 1988 916 Noe
2019 861 2088 915 de

389 973 517 1010 arca
547 959 782 1010 haberet
812 956 946 1026 quid
967 953 1291 1008 immolaret
1321 957 1376 1006 et
1405 952 1792 1005 manducaret.

460 1047 612 1114 (IsID.
657 1049 714 1097 in
773 1044 930 1111 Gen.)
967 1060 993 1092 ς(
1026 1041 1092 1094 Et
1156 1040 1423 1094 omnibus
1486 1039 1893 1101 animantibus,
1923 1055 1952 1091 ι)
1979 1043 2088 1093 etc.

389 1134 510 1187 Non
532 1134 678 1203 quod
710 1132 903 1202 plures
926 1131 1040 1183 sint
1059 1129 1194 1183 boni
1238 1144 1410 1200 quam
1453 1128 1609 1194 mali,
1641 1133 1770 1191 etc.,
1816 1143 1988 1196 usque
2017 1127 2092 1181 ad

388 1222 697 1292 quidiesa
765 1219 1028 1290 passione
1083 1218 1284 1271 tertius
1339 1218 1399 1270 in
1444 1232 1685 1270 numero
1741 1215 1965 1270 dierum
1990 1217 2088 1286 qui

387 1325 488 1379 per
511 1324 680 1362 omne
710 1313 934 1378 tempus
1000 1307 1322 1365 volvuntur,
1366 1312 1423 1358 et
1471 1305 1715 1374 primus,
1746 1309 1803 1357 et
1840 1308 2085 1358 octavus.

457 1396 700 1467 (Ans.in
725 1397 880 1464 Gen.)
934 1395 1219 1460 Quaeritur
1280 1399 1470 1447 utrum
1529 1398 1647 1446 tam
1700 1408 1908 1463 magna
1961 1408 2091 1446 arca

385 1490 613 1539 centum
643 1485 806 1538 annis
847 1484 1033 1554 potuit
1064 1482 1327 1537 fabricari
1356 1498 1388 1534 a
1433 1486 1681 1552 quatuor
1732 1479 2088 1553 hominibus,

388 1577 443 1630 id
484 1581 588 1641 est,
650 1576 767 1630 Noe
796 1580 853 1627 et
883 1573 1015 1627 filiis
1047 1574 1170 1642 ejus
1203 1572 1387 1626 tribus
1411 1572 1438 1626 ?
1483 1571 1590 1625 Sed
1645 1571 1693 1624 si
1720 1585 1835 1624 non
1878 1568 2089 1639 potuit,

387 1681 500 1718 non
533 1669 652 1718 erat
677 1679 946 1732 maguum
1012 1662 1152 1714 alios
1212 1661 1402 1714 fabros
1456 1660 1750 1722 adbibere,
1805 1656 2084 1729 quamvis,

383 1753 570 1823 Operis
591 1752 676 1804 sui
730 1750 988 1803 mercede
1054 1750 1279 1819 adepta,
1341 1764 1458 1800 non
1504 1752 1852 1800 curaverunt
1893 1750 2086 1798 utrum

389 1842 504 1895 Noe
580 1840 866 1909 sapienter
915 1854 987 1890 an
1031 1836 1276 1890 inaniter
1324 1838 1552 1898 faceret,
1606 1843 1662 1890 et
1708 1837 1765 1888 iu
1814 1851 1941 1888 eam
1977 1849 2089 1886 non

387 1935 760 1998 intraverunt,
797 1927 936 1997 quia
969 1943 1087 1980 non
1115 1925 1506 1990 crediderunt,
1529 1924 1683 1994 quod
1706 1924 1800 1977 ille
1827 1920 2084 1977 credidit.

463 2020 627 2072 Vens.
665 2018 697 2070 4
729 2063 734 2067 .
791 2046 859 2055 -
893 2037 913 2063 ε
952 2016 1070 2085 Ego
1121 2015 1343 2085 pluam,
1378 2035 1404 2062 ››
1442 2019 1550 2068 etc.
1577 2013 1732 2082 (Isin.
1790 2012 1987 2078 Quaest.
2030 2011 2088 2062 in

389 2107 549 2172 Gcn.,
604 2122 651 2159 c.
677 2105 748 2173 7.)
809 2103 953 2168 Quia
1011 2104 1197 2157 omnis
1255 2107 1444 2156 reatus
1520 2107 1718 2154 contra
1755 2100 2088 2169 decalogum

385 2194 765 2249 committitur
809 2209 912 2263 per
970 2193 1298 2246 universum
1377 2190 1594 2255 orbem,
1659 2188 1757 2260 qui
1829 2187 2090 2257 partibus

386 2281 967 2354 quatuordividiter:
1017 2285 1225 2349 quater
1278 2293 1414 2331 vero
1464 2278 1660 2331 decem
1708 2275 2090 2346 quadraginta

387 2372 536 2425 fiunt
567 2387 580 2437 ;
615 2370 728 2423 sive
759 2373 949 2422 reatus
979 2367 1346 2421 contrahatur
1385 2382 1451 2418 ex
1483 2366 1885 2436 prosperitate,
1935 2364 2087 2434 quod

388 2460 635 2530 pertinet
663 2459 730 2511 ad
755 2457 876 2512 dies
908 2470 922 2525 ;
957 2455 1072 2509 sive
1095 2472 1156 2508 ex
1193 2453 1559 2519 adversitate,
1593 2453 1745 2524 quod
1777 2453 1842 2506 ad
1875 2457 2088 2517 noctes,

387 2549 446 2602 in
478 2546 760 2618 baptismo
791 2544 1066 2599 abluitur.

459 2635 634 2688 Vsus.
696 2636 805 2687 5-6.
854 2650 973 2682 -ω
1045 2630 1196 2684 Fecit
1245 2645 1381 2700 ergo
1444 2630 1560 2684 Noe
1617 2628 1830 2694 omnia,
1876 2649 1902 2680 ι)
1980 2633 2086 2682 etc.

391 2741 419 2774 α
454 2724 699 2792 Eratque
728 2726 1121 2774 sexcentorum
1161 2734 1462 2782 annorum,
1503 2739 1524 2766 ο
1563 2722 1667 2771 etc.
1711 2719 1882 2786 (ISID.,
1922 2717 2087 2788 Ibid.)

391 2811 842 2882 Quingentorum
899 2825 1180 2862 annorum
1235 2812 1356 2861 erat
1411 2808 1528 2862 Noe
1549 2823 1675 2860 cum
1739 2805 2010 2877 praecepit
2037 2805 2089 2858 ei

395 2899 673 2954 Dominus
735 2905 798 2953 ut
853 2914 1043 2952 arcam
1100 2897 1476 2967 faceret,etc.,
1543 2910 1712 2964 usque
1783 2895 1856 2948 ad
1885 2894 2092 2966 quiest

389 2988 674 3043 ternarius
701 2987 1033 3058 quadratus.

463 3079 768 3131 Vens.7«9.
820 3105 890 3115 —
924 3097 943 3122 α
1006 3075 1302 3143 Ingressus
1360 3075 1446 3126 est
1499 3072 1614 3125 Noe
1670 3076 1728 3125 et
1780 3071 1880 3125 ﬁlii
1922 3071 2086 3141 ejus,.

397 3181 611 3229 «uxor,
648 3185 675 3214 »
708 3169 812 3218 etc.
848 3163 1034 3234 (ΗΑΒ.)
1069 3163 1390 3216 Notandum
1423 3161 1574 3231 quod
1617 3177 1871 3214 seorsum
1905 3159 2090 3231 ingre-

394 3253 550 3306 ditur
582 3253 641 3305 in
668 3267 854 3305 arcam
891 3251 1007 3304 Noe
1040 3265 1169 3302 cum
1204 3249 1335 3302 filiis
1365 3249 1503 3312 suis,
1529 3252 1585 3300 et
1633 3263 1834 3300 uxores
1889 3264 2086 3302 eorum

395 3356 674 3395 seorsum.
708 3339 842 3394 Ideo
877 3339 1138 3394 distincte
1171 3337 1406 3392 dicitur:
1444 3358 1469 3384 ‹‹
1504 3337 1792 3404 Ingressus
1841 3341 1924 3390 est
1973 3337 2089 3391 Noe

398 3436 455 3484 et
498 3429 600 3482 filii
646 3430 848 3498 ejus,»
883 3431 939 3481 et
996 3427 1260 3480 distincte
1307 3424 1553 3486 additur,
1591 3443 1618 3476 ‹‹
1677 3441 1820 3480 uxor
1873 3427 1996 3496 ejus
2035 3431 2092 3481 et

397 3535 604 3573 uxores
636 3518 889 3572 ﬁliorum
921 3516 1060 3587 ejus.
1094 3535 1121 3567 ››
1151 3515 1365 3570 Mixtim
1387 3519 1574 3567 autem
1603 3515 1709 3568 viri
1764 3530 1892 3568 cum
1961 3531 2088 3568 mu-

399 3608 636 3662 lieribus
655 3606 866 3676 egressi
896 3609 1046 3666 sunt,
1077 3604 1156 3658 sic
1186 3603 1336 3657 enim
1369 3603 1640 3672 scriptum
1663 3609 1748 3657 est
1779 3620 1792 3658 :
1830 3626 1856 3651 «
1893 3605 2089 3674 Egres-

399 3700 595 3751 susest
654 3695 768 3748 Noe
813 3697 868 3747 et
948 3707 1090 3746 uxor
1143 3693 1284 3760 ejus.
1332 3693 1580 3762 Tempus
1652 3692 1804 3745 enim
1871 3693 2087 3763 ample-

396 3785 586 3840 ctendi
617 3788 670 3836 et
691 3788 917 3852 tempus
941 3780 1260 3835 abstinendi
1288 3781 1474 3848 (Eccli.
1510 3781 1610 3852 ιιῐ).
1636 3799 1661 3830 ι)

468 3874 636 3927 Vens.
674 3873 759 3926 10.
795 3900 863 3910 —
898 3890 925 3921 (ι
975 3869 1230 3940 Cumque
1287 3869 1640 3937 transissent,
1668 3887 1694 3920 ››
1729 3874 1835 3923 etc.
1887 3871 2034 3937 (Ism.
2069 3871 2088 3938 )

387 3961 536 4026 Quia
557 3960 615 4014 iu
645 3977 743 4031 spe
774 3960 979 4014 futurae
1002 3958 1225 4029 quietis,
1258 3973 1431 4029 quam
1485 3948 1785 4028 significat.
1813 3959 2091 4028 septimus

393 4052 536 4109 dies,
590 4049 965 4119 baptizamur,
1008 4039 1197 4100 omnis
1251 4062 1380 4100 caro
1432 4051 1591 4100 extra
1651 4062 1836 4100 arcam
1877 4047 2088 4100 diluvio

391 4143 728 4208 consumpta
752 4141 836 4190 est
863 4153 876 4201 ;
902 4135 1036 4207 quia
1068 4140 1228 4190 extra
1257 4136 1566 4189 Ecclesiam
1595 4151 1744 4206 aqua
1798 4135 2086 4206 baptismi,

391 4226 649 4297 quamvis
679 4225 879 4279 eadem
925 4225 1012 4289 sit,
1057 4240 1174 4278 nou
1232 4225 1382 4278 valet
1436 4223 1510 4279 ad
1567 4225 1832 4292 salutem,
1889 4226 1988 4281 sed
2019 4227 2082 4279 ad

390 4315 717 4386 perniciem.

460 4407 638 4460 Vens.
674 4404 851 4459 11-14.
895 4439 948 4448 -
977 4421 1006 4452 α
1038 4403 1201 4456 Auno
1248 4400 1672 4468 sexcentesimo,
1731 4407 1879 4456 »etc.
1935 4404 2082 4458 Alle-

387 4498 580 4562 gorice.
619 4492 941 4548 Notandum
995 4491 1149 4562 quod
1190 4490 1598 4545 sexcentesimo
1637 4507 1788 4544 anno
1837 4491 2082 4545 inunda-

389 4589 589 4639 vcrunt
619 4598 780 4654 aqua"
802 4580 1022 4648 diluvii,
1066 4579 1201 4650 quia
1233 4583 1388 4632 sexta
1429 4583 1590 4632 aetate
1647 4580 1848 4634 mundi
1897 4581 2083 4651 primo

385 4671 847 4727 commendatum
897 4672 981 4721 est
1045 4672 1462 4720 sacramentum
1515 4666 1806 4738 baptismi,
1864 4673 1922 4722 et
1976 4669 2084 4722 hoc

385 4760 624 4831 septima
650 4759 869 4813 decima
890 4757 982 4812 die
1025 4755 1257 4810 secundi
1327 4755 1562 4817 mensis,
1622 4755 1757 4827 quia
1816 4757 2082 4811 denarius

382 4850 717 4918 decalogum
749 4846 1048 4917 signiﬁcat.
1079 4843 1444 4915 Septenarius
1496 4848 1733 4915 propter
1773 4844 2079 4900 Sabbatum

381 4938 679 5008 septimam
733 4936 990 5005 requiem
1053 4933 1353 5005 significat,
1429 4936 1485 4987 et
1539 4933 1671 5003 quia
1705 4933 1762 4987 in
1811 4933 2082 5006 decalogo

383 5023 729 5077 renuntiatio
751 5023 1018 5076 vitiorum
1043 5021 1284 5087 videtur,
1325 5020 1654 5091 quicunque
1682 5021 1740 5075 in
1795 5021 2079 5092 baptismo

382 5111 659 5176 iuitiatur,
715 5116 952 5182 propter
1008 5115 1280 5164 aeternam
1319 5107 1601 5180 requiem,
1652 5108 2079 5163 omnibusvitiis

378 5217 436 5256 se
456 5199 860 5255 abrenuntiare
893 5199 1214 5268 proﬁtetur.

451 5308 479 5341 α
508 5289 834 5345 Cataractze.
873 5308 893 5335 ιι
931 5287 1233 5350 Fenestrae,
1268 5285 1448 5338 nubes
1481 5281 1712 5351 scilicet,
1757 5299 1885 5356 quae
1943 5289 2078 5339 sunt

377 5382 608 5450 apertae,
639 5381 703 5432 ut
733 5375 867 5431 inde
898 5374 1141 5428 insolitas
1171 5378 1229 5427 et
1256 5374 1502 5444 majores
1530 5373 1737 5444 pluviae
1768 5374 2075 5429 funderen-

375 5473 487 5520 tur.
523 5467 830 5522 Cataractze
870 5479 1002 5515 vero
1029 5461 1259 5534 proprie
1298 5467 1431 5515 sunt
1472 5463 1613 5517 ostia
1654 5463 1786 5531 Nili,
1855 5463 1950 5518 sed
1981 5464 2076 5518 ab-

376 5555 532 5610 usive
565 5571 666 5625 pro
696 5551 961 5608 omnibus
986 5550 1244 5604 fenestris
1263 5555 1557 5622 ponuntur

2123 2998 2162 3054 C

1004 302 1398 361 WALAFRIDI
1439 303 1684 360 STRABI
1733 302 1932 359 FULD.
1978 300 2140 356 MON.
2180 299 2332 356 OPP.
2380 297 2555 352 PARS
2596 297 2639 352 l.
2681 325 2749 334 —
2788 293 3244 351 THEOLOGIGA.

3795 298 3887 351 108

2279 417 2456 487 (ΗΑΒ.)
2477 417 2552 470 De
2584 432 2712 469 arca
2742 415 2883 470 solet
2912 415 3092 486 quaeri
3129 419 3322 470 utrum
3370 418 3531 469 tanta
3585 416 3888 485 capacitate

2198 513 2410 578 quanta
2437 505 2796 570 describitur,
2829 503 3101 558 animalia
3125 503 3320 557 omnia
3349 520 3478 574 quae
3508 503 3763 574 ingressa
3809 505 3890 559 di-

2197 601 2424 658 cuntur,
2455 599 2510 648 et
2539 610 2692 648 escas
2722 609 2921 646 eorum
2950 592 3098 646 ferre
3145 592 3452 663 potuerit?
3495 593 3655 658 Quod
3709 593 3893 648 cubito

2197 689 2541 760 geometrico
2611 687 2777 741 solvit
2818 687 3109 758 Origenes,
3201 703 3457 741 asserens
3530 704 3643 741 non
3687 688 3894 742 frustra

2198 778 2409 831 dictum
2439 793 2560 831 esse
2591 778 2779 832 Mosen
2830 775 2891 830 in
2949 775 3108 829 omni
3163 775 3442 846 sapientia
3501 777 3892 846 Aﬂgyptiorum

2197 867 2368 921 fuisse
2394 866 2703 934 eruditum,
2733 865 2830 935 qui
2851 863 3224 934 geometriam
3256 864 3599 932 dilexerunt,
3651 869 3708 918 et
3735 865 3894 919 cubi—

2196 959 2318 1009 tum
2348 955 2758 1026 geometricum
2807 958 3089 1024 quantum
3147 968 3239 1006 sex
3291 957 3516 1005 nostros
3581 952 3889 1006 continere.

2270 1045 2428 1097 Vens.
2458 1046 2542 1112 15,
2578 1044 2662 1097 16.
2721 1071 2783 1082 ——
2818 1059 2846 1092 ς(
2909 1043 3041 1094 Bina
3066 1047 3125 1094 et
3180 1041 3338 1110 bina,
3377 1058 3402 1093 υ
3442 1047 3548 1096 etc.
3615 1045 3769 1110 (Anc.
3801 1044 3894 1096 ubi

2195 1131 2408 1199 supra.)
2468 1131 2743 1200 Praecepit
2819 1130 3083 1199 superius
3160 1135 3396 1198 septena
3453 1134 3511 1182 et
3562 1135 3797 1199 septena
3827 1131 3896 1185 de

2199 1220 2447 1284 mundis,
2493 1221 2606 1274 duo
2663 1225 2720 1272 et
2785 1218 2899 1273 duo
2953 1218 3075 1272 tolli
3123 1217 3192 1272 de
3243 1217 3574 1271 immundis.
3603 1218 3896 1282 Quomodo

2198 1323 2335 1376 ergo
2364 1323 2515 1360 nunc
2544 1305 2680 1360 dicit
2703 1307 2814 1360 duo
2847 1311 2904 1359 et
2931 1306 3044 1359 duo
3084 1305 3339 1368 intrasse,
3391 1305 3506 1359 sive
3527 1305 3596 1358 de
3646 1306 3892 1374 mundis,

2199 1395 2314 1448 sive
2346 1394 2794 1449 deimmuudis?
2833 1393 2940 1449 Sed
2995 1395 3099 1448 hoc
3153 1393 3399 1447 refertur
3457 1411 3570 1447 non
3597 1393 3666 1448 ad
3691 1411 3895 1449 nume-

2200 1501 2327 1538 rum
2353 1484 2694 1538 mundorum
2728 1489 2785 1536 et
2813 1483 3265 1549 immundorum,
3325 1482 3420 1535 sed
3451 1481 3521 1535 ad
3583 1483 3895 1537 masculum

2198 1572 2254 1619 et
2280 1565 2572 1618 feminam.
2609 1565 2672 1616 ln
2703 1563 2966 1616 omnibus
3016 1561 3167 1614 enim
3226 1563 3339 1614 duo
3399 1569 3549 1626 sunt,
3615 1563 3898 1616 masculus

2198 1658 2255 1707 et
2285 1653 2516 1706 femina.

2275 1748 2601 1803 Notandum
2627 1763 2759 1802 vero
2792 1745 2940 1817 quod
2975 1746 3221 1800 dicitur:
3263 1769 3280 1792 ιι
3318 1747 3378 1800 In
3433 1763 3543 1817 qua
3566 1751 3690 1802 erat
3737 1746 3903 1818 spiri-

2200 1841 2290 1891 tus
2321 1836 2468 1898 vitae,
2508 1858 2528 1885 ι
2563 1852 2679 1889 non
2712 1836 2918 1900 solum,
2951 1835 3020 1889 de
3061 1834 3410 1900 hominibus,
3451 1836 3546 1888 sed
3579 1840 3634 1888 et
3692 1835 3760 1890 de
3796 1852 3899 1905 pe-

2201 1926 2427 1980 coribus
2453 1925 2694 1979 dictum:
2730 1924 2862 1994 quia
2913 1923 3150 1994 quidam
3207 1923 3278 1978 de
3326 1923 3537 1993 Spiritu
3581 1930 3775 1977 sancto
3803 1941 3899 1976 vo-

2200 2014 2324 2068 lunt
2356 2013 2600 2082 intelligi
2631 2014 2777 2084 quod
2811 2013 3085 2081 scriptum
3145 2017 3248 2077 est,
3279 2031 3305 2062 α
3357 2011 3673 2066 insufflivit
3721 2013 3778 2066 in
3814 2016 3897 2066 fa-

2201 2103 2345 2156 ciem
2379 2103 2499 2172 ejus
2530 2101 2794 2171 spiritum
2816 2101 2943 2154 vitaa
2977 2117 2990 2166 ;
3025 2119 3051 2151 ιι
3103 2100 3200 2154 sed
3259 2100 3492 2170 quidam
3554 2101 3770 2154 codices
3801 2101 3901 2154 ha-

2199 2190 2337 2246 bent
2357 2190 2583 2255 melius,
2619 2208 2644 2239 ‹‹
2672 2189 2873 2242 flatum
2905 2189 3052 2242 vitae.
3087 2207 3112 2239 ι)

2287 2279 2448 2330 Vnus.
2499 2278 2683 2330 17-19.
2743 2305 2812 2316 —-
2871 2295 2898 2326 (ί
2976 2275 3358 2346 Quadraginta
3439 2277 3655 2344 diebus,
3690 2297 3717 2328 υ
3788 2283 3898 2332 etc.

2201 2365 2865 2437 (ALC.)0uadrageuario
2917 2381 3157 2419 numero
3205 2366 3396 2435 pluvia
3451 2365 3766 2434 inundavit,
3799 2368 3899 2439 qui

2199 2454 2630 2509 tribulationem
2694 2447 3046 2524 poenitentiaé
3138 2454 3408 2508 ostendit.
3469 2455 3602 2508 Post
3647 2456 3901 2526 quadra-

2199 2545 2359 2614 ginta
2401 2543 2518 2597 dies
2551 2544 2664 2596 Noe
2718 2543 3026 2596 fenestram
3065 2542 3312 2611 aperuit,
3369 2543 3698 2614 significans
3751 2545 3904 2614 jeju-

2200 2633 2467 2687 nautibus
2497 2634 2702 2686 caslum
2734 2631 2966 2702 aperiri.
2998 2631 3156 2686 Unde
3185 2632 3414 2703 Moyses,
3471 2632 3633 2699 Elias,
3666 2638 3724 2687 et
3774 2633 3903 2704 ipse

2201 2721 2472 2788 Salvator,
2505 2720 2961 2790 quadragenario
2993 2737 3232 2774 numero
3265 2720 3485 2791 jejuuia
3531 2723 3902 2789 consecravit,

2201 2815 2474 2882 tanquam
2507 2811 2690 2865 tribus
2730 2809 3087 2881 temporibus
3127 2809 3470 2880 necessaria,
3529 2816 3661 2865 ante
3709 2812 3900 2882 legem

2200 2899 2304 2954 sub
2337 2901 2479 2971 lege,
2513 2899 2618 2953 sub
2647 2900 2848 2970 gratia.

2274 2990 2436 3043 Vsus.
2462 2990 2650 3043 20-22.
2690 3017 2759 3029 —
2783 3008 2809 3040 α
2834 2987 3169 3053 Quindecim
3229 2987 3434 3042 cubitis
3485 2987 3672 3053 altior,
3725 3005 3752 3036 ν
3788 2991 3903 3043 etc.

2199 3076 2360 3148 (Aea.
2395 3080 2453 3132 in
2487 3079 2642 3143 Gen.)
2671 3077 2729 3132 Si
2757 3085 2910 3132 terra
2957 3077 3183 3148 Olympi
3205 3077 3418 3132 montis
3473 3077 3559 3148 (ut
3613 3076 3786 3130 tradit
3808 3077 3909 3131 hi-

2199 3166 2394 3236 storia)
2425 3166 2612 3236 potuit
2643 3166 2910 3220 invadere
2937 3166 3185 3237 spatium
3213 3165 3503 3237 tranquilli
3570 3165 3735 3229 aeris,
3763 3170 3907 3230 etc.,

2198 3269 2366 3324 uspue
2425 3253 2500 3308 ad
2551 3254 2983 3325 adteueudam
3039 3253 3291 3326 quietem
3320 3258 3378 3308 et
3449 3252 3623 3308 ﬁdem
3699 3269 3910 3309 resur—

2198 3341 2483 3396 rectionis.

2271 3452 2298 3478 ‹‹
2325 3429 2678 3494 Quindecim.
2721 3452 2741 3477 ι
2776 3429 2920 3485 Sunt
2950 3429 3047 3500 qui
3097 3433 3301 3500 putant
3342 3445 3444 3484 nec
3490 3430 3910 3502 terraequali-

2197 3519 2395 3583 tatem,
2436 3531 2539 3570 nec
2577 3516 2938 3571 altitudinem
2984 3517 3270 3572 montium
3325 3521 3544 3572 tantam
3596 3519 3909 3572 antedilu-

2197 3605 2354 3659 vium
2389 3605 2559 3659 fuisse
2598 3605 2783 3676 qualis
2813 3609 2868 3659 et
2898 3610 3112 3676 quanta
3136 3611 3218 3659 est
3243 3605 3442 3659 hodie.

2269 3695 2425 3748 Vsus.
2458 3697 2548 3760 23,
2588 3694 2676 3748 2i.
2703 3724 2772 3734 —
2798 3715 2825 3743 ι(
2885 3695 3077 3748 Deleta
3143 3699 3276 3747 sunt
3305 3694 3376 3748 de
3435 3698 3603 3749 terra.
3655 3716 3683 3744 ι
3715 3696 3912 3765 (Δια.)

2200 3782 2331 3836 Ideo
2354 3782 2537 3852 magis
2583 3787 2811 3836 terrena
2859 3782 3131 3836 animalia
3183 3799 3356 3854 quam
3400 3783 3676 3855 aquatilia
3711 3785 3915 3854 perie-

2198 3876 2354 3938 runt,
2386 3873 2520 3942 quia
2548 3871 2616 3926 de
2649 3871 2948 3927 maledicta
2981 3877 3132 3925 terra
3161 3872 3376 3926 vivunt.

2834 3961 3059 4014 CAPUT
3090 3961 3227 4016 VIII.

2271 4049 2429 4103 Vens.
2496 4050 2603 4103 1-3.
2653 4078 2721 4088 —
2790 4069 2816 4096 α
2904 4049 3248 4102 Recordatus
3311 4053 3397 4103 est
3481 4053 3669 4104 autem
3742 4049 3921 4106 Deus

2199 4156 2226 4187 αι
2264 4137 2400 4203 Noe,
2434 4157 2461 4187 ››
2495 4142 2602 4192 etc.
2634 4158 2656 4185 σ
2681 4136 2924 4192 Adduxit
2952 4137 3219 4206 spiritum
3253 4153 3426 4208 super
3482 4141 3748 4198 terram,»
3783 4143 3916 4192 etc.

2200 4224 2470 4294 (Ancum,
2502 4230 2687 4294 quast.
2736 4228 2794 4279 in
2831 4225 2990 4294 Gen.)
3024 4226 3101 4279 De
3137 4225 3236 4279 illo
3272 4225 3472 4295 spiritu
3514 4225 3757 4296 intelligi
3805 4245 3924 4297 po-

2201 4319 2311 4366 test
2339 4313 2408 4366 de
2440 4329 2554 4384 quo
2585 4314 2798 4367 dictum
2823 4320 2930 4381 est,
2963 4333 2989 4365 α
3023 4314 3267 4383 Spiritus
3300 4315 3399 4368 Dei
3452 4314 3740 4368 ferebatur
3807 4332 3925 4369 su-

2191 4417 2294 4473 per
2332 4417 2510 4472 aquas
2545 4418 2558 4456 :
2594 4423 2622 4450 ››
2655 4406 2792 4456 tunc
2809 4402 3120 4467 ferebatur,
3149 4407 3230 4468 ut,
3255 4404 3612 4474 congregatis
3641 4402 3698 4457 in
3722 4419 3926 4459 suum

2265 4491 2399 4558 (AL,
2431 4489 2654 4558 unum.)
2685 4491 3056 4555 locum,terra
3087 4497 3390 4562 appareat:
3423 4508 3572 4546 nunc
3593 4491 3931 4548 adducitur

2191 4583 2258 4633 ut
2284 4578 2485 4632 ablatis
2512 4580 2676 4649 aquis
2709 4580 2928 4646 diluvii,
2957 4580 3159 4634 faciem
3218 4584 3386 4634 terrae
3429 4581 3727 4634 revelaret.
3786 4583 3926 4637 Po—

2191 4673 2298 4722 test
2323 4684 2424 4738 per
2452 4667 2718 4739 spiritum
2752 4675 2950 4723 ventus
2980 4669 3248 4739 intelligi,
3299 4669 3462 4740 juxta
3484 4669 3625 4724 illud
3683 4672 3928 4740 psalmi

2191 4771 2272 4807 cvr
2306 4771 2319 4808 :
2357 4776 2383 4802 ‹‹
2420 4755 2482 4808 Et
2537 4755 2690 4808 stetit
2754 4756 2985 4826 spiritus
3038 4758 3385 4826 procellis,»
3445 4759 3605 4828 cujus
3673 4758 3932 4816 scilicet

2189 4843 2416 4898 ﬂatibus
2442 4860 2590 4914 aqua
2617 4844 2926 4900 recederet.

2259 4933 2428 4986 Vens.
2462 4933 2514 4986 4.
2568 4953 2690 4981 --‹‹
2769 4932 3184 5004 Requievitque
3245 4949 3377 4988 arca
3430 4949 3628 4989 mense
3715 4937 3936 5006 septi-

2189 5041 2216 5068 ‹‹
2257 5037 2376 5086 mo,
2413 5040 2440 5068 »
2477 5024 2582 5073 etc.
2621 5021 2790 5088 (1511).)
2822 5021 3212 5091 Septenariam
3244 5023 3502 5093 requiem
3517 5021 3845 5093 signiﬁcat,
3863 5034 3942 5083 et.

2187 5108 2319 5180 quia
2371 5107 2611 5179 perfecti
2655 5109 3021 5180 requiescunt
3079 5110 3179 5176 ibi,
3240 5111 3578 5182 supradictae
3658 5126 3937 5184 quoque

2185 5197 2549 5269 quadratum:
2581 5214 2853 5252 numerus
2880 5197 3136 5253 iteratur.
3155 5199 3294 5254 Nam
3341 5199 3617 5270 vigesima
3647 5201 3942 5270 septima

2185 5286 2276 5340 die
2306 5286 2542 5342 secundi
2590 5288 2806 5343 mensis
2860 5287 3298 5343 commendatur
3353 5293 3826 5356 sacramentum,
3870 5302 3942 5349 et

2184 5390 2381 5428 rursus
2402 5374 2678 5445 vigesima
2705 5376 2947 5446 septima
2976 5376 3067 5431 die
3119 5376 3349 5447 septimi
3403 5376 3618 5431 mensis
3675 5380 3942 5436 conﬁr-

2183 5467 2393 5530 matur,
2422 5479 2552 5518 cum
2583 5479 2713 5518 arca
2766 5464 3079 5536 requievit:
3133 5465 3288 5536 quod
3334 5465 3490 5522 enim
3535 5465 3948 5539 promittitur

2185 5552 2241 5605 in
2273 5568 2392 5624 spe,
2415 5551 2724 5608 exhibetur
2752 5553 2809 5608 in
2840 5569 2922 5609 re.
