4086 6190
235 340 313 394 109

1336 337 1586 393 GLOSSA
1626 338 2028 394 0RDINABIA.
2071 369 2139 378 —
2182 339 2312 395 [ΑΒ.
2356 340 2511 395 GEN.

3568 342 3669 396 HO

285 464 451 533 (Anc)
482 461 763 526 Quaeritur
782 466 976 515 utrum
1009 471 1135 532 post
1172 465 1401 516 centum
1450 462 1872 534 quinquaginta
1908 467 1952 518 Α
2055 464 2218 518 Vens.
2271 467 2355 519 lt.
2387 492 2459 505 —
2491 482 2519 515 α
2553 465 2794 519 Portans
2831 479 3077 518 ramum.
3102 482 3131 515 η
3183 464 3348 532 (Δια.)
3395 464 3676 519 Columba

236 556 333 610 dies
360 553 467 607 hare
494 550 634 605 facta
666 554 819 617 sunt,
850 566 920 605 an
943 566 1047 621 per
1085 550 1617 620 recapitulationem
1679 553 1872 605 omnia

232 643 566 698 rememora‘ta
620 654 752 709 quae
805 643 937 709 post
981 637 1499 708 quadragintadies
1519 639 1729 708 pluviae
1759 656 1871 694 coe-

228 736 403 802 perunt
444 728 579 793 ﬁeri,
630 732 692 780 ut
738 726 843 780 hoc
886 727 1067 779 solum
1120 732 1395 780 «centum
1452 728 1873 798 quinquaginta

228 820 325 873 dies
356 840 373 867 ι
410 816 708 889 pertineat,
755 815 905 886 quod
953 831 1135 886 usque
1176 816 1244 869 ad
1276 817 1424 885 ipsos
1472 824 1694 870 montes
1724 832 1872 887 aqua

228 914 296 962 est
340 908 585 971 exaltata,
644 911 744 958 aut
794 905 863 958 de
911 904 1164 958 fontibus
1211 904 1397 974 abyssi
1456 905 1577 973 jam
1624 910 1872 959 cessante

229 997 409 1067 pluvia,
462 999 555 1048 aut
599 993 734 1064 quia
778 992 991 1047 mansit
1032 993 1089 1046 in
1140 993 1441 1047 altitudine
1479 995 1639 1047 nullo
1671 993 1875 1064 spiritu

228 1086 451 1139 siccante.
501 1083 713 1137 Cretera
760 1098 892 1135 vero
923 1098 1050 1152 quae
1098 1081 1246 1136 dicta
1274 1086 1405 1136 sunt
1446 1098 1558 1135 non
1586 1087 1714 1154 post
1743 1098 1873 1136 cen-

236 1179 334 1227 tum
380 1171 784 1243 quinquaginta
831 1170 953 1224 dies
1002 1170 1200 1224 omnia
1234 1170 1378 1225 facta
1407 1175 1561 1237 sunt,
1594 1170 1689 1225 sed
1721 1187 1873 1225 com-

237 1265 545 1316 memorata:
594 1275 724 1330 quae
769 1274 837 1311 ex
881 1258 995 1312 tine
1043 1258 1421 1328 quadraginta
1475 1258 1697 1313 dierum
1750 1259 1873 1313 fieri

225 1353 492 1421 coeperunt.

282 1440 422 1492 \‘sas.
472 1440 520 1503 5,
572 1438 626 1491 6.
662 1466 731 1475 —
773 1454 800 1487 α
854 1434 1083 1490 Decimo
1141 1434 1294 1489 enim
1333 1451 1546 1490 mense.
1594 1456 1617 1483 ι
1665 1435 1875 1489 Notan-

224 1527 333 1581 dum
388 1525 529 1596 quod
588 1524 813 1579 decimo
879 1539 1076 1577 mense
1139 1528 1531 1594 apparuerunt
1580 1523 1875 1578 cacumina

226 1613 489 1680 montium,
530 1628 662 1683 qua:
721 1611 1048 1683 quindecim
1097 1612 1302 1665 cubitis
1328 1616 1682 1667 excesserant
1710 1627 1874 1683 aqum

226 1701 410 1766 diluvii,
459 1703 593 1772 quia
636 1707 991 1755 sacramenta
1038 1706 1265 1755 aeternze
1305 1701 1514 1772 quietis
1544 1706 1599 1756 et
1634 1701 1872 1772 gloriam

228 1790 619 1843 resurrectionis
652 1790 850 1859 (quam
891 1788 1129 1842 nescivit
1162 1788 1438 1860 sapientia
1474 1789 1873 1860 superborum)

227 1878 466 1932 intellexit
496 1876 812 1931 eminentia
834 1882 1157 1931 sanctorum
1184 1894 1283 1948 per
1311 1877 1705 1948 impletionem
1734 1894 1877 1947 prae-

225 1974 512 2037 ceptorum;
571 1967 726 2020 unde
780 1966 988 2020 Psalmi
1020 1981 1225 2019 cxviu:
1280 1984 1307 2016 α
1339 1970 1385 2019 Α
1443 1966 1730 2020 mandatis
1766 1968 1878 2020 tuis

230 2056 459 2110 intellexi.
502 2076 527 2103 ι»
563 2056 634 2109 Et
659 2054 819 2122 alibi,
854 2054 964 2107 Luc
994 2070 1025 2107 x
1061 2069 1073 2107 :
1120 2072 1147 2103 (ι
1179 2053 1540 2107 Abscondisti
1578 2054 1696 2107 hinc
1728 2070 1761 2107 a
1791 2070 1877 2107 sa-

232 2145 473 2215 pientibus
499 2149 554 2197 et
582 2143 991 2214 prudentibus,
1024 2146 1079 2195 et
1117 2142 1379 2196 revelasti
1427 2158 1494 2196 ea
1542 2142 1811 2213 parvulis.
1848 2162 1873 2194 η

280 2234 425 2289 Vsus.
485 2237 540 2286 7.
591 2261 663 2273 —
716 2254 737 2280 ι
804 2231 909 2296 Qui
974 2230 1394 2301 egrediebatur,
1453 2250 1481 2283 io
1535 2237 1640 2285 etc.
1706 2231 1876 2301 (1510.)

227 2322 355 2386 Quod
397 2326 519 2393 post
567 2320 953 2392 quadraginta
1007 2319 1123 2373 dies
1172 2335 1372 2372 corvus
1404 2333 1526 2372 non
1559 2319 1747 2381 rediit,
1779 2325 1880 2373 aut

225 2411 357 2481 aquis
408 2410 781 2479 interceptus,
834 2412 932 2461 aut
1001 2407 1271 2461 cadavere
1344 2411 1579 2461 natante
1633 2406 1874 2475 illectus,

224 2498 397 2569 ﬁgurat
442 2497 807 2552 immunditia
856 2496 1182 2567 cupiditatis
1238 2496 1599 2550 teterrimos:
1649 2501 1706 2549 et
1747 2496 1877 2548 ideo

222 2584 290 2637 his
315 2602 428 2655 quin
461 2586 601 2638 foris
636 2590 769 2637 sunt
803 2583 857 2637 in
890 2583 1107 2638 mundo
1137 2583 1307 2636 nimis
1347 2582 1616 2647 intentos,
1660 2587 1757 2635 aut
1789 2599 1877 2636 re-

221 2671 472 2742 baptizari,
500 2678 605 2726 aut
635 2672 704 2725 ab
736 2672 822 2726 his
851 2688 994 2742 quos
1023 2675 1231 2741 praeter
1260 2687 1470 2738 arcam,
1494 2670 1551 2725 id
1572 2674 1657 2725 est
1686 2671 1875 2725 Eccle-

219 2760 352 2827 siam,
382 2762 698 2831 baptismus
727 2760 953 2827 occidit,
982 2760 1175 2813 seduci
1207 2765 1263 2813 et
1290 2758 1493 2813 teneri.

272 2851 435 2917 (Ave)
463 2850 755 2915 Quaeritur
786 2854 981 2903 utrum
1011 2864 1215 2902 corvus
1244 2852 1505 2902 mortuus
1535 2846 1626 2914 sit,
1676 2863 1749 2901 an
1779 2846 1877 2901 ali-

221 2954 310 3006 quo
345 2939 504 2993 modo
565 2938 760 2993 vivere
809 2936 1102 3009 potuerit?
1156 2936 1216 2992 Si
1257 2937 1409 2991 enim
1458 2937 1565 2990 fuit
1598 2941 1749 2991 terra
1779 2937 1876 2991 ubi

220 3028 581 3098 requiesceret,
629 3027 892 3082 similiter
936 3026 1201 3081 columba
1249 3025 1507 3096 requiem
1547 3025 1872 3080 invenisset.
1905 3036 1944 3090 ί)

220 3116 347 3170 Unde
386 3117 690 3187 conjicitur
732 3116 885 3187 quod
931 3115 1189 3171 cadaveri
1238 3114 1429 3186 potuit
1483 3131 1683 3170 corvus
1735 3115 1874 3170 insi-

218 3203 341 3269 dere,
373 3206 515 3275 quod
548 3206 889 3258 naturaliter
910 3204 1122 3273 refugit
1148 3203 1432 3259 columba.

272 3296 412 3350 Vsas.
445 3298 495 3350 8.
549 3326 625 3336 —
658 3316 684 3346 α
720 3295 919 3349 Emisit
967 3311 1215 3366 quoque.
1267 3317 1288 3343 ι
1323 3294 1504 3364 (1311).)
1538 3292 1751 3347 Emissa
1780 3307 1876 3347 co-

218 3380 395 3450 lumba,
439 3401 540 3438 nec
588 3385 823 3437 inventa
880 3384 1079 3454 requie
1128 3400 1373 3452 reversa,
1440 3382 1727 3454 signiﬁcat
1773 3396 1877 3451 per

216 3485 391 3525 novum
420 3473 850 3526 Testamentum
874 3473 1129 3543 requiem
1154 3472 1361 3525 sanctis
1405 3470 1464 3525 in
1511 3471 1620 3526 hoc
1659 3468 1875 3523 mundo

215 3572 305 3611 non
349 3576 460 3614 esse
504 3560 895 3631 promissam:
947 3566 1075 3631 post
1127 3559 1507 3630 quadraginta
1553 3560 1711 3613 enim
1758 3557 1885 3612 dies

212 3648 388 3701 emissa
414 3654 516 3715 est,
550 3665 671 3720 quo
718 3665 961 3703 numero
1015 3648 1127 3702 vita
1175 3665 1304 3719 qua:
1330 3649 1390 3702 in
1427 3647 1646 3702 mundo
1686 3647 1876 3717 agitur

212 3735 525 3807 designatur.

269 3824 490 3897 (Suum)
549 3830 698 3880 Area
741 3825 993 3880 continet
1039 3842 1272 3880 corvum
1338 3830 1398 3880 et
1437 3824 1783 3889 columbam,
1820 3827 1877 3877 et

212 3911 425 3967 Ecclesia
454 3915 645 3969 bonos
669 3919 726 3968 et
757 3916 957 3969 malos.
1001 3915 1216 3970 Corvus
1249 3915 1487 3968 emissus
1540 3929 1657 3967 non
1688 3927 1873 3966 rever-

210 3998 344 4066 titur,
371 4004 501 4072 quia
527 4003 761 4073 reprobi
796 4002 1076 4057 illecebris
1123 4003 1314 4056 smculi
1350 4002 1696 4056 inhaerentes
1735 4015 1874 4070 per-

212 4095 342 4143 eunt.
374 4092 652 4146 Columba
690 4092 881 4157 rediit,
918 4096 1150 4163 portans
1189 4106 1413 4144 ramum
1460 4089 1623 4143 olivae
1682 4088 1873 4143 viren-

212 4173 338 4229 tibus
368 4177 512 4232 foliis
545 4180 607 4233 in
638 4195 735 4233 ore
771 4196 890 4243 suo,
916 4180 1052 4250 quia
1082 4178 1280 4245 sancti,
1313 4178 1676 4253 simplicitate
1730 4192 1875 4247 gau-

211 4261 403 4331 dentes,
471 4284 686 4322 munus
742 4268 897 4338 pacis
978 4268 1037 4322 in
1117 4283 1215 4321 ore
1272 4270 1523 4338 portant,
1581 4265 1870 4320 dicentes:

208 4348 540 4426 (Psal.x1x)«
588 4331 861 4411 Cum-his
904 4356 1004 4427 qui
1053 4331 1300 4411 oderunt
1336 4331 1533 4427 pacem
1581 4370 1736 4408 eram
1766 4370 1864 4425 pa-
1908 4331 1949 4385 Ῑ)

207 4439 409 4498 ciﬁcns:
441 4461 572 4499 eum
609 4446 888 4516 loquebar
915 4445 1048 4512 illis,
1085 4466 1105 4493 ι
1132 4452 1237 4502 etc.

262 4530 408 4587 Vens.
462 4538 515 4588 9.
566 4565 636 4576 —
689 4554 715 4586 α
770 4536 1013 4590 Reversa
1065 4540 1166 4589 est.
1211 4534 1445 4603 »(Auc).
1504 4531 1752 4597 Quaestio
1790 4534 1875 4583 est

204 4622 464 4685 quomodo
479 4624 750 4677 columba
772 4639 885 4677 non
900 4623 1181 4677 invenerit
1194 4622 1293 4677 ubi
1309 4622 1599 4687 resideret,
1614 4619 1873 4689 cumjam

204 4707 387 4762 nudata
410 4716 601 4765 essent
628 4712 923 4765 cacumina
953 4712 1257 4779 montium,
1310 4710 1619 4765 secundum
1670 4723 1872 4761 narra-

202 4796 349 4851 tionis
376 4802 640 4854 ordinem
671 4802 699 4855 ?
720 4800 877 4864 Quod
910 4800 1377 4871 recapitulatione
1410 4797 1776 4871 potestsolvi,
1812 4802 1876 4853 ut

204 4888 464 4952 posterius
496 4896 730 4943 narrata
759 4890 1156 4959 intelligantur
1185 4905 1314 4961 quae
1343 4889 1488 4943 facta
1529 4892 1662 4942 sunt
1686 4888 1871 4959 prius,

203 4978 283 5027 aut
307 4976 495 5046 potius
526 4977 784 5031 nondum
815 4976 1019 5031 siccata
1044 4977 1292 5031 fuerunt.

257 5062 404 5119 Vzas.
460 5067 547 5119 l0.
608 5096 678 5107 —
719 5084 747 5116 α
816 5066 1182 5136 Exspectatis,
1215 5086 1243 5116 π
1302 5070 1406 5121 etc.
1468 5067 1600 5121 Post
1655 5070 1870 5136 septem

202 5148 301 5204 dies
343 5154 507 5223 alios,
586 5153 820 5209 dimissa
881 5153 1147 5208 columba
1218 5160 1451 5224 propter
1495 5154 1874 5223 septenariam

206 5242 574 5307 operationem
622 5242 1003 5313 spiritualem,
1048 5243 1211 5296 olivae
1271 5244 1625 5298 fructuosum
1674 5258 1875 5296 surcu-

204 5324 305 5382 lum
356 5331 574 5397 retulit,
616 5331 849 5402 signans
891 5331 1098 5384 multos
1140 5336 1299 5386 extra
1338 5330 1637 5385 Ecclesiam
1696 5332 1879 5402 bapti-

210 5420 362 5486 zatos,
407 5419 455 5472 si
512 5419 806 5490 pinguedo
844 5418 1134 5474 charitatis
1190 5437 1306 5474 non
1353 5420 1615 5487 defuerit,
1695 5426 1878 5491 poste-

202 5502 331 5561 riore
374 5511 639 5580 tempore
668 5508 728 5563 in
763 5524 861 5563 ore
907 5508 1209 5576 columbas,
1262 5514 1536 5582 tanquam
1573 5510 1635 5563 in
1683 5510 1876 5563 osculo

214 5594 365 5664 pacis,
393 5597 466 5653 ad
498 5596 739 5655 unitatis
768 5598 1097 5655 societatem
1127 5598 1343 5656 reduci.

1982 568 2202 605 ramum
2234 552 2419 619 olivaa,
2453 553 2693 623 expulso
2743 552 3039 607 teterrimo
3080 553 3234 616 alite,
3278 554 3346 607 ad
3401 554 3514 606 Noe
3545 556 3675 622 post

1982 640 2256 694 diluvium
2307 644 2515 711 portat,
2581 641 2719 710 quia
2766 640 3032 694 columba
3072 640 3316 711 Spiritus
3358 641 3557 707 sancti,
3606 640 3676 694 ad

1981 730 2267 782 Christum
2298 733 2428 799 post
2460 729 2816 799 baptismum
2864 728 3118 796 veniens,
3172 745 3330 783 ramo
3350 728 3677 783 refectionis

1982 824 2038 870 et
2071 816 2308 871 luminis
2334 834 2529 888 pacem
2560 817 2879 871 annuntiat.
3550 884 3563 895 .

2052 906 2215 960 Vens.
2255 909 2339 959 12.
2376 936 2443 945 —-
2476 928 2497 954 ι
2534 905 3003 977 Exspectavitque
3057 905 3427 960 nihilominus
3456 908 3675 976 septem
3752 920 3757 923 ‘

1981 993 2122 1047 alios
2152 993 2293 1061 dies,
2359 1015 2380 1043 ι
2412 999 2518 1048 etc.
2575 996 2821 1063 (15min
2874 996 3022 1062 Gem.)
3082 998 3214 1049 Post
3269 996 3408 1048 alios
3460 1002 3678 1066 septem

1982 1082 2103 1135 dies
2135 1082 2371 1136 dimissa
2414 1082 2698 1149 columba,
2750 1099 2855 1137 nec
2902 1098 3146 1149 reversa,
3194 1084 3476 1153 signiticet
3504 1083 3679 1136 linem

1982 1170 2205 1237 saeculi,
2256 1171 2488 1242 quando
2544 1172 2769 1242 requies
2817 1176 3143 1226 sanctorum
3177 1172 3305 1236 erit,
3348 1187 3463 1224 non
3503 1170 3563 1224 in
3597 1187 3679 1223 sa-

1983 1262 2278 1314 cramento
2311 1260 2453 1330 spei,
2488 1275 2602 1330 quo
2642 1275 2795 1313 nunc
2828 1260 3069 1314 Ecclesia
3097 1261 3474 1326 censociatur,
3497 1275 3680 1329 quan-

1984 1348 2085 1402 diu
2125 1348 2347 1403 bibitur
2384 1349 2538 1419 quod
2588 1349 2658 1403 de
2708 1350 2883 1403 latere
2938 1348 3147 1403 Christi
3180 1348 3458 1415 manavit,
3491 1348 3584 1402 sed
3620 1349 3679 1401 in

1983 1438 2331 1509 perfectione
2372 1437 2593 1503 salutis,
2653 1452 2783 1490 cum
2842 1437 3100 1491 tradetur
3155 1452 3402 1507 regnum
3462 1438 3577 1490 Deo
3625 1440 3683 1488 et

1985 1526 2159 1591 Patri,
2193 1533 2255 1580 ut
2299 1526 2359 1580 in
2413 1526 2511 1580 illa
2557 1525 2865 1595 conspicua
2913 1525 3397 1595 contemplatione
3430 1524 3682 1578 veritatis

1984 1615 2159 1669 nullis
2184 1631 2453 1686 egeamus
2479 1614 2777 1685 mysteriis.

2060 1705 2221 1759 Vens.
2274 1706 2355 1757 13.
2405 1733 2471 1741 -
2513 1721 2540 1753 α
2586 1700 3008 1756 Sexcentesimo
3056 1700 3248 1772 primo
3297 1717 3468 1769 anno,
3512 1720 3540 1753 ι»
3573 1705 3677 1755 etc.

1989 1792 2178 1862 (Ibid)
2238 1791 2375 1844 Vitae
2432 1793 2565 1857 Noe,
2618 1789 2677 1844 id
2731 1794 2832 1858 est,
2896 1789 3139 1861 peractis
3179 1790 3456 1844 sexcentis
3516 1790 3683 1843 annis

1988 1880 2243 1950 aperitur
2294 1895 2438 1933 arcze
2504 1883 2735 1944 tectum,
2793 1882 2923 1945 etc.,
2974 1894 3144 1949 usque
3200 1879 3275 1933 ad
3319 1895 3435 1933 uno
3466 1878 3680 1945 addito,

1987 1974 2221 2039 propter
2248 1967 2480 2021 unitatis
2508 1968 2820 2021 vinculum.

2058 2059 2215 2112 Vsus.
2266 2058 2349 2111 14.
2391 2087 2459 2098 -
2499 2078 2521 2106 σ
2556 2056 2741 2110 Mense
2791 2056 3061 2111 secundo.
3097 2074 3125 2107 ν
3178 2055 3419 2127 (Ξτιιλθ.)
3476 2056 3683 2110 Histo-

1985 2149 2114 2200 rice.
2172 2147 2232 2200 ld
2291 2150 2396 2207 est,
2450 2145 2611 2213 Maio,
2661 2146 2775 2199 Noe
2829 2161 3045 2199 annum
3087 2144 3223 2199 fecit
3266 2144 3327 2198 in
3370 2160 3519 2213 arca,
3559 2145 3683 2214 ipsa

1986 2235 2076 2289 die
2108 2251 2220 2306 qua
2266 2235 2556 2304 ingressus
2602 2234 2807 2300 fuerat,
2842 2249 3105 2305 egressus
3140 2235 3243 2287 est.
3276 2233 3572 2302 Ingressus
3597 2236 3684 2286 est

1989 2324 2144 2377 enim
2197 2323 2466 2377 vicesima
2524 2322 2769 2393 septima
2822 2322 2912 2376 die
2960 2321 3176 2375 mensis
3239 2321 3509 2386 secundi;
3562 2336 3680 2374 non

1986 2412 2123 2466 dicit
2143 2412 2275 2482 quia
2307 2427 2567 2481 egressus
2596 2416 2683 2465 est
2712 2410 2955 2481 septima
2986 2414 3043 2462 et
3080 2408 3350 2462 vicesima
3389 2408 3483 2461 die
3524 2408 3679 2478 ejus-

1989 2502 2116 2554 dem
2149 2499 2386 2553 mensis.
2426 2499 2537 2553 Sed
2565 2498 2857 2553 sciendum
2891 2503 2974 2552 est
3003 2498 3142 2568 quia
3180 2497 3228 2551 si
3258 2496 3529 2567 praesenti
3568 2496 3679 2550 diei

1989 2588 2275 2640 addantur
2300 2586 2592 2652 undecim,
2624 2585 2812 2655 qualis
2845 2586 2979 2639 luna
3028 2584 3197 2639 hodie
3247 2591 3348 2648 est,
3402 2583 3530 2637 talis
3575 2584 3683 2637 erit

1986 2679 2117 2745 post
2144 2690 2360 2728 annum
2389 2677 2515 2746 ipsa
2551 2674 2662 2729 die.
2693 2674 2930 2738 Quando
2961 2690 3095 2745 ergo
3130 2675 3245 2727 Noe
3264 2673 3550 2744 ingressus
3576 2677 3677 2741 est,

1988 2764 2208 2818 decima
2236 2762 2481 2834 septima
2514 2764 2671 2830 luna,
2700 2764 2786 2817 vel
2821 2763 3064 2833 septima
3092 2763 3311 2816 decima
3352 2762 3470 2816 dies
3519 2777 3679 2815 men-

1987 2853 2061 2906 sis
2090 2852 2323 2906 secundi
2355 2852 2481 2907 fuit.
2518 2852 2654 2906 Ideo
2699 2856 2829 2923 post
2865 2867 3079 2905 annum
3130 2849 3393 2905 undecim
3450 2851 3675 2917 additis,

1988 2940 2095 2996 fuit
2123 2940 2390 2995 vicesima
2420 2940 2663 3011 septima
2691 2940 2813 2995 dies
2865 2944 2921 2994 et
2954 2939 3178 2994 decima
3236 2939 3477 3010 septima
3521 2940 3675 2995 luna.

2057 3053 2085 3081 (ι
2139 3031 2326 3084 Mense
2382 3029 2651 3097 secundo,
2709 3048 2738 3080 ιι
2790 3033 2896 3083 etc.
2944 3030 3186 3097 Mystice.
3219 3028 3375 3083 Sicut
3394 3044 3566 3098 supra
3591 3028 3677 3082 di-

1985 3124 2138 3173 ctum
2198 3123 2303 3186 est,
2359 3118 2578 3174 decima
2624 3118 2865 3189 septima
2915 3117 3006 3172 die
3093 3115 3485 3171 sexcentesimi
3542 3116 3676 3170 anni

1985 3207 2149 3279 aquis
2200 3207 2401 3263 diluvii
2453 3213 2606 3261 terra
2662 3206 2975 3261 madefacta
3039 3210 3143 3271 est,
3217 3204 3317 3259 sed
3401 3204 3678 3274 vigesima

1985 3298 2229 3367 septima
2261 3298 2353 3352 die
2382 3296 2613 3352 secundi
2644 3295 2857 3350 mensis
2889 3294 3136 3349 arefacta
3156 3298 3257 3360 est,
3288 3294 3516 3366 quando
3543 3310 3681 3365 prae.

1984 3390 2215 3454 ceptum
2241 3390 2323 3440 est
2349 3390 2413 3438 ut
2438 3385 2507 3439 de
2539 3400 2667 3439 arca
2699 3385 3127 3455 egrederentur,
3166 3388 3221 3436 et
3269 3386 3502 3453 pactum
3533 3383 3676 3437 acci-

1983 3480 2208 3545 perent,
2239 3490 2309 3528 ne
2342 3474 2487 3527 ultra
2511 3473 2674 3544 aquis
2704 3472 2904 3527 diluvii
2931 3472 3206 3543 perirent.
3242 3472 3306 3525 In
3352 3487 3467 3543 quo
3509 3470 3676 3526 intel-

1983 3563 2084 3632 ligi
2112 3566 2297 3634 potest
2325 3562 2460 3633 quia
2516 3578 2619 3633 per
2680 3561 2875 3617 decem
2931 3566 2988 3615 et
3020 3565 3239 3631 septem
3290 3559 3461 3630 (sicut
3486 3561 3675 3631 supra)

1984 3658 2161 3706 status
2209 3650 2606 3705 inchoantium
2650 3649 2956 3720 significari
3007 3653 3211 3719 potest,
3267 3648 3497 3719 quando
3528 3649 3677 3703 vitiis

1984 3738 2457 3803 abrenuntiatur;
2518 3754 2620 3808 per
2666 3738 2868 3809 viginti
2913 3743 3131 3808 septem
3175 3738 3460 3808 promotio
3488 3738 3672 3808 perfe-

1982 3834 2202 3883 ctorum
2233 3827 2294 3881 in
2321 3828 2817 3882 consummatione
2844 3827 3137 3881 virtutum.
3171 3827 3228 3881 Si
3280 3826 3431 3880 enim
3481 3828 3674 3882 decem

1984 3921 2040 3971 et
2068 3920 2285 3988 septem
2318 3917 2513 3971 decem
2542 3916 2738 3982 addas,
2766 3914 2912 3969 ﬁunt
2936 3914 3140 3985 viginti
3171 3919 3410 3984 septem.
3444 3914 3500 3969 Si
3519 3916 3673 3969 enim

1984 4006 2178 4059 decem
2209 4004 2508 4076 praeceptis
2540 4003 2748 4075 quibus
2786 4002 3028 4074 peccatis
3074 4002 3459 4065 renuntiatur,
3511 4019 3677 4057 evan-

1984 4094 2222 4163 gelicam
2281 4092 2693 4164 perfectionem
2741 4090 2970 4160 adjicias
3017 4106 3130 4161 qua
3180 4090 3513 4161 praecipitur
3560 4107 3674 4145 non

1984 4183 2166 4235 solum
2196 4197 2311 4235 non
2345 4179 2529 4247 irasci,
2560 4179 2657 4233 sed
2690 4179 2861 4233 etiam
2903 4179 3166 4232 inimicos
3195 4178 3451 4250 diligere,
3493 4184 3548 4232 et
3597 4180 3670 4231 si-

1985 4270 2161 4336 milia,
2218 4269 2287 4323 ad
2344 4269 2499 4323 illam
2559 4272 2784 4323 aetatem
2842 4267 3203 4336 perfectionis
3245 4267 3574 4339 pervenisti,
3614 4266 3675 4321 in

1984 4376 2098 4429 qua
2132 4374 2235 4412 nec
2288 4358 2657 4411 sacramentis
2710 4356 2996 4428 prmdictis
3049 4372 3258 4427 egeas;
3317 4360 3373 4411 et
3432 4357 3501 4411 de
3549 4373 3677 4410 arca

1984 4448 2199 4515 exiens,
2257 4446 2311 4502 id
2360 4452 2463 4514 est,
2500 4447 2569 4500 de
2623 4463 2723 4517 spe
2773 4446 2842 4500 ad
2892 4445 3139 4516 speciem
3190 4446 3550 4516 perveniens,
3591 4461 3675 4499 re-

1982 4536 2175 4609 quiem
2207 4536 2266 4589 in
2300 4534 2668 4589 sacramentis
2698 4535 3031 4606 promissam
3062 4533 3336 4587 invenies.

2050 4624 2214 4677 Vens.
2281 4627 2545 4677 15-l9.—
2592 4645 2612 4672 α
2668 4622 2947 4689 Egredere
2975 4622 3043 4676 de
3085 4638 3236 4688 arca,
3276 4642 3295 4667 ι
3338 4624 3443 4673 etc.
3494 4621 3675 4691 (lsrn.)

1981 4712 2167 4767 .luncti
2199 4717 2425 4781 exeunt,
2460 4712 2559 4783 qui
2589 4711 2857 4782 disjuncti
2887 4712 3264 4775 intraverunt,
3289 4708 3446 4780 quia,
3472 4728 3499 4760 (ι
3526 4726 3677 4765 nunc

1983 4816 2113 4854 caro
2157 4800 2505 4871 concupiscit
2555 4800 2827 4854 adversus
2878 4798 3164 4869 spiritum,
3223 4802 3280 4851 et
3316 4796 3550 4867 spiritus
3580 4797 3677 4851 ad-

1982 4904 2177 4945 versus
2208 4905 2457 4943 carnem.
2490 4908 2515 4939 ι)
2548 4888 2656 4943 Sed
2683 4888 2741 4942 in
2772 4885 3189 4942 resurrectione
3225 4884 3515 4955 justorum
3546 4902 3676 4955 per-

1983 4978 2125 5033 fecta
2157 4994 2295 5049 pace
2348 4976 2571 5048 spiritui
2625 4992 2833 5046 corpus
2876 4973 3209 5039 adhaerebit,
3244 4975 3399 5027 nulla
3425 4974 3678 5029 mutabi—

1985 5066 2157 5121 litatis
2190 5066 2504 5138 indigentia
2530 5065 2615 5119 vel
2650 5062 3110 5133 concupiscentia
3137 5062 3457 5119 resistente.

2059 5157 2221 5210 Vens.
2266 5157 2359 5209 20.
2410 5185 2477 5194 ——
2522 5173 2545 5205 α
2603 5155 2667 5207 Et
2713 5152 2940 5216 tollens,
3001 5171 3029 5204 »
3063 5156 3169 5206 etc.
3203 5150 3394 5222 (Αυσ.)
3419 5152 3681 5222 lngressa

1986 5248 2119 5299 sunt
2172 5244 2230 5297 in
2280 5259 2465 5296 aream
2528 5241 2740 5295 munda
2792 5246 2848 5295 et
2909 5241 3210 5295 immunda
3259 5241 3548 5308 animalia,
3581 5240 3676 5294 sed

1985 5336 2112 5403 post
2151 5346 2440 5401 egressum
2477 5344 2590 5382 non
2625 5329 2950 5382 offeruntur
2982 5330 3094 5383 Deo
3126 5328 3235 5383 nisi
3265 5328 3496 5383 munda.
3520 5328 3678 5393 Quod

1986 5437 2117 5473 vero
2150 5420 2270 5472 ait:
2303 5437 2331 5469 α
2365 5420 2487 5473 Non
2540 5418 2863 5488 percutiam
2912 5432 3143 5473 omnem
3197 5418 3447 5472 animum
3486 5417 3680 5471 viven-

1986 5515 2103 5564 tem
2161 5507 2306 5561 sicut
2359 5507 2485 5575 feci,
2522 5524 2548 5559 ι)
2605 5511 2661 5561 et
2717 5508 2938 5563 addidit
2989 5524 3119 5580 quae
3166 5506 3425 5578 largitate
3457 5506 3682 5561 bonitas

1992 5597 2169 5653 donat
2226 5597 2502 5669 indignis,
2560 5597 2702 5653 forte
2761 5597 2902 5655 Novi
2954 5596 3298 5654 Testamenti
3326 5594 3682 5667 indulgentia
