4050 6188
392 321 481 372 Hi

1001 316 1395 371 WALAFRIDI
1437 316 1684 370 STRABI
1724 316 1920 371 FULD.
1963 314 2134 370 MON.
2175 314 2326 373 OPP.
2370 314 2543 368 PARS
2583 315 2623 369 Ι.
2666 342 2733 351 —-—
2774 311 3226 368 TIIEOLOGICA.

3780 312 3874 366 112

389 439 637 509 ﬁgurata
661 442 765 505 est,
794 440 857 492 ut
886 436 1177 508 praeterita
1205 437 1349 491 ultio
1380 437 1450 492 ad
1476 437 1621 508 legis
1668 436 1952 509 pertineat
1991 438 2150 492 se-A
2260 437 2421 490 Vens.
2476 422 2654 489 18-20.
2715 454 2835 484 -α
2896 434 3070 488 Erant
3122 433 3300 505 igitur
3347 433 3452 487 ﬁlii
3500 434 3635 499 Noe,
3698 452 3726 485 ια
3772 437 3875 486 etc.

382 526 701 593 veritatem,
732 526 841 580 hoc
871 526 942 580 ad
973 525 1175 596 gratias
1202 525 1536 579 bonitatem.

450 616 611 670 Vens.
673 618 757 677 2t,
805 618 893 669 22.
954 644 1024 656 —
1076 636 1102 663 α
1149 615 1355 669 Sensus
1402 614 1579 681 enim,
1630 632 1658 663 υ
1707 617 1813 668 etc.
1855 613 2071 680 (Gneo.,

378 703 573 757 Horat.
609 702 738 756 libr.
792 708 1036 763 xxxvm.)
1089 703 1267 755 Nemo
1316 700 1425 754 sibi
1454 700 1748 764 attribuat,
1781 700 1829 753 si
1855 700 2072 770 cogita-

380 792 564 845 tiones
595 791 827 845 vicerit:
879 792 1014 861 quia
1042 788 1425 860 corruptionis
1469 789 1708 855 malum,
1742 788 1894 859 quod
1917 788 2072 859 quis-

380 896 493 950 que
521 880 591 933 ab
637 884 762 933 ortu
814 880 1131 932 carnalium
1167 877 1588 932 desideriorum
1622 877 1888 947 sumpsit,
1913 893 2072 930 exer-

379 974 462 1021 cet
493 965 552 1021 in
575 972 840 1039 provectu
873 968 1088 1021 (etatis:
1125 971 1182 1021 ct
1209 965 1321 1019 nisi
1366 966 1472 1020 hoc
1521 965 1687 1019 citius
1727 965 1933 1019 divina:
1959 964 2073 1019 fur-

379 1057 640 1110 titudiuis
661 1056 937 1126 reprimat
969 1072 1194 1122 manus,
1225 1070 1395 1109 omne
1417 1055 1632 1109 bonum
1658 1058 1879 1107 natura:
1909 1054 2076 1122 culpa

378 1151 539 1200 vorat
564 1146 622 1199 in
652 1145 1002 1216 profundum
1030 1164 1045 1210 ;
1081 1166 1103 1195 ι
1137 1144 1330 1215 Neque
1353 1142 1451 1214 qui
1471 1145 1693 1214 plantat
1723 1147 1806 1196 est
1836 1142 2075 1213 aliquid,

379 1249 566 1305 neque
597 1233 697 1304 qui
751 1233 920 1302 rigat,
968 1233 1063 1287 sed
1123 1232 1222 1303 qui
1267 1232 1691 1285 incrementum
1735 1231 1833 1285 dat
1863 1231 2009 1284 Deus
2036 1230 2074 1299 (1

379 1324 509 1376 Cor.
545 1326 648 1391 ιιι).
683 1342 710 1373 »

1070 1463 1297 1517 CAPUT
1328 1463 1414 1516 IX.

448 1587 611 1641 Vens.
649 1590 698 1641 1.
726 1616 794 1626 --
830 1606 850 1633 ι
892 1584 1296 1656 Benedixitque
1330 1585 1475 1638 Deus
1507 1584 1623 1638 Noe
1645 1588 1701 1638 et
1728 1583 1932 1654 filiis;»
1968 1587 2071 1637 etc.

383 1697 407 1726 ι
443 1676 687 1731 Crescite
739 1681 796 1728 et
840 1673 1325 1744 multiplicamini.
1379 1692 1405 1725 ν
1460 1675 1639 1727 Homo
1691 1672 1753 1727 in
1797 1678 2075 1727 terrorem

380 1764 599 1819 caeteris
650 1763 992 1816 animalibus
1038 1762 1418 1833 praeponitur,
1479 1761 1538 1815 in
1591 1760 1859 1815 solatium
1890 1766 2078 1815 trans-

382 1859 519 1907 θείω
546 1853 829 1919 vindictae,
872 1857 929 1905 et
958 1868 1029 1905 ne
1055 1850 1219 1922 pauci
1250 1850 1519 1904 homines
1545 1865 1577 1902 a
1603 1848 1863 1919 pluribus
1880 1848 2078 1902 bestiis

381 1942 804 2013 opprimantur,
855 1945 912 1996 et
964 1941 1145 1993 sciant
1195 1956 1252 1993 se
1295 1938 1806 2007 irrationabilibus,
1835 1938 1930 1992 sed
1961 1954 2077 1992 non

382 2028 816 2083 rationabilibus
848 2027 1153 2083 dominari.

456 2120 613 2173 Vens.
670 2121 725 2185 2,
784 2121 834 2173 3.
892 2147 961 2158 --
1018 2138 1045 2166 ι(
1095 2118 1163 2170 Et
1206 2121 1392 2171 terror
1419 2120 1621 2185 vester,
1679 2134 1705 2167 ιο
1749 2119 1853 2169 etc.
1888 2115 2075 2184 (Gneo.

382 2207 514 2262 libr.
568 2224 603 2261 ιι
655 2208 859 2261 Μοναι.
912 2224 959 2260 c.
1005 2207 1115 2277 ll.)
1170 2206 1506 2261 Potentibus
1558 2204 1693 2258 viris
1749 2219 1959 2273 magna
1997 2207 2081 2255 est

382 2297 563 2350 virtus
587 2295 947 2362 humilitatis,
978 2299 1109 2357 etc.,
1140 2310 1309 2363 usque
1334 2293 1407 2347 ad
1437 2310 1551 2365 quo
1583 2308 1703 2347 non
1757 2308 1918 2347 suam
1962 2291 2082 2362 glo-

384 2385 549 2447 riam,
588 2385 685 2437 sed
715 2382 1071 2438 subditorum
1101 2388 1368 2452 quaerunt
1391 2382 1721 2437 utilitatem.

454 2473 627 2527 Vens.
680 2473 814 2526 4-8.
865 2502 926 2510 -—
985 2490 1013 2521 (ι
1061 2472 1300 2525 Carnem
1346 2486 1477 2524 cum
1511 2470 1865 2541 sanguine.»
1906 2467 2080 2538 (1511).)

386 2560 605 2614 Dantur
632 2559 714 2613 eis
744 2563 948 2612 cuncta
994 2557 1268 2611 animalia
1315 2556 1375 2611 in
1428 2572 1634 2621 escam,
1668 2555 1802 2626 quia
1833 2556 1893 2609 in
1922 2571 2081 2609 voca-

383 2648 540 2703 tione
568 2647 825 2719 gentium
866 2647 935 2701 ad
967 2646 1139 2701 fidem
1200 2647 1357 2700 nulla
1390 2645 1659 2699 distantia
1699 2649 1801 2710 est,
1835 2644 1986 2714 quod
2019 2643 2080 2697 in

280 2754 287 2759 '
382 2738 535 2793 disco
568 2735 722 2792 Petri
749 2736 1053 2807 figuratur.
1095 2734 1447 2805 Sanguinem
1494 2733 1839 2787 manducare
1884 2732 2079 2802 prohi-

384 2827 609 2893 bentur,
662 2842 734 2880 ne
778 2826 895 2879 vita
937 2824 1178 2894 pristina
1210 2823 1372 2894 quasi
1403 2822 1675 2876 suffocata
1704 2822 1764 2875 in
1793 2819 2078 2875 conscien-

383 2914 461 2970 tia
497 2920 780 2983 teneatur,
829 2914 926 2969 sed
976 2913 1304 2968 effundatur
1339 2928 1444 2982 per
1473 2910 1904 2966 confessionem.
1942 2909 2079 2963 Esus

2185 522 2373 594 (Hien.
2435 526 2493 576 in
2550 523 2610 589 Ο.
2666 523 2856 593 Hebr.)
2890 522 3052 593 Saepe
3111 523 3236 577 LXX
3289 538 3406 576 non
3465 522 3717 575 valentes
3756 522 3880 575 heth

2182 613 2451 680 litteram,
2484 613 2621 683 quia
2648 611 2935 682 duplicem
2962 610 3372 681 aspirationem
3402 616 3585 677 sonat,
3628 610 3688 664 in
3726 610 3884 664 Gras-

2184 717 2313 755 cum
2343 707 2584 763 vertere,
2616 700 2657 751 χ
2685 701 2774 755 chi
2804 701 3053 755 Graecam
3081 700 3446 765 addiderunt,
3501 700 3768 753 docentes
3820 698 3878 751 in

2184 789 2513 861 hujusmodi
2559 788 2847 843 vocabulis
2897 805 3018 843 esse
3060 788 3452 859 aspirandum.
3506 788 3665 843 Unde
3710 788 3879 844 Cham

2181 879 2600 934 transtulerunt
2628 893 2732 949 pro
2763 894 2829 932 eo
2860 878 3013 948 quod
3046 883 3131 931 est
3173 879 3325 937 Ham.
3359 894 3391 930 a
3437 892 3553 947 quo
3596 878 3873 947 Aigyptus

2185 984 2365 1039 usque
2394 967 2565 1021 hodie
2595 967 2788 1036 lingua
2812 967 3208 1037 Egyptiorum
3235 966 3443 1021 dicitur
3466 967 3628 1020 Ham.

2256 1057 2422 1110 Vens.
2478 1058 2567 1110 2t.
2610 1086 2679 1095 —
2709 1076 2737 1104 ‹‹
2771 1055 3091 1125 Bibensque
3138 1053 3358 1120 vinum,
3391 1072 3419 1105 ι)
3470 1058 3577 1106 etc.
3621 1052 3881 1107 Christus

2185 1161 2414 1217 quoque
2464 1144 2799 1210 inebriatus,
2870 1144 3007 1198 dum
3101 1158 3343 1213 passus;
3414 1141 3679 1209 nudatus,
3738 1141 3879 1195 dum

2186 1233 2507 1288 cruciﬁxus.
2541 1254 2568 1282 ι(
2598 1234 2663 1287 In
2691 1232 3059 1287 tabernaculo
3108 1247 3231 1301 suo,
3262 1251 3289 1281 ιο
3332 1230 3391 1285 id
3421 1236 3524 1298 est,
3579 1229 3729 1283 inter
3772 1231 3884 1285 do-

2186 1321 2454 1375 mesticos
2493 1319 2789 1391 sanguinis
2841 1320 2949 1385 sui,
2993 1323 3129 1373 tunc
3175 1318 3387 1372 nudata
3428 1321 3514 1372 est
3570 1318 3889 1371 mortalitas

2185 1410 2391 1464 carnis.
2480 1428 2507 1460 α
2560 1408 2770 1464 Iudaeis
2828 1407 3183 1475 scandalum,
3231 1406 3498 1477 gentibus
3558 1405 3885 1473 stultitiam,

2185 1499 2322 1569 ipsis
2352 1503 2543 1553 autem
2574 1498 2781 1552 vocatis
2810 1496 3023 1551 Iudaeis
3056 1501 3113 1550 et
3141 1496 3430 1567 gentibus,
3456 1516 3477 1543 ι
3504 1495 3668 1567 quasi
3684 1494 3817 1550 Sem
3830 1500 3889 1549 et

2183 1588 2449 1658 Japheth,
2501 1610 2521 1635 ι
2574 1587 2669 1641 Dei
2719 1586 2916 1653 virtus,
2969 1589 3025 1639 et
3068 1586 3168 1639 Dei
3213 1584 3530 1656 sapientia:
3566 1584 3700 1655 quia
3721 1584 3878 1655 quod

2188 1676 2425 1730 stultum
2450 1681 2532 1730 est
2564 1675 2687 1743 Dei,
2713 1674 3029 1745 sapientius
3056 1680 3141 1729 est
3180 1673 3530 1728 hominibus.
3571 1693 3598 1725 »

2261 1762 2529 1833 (Aecum)
2571 1764 2703 1817 Post
2746 1763 3025 1816 diluvium
3071 1763 3184 1816 Noe
3234 1761 3547 1816 inebriatus
3588 1766 3693 1827 est,
3749 1762 3887 1833 quia

2188 1852 2334 1905 forte
2366 1851 2652 1905 nesciebat
2678 1850 2811 1904 vino
2840 1867 3006 1920 posse
3050 1850 3340 1904 inebriari.
3389 1850 3499 1904 Nec
3541 1850 3696 1904 enim
3747 1855 3885 1904 ante

2188 1941 2469 1995 diluvium
2515 1940 2788 2010 leguntur
2836 1939 3097 1993 homines
3144 1938 3278 1993 vino
3330 1938 3439 1994 usi.
3492 1938 3623 1993 Ideo
3656 1938 3726 1992 de
3761 1938 3886 1991 Noe

2186 2029 2507 2101 specialiter
2536 2028 2745 2083 dicitur
2775 2028 2928 2099 quod
2972 2027 3313 2098 plantaverit
3362 2027 3604 2081 vineam.
3637 2026 3885 2080 Nudatio

2186 2118 2421 2172 femoris
2476 2116 2735 2188 sequitur
2809 2116 3141 2170 ebrietatem
3215 2115 3359 2169 sicut
3408 2114 3584 2168 libido
3652 2114 3886 2168 satieta-

2187 2212 2322 2261 tem.

2257 2296 2423 2349 Vens.
2472 2295 2562 2348 22.
2605 2324 2673 2334 —
2704 2312 2732 2344 α
2777 2292 2939 2358 Quod
2968 2308 3098 2346 cum
3143 2292 3393 2358 vidisset,
3419 2310 3446 2343 ιο
3489 2295 3596 2347 etc.
3625 2292 3884 2360 (Pnocoe.

2186 2387 2246 2438 in
2277 2382 2435 2454 Gen.)
2465 2384 2541 2437 Ex
2574 2382 2661 2436 his
2688 2381 3132 2436 circumstantiis
3182 2381 3381 2435 Chami
3423 2385 3715 2451 peccatum
3754 2396 3881 2433 am-

2187 2473 2489 2545 pliﬁcatur.
2555 2471 2855 2541 Despectui
2914 2471 3086 2525 habet
3136 2476 3456 2539 parentem,
3492 2469 3677 2523 effutit
3704 2484 3885 2539 quam

2188 2561 2432 2632 turpiter
2461 2558 2706 2629 jacuerit
2733 2564 2913 2628 pater,
2955 2574 3061 2612 nec
3085 2557 3185 2612 uni
3216 2573 3280 2611 ex
3314 2556 3585 2611 fratribus
3632 2557 3887 2625 nuntiat,

2188 2650 2287 2704 sed
2320 2649 2613 2719 utrisque:
2648 2648 2693 2700 si
2723 2648 2916 2718 plures
2961 2653 3172 2718 praesto
3220 2646 3479 2714 fuissent,
3521 2645 3739 2699 facinus
3791 2644 3887 2698 de-

2188 2738 2418 2792 texisset
2451 2736 2753 2791 omnibus:
2782 2736 3085 2790 ridiculum
3116 2736 3169 2789 ei
3196 2735 3383 2789 visum
3419 2740 3474 2788 et
3516 2734 3754 2788 facimus
3782 2733 3881 2787 cui

2188 2827 2426 2882 minime
2474 2827 2752 2893 debebat;
2804 2826 3045 2895 dignum
3094 2830 3217 2880 erat
3238 2824 3294 2879 id
3327 2824 3539 2879 factum
3571 2824 3791 2894 pudore
3827 2829 3890 2876 et

2185 2917 2426 2983 cautela,
2460 2932 2529 2969 ne
2560 2915 2630 2969 ad
2658 2918 2894 2969 caeteros
2942 2916 3064 2984 ejus
3102 2914 3339 2968 infamia
3386 2913 3739 2967 dimanaret:
3772 2928 3887 2965 nec

382 3004 639 3058 carnium
687 3019 986 3057 concessus
1038 3002 1261 3056 Videtur
1309 3005 1437 3071 post
1497 2999 1799 3067 diIUVium,
1842 3002 2081 3069 ρτορῐθι·
2110 3010 2149 3066 C
2189 3005 2278 3060 his
2307 3006 2407 3076 qui
2436 3004 2733 3060 domestici
2754 3008 2917 3058 erant
2936 3004 2990 3058 id
3014 3004 3335 3069 annuntiat,
3370 3004 3468 3057 sed
3497 3001 3764 3056 externis.

372 3092 853 3147 infecunditatem
874 3095 1042 3144 terrae
1068 3094 1124 3144 et
1152 3089 1406 3143 hominis
1437 3088 1826 3159 fragilitatem.

452 3182 616 3234 Vens.
651 3181 803 3233 9-12.
837 3208 905 3218 -—
938 3199 960 3226 ι
1020 3179 1153 3231 Ecce
1196 3192 1302 3246 ego
1347 3182 1591 3230 statuam
1630 3181 1881 3246 pactum,
1917 3195 1944 3226 ι)
1968 3179 2072 3229 etc.

383 3269 808 3324 Testamentum
836 3266 1025 3337 posuit
1047 3267 1195 3320 Deus
1223 3265 1374 3319 inter
1404 3282 1462 3318 se
1492 3269 1549 3318 et
1578 3264 1839 3319 homines
1869 3269 1927 3317 et
1962 3280 2077 3317 om-

383 3373 517 3412 nem
563 3357 818 3411 animam
854 3356 1062 3423 vivam,
1108 3370 1181 3408 ne
1237 3355 1440 3425 perdat
1462 3370 1588 3407 eam
1617 3352 1851 3416 diluvio,
1883 3363 2075 3407 arcum

385 3446 617 3513 scilicet,
670 3444 770 3517 qui
819 3449 1050 3515 apparet
1097 3443 1158 3496 in
1206 3442 1480 3510 nubibus,
1521 3442 1619 3513 qui
1642 3458 1937 3512 nunquam
1970 3442 2074 3495 nisi

385 3536 455 3591 de
508 3536 626 3589 sole
690 3532 1032 3604 resplendet.
1086 3531 1174 3585 llli
1229 3531 1383 3585 enim
1414 3546 1531 3584 non
1576 3535 1821 3600 pereunt
1862 3530 2077 3584 diluvio

385 3622 633 3695 separati
661 3622 729 3675 ab
752 3620 1015 3686 Ecclesia,
1045 3617 1144 3689 qui
1176 3618 1235 3672 in
1272 3608 1574 3688 prophetis
1622 3623 1678 3671 et
1722 3617 1781 3670 in
1810 3616 2077 3671 omnibus

385 3712 595 3767 sanctis
646 3708 971 3780 Scripturis,
1017 3712 1292 3778 tanquam
1338 3706 1398 3759 in
1445 3706 1547 3761 Dei
1586 3706 1854 3771 nubibus,
1897 3721 2073 3775 agno-

382 3807 549 3856 scunt
595 3798 837 3870 gloriam
886 3796 1114 3861 Christi,
1169 3812 1283 3849 non
1332 3811 1495 3850 suam
1539 3802 1826 3866 quierunt.
1865 3795 1970 3849 Sed
2006 3811 2075 3847 ne

380 3891 706 3945 adoratores
757 3887 926 3957 hujus
975 3885 1110 3940 solis
1156 3884 1560 3949 intumescant,
1603 3885 1783 3937 sciant
1811 3884 1890 3937 ita
1918 3883 2074 3938 Chri-

380 3984 530 4033 stum
588 3974 899 4047 signiﬁcari
954 3989 1059 4043 per
1115 3972 1292 4026 solem
1344 3971 1490 4026 sicut
1527 3987 1631 4043 per
1676 3973 1923 4037 leonem,
1972 3987 2075 4042 per

379 4082 616 4139 agnum,
647 4081 752 4136 per
784 4064 1058 4134 lapidem,
1108 4061 1499 4116 similitudinis
1547 4076 1737 4127 causa,
1788 4076 1904 4115 non
1932 4076 2073 4131 pro-

376 4154 633 4227 prietatis
662 4151 992 4206 substantia.

446 4244 608 4298 Vens.
673 4244 854 4297 13-17.
915 4269 984 4279 -
1045 4261 1066 4288 ι
1117 4241 1325 4293 Arcum
1375 4253 1567 4292 meum
1608 4253 1845 4307 ponam,
1879 4257 1907 4289 ι)
1947 4242 2058 4292 etc.

377 4334 530 4402 (Δις.
560 4334 619 4385 in
661 4332 811 4398 Gen.)
856 4333 1066 4383 Arcum
1105 4327 1263 4381 dedit
1306 4328 1455 4380 Deus
1496 4327 1557 4380 in
1598 4326 1827 4396 signum
1857 4325 2069 4381 securi-

375 4422 525 4487 tatis,
557 4436 630 4474 ne
660 4419 925 4473 homines
954 4416 1309 4471 formidolosi
1336 4416 1605 4468 timerent
1635 4416 1810 4468 altero
1855 4414 2067 4469 diluvio

373 4508 573 4575 deleri,
594 4506 917 4577 pluviarum
959 4504 1369 4558 inundationes
1421 4519 1570 4573 saepe
1620 4506 1929 4556 cernentes.
1968 4502 2066 4557 Hic

372 4598 431 4652 in
462 4597 603 4651 c0310
631 4594 851 4666 positus
905 4598 1009 4658 est,
1042 4599 1107 4647 ut
1151 4592 1221 4646 ab
1271 4592 1539 4646 omnibus
1571 4592 1746 4647 videri
1779 4591 1976 4662 possit,
2009 4595 2065 4646 et

371 4703 476 4759 pro
508 4699 848 4757 quacunque
877 4682 1246 4736 tribulatione
1287 4682 1356 4735 ad
1399 4697 1533 4735 eum
1580 4681 1905 4735 attollamus
1936 4695 2065 4734 ocu-

369 4778 453 4832 los
508 4774 715 4841 cordis,
775 4772 874 4842 qui
929 4770 1148 4825 habitat
1192 4770 1251 4823 in
1304 4770 1479 4825 ccelis.
1535 4768 1679 4834 Quia
1722 4786 1854 4824 vero
1898 4785 2064 4822 arcus

368 4880 486 4919 non
516 4868 599 4917 est
632 4861 744 4916 nisi
775 4877 839 4914 ex
869 4859 1044 4914 radiis
1074 4859 1204 4912 solis
1232 4862 1289 4912 et
1334 4858 1573 4912 humida
1624 4857 1794 4925 nube,
1836 4857 2064 4911 videtur

365 4951 520 5023 quod
576 4958 706 5004 ante
752 4949 1033 5003 diluvium
1084 4964 1200 5002 non
1237 4947 1477 5001 fuissent
1561 4945 1790 5017 pluvize.
1836 4947 2063 5000 Poterat

366 5045 558 5095 autem
607 5054 671 5093 ex
698 5054 825 5092 rore
856 5042 912 5091 et
948 5037 1196 5091 fontium
1242 5035 1616 5090 inundatione
1664 5039 1817 5089 terra
1861 5034 2058 5088 fecun-

366 5127 509 5184 dari.

434 5216 673 5288 (Suum)
731 5217 908 5268 Arcus
967 5214 1107 5268 duos
1155 5213 1328 5269 habet
1380 5214 1619 5284 colores,
1659 5214 1968 5268 caeruleum
2002 5218 2057 5266 et

362 5305 619 5376 igneum,
666 5300 767 5373 qui
816 5301 929 5355 duo
963 5300 1183 5369 judicia
1229 5302 1599 5371 exprimunt:
1651 5317 1832 5355 unum
1888 5318 2053 5371 aqum

360 5392 517 5466 quod
546 5390 858 5462 praeteriit;
891 5388 1047 5443 aliud
1077 5389 1245 5459 ignis,
1271 5390 1425 5461 quod
1451 5395 1756 5445 venturum
1805 5391 2055 5444 creditur

358 5483 417 5537 in
473 5482 589 5536 line
645 5478 878 5533 seculi:
943 5477 1095 5532 unde
1144 5478 1424 5533 caruleus
1462 5479 1620 5534 color
1678 5480 2050 5548 extrinsecus,

362 5572 571 5641 igneus
600 5584 733 5624 vero
753 5566 1116 5622 intrinsecus.

2258 3092 2658 3164 (lsm.)Judaai,
2692 3093 2900 3148 Christi
2948 3098 3194 3147 mortem
3238 3092 3511 3159 videntes,
3560 3090 3886 3145 subsanna-

2186 3186 2409 3236 verunt.
2442 3181 2572 3235 Sem
2604 3197 2737 3235 vero
2769 3185 2825 3235 et
2861 3180 3124 3251 Japheth,
3156 3181 3270 3235 duo
3298 3178 3501 3251 populi
3539 3194 3605 3232 ex
3654 3193 3887 3248 praepu-

2186 3270 2266 3324 tio
2323 3274 2380 3323 et
2430 3268 2862 3323 circumcisione
2918 3269 3233 3335 credentes,
3265 3267 3446 3322 aversi
3499 3271 3885 3337 operuerunt,

2186 3364 2319 3425 etc.,
2369 3374 2537 3427 usque
2584 3358 2658 3412 ad
2689 3378 2717 3408 «
2761 3362 3037 3429 tanquam
3087 3357 3150 3412 in
3182 3373 3379 3429 pacem
3413 3354 3611 3426 anguli
3642 3370 3884 3408 concur-

2186 3452 2393 3503 rentes.
2436 3467 2457 3494 ο

2176 3584 2181 3589 .
2257 3537 2417 3590 Vens.
2448 3538 2537 3590 23.
2569 3564 2638 3578 —
2669 3556 2696 3583 α
2727 3537 2799 3589 At
2846 3549 2979 3588 vero
3008 3533 3160 3601 Sem,
3206 3552 3233 3585 ιο
3271 3536 3375 3586 etc.
3423 3530 3612 3600 (Gneo.
3654 3531 3713 3584 in
3758 3530 3886 3584 Mo-

2184 3626 2317 3695 ral.)
2365 3623 2625 3679 Aversari
2663 3623 2910 3677 dicimur
2954 3623 3108 3694 quod
3151 3622 3546 3693 reprobamus.
3602 3618 3746 3683 Quid
3787 3622 3882 3672 est

2186 3729 2322 3783 ergo
2353 3712 2507 3784 quod
2539 3712 2642 3766 filii
2673 3712 2919 3767 verenda
2945 3711 3123 3783 patris
3165 3709 3498 3781 superjectis
3545 3707 3714 3763 dorso
3745 3706 3881 3777 pal-

2185 3803 2273 3857 liis
2303 3802 2484 3857 aversi
2514 3801 2795 3856 veniendo
2822 3804 3191 3872 operuerunt,
3226 3799 3336 3854 nisi
3368 3798 3503 3869 quia
3535 3796 3701 3851 bonis
3731 3796 3880 3849 sub-

2183 3891 2315 3946 ditis
2399 3890 2479 3943 sic
2557 3888 2996 3960 praepositorum
3076 3889 3226 3943 mala
3285 3887 3606 3957 displicent,
3671 3887 3735 3939 ut
3802 3883 3882 3937 ab

2182 3978 2309 4032 aliis
2350 3983 2487 4032 nota
2527 3978 2844 4033 occultent:
2882 3976 3302 4047 operimentum
3353 3974 3537 4029 aversi
3582 3972 3879 4037 deferunt,

2182 4069 2318 4139 quia
2347 4067 2723 4137 dijudicantes
2751 4066 2986 4136 factum,
3016 4070 3074 4120 et
3125 4068 3463 4119 venerantes
3507 4060 3883 4132 magistrum,

2180 4157 2385 4212 nolunt
2407 4155 2596 4210 videre
2625 4154 2778 4226 quod
2807 4159 3028 4225 tegunt.

2252 4246 2422 4299 Vens.
2456 4246 2541 4309 24,
2566 4247 2653 4298 25.
2681 4272 2755 4285 —
2784 4262 2811 4294 α
2841 4243 3167 4298 Maledictus
3193 4243 3465 4298 Chanaan
3504 4257 3667 4313 puer,
3703 4257 3731 4290 ιι
3759 4242 3878 4293 etc.

2118 4328 2142 4367 -’
2179 4333 2378 4404 (Ibid)
2409 4334 2533 4387 Non
2562 4332 2953 4404 praetermittit.
2982 4334 3129 4386 Deus
3154 4332 3338 4386 inulta
3366 4337 3617 4401 peccata,
3660 4328 3753 4382 sed
3792 4328 3885 4381 ita

2169 4422 2454 4493 judicium
2484 4420 2543 4475 in
2567 4424 2759 4475 nostra
2799 4421 3148 4475 correctione
3198 4420 3421 4491 incipit,
3472 4423 3536 4473 ut
3576 4418 3639 4472 in
3668 4434 3880 4488 repro-

2176 4513 2383 4567 borum
2419 4510 2785 4567 damnatione
2827 4510 3101 4581 quiescat.
3153 4509 3358 4580 Incipit
3397 4509 3551 4563 enim
3578 4506 3880 4578 judicium

2174 4617 2205 4655 a
2237 4601 2406 4655 domo
2440 4599 2560 4654 Dei.
2593 4598 2728 4663 Quis
2757 4614 2892 4668 ergo
2914 4598 3043 4652 ﬁnis
3072 4613 3273 4652 eorum
3301 4597 3402 4668 qui
3440 4612 3559 4651 non
3602 4594 3878 4649 credide-

2171 4694 2326 4752 runt,
2352 4689 2451 4759 qui
2481 4687 2818 4758 temporalia
2847 4687 3072 4756 ﬂagella
3117 4703 3237 4740 non
3281 4685 3582 4740 sentiunt?
3631 4684 3772 4748 Quia
3806 4685 3878 4739 in

2172 4782 2447 4831 asternum
2487 4776 2783 4847 peribunt;
2829 4774 3075 4847 quorum
3106 4774 3363 4845 nequitia
3393 4775 3568 4829 Cham
3594 4779 3881 4844 peccante

2169 4865 2416 4934 ﬁgurata
2476 4869 2579 4919 est.
2649 4863 2753 4919 Cui
2800 4864 3043 4918 dicitur:
3116 4883 3143 4915 α
3191 4863 3518 4918 Maledictus
3592 4863 3880 4917 Chanaan

2166 4970 2330 5025 puer.
2357 4972 2385 5004 ι)
2435 4958 2542 5007 etc.
2591 4954 2755 5007 Patre
2803 4958 3093 5023 peccante,
3138 4952 3291 5006 ﬁlius
3329 4951 3670 5007 sententiam
3702 4966 3880 5005 acce-

2167 5040 2272 5111 pit,
2305 5039 2440 5111 quia
2498 5039 2873 5109 reproborum
2922 5039 3182 5111 nequitia
3221 5039 3314 5093 hic
3356 5038 3456 5093 diu
3484 5036 3728 5109 proﬁcit,
3759 5040 3877 5094 sed

2166 5129 2316 5200 perit
2347 5127 2404 5181 in
2436 5131 2749 5198 posterum.

2236 5218 2398 5271 Vens.
2445 5219 2540 5273 26.
2592 5247 2660 5257 —
2709 5235 2737 5267 α
2774 5217 3111 5272 Benedictus
3156 5216 3433 5272 Dominus
3465 5217 3609 5269 Deus
3640 5214 3793 5270 Sem.
3840 5236 3876 5266 ι)

2164 5306 2306 5360 Cum
2330 5305 2401 5358 sit
2435 5305 2581 5359 Deus
2601 5306 2860 5360 omnium
2886 5307 3167 5376 gentium,
3200 5305 3366 5376 quasi
3408 5304 3643 5375 proprio
3688 5318 3876 5358 voca—

2161 5392 2296 5447 bulo
2353 5394 2525 5448 etiam
2584 5392 2643 5447 in
2696 5393 2835 5464 ipsis
2890 5395 3157 5465 gentibus
3203 5394 3415 5448 dicitur
3473 5394 3619 5447 Deus
3660 5392 3876 5457 Israel,

2161 5481 2313 5552 quod
2374 5488 2458 5536 est
2508 5499 2577 5538 ex
2622 5481 3018 5537 benedictione
3064 5482 3329 5554 .lapheth,
3373 5482 3509 5553 quia
3552 5482 3612 5535 in
3640 5483 3875 5550 populo

2160 5571 2419 5640 gentium
2450 5570 2648 5627 orbem
2678 5576 2847 5626 terres
2869 5572 3166 5643 occupavit
3197 5571 3458 5638 Ecclesia,
3509 5570 3661 5642 quod
3704 5586 3872 5641 prae-
