4086 6190
222 289 324 342 113

1384 276 1641 335 GLOSSA
1684 274 2091 333 ORDINARIA.
2132 304 2201 314 -—-
2244 275 2373 330 LIB.
2414 273 2571 331 GEN.

3638 272 3736 327 114

210 405 593 462 nuntiabatur
621 419 752 459 cum
787 403 1071 458 diceretur
1103 416 1116 456 :
1153 422 1182 451 ‹‹
1214 400 1419 456 Dilatet
1450 401 1597 455 Deus
1621 399 1842 471 Japhet.
1887 417 1914 449 ν
1957 400 2003 453 A
2032 400 2185 470 quod
2232 398 2488 470 primum
2547 398 2656 453 fuit
2702 397 2806 452 sub
2839 396 3005 464 Nino,
3058 413 3187 469 quae
3218 394 3517 452 aediﬁcavit
3570 398 3734 453 Nini-

282 517 309 547 ε
339 497 635 552 Chanaan.
658 514 685 542 ››
702 491 951 564 (Suum)
977 494 1023 546 A
1039 507 1153 562 quo
1166 489 1493 556 Chananmi,
1513 488 1612 560 qui
1631 489 1735 543 hac
1760 487 1929 541 male-

209 584 469 640 dictione
502 583 943 653 prophetantur,
964 578 1285 651 expellendi
1304 579 1371 633 de
1399 579 1517 631 loco
1539 576 1925 632 habitationis.

283 675 452 728 Vens.
513 674 697 725 27-29.
756 700 828 709 —
897 691 922 718 «
978 669 1187 723 Dilatet
1239 669 1389 722 Deus
1451 667 1673 737 Japhet,
1726 684 1753 716 ιο
1816 670 1921 717 etc.

210 760 509 832 (HIEBON.)
541 761 619 814 De
645 759 777 813 Sem
814 758 1055 815 Hebraei.
1087 756 1157 811 de
1204 756 1452 826 Japheth
1486 755 1746 825 gentiles.
1783 753 1927 817 Quia

210 852 398 923 igitur
428 850 543 903 lata
596 853 684 902 est
742 847 1049 902 multitudo
1092 844 1467 909 credentium,
1527 860 1561 897 a
1606 842 1924 905 latitudine,

210 956 348 1011 que
384 938 633 1009 Japheth
673 936 906 1001 dicitur,
938 934 1177 989 latitudo
1223 932 1573 987 nominatur.
1628 930 1790 995 Quod
1825 947 1927 983 au-

209 1036 333 1083 tem
368 1028 454 1081 ait
487 1043 502 1081 :
538 1047 566 1076 α
598 1027 664 1080 Et
696 1024 919 1079 habitet
946 1023 1007 1077 in
1037 1022 1418 1078 tabernaculis
1444 1022 1596 1087 Sem,
1619 1043 1646 1070 »
1682 1020 1751 1075 de
1816 1035 1922 1073 no-

208 1118 299 1172 bis
329 1112 856 1188 prOpbetaturfqui
906 1112 964 1167 in
1019 1110 1338 1166 eruditione
1386 1114 1444 1164 et
1490 1108 1725 1164 scientia
1776 1106 1925 1162 Scri-

212 1211 551 1277 pturarum,
581 1203 758 1274 ejecto
787 1201 981 1267 Israel,
1011 1215 1324 1255 versamur.

288 1313 317 1344 α
348 1292 564 1347 Dilatet
618 1292 766 1346 Dens
812 1288 1075 1360 Japheth,
1114 1309 1136 1335 ι
1197 1292 1301 1342 etc.
1333 1285 1509 1356 (1510.)
1568 1286 1700 1340 Sem
1742 1284 1925 1354 major

212 1386 381 1445 natu,
404 1381 529 1452 ipse
549 1385 636 1435 est
663 1377 931 1433 Iudaicus
960 1376 1228 1448 pepulus,
1262 1391 1326 1429 ex
1349 1390 1463 1446 quo
1486 1373 1843 1445 patriarchae,
1867 1376 1924 1426 et

211 1469 543 1543 prophetae,
576 1472 633 1522 et
664 1466 925 1539 apostoli,
961 1471 1091 1532 etc.,
1130 1480 1298 1534 usque
1330 1463 1403 1517 ad
1433 1463 1488 1517 id
1519 1467 1605 1517 est
1632 1478 1773 1533 Opus
1818 1477 1921 1516 eo—

206 1575 349 1615 rum
976 1624 977 1627 η

900 1698 1123 1753 CAPUT
1164 1698 1238 1752 ‘X.

283 1828 452 1881 Vens.
496 1829 542 1880 t.
569 1855 634 1864 —
668 1842 694 1874 α
737 1824 833 1877 Hm
864 1824 998 1875 sunt
1045 1817 1463 1891 generationes,
1500 1837 1528 1869 »
1592 1820 1695 1871 etc.
1740 1815 1916 1869 Bene-

211 1915 402 1970 dictus
430 1911 665 1968 duobus'
690 1911 821 1966 ﬁliis
851 1910 984 1972 Noe,
1022 1914 1077 1963 et
1105 1907 1293 1962 medio
1323 1905 1651 1969 maledicto,
1683 1918 1918 1975 genera-

209 2004 397 2057 tiones
437 2016 643 2056 eorum
678 2003 971 2065 texuntur,
1000 2013 1063 2051 ex
1113 1996 1321 2068 quibus
1377 1992 1738 2064 septuaginta
1788 1991 1917 2045 dua:

214 2090 625 2163 generationes
654 2092 789 2141 sunt
809 2090 951 2141 orte
984 2105 999 2139 :
1044 2084 1371 2156 quindecim
1402 2083 1471 2137 de
1526 2080 1788 2152 Japheth,
1821 2079 1917 2133 tri-

215 2182 373 2253 ginta
429 2180 502 2234 de
562 2178 762 2241 Cham,
820 2173 1023 2246 viginti
1049 2180 1269 2243 septem
1325 2172 1394 2226 de
1448 2171 1597 2225 Sem.
1644 2168 1729 2223 Ad
1776 2184 1916 2239 quas

210 2269 370 2324 misit
390 2266 674 2322 Dominus
705 2262 1071 2334 septuaginta
1092 2262 1234 2316 duos
1264 2259 1593 2331 discipulos.

280 2381 304 2407 .
331 2358 472 2412 Sem
513 2374 541 2406 ν
574 2352 752 2424 (Δις.)
801 2352 957 2416 Sem,
1009 2354 1074 2405 ut
1127 2349 1433 2413 aestimant,
1464 2346 1693 2411 Asiam;
1736 2344 1911 2399 Cham

205 2445 487 2509 Africam,
517 2442 764 2513 Japheth
793 2441 1074 2511 Europam
1104 2437 1339 2492 sortitus
1370 2441 1480 2492 est.

278 2556 307 2585 α
339 2532 612 2605 Japheth.
648 2552 674 2581 ι)
705 2529 935 2585 Minoris
967 2528 1093 2594 ﬁlii,
1116 2528 1185 2584 de
1215 2543 1330 2598 quo
1360 2526 1480 2579 nati
1509 2528 1640 2578 sunt
1692 2526 1910 2593 septem

208 2623 337 2691 ﬁlii,
418 2620 523 2692 qui
598 2621 909 2673 tenuerunt
973 2614 1478 2686 septentrionalem
1542 2613 1839 2682 regionem
1877 2626 1909 2663 a

203 2714 393 2767 Tauro
428 2715 489 2764 et
524 2711 770 2772 Amano,
814 2703 1099 2759 montibus
1137 2703 1346 2759 Cilicia:
1390 2708 1448 2757 et
1491 2702 1689 2774 Syriae,
1730 2715 1908 2770 usque

206 2803 272 2854 ad
297 2798 546 2855 ﬂuvium
574 2794 835 2857 Tanaim,
858 2794 916 2847 in
950 2795 1169 2863 Europa
1200 2808 1330 2846 vero
1354 2808 1530 2863 usque
1580 2791 1649 2844 ad
1680 2788 1903 2845 Gadira.

212 2888 465 2943 Nomina
513 2901 647 2939 vero
689 2883 824 2938 locis
854 2887 909 2936 et
934 2881 1197 2952 gentibus
1249 2879 1655 2951 relinquentes,
1688 2894 1751 2931 ex
1786 2877 1908 2948 qui-

206 2979 311 3032 bus
343 2975 601 3047 plurima
630 2976 870 3038 mutata,
901 2975 1106 3025 caetera
1142 2973 1503 3040 permanent.

278 3066 457 3119 Vens.
489 3066 697 3117 2-6.—
749 3083 769 3109 ι
808 3062 1032 3116 Gomer.
1073 3081 1093 3107 ι
1130 3058 1195 3113 Hi
1236 3062 1367 3111 sunt
1422 3057 1651 3123 Galatas,
1697 3070 1904 3108 secun-

207 3158 347 3210 dum
378 3151 713 3222 Josephum,
738 3148 839 3220 qui
870 3148 1063 3203 Latine
1095 3144 1427 3217 Gallograeci
1448 3145 1739 3199 dicuntur.

278 3266 301 3292 ι
341 3240 587 3297 Thubal.
627 3262 649 3287 η
686 3239 871 3293 Iberos
928 3237 1027 3308 qui
1057 3240 1113 3290 et
1145 3234 1399 3306 Hispani,
1435 3232 1692 3305 aquibus
1732 3229 1902 3285 Celti-

204 3333 383 3393 beria,
419 3330 556 3384 licet
586 3328 821 3400 quidam
852 3320 1077 3380 Italicos
1110 3324 1496 3395 suspicentur.

281 3444 300 3469 ι
339 3421 637 3475 Chanaan.
674 3439 695 3463 ι
738 3416 835 3469 Hic
859 3414 1107 3469 obtinuit
1133 3418 1344 3467 terram
1388 3426 1558 3483 quam
1592 3408 1772 3465 Judzei
1801 3423 1902 3479 po-

204 3515 321 3565 stea
354 3507 761 3580 possederunt,
792 3504 986 3575 ejectis
1012 3501 1367 3558 Chananmis.

274 3600 441 3652 Vens.
496 3598 547 3651 8.
609 3624 679 3635 —
744 3612 772 3645 α
830 3594 1046 3664 Regma
1106 3596 1163 3646 et
1224 3591 1391 3657 Saba,
1447 3592 1552 3643 etc.
1625 3587 1901 3657 (ΗιειιοΝ.)

205 3686 495 3743 Paulatim
526 3683 763 3754 antiqua
792 3681 1027 3736 nomina
1074 3679 1467 3751 perdiderunt,
1510 3681 1565 3731 et
1594 3692 1723 3748 quae
1754 3690 1904 3729 nunc

204 3793 311 3849 pro
341 3774 635 3831 veteribus
657 3772 920 3837 habeant,
950 3771 1263 3842 ignoratur.

275 3886 304 3916 α
334 3865 501 3919 Saba.
536 3882 565 3913 ι
607 3861 731 3916 Alia
757 3876 930 3932 quam
966 3858 1249 3931 superior,
1284 3862 1339 3911 et
1372 3857 1645 3912 differunt
1673 3854 1731 3908 in
1761 3852 1903 3907 scri-

201 3960 376 4027 ptura
408 3971 423 4007 :
459 3953 555 4007 illa
587 3951 739 4005 enim
759 3966 861 4021 per
879 3950 1110 4017 samech,
1139 3948 1259 4002 haec
1289 3962 1389 4017 per
1414 3948 1566 4001 schin
1597 3943 1901 4009 scribitur;

201 4043 304 4097 ubi
344 4042 502 4095 enim
533 4040 811 4093 dicimus:
854 4040 1033 4108 Reges
1062 4037 1313 4092 Arabum
1346 4041 1403 4091 et
1427 4036 1573 4090 Saba
1613 4034 1763 4087 dona
1804 4031 1905 4085 ad-

203 4134 444 4197 ducent,
467 4152 495 4179 »
513 4129 573 4182 in
594 4128 828 4182 Hebraeo
851 4126 1305 4185 habeturnn'u‘et
1324 4138 1447 4185 ΝΞΟ
1469 4124 1661 4179 scheba
1683 4126 1737 4175 et
1757 4120 1902 4175 sebo.

275 4222 449 4275 Vens.
484 4221 537 4274 8.
570 4247 639 4257 —
684 4238 705 4265 ι
742 4216 1006 4270 Nemrod.
1047 4236 1069 4263 ι
1113 4214 1221 4278 Qui
1273 4215 1423 4268 ultra
1478 4217 1739 4266 naturam
1785 4224 1903 4262 cae-

204 4312 325 4363 lum
355 4310 658 4379 penetrare
704 4304 905 4358 voluit.
937 4302 1232 4374 Signiﬁcat
1290 4301 1603 4366 diabolum,
1656 4298 1753 4369 qui
1787 4296 1901 4351 ait:

210 4422 229 4446 -
259 4396 585 4452 Ascendam
614 4409 785 4464 super
815 4398 965 4446 astra
992 4391 1145 4445 coeli.
1186 4410 1214 4443 io
1262 4389 1531 4455 Nemrod,
1592 4387 1905 4443 secundum

206 4485 548 4555 Josephum,
571 4498 717 4536 nova
739 4480 899 4551 regni
930 4479 1239 4551 cupiditate
1257 4477 1619 4549 tyrannidem
1642 4473 1906 4545 arripuit,

208 4580 264 4629 et
295 4573 411 4629 fuit
442 4576 639 4625 auctor
668 4570 1012 4625 aediﬁcandae
1042 4569 1218 4624 turris
1245 4584 1373 4640 quae
1394 4571 1652 4637 tangeret
1680 4566 1904 4619 ccelum.

212 4684 237 4713 α
273 4665 404 4735 Ipse
446 4660 618 4731 cmpit
642 4676 761 4713 esse
790 4665 1016 4730 potens,
1048 4679 1076 4709 »
1127 4659 1215 4712 vel
1248 4676 1277 4711 α
1318 4657 1499 4728 gigas,
1532 4678 1559 4705 ››
1596 4654 1909 4711 secundum

210 4754 375 4807 alios.
410 4750 519 4805 Sed
580 4753 746 4802 antea
798 4748 1057 4819 gigantes
1104 4751 1267 4801 natos
1313 4744 1605 4816 Scriptura
1658 4760 1909 4799 comme-

212 4844 435 4895 morat.
475 4838 583 4893 Sed
614 4838 756 4891 t'orte
800 4842 930 4908 post
959 4836 1234 4890 diluvium
1273 4834 1496 4889 novitas
1526 4834 1751 4906 generis
1796 4834 1911 4889 hu-

213 4929 375 4986 mani
406 4926 717 4998 reparandi
764 4930 1141 4991 memoratur,
1175 4946 1196 4973 ι
1259 4924 1395 4996 quia
1426 4923 1545 4995 ipse
1593 4922 1763 4994 coepit
1794 4939 1912 4977 esse

215 5020 381 5089 gigas
415 5031 589 5087 super
618 5019 849 5069 terram.
891 5036 911 5061 ι

284 5108 452 5160 Vens.
484 5108 536 5159 9.
570 5133 641 5144 —
700 5122 727 5154 α
761 5103 1046 5158 Robustus
1102 5107 1356 5157 venator.
1391 5122 1419 5154 ii
1480 5101 1660 5170 (ALc.)
1704 5102 1763 5156 Id
1811 5106 1913 5168 est,

216 5194 523 5250 hominum
582 5208 890 5263 oppressor
941 5195 997 5245 et
1051 5192 1378 5262 exstinctor,
1443 5208 1586 5263 quos
1625 5190 1811 5245 allexit
1858 5196 1917 5245 ut

218 5292 432 5339 turrem
467 5287 669 5336 contra
701 5282 881 5335 Deum
903 5286 1314 5335 construerent.

290 5375 449 5428 Vens.
486 5375 572 5439 10,
615 5374 699 5425 l2.
752 5400 824 5410 —
868 5391 887 5417 ι
925 5370 1197 5441 Babylon.
1225 5392 1253 5420 »
1304 5371 1399 5425 Est
1452 5369 1728 5435 confusio,
1786 5370 1919 5442 quia

219 5461 297 5515 ibi
329 5462 473 5517 facta
504 5463 591 5513 est
617 5458 951 5528 linguarum
979 5458 1199 5513 divisio.

285 5552 442 5607 Vitas.
504 5553 592 5605 ll.
656 5577 729 5588 —
782 5568 806 5593 ι
846 5549 1036 5602 Assur.
1103 5568 1126 5597 ι
1179 5546 1486 5618 Imperium
1541 5545 1922 5615 Assvriorum,

2041 506 2190 554 vem,
2242 505 2371 561 quae
2426 494 2660 559 propter
2706 487 3099 558 paenitentiam
3128 488 3362 557 pulchra
3391 487 3729 558 appellatur.

2111 580 2272 633 Vens.
2324 579 2511 632 {3-20.
2549 598 2669 625 -ι
2728 579 2802 630 At
2848 591 2977 629 vero
3034 575 3315 641 Mesraim,
3372 594 3398 627 ν
3436 581 3543 630 etc.
3583 577 3733 646 (Ilie-

2039 669 2200 738 ηοω.)
2240 666 2491 738 Exceptis
2519 665 2750 733 Laabin,
2782 680 2815 718 a
2842 663 3050 736 quibus
3091 663 3287 735 Libyes
3312 668 3510 735 postea
3535 665 3731 719 nomi-

2039 756 2153 810 nati
2186 760 2338 821 sunt,
2374 755 2473 825 qui
2497 754 2653 826 prius
2676 754 2893 808 Phuttei
2920 753 3301 819 vocabantur;
3339 758 3394 807 et
3422 753 3728 814 Chasluim,

2037 846 2137 918 qui
2186 850 2379 916 postea
2410 842 2713 898 Philistiim
2757 842 2893 897 dicti
2923 845 3073 910 sunt,
3124 858 3268 911 quos
3323 858 3422 896 nos
3466 847 3729 913 corrupte

2038 936 2366 990 Palaestinos
2397 932 2658 997 dicimus,
2682 936 2903 985 cetera;
2956 946 3050 983 sex
3081 935 3280 1001 gentes
3308 932 3470 985 nobis
3519 932 3728 1003 ignotae

2036 1029 2170 1079 sunt
2216 1024 2351 1095 quia
2403 1023 2550 1077 bello
2607 1020 2924 1092 Ethiopico
2975 1019 3281 1075 subversas.
3346 1022 3729 1076 Possederunt

2036 1120 2227 1170 autem
2294 1118 2503 1168 terram
2541 1129 2573 1165 a
2634 1112 2779 1167 Gaza
2852 1125 3035 1181 usque
3105 1109 3174 1163 ad
3228 1112 3514 1165 extremos
3584 1110 3726 1165 ﬁnes

2035 1204 2275 1275 A‘ngpti.

2108 1314 2135 1342 α
2169 1292 2368 1347 Ludim
2426 1295 2485 1344 et
2530 1288 2815 1344 Anamim.
2868 1288 3117 1359 Laabim,
3152 1286 3517 1359 Neplietuim,
3555 1308 3577 1337 ι
3611 1292 3717 1343 etc.

2037 1384 2164 1437 Haec
2193 1381 2387 1435 omnia
2414 1381 2772 1451 ignorantur,
2805 1379 2891 1432 vel
2921 1378 3056 1450 quia
3093 1380 3293 1433 deletae
3338 1381 3470 1430 sunt
3524 1381 3722 1447 gentes

2033 1471 2183 1526 bello
2241 1469 2583 1539 JEtliiopico,
2630 1469 2715 1522 vel
2770 1466 2907 1539 quia
2979 1467 3275 1538 ignoratur
3333 1482 3463 1538 quae
3528 1465 3722 1520 omnia

2033 1576 2182 1615 nunc
2215 1560 2479 1614 habeant.

2105 1651 2266 1704 Vens.
2298 1652 2386 1702 21.
2414 1676 2475 1687 -
2506 1663 2532 1699 ι
2572 1646 2648 1700 De
2686 1645 2837 1700 Sem.
2870 1665 2897 1694 ι
2950 1645 3027 1698 De
3057 1643 3165 1698 hoc
3194 1641 3498 1698 novissime
3530 1642 3715 1714 loqui-

2029 1744 2140 1805 tur,
2167 1737 2300 1809 quia
2329 1736 2451 1806 ejus
2482 1732 2931 1806 generationem,
2967 1736 3024 1786 et
3068 1730 3456 1803 generationis
3507 1731 3716 1787 lineam

2026 1826 2414 1899 prosequitur.
3640 1823 3645 1827 ’

2103 1938 2125 1966 ι
2179 1914 2380 1969 Heber.
2436 1935 2457 1960 ι
2515 1911 2623 1977 Qui
2661 1914 2852 1965 tamen
2887 1909 3121 1981 quintus
3151 1925 3184 1963 a
3233 1908 3350 1964 tilio
3400 1908 3517 1963 Noe
3563 1909 3713 1964 Sem.

2029 2006 2228 2060 Utrum
2276 2002 2411 2074 quia
2442 2000 2664 2055 Hebraei
2696 2000 2963 2054 dicuntur
3010 2016 3077 2053 ex
3134 1998 3231 2053 illo
3288 1998 3577 2069 appellati,
3629 1999 3714 2054 vel

2026 2094 2161 2167 quia
2191 2109 2294 2164 per
2324 2092 2485 2145 illum
2530 2089 2824 2161 generatio
2846 2089 2915 2143 ad
2942 2088 3229 2142 Abraham
3277 2086 3524 2141 transit?
3566 2087 3712 2151 Quid

2024 2198 2162 2248 ergo
2194 2178 2545 2252 probabilius
2567 2178 2638 2231 sit
2666 2176 2931 2231 Hebraeos
2948 2176 3058 2230 dici
3088 2180 3361 2246 tanquam
3394 2176 3712 2241 Hebermos,

2023 2273 2106 2324 vel
2141 2274 2417 2339 tanquam
2447 2267 2733 2331 Abramos,
2768 2264 2971 2319 merito
2992 2264 3297 2335 quaeritur.

2095 2361 2250 2413 Vens.
2282 2358 2463 2410 22-24.
2496 2386 2565 2397 —
2606 2376 2627 2403 ε
2662 2357 2855 2408 Assur.
2891 2374 2917 2403 ι
2949 2352 3057 2417 Qui
3095 2353 3394 2407 aediﬁcavit
3426 2353 3707 2409 Ninivem.

2094 2450 2251 2503 Vens.
2286 2448 2481 2501 25-30.
2513 2474 2582 2484 —
2611 2466 2638 2494 ς
2674 2443 2916 2513 Natique
2957 2446 3089 2495 sunt
3137 2441 3317 2495 Heber
3371 2441 3497 2505 ﬁlii,
3537 2465 3558 2490 ι
3600 2447 3706 2497 etc.

2025 2538 2229 2605 Heber,
2287 2537 2565 2596 transitor,
2618 2550 2651 2587 a
2680 2548 2794 2603 quo
2827 2530 3066 2594 Hebraei,
3124 2530 3181 2584 id
3231 2534 3334 2596 est,
3369 2534 3705 2585 transitores.

2022 2624 2151 2679 Veri
2173 2622 2399 2679 Hebraei
2429 2625 2577 2687 sunt,
2609 2620 2709 2692 qui
2760 2620 2828 2674 de
2858 2618 3234 2691 prmsentibus
3275 2618 3344 2671 ad
3379 2618 3587 2680 futura,
3640 2619 3708 2672 de

2019 2713 2247 2769 caducis
2302 2711 2371 2766 ad
2412 2726 2683 2764 mansura
2712 2712 3033 2763 transeunt.
3092 2708 3219 2761 Haec
3250 2710 3445 2777 gentes
3472 2722 3506 2760 a
3535 2707 3707 2760 lluvio

2020 2803 2174 2857 Cono
2220 2799 2599 2872 possederunt
2651 2814 2881 2852 omnem
2948 2796 3241 2866 regionem
3292 2812 3421 2867 quae
3476 2800 3708 2850 vocatur

2019 2892 2203 2948 Geria.

2620 2958 2843 3014 CAPUT
2870 2958 2956 3013 XI.

2090 3072 2261 3124 Vens.
2296 3073 2343 3123 1.
2378 3097 2447 3110 --
2478 3087 2505 3117 κ
2537 3068 2668 3120 Erat
2695 3069 2885 3119 autem
2924 3068 3075 3119 terra
3129 3063 3263 3118 labii
3302 3064 3494 3129 unius,
3531 3086 3550 3111 ι
3595 3067 3700 3118 etc.

2012 3161 2171 3223 (Anc.
2213 3160 2271 3211 in
2302 3155 2454 3226 Gen.)
2500 3155 2719 3209 Dictum
2753 3157 2839 3207 est
2891 3153 3152 3223 superius
3192 3153 3344 3224 quod
3406 3151 3509 3206 ﬁlii
3562 3152 3698 3215 Noe,

2010 3248 2099 3300 vel
2149 3245 2400 3300 ﬁliorum
2430 3244 2571 3315 ejus,
2607 3242 2896 3298 distributi
2940 3247 3074 3296 sunt
3122 3258 3225 3313 per
3276 3246 3458 3295 terras
3498 3257 3699 3294 secun-

2010 3335 2149 3391 dum
2181 3333 2435 3405 ;linguas
2483 3349 2634 3386 suas.
2692 3332 2799 3387 Sed
2846 3332 2951 3386 hoc
3003 3348 3107 3401 per
3162 3329 3700 3400 recapitulationem

2009 3428 2208 3495 postea
2247 3426 2657 3476 commemorat
2684 3420 2834 3492 quod
2872 3420 3031 3490 prius
3082 3424 3222 3474 erat.
3284 3419 3393 3474 Sed
3442 3418 3701 3473 obscuri-

2010 3517 2183 3567 tatem
2216 3511 2367 3577 facit,
2400 3511 2553 3582 quod
2593 3527 2660 3563 eo
2696 3525 2903 3579 genere
2944 3508 3247 3562 locutionis
3295 3508 3373 3562 ita
3431 3506 3699 3572 contexit,

2011 3601 2174 3673 quasi
2201 3601 2270 3654 de
2301 3600 2386 3654 bis
2435 3598 2689 3653 naaratio
2724 3614 2852 3669 qum
2882 3601 3077 3668 postea
3128 3598 3273 3652 facta
3319 3602 3453 3651 sunt
3501 3612 3700 3651 conse—

2011 3693 2241 3762 quatur.
3466 3754 3469 3755 ν

2081 3779 2241 3831 Vens.
2297 3780 2348 3830 2.
2391 3802 2459 3817 -
2509 3794 2536 3825 α
2590 3776 2846 3845 Cumque
2899 3772 3410 3845 proﬁciscerentur.
3449 3797 3468 3821 ι
3505 3774 3702 3845 (Cear-

2012 3884 2174 3931 sosr.,
2202 3870 2261 3921 in
2291 3869 2425 3920 Gen.
2462 3868 2480 3933 )
2512 3865 2648 3919 Vide
2688 3865 2973 3936 quomodo
3018 3866 3335 3918 humanum
3374 3881 3556 3935 genus
3587 3882 3703 3920 non

2012 3961 2196 4026 potest
2235 3955 2541 4010 subsistere
2600 3946 2771 4008 intra
2805 3971 2939 4007 suos
2989 3953 3221 4019 limites,
3281 3954 3378 4007 sed
3458 3955 3704 4023 amplius

2011 4044 2433 4115 concupiscens,
2469 4044 2687 4113 majora
2713 4058 2940 4112 semper
2985 4041 3219 4112 appetit.
3273 4045 3456 4111 Atque
3486 4043 3592 4095 hoc
3621 4050 3705 4097 est

2011 4134 2164 4205 quod
2195 4134 2513 4187 humanum
2542 4147 2723 4202 genus
2755 4131 2965 4201 perdit,
2993 4131 3128 4201 quia
3174 4146 3291 4184 non
3334 4130 3455 4183 vult
3484 4134 3706 4185 naturae

2018 4238 2136 4276 suae
2168 4237 2495 4275 mensuram
2527 4236 2854 4291 agnoscere,
2886 4220 2980 4275 sed
3035 4236 3259 4290 semper
3290 4220 3507 4289 majora
3550 4220 3706 4274 desi-

2018 4308 2198 4362 derat.
2232 4306 2510 4371 Quoniam
2548 4330 2574 4356 α
2607 4308 2890 4373 viderunt,
2921 4307 3129 4379 inquit,
3160 4324 3426 4379 campum
3458 4308 3517 4362 in
3556 4314 3709 4362 terra

2013 4397 2282 4462 Senuaar,
2319 4418 2347 4447 »
2383 4396 2713 4468 migrantes,
2748 4401 2803 4451 et
2822 4396 3022 4452 relicto
3049 4396 3231 4468 priori
3283 4398 3406 4451 loco
3435 4397 3552 4451 illic
3599 4397 3705 4451 ha-

2014 4485 2368 4540 bitaverunt.

2088 4574 2255 4629 Vens.
2296 4577 2346 4629 3.
2379 4603 2448 4613 —
2474 4596 2496 4623 ι
2534 4574 2749 4629 Venite.
2785 4594 2811 4624 ιι
2838 4572 3142 4629 Timebant
3162 4573 3374 4629 iterum
3396 4574 3705 4639 diluvium;

2017 4660 2147 4717 ideo
2170 4667 2401 4717 auctore
2447 4663 2693 4717 Nemrod
2722 4664 3025 4717 voluerunt
3058 4662 3168 4716 sibi
3219 4662 3559 4717 constituere
3590 4667 3709 4715 tur-

2018 4766 2164 4819 rem,
2208 4767 2322 4822 qua
2375 4750 2654 4806 diluvium
2713 4768 2832 4807 non
2891 4752 3178 4806 timerent.
3225 4752 3405 4807 Stulta
3449 4756 3505 4805 et
3532 4750 3712 4821 impia

2018 4839 2274 4905 audacia,
2298 4841 2449 4895 unde
2506 4846 2697 4894 secuta
2726 4839 2971 4894 vindicta
3022 4843 3107 4894 est
3136 4844 3191 4893 et
3242 4839 3570 4909 linguarum
3622 4839 3709 4894 di-

2018 4943 2181 4982 VISIO.

2094 5017 2238 5086 (Isw.
2297 5018 2355 5071 in
2393 5019 2552 5087 Gen.)
2579 5016 2794 5081 Turris,
2828 5016 3027 5070 mundi
3057 5016 3345 5087 superbia,
3396 5018 3483 5072 vel
3532 5017 3712 5072 haere-

2021 5105 2265 5160 ticorum
2321 5106 2609 5177 dogmata,
2657 5112 2786 5174 etc.,
2814 5121 2982 5175 usque
3027 5107 3102 5160 ad
3132 5106 3321 5160 unitas
3346 5106 3714 5161 confessionis

2024 5196 2077 5248 et
2108 5192 2268 5252 ﬁdei.

2097 5283 2336 5336 Vens.7.
2387 5313 2453 5321 ——
2514 5282 2744 5336 «Venite
2792 5282 2988 5353 igitur,
3025 5304 3052 5333 a
3107 5287 3211 5337 etc.
3243 5284 3320 5339 Ad
3368 5282 3601 5353 angelos
3630 5282 3716 5338 di-

2025 5370 2174 5426 xisse
2204 5369 2585 5441 intelligitur;
2645 5371 2732 5447 vel
2774 5372 3091 5427 secundum
3120 5372 3299 5445 illud:
3352 5391 3377 5423 α
3427 5365 3719 5426 Faciamus

2028 5459 2322 5516 hominem
2351 5460 2420 5513 ad
2450 5458 2762 5530 imaginem
2794 5458 2865 5515 et
2899 5460 3339 5516 similitudinem
3379 5464 3657 5515 nostram.
3690 5483 3717 5509 ››

2033 5549 2176 5603 Nam
2222 5547 2497 5619 singulari
2526 5564 2769 5603 numero
2814 5548 3181 5620 subjunctum
3212 5553 3297 5603 est
3326 5564 3341 5601 :
3379 5570 3401 5598 ι
3434 5551 3491 5602 et
3530 5547 3723 5602 divisit
