4086 6190
302 270 399 325 1ιὸ

295 409 413 454 eos,
446 413 475 444 ι
507 398 640 460 etc.,
688 393 834 448 sicut
878 391 961 447 ibi
1017 407 1030 447 :

296 481 610 554 imaginem
641 487 700 537 et
727 481 1163 537 similitudinem
1193 497 1375 536 suam.
1413 498 1439 534 ι

370 568 563 637 (Caes.
601 569 794 622 Morel.
835 567 936 621 lib.
969 583 1030 632 ιι,
1082 583 1129 621 c.
1164 568 1236 636 5.)
1292 587 1318 615 ‹‹
1372 564 1590 634 Venite,
1625 587 1647 614 ι
1683 569 1790 620 etc.
1846 564 1996 620 Dici-

298 660 391 711 tur
437 655 524 710 Ιιίι
554 655 655 727 qui
686 656 799 710 Deo
828 655 1146 721 adhaerent,
1181 673 1209 704 α
1239 653 1458 716 Venite,
1489 674 1513 703 ι
1545 654 1683 725 quia
1737 670 1769 708 a
1805 653 1995 708 divina

296 743 784 815 contemplatione
838 758 1139 814 nunquam
1209 742 1552 806 decrescere,
1624 743 1720 797 sed
1773 759 1999 814 semper

298 849 635 901 accrescere,
711 837 767 886 et
823 847 1123 902 nunquam
1210 831 1381 884 corde
1455 832 1742 898 recedere,
1810 830 2000 885 stabili

301 927 461 976 motu
487 927 574 976 est
594 937 820 991 semper
855 920 1069 974 venire.
1129 918 1462 973 Ascendunt
1517 919 1706 990 angeli
1765 919 1997 975 Creato-

297 1027 419 1065 rem
451 1009 873 1079 conspiciendo,
923 1007 1276 1062 descendunt
1324 1012 1646 1062 creaturam
1695 1008 1892 1062 illicite
1941 1024 2000 1062 se

300 1099 616 1168 erigentem
666 1096 928 1151 examine
996 1094 1366 1150 districtionis
1416 1096 1751 1164 premendo.
1805 1097 2000 1151 Dicere

299 1203 456 1257 ergo,
491 1204 517 1238 α
561 1185 1000 1250 Descendamus,
1042 1189 1098 1238 et
1144 1184 1560 1239 confundamus
1620 1187 1870 1256 linguam
1919 1202 2004 1239 eo-

301 1290 450 1339 rum,
498 1295 519 1322 ι
555 1279 641 1327 est
692 1273 750 1326 in
800 1271 1105 1342 semetipso
1161 1272 1314 1342 quod
1374 1277 1520 1326 recte
1566 1280 1769 1343 agatur
1810 1278 2000 1326 osten-

303 1363 453 1426 dere,
510 1367 567 1416 et
622 1378 726 1431 per
759 1361 875 1415 vim
928 1361 1168 1414 internae.
1207 1360 1438 1414 visionis
1477 1377 1676 1415 eorum
1717 1361 2004 1416 mentibus

301 1451 623 1505 exhibenda
639 1450 852 1520 judicia
882 1449 1116 1503 occultis
1148 1449 1395 1503 motibus
1423 1449 1726 1520 inspirare.

372 1541 537 1614 Vens,
571 1541 624 1605 8,
675 1542 728 1594 9.
760 1568 830 1580 —
861 1559 889 1588 ‹
937 1537 1132 1592 Divisit
1164 1554 1281 1591 eos.
1322 1559 1343 1585 ι
1379 1538 1557 1605 (ALc.)
1590 1539 1654 1591 In
1700 1538 1808 1592 hac
1859 1537 2003 1591 divi-

300 1629 457 1683 sione
487 1628 818 1698 liuguarum
841 1626 986 1680 nihil
1020 1643 1231 1680 novum
1261 1626 1393 1680 fecit
1442 1627 1612 1692 Deus,
1648 1626 1745 1681 sed
1777 1626 2001 1682 dicendi

306 1717 508 1772 modos
555 1723 611 1771 et
640 1717 853 1770 formas
893 1714 1254 1786 loquelarum
1288 1715 1523 1769 diversis
1568 1715 1834 1786 gentibus
1865 1715 2004 1770 divi-

310 1805 402 1858 sit.
453 1804 609 1859 Unde
649 1803 875 1857 easdem
903 1803 1145 1874 syllabas
1174 1807 1231 1856 et
1274 1802 1530 1872 ejusdem
1576 1803 1872 1872 potestatis
1918 1803 2005 1858 lit-

309 1899 460 1948 teras
487 1892 651 1946 aliter
682 1892 1016 1961 conjunetas
1044 1891 1106 1945 in
1135 1891 1372 1945 diversis
1403 1891 1617 1961 linguis
1658 1891 2001 1960 invenimus,

313 1986 372 2037 et
402 1997 554 2052 saepe
583 1981 782 2035 eadem
813 1980 1050 2034 nomina
1077 1980 1163 2034 vel
1201 1979 1372 2034 verba
1400 1979 1556 2034 aliud
1597 1979 2003 2049 signiﬁcantia;

314 2071 466 2124 unde
498 2069 596 2124 ubi
625 2069 834 2123 dicitur
871 2069 1091 2138 psalmo
1144 2084 1180 2122 ιι
1214 2086 1230 2121 :
1265 2088 1293 2117 «ι
1325 2069 1388 2122 ln
1421 2067 1580 2137 virga
1606 2067 1836 2137 ,ferrea,
1861 2088 1888 2119 ιο
1947 2069 2006 2123 in

314 2160 506 2212 Graeco
559 2158 822 2226 habetur,
855 2156 904 2209 ἐν
959 2153 1139 2232 ραϐὃῳ
1201 2154 1419 2231 σιδηρᾶ,
1473 2160 1531 2212 in
1576 2157 1751 2212 raudo
1803 2159 2004 2212 sidera.

315 2247 497 2316 Igitur
526 2246 584 2300 in
613 2246 814 2300 Latino
839 2245 1024 2300 sidera
1065 2261 1173 2299 non
1205 2248 1389 2312 ferrea
1419 2245 1720 2316 significat,
1761 2247 1904 2300 sicut
1952 2248 2009 2301 in

315 2336 528 2403 Graeco,
560 2336 654 2389 sed
687 2340 861 2390 astra.

388 2427 550 2493 (AL'G.
584 2424 681 2478 lib.
717 2440 806 2477 xvr
837 2423 903 2477 de
932 2423 1091 2478 Civit.
1149 2440 1198 2477 c.
1232 2423 1314 2490 4.)
1372 2423 1568 2478 Merito
1619 2425 1804 2478 malus
1841 2423 2010 2496 puni-

315 2516 410 2567 tur
438 2512 692 2578 alfectus,
725 2511 900 2566 etiam
927 2511 1020 2565 cui
1082 2527 1194 2564 non
1254 2512 1509 2566 succedit
1539 2511 1790 2566 effectus.
1827 2515 2013 2568 Genus

317 2617 450 2656 vero
507 2617 692 2672 poenae
739 2601 907 2672 quale
961 2600 1116 2654 fuit?
1156 2599 1437 2664 Quoniam
1483 2600 1639 2655 enim
1696 2601 2012 2656 dominatiu

317 2689 656 2759 imperantis
705 2689 770 2743 in
799 2689 997 2759 lingua
1028 2693 1133 2754 est,
1165 2688 1244 2742 ibi
1279 2689 1548 2742 damnata
1595 2695 1680 2744 est
1725 2690 2013 2760 superbia,

318 2783 524 2832 utnon
578 2778 996 2849 intelligeretur
1019 2777 1227 2846 jubens
1256 2777 1495 2843 homini,
1554 2778 1654 2849 qui
1697 2778 1884 2833 noluit
1926 2779 2010 2834 in-

317 2866 573 2936 telligere
605 2871 668 2920 ut
695 2866 954 2921 obediret
977 2865 1206 2936 jubenti
1238 2867 1371 2919 Deo.

915 267 1308 326 WALAFlllDl
1355 270 1602 327 STllABl
1649 270 1850 326 FU-LD.
1897 271 2062 326 ΜΟΝ.
2101 270 2255 326 OI’P.
2302 269 2476 327 PARS
2517 271 2558 326 l.
2600 298 2668 308 -
2706 267 3159 326 THEOLOGICA.

3709 272 3811 326 H6

1091 413 1119 442 «
1176 391 1326 447 Fecit
1383 392 1531 447 Deus
1584 392 1874 452 hominem
1916 391 1984 447 ad
2018 396 2067 454 Α
2104 407 2236 448 cum
2307 394 2457 448 esset
2522 391 2702 447 Tbare
2799 391 3160 464 septuaginta
3218 407 3526 448 annorum
3603 395 3810 465 genuit

2107 479 2338 546 Abram,
2405 483 2462 534 et
2502 485 2701 550 postea
2765 494 2898 534 cum
2964 478 3231 534 omnibus
3305 480 3424 540 suis
3471 481 3684 535 mansit
3736 483 3801 537 in

2104 567 2347 633 Charan,
2388 571 2445 622 et
2475 571 2737 622 mortuus
2780 571 2889 621 est.
2939 589 2966 617 »
3013 567 3078 622 Et
3133 566 3348 622 dictum
3379 573 3464 622 est
3515 569 3684 623 Abre
3722 576 3805 626 -ιιι

2105 656 2285 710 exiret
2325 655 2395 710 de
2447 656 2691 721 Charan,
2723 659 2781 708 et
2829 653 3002 708 exivit
3051 669 3182 707 cum
3235 660 3385 710 esset
3436 656 3803 727 septuaginta

2106 744 2360 816 quinque
2389 760 2694 799 annorum.
2742 743 2850 795 Sed
2900 759 3002 812 per
3033 743 3558 814 recapitulatiouem
3609 751 3807 801 osten-

2104 835 2258 889 ditur
2293 833 2416 887 vivo
2450 837 2608 904 patre
2663 832 2973 887 Dominum
3022 832 3376 903 praecepisse,
3437 838 3568 897 etc.,
3634 850 3806 908 usque

2105 921 2180 976 ad
2200 938 2230 974 a
2258 938 2372 992 quo
2391 919 2574 977 Judaei
2598 920 2734 975 dicti
2760 926 2997 992 propter
3029 919 3245 991 regiam
3277 921 3514 977 tribum.

2707 1061 2930 1118 CAPUT
2973 1063 3088 1119 XII.

2182 1189 2344 1242 Vens.
2374 1191 2417 1241 1.
2460 1216 2528 1228 —-
2561 1207 2589 1236 «
2624 1186 2904 1258 Egredere
2935 1186 3004 1241 de
3033 1192 3206 1252 terra,
3259 1209 3284 1237 ι
3338 1193 3450 1241 etc.
3505 1189 3658 1258 (Anc.
3709 1191 3810 1243 ubi

2109 1293 2298 1346 supra.
2327 1278 2343 1344 )
2397 1275 2820 1332 Consideranda
2873 1279 2958 1329 est
2988 1275 3238 1329 narratio
3269 1275 3542 1346 Stephani
3574 1277 3642 1332 de
3696 1278 3806 1331 hac

2113 1371 2342 1434 re,etc.,
2393 1365 2662 1433 usquead
2691 1363 3214 1434 sicigiturlocatus
3248 1371 3332 1418 est
3382 1365 3441 1418 in
3501 1369 3652 1419 terra
3707 1365 3812 1420 illa

2112 1455 2342 1513 Abram,
2367 1454 2595 1524 quando
2627 1453 2707 1507 ibi
2737 1452 2877 1506 vixit
2909 1469 3087 1523 usque
3126 1453 3195 1508 ad
3228 1454 3580 1509 nativitatem
3611 1455 3806 1509 Iacob.

2182 1543 2424 1614 (Sume)
2471 1543 2790 1597 Notandum
2824 1543 2972 1612 quod
3012 1545 3127 1611 jam
3182 1557 3443 1611 egressus
3495 1543 3681 1597 fuerat
3735 1547 3810 1599 de

2114 1637 2266 1686 terra
2309 1647 2431 1697 sua,
2493 1630 2589 1684 sed
2651 1635 2788 1685 tunc
2844 1645 3105 1699 egressus
3148 1629 3336 1683 fuerat
3386 1645 3642 1700 corpore,
3690 1648 3810 1686 non

2112 1725 2302 1774 mente
2331 1723 2387 1772 et
2413 1719 2728 1784 voluntate;
2771 1717 3018 1771 habebat
3045 1717 3199 1770 enim
3243 1716 3503 1771 animum
3561 1719 3804 1781 forsitan

2110 1806 2450 1874 revertendi,
2485 1806 2716 1876 quando
2749 1805 2968 1859 dictum
2998 1813 3081 1859 est
3113 1805 3164 1858 ei
3198 1821 3210 1858 :
3248 1828 3266 1853 ι
3299 1805 3596 1875 Egredere,
3632 1827 3659 1854 »
3696 1810 3803 1860 etc.

2183 1896 2356 1965 (Ism.)
2421 1894 2675 1965 Reliquit
2727 1898 2937 1947 terram
2985 1893 3240 1948 Christus
3286 1898 3342 1946 et
3405 1893 3811 1965 cognationem

2109 1983 2460 2048 Iudaeorum,
2519 1989 2576 2037 et
2607 1982 3003 2053 magnificatus
3033 1987 3121 2036 est
3150 1982 3210 2036 in
3265 1983 3492 2054 populis
3523 1984 3806 2053 gentium.

2115 2072 2289 2127 Nobis
2316 2089 2545 2143 quoque
2571 2071 2894 2125 exeundum
2929 2074 3012 2125 est
3043 2071 3112 2124 de
3161 2076 3313 2124 terra
3344 2077 3558 2136 nostra,
3593 2071 3648 2126 id
3699 2077 3805 2139 est,

2113 2161 2183 2216 de
2221 2160 2585 2216 facultatibus
2614 2165 2671 2214 et
2704 2159 2909 2230 opibus
2939 2159 3198 2224 terrenis,
3244 2163 3300 2212 et
3329 2159 3695 2230 cogitatione,
3747 2161 3810 2214 id

2116 2254 2202 2302 est
2243 2249 2674 2303 conversatione
2723 2247 3016 2313 vitiorum,
3053 2263 3205 2318 quas,
3247 2248 3408 2302 nobis
3452 2265 3483 2302 a
3515 2248 3812 2303 nativitate

2116 2336 2480 2402 cohaerentia,
2526 2335 2688 2406 quasi
2724 2334 3028 2388 affinitates
3107 2335 3622 2405 consanguinitatis
3677 2341 3816 2391 sunt

2117 2427 2455 2497 conjuncta;
2502 2431 2558 2478 et
2591 2445 2618 2472 «
2665 2424 2733 2476 de
2765 2425 2936 2476 domo
2983 2423 3178 2492 patris,
3218 2445 3244 2472 »
3277 2424 3333 2478 id
3373 2430 3457 2478 est
3496 2425 3566 2479 de
3602 2441 3818 2479 memo-

2119 2514 2202 2568 ria
2225 2513 2446 2580 mundi,
2481 2517 2542 2566 ut
2573 2512 2626 2566 ei
2656 2511 3053 2566 renuntiantes
3107 2513 3390 2581 possimus
3437 2529 3566 2566 cum
3597 2515 3817 2583 p0pnlo

2125 2602 2221 2656 Dei
2251 2601 2496 2667 dilatari,
2526 2605 2582 2655 et
2615 2601 2675 2653 in
2695 2606 2905 2653 terram
2938 2599 3336 2669 promissionis
3365 2601 3624 2669 caelestis,
3679 2618 3814 2656 cum

2120 2699 2345 2760 tempus
2376 2689 2609 2750 venerit,
2642 2687 2955 2743 introduci.

2197 2780 2356 2832 Vens.
2387 2781 2500 2832 2-3.
2536 2807 2604 2816 ——
2639 2777 2972 2847 Faciamque
3019 2780 3071 2828 te
3100 2775 3159 2829 in
3195 2783 3427 2846 gentem
3463 2792 3751 2847 magnam,
3780 2801 3813 2826 ››

2123 2871 2232 2920 etc.
2299 2867 2472 2934 (lsm.)
2523 2866 2642 2920 Duo
2690 2866 3106 2936 promittuntur
3158 2864 3342 2927 Abrae,
3395 2865 3549 2935 quod
3601 2866 3820 2921 scilicet

389 2956 554 3009 Vens.
595 2957 767 3010 10-25.
822 2984 891 2995 —
937 2975 964 3004 κ
1019 2954 1152 3008 Sem
1203 2962 1430 3008 ceulum
1489 2958 1612 3008 erat
1648 2971 1948 3009 annorum.
1991 2978 2011 3005 ι
2053 2973 2092 3028 C
2126 2963 2334 3010 terram
2370 2955 2638 3010 Chanaan
2665 2969 2861 3007 semen
2891 2954 3011 3022 ejus
3042 2953 3377 3023 possidebit,
3410 2970 3538 3008 cum
3572 2954 3813 3008 dicitur:

323 3045 513 3113 (Bene,
541 3045 823 3107 Hewaem.,
871 3043 968 3097 lib.
1013 3059 1088 3097 ιιι.
1134 3047 1175 3096 t.
1208 3042 1275 3110 Il,
1309 3043 1416 3097 col.
1456 3046 1577 3098 l3l.
1611 3043 1838 3115 )Magna
1857 3060 2014 3115 quaa-

319 3128 400 3185 tio
457 3132 624 3187 nobis
685 3130 936 3185 nascitur
1017 3131 1329 3184 secundum
1393 3131 1659 3197 litteram,
1727 3134 2015 3202 quomodo

318 3222 447 3275 Sem
482 3219 714 3274 biennio
761 3225 890 3290 post
935 3219 1212 3272 diluvium
1267 3224 1499 3273 centum
1551 3235 1673 3273 esse
1727 3236 2012 3274 annorum

319 3309 559 3375 dicatur,
593 3323 722 3362 cum
754 3323 928 3378 supra
967 3307 1429 3378 quingentesimo
1485 3324 1636 3360 anno
1677 3309 1792 3362 Noe
1847 3313 2015 3363 natus

319 3402 625 3462 asseratur,
674 3401 729 3450 et
753 3394 1159 3450 sexcentesimo
1213 3411 1364 3448 anno
1401 3395 1657 3465 ejusdem
1717 3398 1832 3451 Noe
1862 3397 2013 3452 dilu-

319 3485 474 3539 vium
505 3484 722 3538 venisse
753 3484 994 3554 legatur,
1027 3489 1159 3551 etc.,
1185 3498 1353 3552 usque
1377 3484 1452 3538 ad
1483 3504 1508 3534 α
1559 3485 1696 3554 quia
1724 3486 1856 3540 tulit
1881 3502 2042 3541 eum-

322 3576 495 3630 Dcus.
534 3595 556 3623 ι

393 3663 554 3716 Vens.
600 3662 781 3715 26-30.
841 3688 915 3701 —
957 3681 977 3708 ε
1039 3659 1222 3714 Thare
1276 3658 1478 3730 genuit
1532 3661 1745 3716 Abram
1806 3666 1861 3717 et
1912 3664 2016 3718 Na-

321 3771 352 3805 α
383 3753 542 3806 chor.
570 3772 592 3798 ι
629 3753 791 3819 (Avo.
819 3753 986 3818 quaest
1007 3751 1073 3802 25
1105 3750 1161 3802 in
1193 3747 1350 3816 Gen.)
1388 3751 1509 3803 Non
1549 3750 1739 3819 simul,
1773 3751 1868 3806 sed
1898 3753 2016 3806 suis

320 3839 696 3909 temporibus,
728 3854 794 3891 ex
851 3854 964 3908 quo
993 3837 1229 3908 gignere
1256 3837 1454 3908 erepit.
1494 3839 1604 3892 Nec
1636 3840 2014 3894 attendendus

321 3933 405 3982 est
441 3928 500 3982 in
545 3927 634 3982 his
665 3927 802 3982 ordo
852 3925 969 3980 nati
1011 3925 1218 3990 vitatis,
1274 3927 1368 3979 sed
1437 3927 1774 3997 significatio
1805 3927 2014 3984 futura:

319 4016 636 4088 dignitatis,
660 4015 717 4069 in
752 4031 866 4087 qua
880 4015 1105 4069 excellit
1132 4015 1359 4068 Abram.

393 4106 554 4160 Vens.
588 4106 775 4160 Ill-32.
830 4133 904 4145 —
935 4125 961 4153 ‹‹
997 4105 1060 4158 In
1093 4104 1168 4158 Ur
1195 4102 1610 4157 Chaldaeorum.
1655 4124 1683 4154 ››
1718 4103 2010 4174 (menon)

321 4195 386 4248 In
419 4193 656 4248 Hebraeo
686 4195 744 4247 in
780 4195 853 4247 Ur
878 4193 1127 4249 Chesdim
1158 4187 1493 4262 (nitrum),
1544 4191 1601 4246 id
1648 4197 1752 4256 est,
1801 4195 1860 4246 in
1889 4195 2013 4261 igne

320 4282 693 4338 Chaldaorum
747 4282 842 4334 Hic
887 4281 1220 4334 fabulantur
1271 4280 1494 4334 Hebraei
1541 4283 1693 4351 quod
1723 4281 1927 4336 Abram
1956 4284 2014 4337 iu

320 4370 512 4441 ignem
552 4370 625 4422 sit
655 4368 878 4431 missus,
911 4368 1046 4438 quia
1079 4368 1270 4439 ignem
1308 4369 1490 4420 noluit
1530 4370 1787 4435 adorare,
1843 4384 2016 4439 quem

321 4458 571 4513 Chaldeei
600 4460 814 4522 colunt,
871 4461 928 4509 et
972 4457 1066 4510 Dei
1098 4456 1307 4509 auxilio
1350 4457 1639 4523 liberatus,
1680 4457 1749 4511 de
1784 4457 2018 4511 idolola-

322 4547 446 4602 trite
475 4547 606 4618 igne
638 4545 921 4615 effugerit.
948 4545 1105 4599 Unde
1127 4545 1198 4598 ad
1223 4560 1354 4598 eum
1396 4544 1605 4600 dicitur
1635 4561 1649 4600 :
1684 4565 1713 4594 »
1747 4546 1860 4616 Ego
1889 4561 2013 4600 sum

245 4637 250 4642 ’
321 4635 423 4708 qui
457 4635 627 4691 eduxi
658 4640 710 4689 te
732 4635 799 4688 de
838 4635 913 4688 Ur
951 4631 1353 4688 Cbaldeorum.
1403 4655 1430 4682 ››

395 4747 423 4774 ‹‹
456 4727 626 4778 Aram
656 4723 832 4794 patris
861 4721 1106 4776 Melchaa.
1139 4743 1165 4770 η
1204 4722 1402 4790 (Ibid)
1435 4723 1588 4777 ldem
1618 4729 1784 4792 pater
1813 4723 2019 4777 utrius-

321 4829 456 4884 que.
482 4817 653 4868 Aram
683 4811 834 4867 ﬂlius
871 4813 1074 4877 Thare,
1106 4810 1280 4866 frater
1303 4811 1466 4865 Alme
1500 4818 1553 4865 et
1597 4812 1835 4878 Naclior,
1869 4811 2018 4865 duas

321 4901 466 4955 tilias
494 4901 716 4972 genuit,
748 4899 1018 4956 Melcham
1036 4905 1091 4954 et
1117 4899 1293 4965 Sarai,
1323 4904 1706 4971 cognomento
1733 4900 2013 4954 Jescbam.

321 4989 591 5045 Melcham
635 4990 792 5044 duxit
845 4990 1084 5056 Nachor,
1145 4993 1204 5043 et
1256 4989 1413 5044 Sarai
1467 4989 1696 5043 Abram.
1754 4989 2016 5044 Nondum

321 5078 475 5133 enim
505 5078 654 5132 inter
682 5083 920 5149 patruos
961 5085 1018 5133 et
1046 5084 1248 5149 neptes
1301 5077 1518 5148 nuptias
1547 5077 1774 5132 fuerant
1821 5077 2015 5149 prohi-

324 5167 484 5235 bitze,
525 5183 657 5238 quae
701 5167 760 5220 in
787 5167 1070 5238 principio
1111 5167 1283 5222 etiam
1314 5170 1464 5221 inter
1481 5166 1687 5222 fratres
1712 5171 1765 5220 et
1795 5183 2018 5222 sorores

323 5261 457 5310 sunt
484 5255 800 5310 celebratae.

389 5367 416 5392 «
441 5343 593 5399 Tulit
632 5343 828 5416 itaque
857 5343 1041 5399 There
1090 5344 1322 5411 Abram,
1356 5365 1383 5394 υ
1417 5350 1550 5411 etc.,
1580 5359 1749 5414 usque
1807 5364 1834 5392 «
1885 5343 2016 5398 facti

327 5455 353 5480 ‹‹
386 5437 519 5486 sunt
546 5431 668 5487 dies
698 5434 880 5486 Thare
926 5433 1304 5486 ducentorum
1334 5435 1590 5504 quinque
1622 5449 1926 5494 annorum,
1961 5435 2018 5486 et

324 5543 352 5570 ‹‹
385 5527 646 5577 mortuus
675 5527 755 5577 est
776 5521 835 5577 in
860 5522 1070 5576 Haran.
1101 5543 1128 5567 ››
1155 5521 1338 5589 (Aea)
1365 5523 1524 5576 Prius
1544 5521 1772 5590 dicitur,
1805 5544 1823 5569 α
1861 5519 2013 5596 quod

2129 3067 2156 3093 (ι
2192 3046 2253 3098 Et
2280 3045 2409 3097 veni
2458 3044 2518 3097 in
2565 3049 2776 3097 terram
2831 3058 3002 3112 quam
3057 3042 3383 3095 monstrabo
3427 3043 3546 3096 tibi.
3573 3065 3600 3091 »
3643 3043 3816 3098 Aliud

2125 3139 2312 3187 autem
2354 3134 2521 3204 longe
2569 3131 2953 3202 praestantius,
3003 3146 3116 3184 non
3175 3131 3242 3184 de
3296 3132 3527 3195 carnali,
3589 3133 3685 3185 sed
3743 3133 3817 3187 de

2125 3221 2407 3292 spirituali
2437 3221 2677 3285 semine,
2711 3235 2826 3290 quo
2864 3223 3026 3289 pater
3051 3219 3274 3271 futurus
3305 3226 3408 3283 est,
3446 3235 3560 3271 non
3593 3225 3817 3273 tantum

2124 3310 2312 3381 gentis
2339 3309 2606 3375 Iudaicae,
2659 3308 2755 3362 sed
2806 3307 3067 3361 omnium
3115 3307 3371 3377 gentium
3427 3307 3594 3361 fidem
3655 3323 3818 3362 suam

2125 3393 2526 3464 sequentium;
2559 3392 2712 3464 quod
2741 3391 2820 3445 ita
2852 3391 3206 3462 promittitur
3243 3406 3256 3444 :
3312 3411 3338 3441 α
3376 3392 3438 3445 Et
3466 3391 3818 3445 benedicen-

2125 3488 2218 3536 tur
2246 3481 2302 3534 in
2335 3486 2389 3535 te
2423 3495 2621 3534 omnes
2643 3485 2841 3551 gentes
2870 3483 3057 3532 terrae.
3090 3498 3112 3527 ι

2196 3571 2358 3624 Vens.
2415 3570 2469 3624 4.
2524 3598 2594 3608 -
2628 3589 2656 3616 ‹‹
2714 3567 3080 3639 Septuaginta
3136 3567 3391 3638 quinque
3433 3582 3738 3620 annorum.
3788 3586 3819 3618 ι)

2126 3656 2383 3728 (menon.
2415 3660 2472 3712 in
2499 3658 2563 3723 Q.
2596 3657 2774 3722 Hebr.)
2808 3656 2864 3711 Si
2889 3657 3070 3710 Thare
3102 3663 3264 3726 pater
3292 3659 3457 3709 Abrae
3491 3655 3547 3708 in
3582 3655 3818 3725 regione

2124 3747 2404 3812 Chaldzea,
2437 3751 2566 3811 etc.,
2602 3761 2769 3815 usque
2793 3745 2866 3799 ad
2894 3750 2950 3798 et
2981 3743 3056 3798 ibi
3088 3743 3302 3798 diutius
3332 3749 3580 3797 moratus
3613 3743 3704 3797 sit.

2197 3836 2360 3888 Vens.
2427 3837 2578 3889 8-l2.
2629 3861 2700 3873 —
2747 3853 2774 3881 ι(
2821 3832 3033 3887 Bethel.
3081 3852 3108 3880 «
3166 3833 3348 3901 (ΗΑΒ.)
3401 3834 3815 3902 interpretatur

2123 3921 2310 3977 domus
2372 3924 2492 3990 Dei,
2534 3937 2662 3993 qua:
2705 3926 2830 3993 post
2886 3922 3168 3976 Betbaveu
3207 3927 3402 3974 vocata
3466 3926 3570 3988 est,
3618 3920 3674 3976 id
3732 3927 3819 3976 est

2123 4010 2311 4065 domus
2339 4011 2495 4066 idoli.

2122 4101 2162 4146 ﬁ
2197 4121 2224 4150 «
2301 4099 2422 4154 Hai.
2514 4119 2542 4152 ii
2627 4101 2869 4170 Mystice.
2953 4096 3054 4152 Hai
3134 4097 3316 4152 oculus
3391 4097 3473 4151 vel
3548 4100 3672 4165 fons
3719 4097 3808 4152 in-

2123 4193 2486 4260 terpretatur.
2568 4186 2893 4242 Patriarcha
2956 4201 3091 4256 ergo
3163 4186 3402 4240 tendens
3477 4186 3548 4240 ad
3601 4192 3816 4242 terram

2127 4275 2544 4349 promissionis,
2613 4276 2849 4330 tetendit
2921 4275 3351 4330 tabernaculum
3410 4275 3562 4330 inter
3619 4275 3817 4330 Bethel

2127 4371 2185 4420 et
2242 4366 2361 4432 Hai,
2422 4366 2557 4436 quia
2612 4365 2789 4418 sancti
2833 4363 2989 4418 fonte
3039 4363 3306 4434 baptismi
3357 4365 3704 4433 regenerati,
3755 4363 3817 4418 in

2125 4471 2291 4510 cursu
2333 4455 2502 4525 hujus
2561 4454 2690 4508 vitae
2753 4452 3168 4524 circumspecti,
3215 4453 3286 4507 ad
3336 4453 3436 4507 Dei
3484 4452 3820 4508 tabernacu-

2127 4545 2268 4611 lum,
2300 4544 2356 4598 id
2387 4549 2490 4607 est,
2525 4543 2806 4598 caelestem
2837 4547 3147 4614 properant
3167 4541 3466 4618 civitatem.

2201 4635 2361 4687 Vens.
2394 4632 2576 4688 13-14.
2632 4629 2762 4680 -’‹‹
2819 4631 2912 4686 Dic
2934 4647 3092 4702 ergo,
3144 4629 3454 4696 obsecro,»
3514 4635 3619 4684 etc.
3654 4631 3816 4702 (Anc.

2130 4720 2226 4774 lib.
2259 4737 2343 4774 xv:
2365 4721 2431 4774 de
2469 4722 2605 4779 σευ..
2629 4735 2676 4773 c.
2715 4723 2797 4774 l9.
2828 4721 2842 4789 )
2895 4718 3185 4784 Quaeritur
3219 4734 3320 4772 cur
3366 4719 3690 4790 patriarcha
3719 4735 3819 4772 vo-

2126 4809 2234 4862 luit
2261 4808 2511 4873 mentiri,
2535 4813 2645 4864 etc.
2664 4851 2679 4876 ,
2711 4824 2879 4878 usque
2908 4808 2983 4862 ad
3013 4812 3068 4862 et
3105 4807 3280 4861 vitam
3326 4823 3487 4861 suam
3546 4812 3601 4862 et
3629 4808 3822 4862 uxoris

2125 4897 2482 4968 pudicitiam.

2196 4988 2358 5040 Vens.
2425 4988 2606 5040 15—20.
2651 5014 2721 5026 -—
2761 5005 2789 5035 ς
2839 4985 3076 5040 Sublata
3129 4987 3216 5038 est
3263 4983 3491 5038 mulier.
3541 5005 3568 5032 η
3628 4984 3819 5053 (ΗΑΒ.)

2132 5077 2440 5130 Excusatur
2493 5074 2667 5135 Sarai,
2709 5089 2838 5145 quas
2887 5073 2947 5127 in
2997 5073 3232 5128 domum
3275 5071 3587 5128 Pharaonis
3624 5077 3818 5126 trans-

2127 5164 2306 5218 fertur
2327 5163 2519 5225 invita,
2547 5179 2666 5216 non
2696 5163 2880 5216 solum
2907 5161 2967 5216 in
2994 5161 3102 5217 hoc
3124 5161 3276 5234 quod
3333 5177 3450 5215 non
3481 5161 3824 5233 inquinatur

2127 5269 2334 5322 corpus
2364 5269 2468 5306 nec
2497 5253 2688 5306 anima
2727 5251 2836 5305 nisi
2868 5251 3077 5305 mentis
3135 5266 3431 5314 consensu,
3487 5250 3582 5304 sed
3643 5249 3821 5304 etiam

2128 5342 2183 5396 in
2217 5342 2323 5395 hoc
2349 5341 2505 5412 quod
2538 5340 2906 5395 conveniente
2933 5345 2990 5395 et
3015 5338 3384 5411 permittente
3416 5338 3538 5394 viro
3593 5355 3694 5392 suo
3741 5338 3824 5392 fa-

2129 5435 2286 5485 ctum
2306 5435 2408 5484 est.

2195 5520 2367 5589 (Anc.
2417 5521 2615 5591 Quaest.
2660 5519 2721 5572 in
2776 5517 2938 5586 Gen.)
2997 5516 3158 5588 Apud
3212 5516 3569 5572 Pharaonem
3618 5513 3818 5571 tandin
