4086 6190
219 266 305 318 H7
1335 259 1590 316 GLOSSA
1627 259 2029 315 ORDINARIA.
2067 287 2136 299 —
2178 259 2312 315 LIB.
2354 257 2512 314 GEN.
3575 261 3675 315 118

204 382 364 457 potuit
400 397 515 437 esse
576 380 811 445 intacta,
877 382 1016 453 quia
1074 381 1135 436 in
1194 382 1391 436 Esther
1445 382 1658 451 legitur
1707 382 1859 454 quod
1901 383 1948 439 Α
2062 402 2084 432 ι
2122 382 2342 437 Fratres
2390 381 2542 436 enim
2594 397 2810 436 sumus.
2865 402 2892 433 ιι
2944 382 3149 437 Tribus
3201 382 3385 438 modis
3406 383 3674 439 dicuntur

206 473 383 545 puellm
432 486 545 525 non
602 469 801 524 statim
844 470 913 524 ad
964 486 1126 541 reges
1183 471 1716 536 introducebantur,
1769 471 1865 525 sed
1972 470 2175 525 fratres
2221 472 2283 525 in
2344 476 2538 524 sancta
2598 470 2926 540 Scriptura:
2993 477 3209 532 natura,
3276 476 3340 526 ut
3396 474 3567 527 Jacob
3614 484 3673 527 et

208 577 306 615 uno
355 575 501 613 anno
574 558 1068 625 custodiebantur,
1131 564 1187 612 et
1244 576 1335 612 sex
1384 560 1678 613 mensibus
1740 561 1866 613 oleo
1976 562 2157 626 Esau;
2219 560 2580 629 cognatione,
2639 565 2700 613 ut
2749 561 2958 614 Abram
3014 565 3071 615 et
3125 561 3261 622 Lot;
3300 565 3488 631 gente,
3524 562 3669 616 sicut

206 647 466 717 myrrhina
514 646 899 716 angebantur,
940 651 998 699 et
1039 645 1165 699 aliis
1209 664 1301 700 sex
1348 647 1639 701 mensibus
1669 646 1726 700 in
1772 647 1865 699 di-
1974 664 2172 703 omnes
2200 647 2400 702 Judaei.
2456 648 2611 702 Unde
2644 648 2690 701 si
2731 653 3056 703 attenuatus
3109 648 3280 703 fuerit
3310 650 3514 704 fratrer
3535 654 3669 704 tuus

202 735 344 790 versis
388 734 765 789 odoramentis
812 739 995 789 erant.
1034 736 1225 789 Potuit
1250 751 1385 805 ergo
1422 752 1523 806 per
1563 736 1663 789 has
1695 735 1862 789 indu-
1978 736 2373 799 etvendiderit
2401 752 2459 789 se
2492 737 2616 803 tibi,
2645 742 2755 792 etc.

205 826 293 877 cias
330 822 595 893 temporis
636 822 849 876 intacta
896 838 1146 878 manere.
1204 824 1270 877 Et
1316 824 1542 877 interim
1588 823 1731 877 bene
1777 824 1862 877 usi
2048 826 2203 880 Vens.
2260 828 2449 881 10-12.
2524 856 2579 863 -
2642 844 2669 876 α
2729 824 2882 880 Sicut
2936 826 3247 896 paradisus,
3316 848 3338 875 ι
3384 831 3489 882 etc.
3528 828 3667 882 Hinc

202 918 311 966 sunt
349 918 554 966 Abram
601 912 871 981 £gyptii,
920 912 1102 965 donec
1148 914 1368 966 Pharao
1408 930 1440 966 a
1473 913 1587 966 Deo
1619 912 1864 983 ﬁagella-
1974 912 2246 967 discimus
2276 929 2397 966 esse
2427 912 2755 982 paradisum
2798 918 3108 979 terrenum,
3163 914 3249 968 cui
3299 919 3668 985 comparatur

203 1007 291 1069 tus,
330 1006 384 1054 et
426 1016 773 1072 cognoscens
825 1000 979 1071 quod
1034 1007 1180 1056 esset
1232 1017 1372 1054 uxor
1400 1000 1540 1071 ejus,
1597 1000 1865 1055 redderet
1970 1006 2200 1055 terrena
2257 1000 2536 1071 irrigatio.
2605 1002 2731 1055 Haec
2796 1002 2951 1055 enim
3018 1002 3174 1073 regio
3232 1004 3406 1073 plana
3452 1008 3669 1059 eratet

202 1088 459 1143 intactam.
826 1158 855 1164 _
879 1160 886 1164 _
914 1157 1045 1164 ____
1090 1158 1203 1164 _____
1972 1088 2327 1157 campestris,
2378 1093 2435 1143 et
2476 1088 2713 1160 irrigata
2755 1090 3001 1144 Iordane
3032 1091 3274 1157 fluente,
3308 1090 3456 1146 sicut
3488 1092 3665 1164 IEgy—
3698 1108 3705 1111 ν

818 1157 1045 1213 CAPUT
1084 1158 1225 1213 XIII.
1972 1183 2103 1248 ptus
2140 1178 2289 1231 Nilo.

259 1264 397 1317 Vitas.
462 1266 511 1329 l,
570 1265 698 1316 2.-
750 1283 776 1313 α
832 1263 1096 1317 Ascendit
1157 1279 1294 1334 ergo
1352 1263 1585 1329 Abram,
1654 1285 1677 1312 ι
1753 1270 1858 1317 etc.
2047 1268 2206 1319 Vens.
2273 1269 2455 1319 t3.—
2496 1284 2523 1316 α
2591 1266 2792 1320 Coram
2862 1265 3126 1321 Domino.
3182 1287 3209 1316 ι
3272 1266 3374 1321 Cui
3441 1266 3658 1325 crimen

203 1354 427 1420 (HIEBON.
476 1352 536 1404 in
596 1350 664 1419 0.
725 1351 914 1421 Hebr.)
959 1352 1033 1405 De
1090 1352 1329 1420 ASgypto
1389 1352 1663 1405 liberatus
1719 1352 1861 1405 bene
1974 1354 2329 1427 puniendum
2360 1354 2735 1408 committitur
2767 1371 2779 1408 :
2816 1371 2945 1407 nam
2975 1359 3031 1407 et
3052 1355 3383 1409 hominibus
3416 1357 3661 1411 manife—

197 1440 479 1494 ascendisse
510 1440 742 1509 legitur,
800 1441 897 1493 sed
953 1441 1245 1511 quomodo
1310 1440 1495 1509 potuit
1525 1441 1693 1494 dives
1739 1456 1860 1494 esse
1970 1447 2120 1495 stum
2152 1442 2388 1510 crimen,
2422 1443 2521 1497 sed
2553 1459 2663 1496 non
2699 1443 3077 1513 puniendum.

198 1528 370 1603 valde?
406 1528 511 1582 Sed
561 1528 622 1582 in
674 1528 942 1583 Hebraica
986 1529 1221 1594 veritate
1252 1529 1494 1584 habetur
1534 1541 1639 1588 1::
1665 1532 1854 1596 gravis
2042 1532 2201 1584 Vens.
2266 1531 2348 1584 14.
2413 1560 2472 1569 -
2519 1552 2546 1580 ‹‹
2602 1532 2746 1585 Leva
2793 1531 3007 1598 oculos,
3062 1550 3090 1581 π
3137 1536 3245 1584 etc.
3273 1530 3444 1595 Quasi
3473 1531 3659 1601 aspice

196 1620 531 1671 vehementer:
592 1618 819 1688 .rﬁgypti
861 1616 1014 1671 enim
1063 1617 1317 1687 pondere
1374 1616 1739 1687 gravabatur.
1794 1618 1855 1670 Et
1897 1677 1931 1689 __
1974 1633 2076 1687 per
2132 1624 2381 1688 quatuor
2440 1619 2667 1672 climata
2731 1619 2921 1682 orbis;
3010 1618 3289 1689 possessio
3361 1620 3661 1673 Palestina:

197 1708 307 1761 licet
329 1707 617 1760 videantur
648 1723 769 1760 esse
802 1706 1015 1760 divitias
1045 1706 1171 1759 auri
1202 1711 1259 1760 et
1298 1707 1537 1776 argenti,
1573 1707 1617 1759 si
1660 1712 1852 1760 autem
1897 1677 1933 1729 Β
1974 1708 2330 1775 promittitur
2383 1706 2434 1759 ei
2486 1714 2542 1760 et
2597 1706 2803 1760 semini
2851 1706 2990 1775 ejus.
3026 1706 3187 1770 Quod
3228 1707 3286 1759 in
3318 1706 3657 1776 quibusdam

198 1795 434 1864 .Egyptiaz
477 1800 633 1861 sunt,
687 1800 878 1849 sancto
908 1796 1030 1848 viro
1063 1811 1265 1865 graves
1315 1801 1477 1860 sunt;
1529 1811 1653 1859 nec,
1707 1801 1769 1848 ut
1800 1795 1860 1855 in
1968 1795 2281 1855 codicibus,
2309 1811 2457 1849 mare
2488 1811 2591 1865 pro
2629 1795 2896 1849 occidente
2945 1795 3197 1866 ponitur.
3248 1794 3377 1849 ideo
3416 1796 3481 1849 lit
3525 1796 3661 1867 quia

202 1884 297 1937 LXX
354 1884 577 1947 legitur.
626 1905 648 1933 ι
720 1884 872 1938 Abiit
936 1884 1088 1936 unde
1150 1887 1383 1937 venerat
1450 1884 1505 1937 in
1572 1884 1857 1937 desertum
1969 1882 2267 1938 Palestina
2300 1899 2455 1937 mare
2494 1884 2564 1937 ab
2589 1882 2898 1937 occidente.

202 1988 344 2041 usque
387 1972 601 2036 Bethel,
662 1992 691 2024 π
747 1972 867 2039 sed,
916 1972 1231 2026 secundum
1280 1972 1604 2039 Hebraeum,
1640 1992 1667 2022 (ι
1708 1972 1861 2025 Abiit
2040 1972 2195 2025 Vens.
2252 1974 2440 2024 l5—t7.
2502 2000 2569 2011 —
2606 1991 2633 2021 α
2684 1971 2922 2026 Omnem
2986 1975 3222 2039 terram,
3288 1994 3309 2020 ι
3373 1976 3479 2025 etc.
3534 1972 3656 2025 Non

202 2058 245 2112 in
267 2060 451 2113 itinere
476 2076 582 2112 suo
611 2075 715 2129 per
744 2065 1003 2114 austrum
1036 2076 1213 2131 usque
1248 2060 1455 2114 Bethel.
1486 2081 1505 2106 ι
1563 2061 1639 2113 lJe
1689 2062 1855 2129 (Egy-
1966 2058 2071 2111 hoc
2116 2059 2301 2112 solum
2340 2058 2685 2127 promissum
2731 2064 2833 2113 est.
2898 2061 3020 2113 Non
3074 2060 3227 2113 enim
3275 2059 3491 2114 dictum
3552 2066 3655 2117 est.

205 2154 275 2216 pto
317 2149 459 2202 enim
514 2148 803 2216 profectus
859 2154 966 2215 est,
1020 2166 1136 2202 non
1190 2153 1252 2201 ut
1280 2149 1572 2203 desertum
1612 2153 1848 2218 peteret,
1964 2149 2209 2200 Tantum
2250 2142 2431 2199 terrm’
2465 2147 2569 2200 tibi
2621 2148 2767 2201 dabo
2808 2151 3088 2217 quantum
3135 2148 3322 2213 vides;
3376 2149 3492 2212 sed,
3527 2148 3651 2203 Tibi

200 2237 315 2306 quod
362 2237 417 2290 in
473 2237 724 2308 ASgypto
776 2238 1105 2309 reliquerat,
1136 2236 1252 2290 sed
1302 2244 1368 2291 ut
1419 2253 1521 2307 per
1575 2242 1851 2301 austrum,
1964 2236 2110 2289 dabo
2140 2239 2349 2289 terram
2381 2251 2552 2305 quam
2573 2236 2745 2291 vides.
2779 2238 2919 2290 Cum
2948 2236 3102 2290 enim
3150 2241 3208 2290 et
3252 2236 3491 2290 ulterior
3552 2253 3652 2292 un-

198 2325 273 2394 qui
298 2325 547 2395 aquiloni
576 2325 901 2380 contrarius
927 2332 1030 2388 est,
1082 2325 1295 2379 veniret
1338 2325 1406 2378 ad
1451 2325 1684 2378 domum
1732 2325 1850 2391 Dei,
1967 2325 2141 2395 dique
2171 2324 2432 2391 dabatur,
2460 2324 2580 2377 haec
2617 2324 2905 2394 pracipue
2955 2324 3200 2379 dabatur
3245 2341 3374 2395 quae
3426 2326 3651 2379 videba-

196 2410 401 2465 nbierat
425 2412 862 2466 tabernaculum
893 2413 1017 2479 ejus
1043 2411 1191 2465 inter
1222 2412 1409 2466 Bethel
1437 2414 1491 2463 et
1518 2410 1637 2463 Hai.
1967 2417 2081 2469 tur.
2134 2413 2293 2468 Unde
2340 2417 2395 2467 et
2440 2412 2698 2467 addidit:
2745 2433 2773 2463 ‹‹
2822 2413 3003 2483 Surge
3047 2418 3103 2466 et
3149 2414 3483 2482 perambula
3537 2418 3653 2468 ter-

248 2501 386 2555 νεεδ.
440 2504 635 2556 3-5.-
696 2523 719 2550 ι
766 2503 831 2555 ln
892 2502 1104 2567 Bethel,
1142 2522 1163 2548 ι
1221 2506 1324 2555 etc.
1381 2501 1473 2554 Est
1513 2504 1701 2553 autem
1756 2502 1851 2554 Be-
1964 2519 2106 2570 ram,
2159 2521 2188 2553 ν
2239 2506 2370 2567 etc.,
2408 2506 2470 2555 ut
2512 2501 2961 2571 perambulando
2999 2502 3212 2556 scilicet
3258 2502 3553 2573 perveniat
3583 2504 3655 2558 ad

197 2588 288 2641 the]
326 2589 613 2643 civitatula
664 2590 723 2643 in
768 2590 1107 2643 duodecimo
1130 2588 1318 2659 lapide
1341 2589 1410 2642 ab
1434 2588 1590 2643 Helia
1621 2590 1688 2642 ad
1722 2589 1852 2642 dex-
1964 2607 2091 2646 eam
2145 2607 2319 2661 quam
2370 2589 2431 2644 in
2490 2605 2603 2643 uno
2663 2591 2783 2643 loco
2838 2596 2993 2644 stans
3044 2590 3235 2645 videre
3265 2607 3377 2644 non
3412 2596 3652 2661 poterat.

191 2679 336 2729 teram
380 2677 652 2731 euntibus
699 2678 1035 2747 Neapolim;
1083 2694 1213 2747 quas
1268 2677 1424 2747 prius
1475 2679 1644 2743 Luza,
1691 2678 1853 2730 idest
1962 2679 2331 2750 Signiﬁcatur
2363 2683 2553 2732 autem
2611 2695 2679 2732 ea
2715 2683 2870 2732 terra
2917 2695 3092 2749 quam
3138 2684 3435 2749 acceperat
3484 2681 3653 2735 Israel

193 2765 521 2834 Amygdalus,
597 2766 925 2831 vocabatur,
990 2765 1050 2819 in
1118 2766 1267 2819 tribu
1349 2764 1681 2833 Benjamin:
1752 2762 1852 2817 llai
1961 2783 2157 2822 semen
2194 2766 2363 2821 Abre
2421 2766 2736 2820 secundum
2789 2782 3041 2832 carnem,
3104 2783 3219 2820 non
3242 2768 3554 2821 secundum
3584 2768 3652 2822 ﬁ-

192 2866 298 2905 νει-ο
340 2853 395 2906 in
448 2854 608 2908 tribu
660 2854 805 2907 Juda
847 2859 1108 2924 separata
1159 2853 1577 2917 sacerdotibus;
1633 2852 1846 2917 Betliel,
1960 2857 2131 2911 dem:
2184 2855 2337 2926 quod
2389 2854 2648 2909 futurum
2696 2858 2819 2909 erat
2864 2855 3008 2908 sicut
3055 2870 3230 2909 arena
3277 2855 3470 2922 maris,
3500 2856 3655 2927 ,quia

192 2940 345 2995 domus
390 2942 530 3006 Dei;
588 2942 711 3006 Hai,
761 2944 943 2996 oculus
990 2943 1074 2995 vel
1119 2945 1241 3008 fons
1270 2958 1284 2995 :
1316 2942 1462 2995 bene
1493 2957 1628 3010 ergo
1660 2940 1849 2993 taber-
1890 2958 1927 3011 ο
1960 2944 2253 2998 numerari
2276 2960 2391 2997 non
2421 2943 2620 3012 possit.

191 3030 418 3084 naculum
459 3030 617 3084 inter
662 3031 855 3085 Bethel
899 3034 954 3083 et
1000 3030 1099 3084 Hai
1149 3031 1351 3099 ligens,
1399 3031 1575 3083 altare
1612 3028 1853 3082 Domino
2036 3050 2062 3081 α
2092 3031 2215 3085 Tibi
2266 3030 2431 3084 dabo.
2482 3049 2507 3080 ι)
2548 3029 2771 3084 Christo
2821 3030 3176 3100 promittitur
3204 3030 3506 3085 hmreditas
3537 3046 3654 3083 om-
3750 3053 3759 3062 -

192 3117 473 3181 ediﬁcavit,
530 3118 671 3189 quia
718 3120 895 3172 sancti
944 3135 976 3172 a
1032 3118 1233 3171 mundi
1293 3118 1551 3188 principe
1582 3122 1637 3171 et
1660 3116 1853 3170 saeculi
1965 3119 2124 3173 nium
2193 3119 2473 3189 gentium,
2538 3118 2639 3189 qui
2705 3118 3009 3173 Ecclesiam
3077 3136 3239 3173 suam
3305 3135 3409 3189 per
3468 3121 3655 3172 totum

192 3204 519 3275 volupatibus
580 3205 931 3274 recedentes,
972 3206 1152 3260 abluti
1195 3214 1389 3260 sancto
1435 3206 1591 3259 fonte
1636 3205 1850 3273 baptis-
1963 3207 2244 3261 mundum
2295 3205 2545 3272 diffudit,
2585 3205 2677 3260 cui
2727 3208 2892 3261 Pater
2927 3207 3095 3262 dicit:
3141 3225 3169 3259 α
3217 3209 3447 3261 Postula
3478 3224 3510 3260 a
3538 3222 3653 3276 me,
3742 3228 3745 3231 ν

188 3294 268 3359 mi,
317 3309 541 3348 cursum
601 3294 900 3364 praesentis
963 3296 1092 3348 vitaz
1146 3295 1499 3348 considerate
1558 3294 1849 3353 ducentes,
1962 3300 2019 3347 et
2040 3294 2185 3348 dabo
2228 3293 2329 3348 tibi
2376 3301 2575 3365 gentes
2621 3295 3017 3351 haereditatem
3064 3300 3222 3351 tuam
3272 3297 3436 3366 (Psal.
3488 3298 3567 3363 ιι).
3620 3316 3648 3346 ››

188 3384 230 3431 et
269 3379 499 3435 hostiam
555 3382 745 3436 laudis
795 3386 850 3435 et
898 3383 1031 3435 boni
1079 3383 1269 3451 operis
1312 3398 1481 3452 super
1510 3383 1685 3434 altare
1715 3380 1852 3434 ﬁdei
1963 3382 2025 3435 Et
2058 3382 2277 3451 psalmo
2323 3398 2484 3437 Lxxi:
2541 3402 2568 3434 α
2602 3384 2667 3437 Et
2716 3384 3105 3439 dominabitur
3143 3400 3177 3437 a
3206 3384 3351 3437 mari
3382 3399 3561 3454 usque
3582 3384 3653 3438 ad

189 3467 281 3520 Deo
305 3470 658 3537 exhibentes,
689 3470 761 3523 ad
792 3469 1025 3523 domum
1064 3470 1182 3537 Dei,
1216 3471 1271 3525 id
1314 3476 1399 3524 est
1446 3470 1512 3524 ad
1566 3470 1852 3524 cwlestem
1961 3487 2138 3525 mare.
2170 3490 2197 3521 η

188 3554 519 3623 Hierusalem,
554 3557 795 3611 feliciter
814 3559 1071 3612 tendunt.
2034 3560 2190 3612 Vens.
2246 3562 2325 3613 l8.
2359 3589 2427 3598 —
2478 3579 2505 3609 α
2552 3560 2611 3613 ln
2672 3560 2917 3613 Hebron.
2964 3579 2990 3611 υ
3034 3560 3240 3615 Civitas
3288 3566 3371 3614 est
3409 3560 3466 3614 in
3498 3559 3654 3614 tribu

239 3644 375 3697 Vens
432 3648 552 3699 6-9.
593 3676 662 3684 —
718 3664 745 3696 α
801 3647 929 3699 Erat
996 3645 1211 3716 quippe
1274 3644 1590 3698 substantia
1651 3661 1851 3699 eorum
1958 3646 2119 3711 Juda,
2154 3663 2282 3716 quae
2310 3651 2366 3700 et
2396 3646 2800 3702 Chariatharbe
2818 3648 3046 3714 dicitur,
3080 3648 3263 3714 idest,
3294 3651 3485 3703 civitas
3515 3664 3652 3717 qua-

182 3746 203 3777 ι
230 3733 407 3798 multa,
434 3753 460 3782 ι
492 3740 608 3787 etc.
643 3751 671 3782 α
704 3733 781 3786 Ne
802 3749 994 3803 quasso
1010 3734 1101 3799 sit,
1130 3754 1154 3779 n
1176 3738 1283 3786 etc.
1310 3733 1422 3786 Nos
1444 3749 1671 3803 quoque
1695 3734 1835 3787 nihil
1959 3738 2107 3799 tuor;
2141 3745 2282 3819 ΠἽἻΡ
2314 3736 2561 3790 Cmam:
2591 3735 2743 3789 enim
2776 3736 3046 3789 Hebraice
3077 3738 3290 3802 civitas,
3342 3746 3486 3799 1m}:
3526 3735 3655 3789 urbe

181 3821 463 3874 concordiae
513 3827 574 3874 et
628 3820 887 3874 charitati
934 3836 1359 3891 praeponamus,
1408 3821 1505 3874 sed
1536 3837 1638 3889 per
1662 3820 1847 3874 dexte-
1957 3827 2206 3889 quatuor.
2248 3823 2329 3876 lbi
2361 3823 2517 3877 enim
2548 3823 2688 3877 situs
2717 3828 2803 3877 est
2831 3824 3009 3878 Adam
3032 3824 3315 3877 maximus
3337 3828 3393 3877 et
3416 3824 3650 3888 Abram,

186 3920 284 3959 ram
312 3908 723 3978 prosperitatis,
757 3909 839 3962 vel
874 3909 1161 3963 sinistram
1192 3909 1568 3974 adversitatis,
1614 3909 1672 3963 in
1710 3925 1847 3980 pace
1956 3909 2109 3963 Isaac
2135 3911 2397 3963 etJacob.

183 3998 227 4046 et
252 3995 544 4050 dilectione
578 4012 1027 4067 perseveremus.
1075 3998 1215 4052 Rixa
1262 3997 1413 4051 inter
1446 4002 1701 4067 pastores
1747 3999 1848 4052 Lot
2610 4053 2828 4069 mum“
2873 4055 2902 4069 ι,

183 4087 229 4134 et
253 4089 492 4152 pastores
526 4053 700 4140 Abra:
753 4086 1194 4141 controversiam
1244 4053 1528 4156 signiﬁcat
1559 4086 1707 4139 inter
1749 4102 1842 4156 pa-
2606 4053 2828 4108 CAPUT
2867 4054 2999 4107 XIV-

183 4174 336 4223 stores
380 4172 691 4225 catholicos
746 4176 802 4224 et
846 4173 1209 4225 subversores
1246 4172 1564 4225 haereticos.
1605 4173 1761 4227 Unde
1788 4176 1845 4226 et
1881 4245 1889 4246 ί
2028 4177 2183 4230 Vens.
2250 4179 2297 4230 l.
2356 4204 2425 4216 —
2474 4196 2501 4225 ι
2554 4176 2881 4245 Amraphel.
2912 4195 2940 4227 »
2966 4176 3382 4246 Interpretatur
3420 4175 3567 4230 dixit
3592 4181 3652 4229 ut

186 4255 267 4308 Lot
306 4258 712 4313 haeresiarchas
760 4260 1059 4330 signiﬁcat,
1109 4261 1207 4331 qui
1251 4262 1532 4316 declinans
1565 4262 1844 4332 interpre-
1878 4245 1918 4298 Ῑ)
1958 4265 2188 4332 caderet,
2240 4268 2297 4318 et
2353 4268 2435 4318 est
2488 4280 2585 4318 rex
2629 4264 2905 4330 Sennaar,
2954 4281 3082 4335 quae
3114 4245 3369 4336 {excussae
3410 4265 3652 4319 dentium

185 4348 345 4411 tatur;
391 4354 449 4401 et
481 4349 634 4401 circa
668 4349 994 4415 Iordanem,
1044 4349 1101 4402 id
1158 4354 1243 4403 est
1286 4350 1613 4417 descensum,
1664 4350 1845 4420 regio-
1958 4354 2045 4407 vel
2090 4356 2233 4420 fetor
2274 4367 2457 4407 eorum
2498 4352 2927 4423 interpretatur.
2976 4353 3075 4406 Hic
3131 4353 3414 4423 significat
3465 4353 3648 4406 haere-

185 4449 292 4487 nem
318 4436 421 4489 sibi
450 4436 645 4506 elegit.
688 4438 948 4490 Pastores
977 4437 1118 4505 ejus,
1148 4437 1440 4491 haereticos
1466 4444 1523 4491 et
1575 4438 1847 4492 schisma-
1955 4442 2117 4509 ticos,
2148 4441 2248 4512 qui
2294 4441 2366 4495 ad
2399 4457 2594 4495 casum
2639 4441 2902 4506 tendunt,
2956 4446 3014 4496 et
3056 4442 3246 4496 verbis
3277 4441 3490 4497 dolosis
3519 4441 3647 4496 feti-

185 4520 315 4591 ticos,
361 4524 460 4595 qui
508 4525 748 4595 pulchra
798 4530 855 4578 et
897 4524 1135 4578 declivia
1178 4529 1402 4594 petunt,
1448 4542 1551 4579 nec
1584 4527 1643 4579 in
1677 4543 1849 4580 mon-
1958 4530 2095 4583 dum
2124 4545 2353 4583 sensum
2374 4534 2664 4585 evomunt.

186 4613 278 4663 tem
314 4629 439 4667 cum
499 4615 651 4668 Mose
698 4613 1011 4667 ascendunt
1051 4614 1120 4669 ad
1163 4615 1493 4679 Dominum,
1547 4631 1743 4685 pacem
1793 4620 1850 4669 et
2031 4638 2054 4667 ι
2115 4618 2341 4674 Arioch.
2404 4637 2432 4670 io
2484 4619 2687 4674 Ebrius
2742 4620 2829 4674 vel
2906 4620 3139 4674 ebrietas
3204 4619 3643 4689 interpretatur:

182 4700 430 4756 unitatem
460 4702 819 4756 continentes
845 4718 859 4769 ;
890 4707 946 4756 et
975 4702 1266 4771 optionem
1298 4719 1413 4773 quo
1443 4704 1645 4757 volunt
1673 4704 1849 4758 eundi
1955 4705 2251 4760 stultitiam
2296 4707 2602 4779 gentilium
2649 4707 2957 4777 signiﬁcat,
3012 4707 3112 4778 qui
3165 4708 3469 4778 iniquitate
3502 4707 3648 4762 ebrii

182 4788 475 4859 accipiunt;
518 4795 578 4843 et
620 4791 865 4859 gratiam
908 4790 1211 4862 fugientes.
1265 4791 1444 4845 libero
1505 4791 1741 4846 arbitrio
1786 4809 1847 4846 se
1957 4798 2272 4848 creaturam
2330 4811 2432 4865 pro
2492 4797 2757 4851 Creatore
2812 4797 3028 4859 colunt,
3113 4800 3171 4849 et
3227 4795 3421 4849 saeculi
3458 4796 3650 4850 illece-

178 4877 537 4932 committunt.
596 4880 856 4932 Pastores
904 4895 1037 4933 vero
1078 4879 1245 4933 Abrae
1297 4879 1608 4933 catholicos
1658 4880 1844 4934 docto-
1957 4881 2073 4935 bris
2132 4882 2455 4938 volvuntur.
2506 4905 2527 4932 ιι
2577 4884 3081 4939 Chodorlahomor.
3133 4906 3159 4932 ιο
3194 4887 3424 4939 Decorus
3464 4887 3651 4938 mani-

180 4978 251 5016 res
274 4966 618 5037 signiﬁcant,
654 4967 754 5038 qui
784 4967 1079 5021 haereticos
1110 4968 1281 5021 etiam
1316 4969 1569 5023 localiter
1597 4969 1844 5037 fugiunt,
1954 4971 2115 5039 putus
2142 4969 2571 5039 interpretatur,
2622 4971 2722 5042 qui
2773 4977 2858 5025 est
2904 4988 3003 5025 rex
3053 4971 3232 5036 Elam,
3265 4971 3320 5025 id
3352 4974 3454 5039 est,
3488 4972 3653 5041 hujus

180 5056 463 5109 secundum
505 5055 653 5110 illud
687 5055 759 5110 ad
787 5056 973 5109 Titum
999 5073 1055 5110 ιιι
1082 5072 1094 5110 :
1122 5076 1147 5105 α
1182 5057 1520 5112 Hasreticum
1551 5057 1845 5111 hominem
1955 5059 2169 5113 saeculi:
2205 5060 2554 5129 hypocrisim
2582 5059 2883 5131 signiﬁcat,
2937 5076 3067 5130 quae
3110 5060 3243 5115 licet
3290 5076 3435 5113 vana
3479 5060 3553 5113 sit
3596 5065 3653 5114 et

182 5146 280 5207 post
338 5145 587 5214 primam
652 5148 708 5197 et
746 5144 1052 5198 secundam
1092 5146 1507 5201 cenationem
1546 5145 1732 5199 devita
1767 5162 1780 5199 :
1821 5167 1842 5194 ι
1955 5147 2297 5218 perniciosa,
2329 5152 2519 5201 tamen
2562 5149 2765 5202 decora
2806 5149 2867 5201 in
2921 5148 3226 5218 superﬁcie
3274 5148 3518 5215 videtur,
3552 5148 3651 5202 sed

182 5233 223 5280 et
245 5228 339 5285 hoc
368 5232 521 5286 inter
551 5235 752 5303 gentes
785 5232 1090 5288 Chananaei
1132 5241 1187 5287 et
1238 5233 1542 5299 Pbereswi,
1583 5233 1639 5287 in
1696 5239 1848 5287 terra
1954 5235 2015 5290 in
2048 5235 2241 5290 futuro
2259 5235 2397 5306 quid
2423 5236 2596 5290 fuerit
2617 5236 2934 5307 apparebit.

184 5318 363 5374 scilicet
418 5321 841 5392 promissionis,
891 5321 1026 5393 quia
1081 5322 1231 5376 inter
1283 5322 1587 5376 catholicos
1631 5326 1687 5375 et
1730 5322 1844 5376 hze-
2031 5345 2053 5373 ι
2088 5323 2319 5378 Thadal.
2373 5342 2400 5374 ιι
2463 5325 2644 5380 Sciens
2683 5326 2881 5394 jugum
2926 5326 3012 5379 vel
3069 5328 3404 5397 explorator,
3433 5325 3534 5397 qui
3565 5329 3650 5380 est

187 5407 375 5468 retices.
433 5425 690 5481 quorum
749 5410 821 5463 sit
874 5425 1116 5481 regnum
1169 5411 1460 5475 caelorum,
1521 5411 1667 5465 solet
1724 5427 1845 5464 esse
1956 5427 2047 5465 rex
2115 5410 2417 5482 gentium;
2468 5412 2766 5468 avaritiam
2834 5414 3137 5486 signiﬁcat,
3187 5432 3315 5487 quas
3369 5430 3539 5484 sagax
3593 5419 3648 5468 et

185 5499 452 5553 contentio.
1952 5502 2181 5554 versuta
2201 5498 2414 5554 multos
2444 5499 2550 5556 sibi
2575 5499 2859 5562 subiungat.
