4086 6190
345 280 443 334 119

343 491 593 558 quatuor
637 483 979 556 principalia
1015 481 1174 548 vitia,
1226 485 1473 554 quatuor
1523 479 1830 535 virtutibus
1878 480 2036 551 prin-

343 574 620 645 cipalibus
670 572 958 627 contraria
986 587 999 635 ;
1057 586 1187 642 quae
1237 570 1492 640 quinque
1523 585 1721 624 sensus
1749 584 1851 640 per
1875 568 2040 640 quin-

346 679 458 734 que
496 677 659 732 reges
691 660 1042 732 signiﬁcatos
1075 659 1380 729 subjugare
1413 657 1693 723 nituntur,
1743 673 1848 728 per
1899 673 2041 710 con-

348 750 756 821 cupiscentiam
785 749 991 813 carnis,
1024 764 1126 818 per
1161 745 1678 817 concupiscentiam
1726 746 2040 810 oculorum,

349 856 450 911 per
478 838 851 894 ambitionem
876 836 1087 890 saeculi.

422 929 582 982 Vens.
629 929 782 981 2-13.
825 956 891 965 —
925 944 951 975 α
1002 925 1164 978 Βᾱιω.
1200 941 1226 972 io
1271 923 1544 993 (HIERON.)
1599 922 1865 978 Hebraice
1895 922 2048 976 devo-

351 1019 496 1072 ratio
551 1015 778 1070 dicitur.
835 1013 1088 1070 Tradunt
1143 1012 1365 1066 Hebraei
1411 1012 1560 1066 hanc
1613 1011 1748 1066 alibi
1787 1012 2048 1068 Salissam

355 1103 485 1168 dici,
552 1108 610 1157 et
659 1103 890 1156 vitulam
949 1105 1396 1164 constemantem,
1458 1098 1613 1170 quod
1675 1098 1844 1152 tertio
1883 1103 2050 1152 terra:

359 1195 518 1246 motu
578 1190 844 1260 absorpta
899 1187 987 1241 sit.
1037 1189 1101 1242 Et
1147 1203 1209 1240 ex
1254 1203 1322 1240 eo
1378 1192 1638 1256 tempore
1659 1203 1773 1258 quo
1805 1185 2050 1240 Sodoma

356 1287 413 1334 et
462 1278 800 1343 Gomorrha,
846 1276 1061 1331 Adame
1111 1279 1166 1329 et
1209 1274 1440 1329 Seboim
1492 1273 1682 1328 divino
1723 1274 1857 1345 igne
1920 1278 2054 1327 sunt

357 1357 663 1432 subversae,
693 1366 790 1420 illa
817 1367 1058 1435 parvula
1082 1369 1462 1433 nuncupetur.
1493 1362 1669 1433 Segor
1688 1363 1844 1416 enim
1873 1366 2054 1416 trans-

358 1455 540 1509 fertur
595 1453 653 1507 in
705 1467 961 1523 parvam,
1025 1467 1153 1521 quae
1209 1451 1347 1520 Syra
1402 1449 1600 1520 lingua
1632 1451 1805 1504 Zoara
1826 1447 2049 1502 dicitur.

361 1542 532 1596 Vallis
566 1545 758 1594 autem
805 1539 1151 1600 Salinarum,
1206 1537 1265 1590 in
1299 1552 1413 1608 qua
1439 1537 1674 1591 fuerunt
1699 1537 1857 1608 putei
1898 1536 2053 1590 bitu-

364 1629 555 1696 minis,
589 1634 717 1699 post
741 1628 842 1682 Dei
873 1627 1017 1681 iram
1049 1632 1107 1681 et
1144 1625 1436 1698 sulphuris
1473 1625 1746 1696 pluviam,
1798 1625 1858 1678 in
1899 1640 2054 1679 mare

367 1721 653 1775 Morinum
685 1733 818 1770 vera
847 1721 952 1782 est,
985 1715 1136 1786 quod
1168 1731 1200 1769 a
1230 1713 1436 1770 Grecis
1461 1719 1749 1784 .stagnum
1775 1713 2050 1785 Asphalti,

368 1807 425 1861 id
459 1812 543 1861 est
559 1804 881 1873 bituminis,
909 1804 1133 1858 dicitur.

442 1896 664 1963 Mystice
733 1893 988 1958 Quatuor
1035 1908 1198 1962 reges
1255 1890 1513 1963 quinque
1570 1895 1861 1961 superant,
1922 1890 2056 1944 dum

370 1982 670 2038 contrariae
718 1985 1027 2053 potestates
1077 1981 1332 2053 quinque
1379 1981 1640 2036 sensibus
1679 1979 1932 2051 corporis
1962 1980 2060 2034 ab-

372 2078 597 2127 utentes
625 2071 778 2125 vitiis
802 2070 1118 2142 illaqueant
1146 2074 1202 2124 et
1223 2069 1529 2140 captivant.

443 2162 744 2228 Allegorice
797 2160 959 2214 Tales
1016 2174 1180 2229 reges
1235 2162 1509 2229 superant
1568 2157 1823 2229 primum
1898 2158 2059 2212 Bara.

372 2250 472 2323 qui
529 2249 938 2319 interpretatur
1008 2249 1224 2302 malitia
1272 2248 1360 2302 vel
1413 2252 1684 2313 creatura,
1743 2251 1802 2302 et
1848 2252 1931 2301 est
1968 2263 2064 2300 rex

372 2337 778 2402 Sodomorum,
831 2335 890 2390 id
941 2340 1028 2390 est
1079 2337 1354 2403 cacitatis,
1406 2335 1494 2388 vel
1559 2336 1783 2405 pecudis
1833 2337 2062 2400 silentis,

374 2443 505 2481 cum
561 2426 642 2480 eis
695 2424 795 2496 qui
848 2424 908 2478 in
958 2429 1182 2478 vetusta
1230 2423 1450 2478 malitia
1485 2429 1874 2494 perseverant,
1908 2440 2066 2478 more

376 2515 662 2586 pecudum
691 2513 1004 2568 cwcitatem
1037 2511 1290 2566 libidinis
1321 2513 1483 2582 sequi
1522 2513 1890 2582 persuadent.
1927 2512 2063 2565 Vin-

374 2609 512 2658 cunt
571 2609 629 2657 et
658 2605 842 2670 Bersa,
873 2601 930 2654 id
991 2607 1078 2654 est
1139 2603 1198 2654 in
1250 2603 1508 2668 angustia
1564 2604 1934 2666 constitutum,
1968 2617 2062 2654 re-

377 2708 509 2765 gem
550 2691 902 2757 Gomorrhas,
947 2689 1004 2744 id
1048 2693 1132 2744 est
1165 2689 1368 2760 populi
1405 2689 1682 2744 tumentis
1711 2694 1768 2744 et
1794 2689 2066 2756 seditiosi,

377 2797 509 2836 cum
565 2797 664 2835 eos
732 2779 834 2851 qui
898 2779 1050 2833 curis
1116 2778 1311 2832 saeculi
1375 2778 1777 2850 angustiautur
1819 2795 1884 2833 ac
1912 2779 2068 2833 nefas

377 2869 598 2940 rapina:
647 2884 815 2939 agere
863 2883 979 2922 non
1033 2867 1366 2931 formidant,
1413 2867 1666 2922 obruunt
1720 2872 1776 2921 et
1821 2871 2067 2938 proster-

953 273 1357 330 WALAFBIDI
1397 271 1646 330 STRABI
1685 271 1885 328 FULD.
1925 269 2098 328 MON.
2146 268 2299 326 OPP.
2345 269 2518 325 PARS
2559 267 2601 323 Ι.
2641 295 2710 306 -—
2749 265 3209 323 THEOLOGICA.

417 397 794 468 cAmraphel,
851 414 879 446 ιο
938 399 1041 449 etc.
1107 393 1172 448 Hi
1231 396 1474 464 quatuor
1550 408 1712 464 reges
1779 392 2100 461 ﬁgurantA

3749 267 3849 320 120

2211 390 2367 444 Vens.
2421 389 2608 444 14-17.
2648 417 2714 428 —
2764 406 2794 440 α
2849 387 3014 454 Quod
3063 403 3194 442 cum
3239 386 3490 442 audisset
3543 387 3777 452 Abram,
3819 407 3847 437 ι)

2149 483 2254 534 etc.
2285 480 2463 549 (1311).)
2521 480 2763 548 Mystice.
2824 477 3098 532 Similiter
3151 475 3293 530 ﬁdes
3318 480 3513 530 nostra
3567 492 3703 530 cum
3746 477 3850 531 ﬁr-

2149 571 2304 621 mata
2357 572 2444 620 est
2493 565 2709 637 Spiritu
2754 565 3074 638 principali,
3125 565 3381 636 quinque
3412 580 3610 619 sensus
3642 581 3849 636 corpo-

2151 656 2228 710 ris
2275 655 2439 728 quasi
2485 655 2741 727 quinque
2802 670 2965 725 reges
3007 653 3259 725 subjicit,
3307 652 3482 707 verbo
3517 653 3620 707 Dei
3646 654 3852 708 trium-

2152 745 2334 815 phans
2378 743 2448 799 de
2498 745 2731 798 homine
2781 743 3065 796 exzeriori.
3122 743 3221 797 llle
3270 742 3330 796 in
3362 742 3629 796 trecentis
3651 743 3851 797 decem

2153 837 2210 886 et
2249 838 2375 888 octo
2419 831 2775 887 adversarios
2823 831 3146 894 debellavit,
3195 830 3331 902 quia
3389 846 3492 884 nos
3549 830 3610 884 in
3655 846 3847 884 sacra-

2155 925 2348 976 mento
2379 919 2580 988 crucis,
2637 936 2811 991 quam
2857 924 2950 974 tau
3003 919 3197 974 littera
3237 918 3542 990 signiﬁcat,
3576 935 3704 990 quae
3732 926 3851 973 tre-

2156 1015 2316 1064 centa
2351 1009 2654 1080 signiﬁcat,
2687 1008 2944 1080 quinque
2976 1023 3176 1062 sensus
3222 1009 3498 1074 carnales,
3549 1025 3652 1061 nos
3681 1013 3855 1063 antea

2156 1099 2324 1152 variis
2362 1098 2512 1152 vitiis
2561 1098 2928 1169 captivantes,
2971 1113 3326 1168 superamus.
3369 1098 3572 1151 Decem
3603 1102 3659 1151 et
3689 1102 3850 1163 octo,

2159 1204 2223 1240 ex
2275 1187 2526 1241 ternario
2570 1191 2625 1240 et
2653 1186 2878 1240 senario
2926 1185 3358 1256 multiplicatus,
3388 1186 3563 1239 ﬁdem
3591 1186 3849 1240 Trinita-

2143 1275 2230 1351 _tis
2284 1279 2340 1328 et
2387 1274 2800 1346 perfectionem
2854 1274 3138 1345 signiﬁcat
3193 1274 3382 1344 operis
3431 1274 3640 1345 quibus
3672 1275 3852 1328 virtu-

2161 1371 2282 1419 tum
2316 1367 2514 1418 contra
2540 1363 2676 1417 vitia
2703 1365 2874 1434 plena
2910 1363 3145 1417 victoria
3175 1363 3489 1435 perﬁcitur.
3727 1431 3729 1434 ,

2234 1451 2473 1520 (Sui/ui.)
2533 1452 2850 1518 Aliegorice.
2914 1452 3133 1505 Bellum
3183 1451 3350 1505 Abrae
3419 1467 3549 1505 cum
3606 1455 3860 1522 quatuor

2162 1539 2394 1610 regibus
2425 1539 2709 1610 signiﬁcat
2736 1539 2953 1593 bellum
2977 1540 3256 1593 .virtulum
3295 1544 3352 1594 et
3369 1539 3660 1593 vitiorum.
3689 1541 3862 1596 Pater

2165 1643 2301 1698 ergo
2349 1626 2506 1694 ﬁdei,
2565 1631 2622 1681 et
2667 1627 2853 1698 prima
2900 1627 2992 1680 via
3041 1627 3326 1692 credendi,
3379 1643 3484 1698 pro
3554 1628 3728 1681 fratre
3755 1645 3864 1681 suo

2171 1718 2273 1772 Lot
2301 1715 2590 1771 dimicavit
2642 1721 2697 1771 et
2725 1716 2876 1783 vicit,
2934 1731 3049 1769 non
3086 1715 3144 1770 in
3168 1715 3533 1770 multitudine
3555 1715 3865 1783 exercitus,

2172 1805 2270 1860 sed
2299 1804 2360 1858 in
2390 1805 2657 1859 trecentis
2700 1805 2896 1860 decem
2926 1807 2983 1858 et
3039 1808 3164 1858 octo
3209 1803 3488 1874 expeditis
3519 1804 3866 1861 vernaculis.

2169 1893 2258 1949 Sic
2287 1893 2530 1964 quisque
2561 1909 2662 1965 pro
2694 1893 2888 1947 anima
2911 1908 3014 1946 sua
3055 1895 3254 1946 contra
3299 1891 3627 1961 spirituales
3664 1893 3872 1964 nequi-

2171 1981 2279 2036 tias
2320 1982 2532 2036 bellum
2575 1986 2735 2052 gerat
2771 1997 2902 2035 cum
2948 1980 3222 2035 trecentis
3271 1980 3468 2035 decem
3499 1985 3556 2035 et
3580 1985 3705 2036 octo
3733 1997 3869 2035 ver-

2172 2069 2408 2137 naculis,
2439 2069 2493 2124 id
2521 2075 2623 2136 est,
2655 2086 2784 2123 cum
2815 2069 3026 2123 auxilio
3058 2075 3266 2123 sancte
3295 2068 3514 2122 crucis:
3577 2073 3672 2122 tau
3710 2069 3871 2124 enim

2171 2159 2378 2225 littera,
2441 2174 2571 2228 quae
2628 2157 2799 2212 habet
2853 2157 3098 2228 ﬁguram
3151 2155 3352 2223 crucis,
3433 2160 3684 2210 trecenta
3757 2173 3861 2211 ex-

2173 2247 2393 2319 primit.

2250 2337 2368 2390 Dan
2425 2339 2614 2389 autem
2663 2349 2812 2388 unus
2869 2338 2954 2388 est
3011 2335 3082 2389 de
3112 2333 3364 2388 fontibus
3387 2334 3870 2402 Iordanisgalter

2176 2425 2328 2479 enim
2382 2425 2478 2478 Jor
2535 2427 2785 2490 vocatur,
2843 2423 2994 2494 quod
3051 2423 3462 2494 interpretatur
3510 2427 3694 2493 rivus;
3728 2424 3872 2476 duo-

2175 2513 2281 2568 bus
2327 2529 2464 2583 ergo
2525 2512 2794 2579 fontibus,
2849 2511 2949 2583 qui
3005 2528 3123 2566 non
3179 2513 3378 2582 procul
3427 2528 3460 2566 a
3516 2529 3574 2566 se
3631 2513 3867 2580 distant,

2176 2602 2238 2655 in
2268 2617 2449 2654 unum
2481 2601 2728 2654 rivulum
2754 2600 3066 2666 foederatis,
3095 2601 3359 2654 Iordanis
3381 2602 3719 2671 appellatur.

2249 2690 2423 2744 Vens.
2478 2692 2562 2756 18,
2626 2692 2708 2743 19.
2769 2717 2843 2730 —
2901 2711 2922 2739 ι
2977 2691 3047 2743 At
3082 2705 3214 2742 vero
3238 2689 3668 2755 Melchisedech,
3701 2692 3866 2742 nete.

2179 2777 2390 2846 (Ηιεη.)
2426 2777 2584 2830 Nunc
2616 2777 2778 2831 aiunt
2817 2777 3034 2832 Hebrmi
3079 2794 3198 2830 esse
3248 2778 3376 2833 Sem
3427 2778 3609 2832 ﬁlium
3640 2779 3779 2844 Noe,
3813 2782 3873 2832 et

2179 2864 2606 2935 computatione
2665 2881 2950 2920 annorum
3001 2867 3308 2920 ostendunt
3370 2882 3504 2920 eum
3562 2882 3745 2938 usque
3801 2866 3871 2920 ad

381 2963 543 3013 nunt.
585 2957 832 3011 Vincunt
870 2971 1101 3028 quoque
1144 2955 1405 3010 Sennaab
1454 2971 1646 3027 regem
1699 2956 1952 3022 Adamm,
2007 2955 2063 3010 id
2101 2969 2138 3024 ς
2181 2955 2335 3008 Isaac
2364 2954 2602 3009 vixisse:
2639 2959 2692 3009 et
2719 2971 2918 3008 omnes
2949 2955 3358 3026 primogenitos
3391 2974 3421 3008 a
3449 2956 3564 3010 Noe
3595 2971 3776 3027 usque
3800 2955 3872 3010 ad

287 3042 290 3047 ’
381 3052 465 3102 est
521 3051 763 3107 terrena,
815 3061 945 3098 cum
997 3059 1094 3098 eos
1138 3044 1238 3116 qui
1267 3050 1492 3098 terrena
1555 3048 1779 3098 tantum
1839 3045 2073 3114 sapiunt

382 3137 441 3190 in
471 3134 697 3188 luxuria
750 3149 1087 3205 permanere
1142 3134 1463 3199 hortantur,
1529 3138 1593 3187 ut
1635 3133 1855 3187 dicant:
1903 3153 1930 3185 α
1973 3135 2073 3188 Co-

385 3225 681 3278 medamus
729 3227 785 3275 et
840 3221 1124 3288 bibamus,
1186 3237 1308 3275 cras
1329 3221 1486 3275 enim
1530 3221 1844 3275 moriemur
1873 3221 1913 3291 (l
1948 3223 2069 3278 Cor.

382 3313 492 3382 xv).
529 3331 556 3362 ι)
614 3311 860 3364 Vincunt
911 3309 1203 3378 Semeber,
1233 3309 1334 3380 qui
1382 3308 1790 3379 interpretatur
1834 3310 1912 3362 ibi
1945 3325 2072 3378 per-

383 3399 542 3466 ditio,
595 3403 652 3452 et
705 3403 789 3452 est
840 3414 936 3450 rex
994 3398 1242 3466 Seboim,
1302 3397 1359 3452 id
1416 3401 1500 3452 est
1547 3398 1755 3465 Cinguli
1811 3400 2071 3464 maeroris,

383 3503 514 3542 cum
549 3502 648 3556 per
676 3485 1033 3540 iracundiam
1062 3491 1118 3540 et
1144 3485 1421 3540 invidiam
1443 3485 1708 3540 incautos“
1740 3485 2074 3556 decipiunt;

385 3575 538 3630 unde
583 3574 688 3628 Job
718 3590 751 3626 v
785 3589 798 3627 :
858 3595 880 3622 ι
930 3573 1178 3628 Stultum
1207 3573 1475 3628 interﬁcit
1515 3573 1830 3643 iracundia,
1859 3589 2075 3643 parvu-

387 3665 506 3717 lum
533 3661 742 3716 occidit
787 3660 1024 3715 invidia.
1063 3682 1084 3710 ι
1135 3663 1350 3732 Regem
1397 3677 1628 3732 quoque
1666 3662 1799 3716 Bale
1822 3661 2073 3723 vincunt,

385 3749 517 3789 cum
561 3732 954 3802 pusillanimes
1002 3733 1063 3786 in
1117 3733 1575 3803 desperationem
1621 3732 1895 3799 mittunt;
1945 3733 2075 3787 Bale

384 3837 637 3893 namque
666 3821 1072 3891 interpretatur
1098 3821 1462 3890 praecipitatio
1503 3819 1592 3874 vel
1639 3820 1970 3875 absorbitio:
2004 3820 2076 3874 ad

387 3913 496 3968 hoc
520 3909 765 3965 maxime
791 3909 1052 3964 diabolus
1100 3914 1282 3964 certat
1330 3913 1392 3964 ut
1447 3914 1575 3981 post
1611 3909 1835 3980 lapsum
1862 3909 2077 3980 peccati

386 4000 446 4055 in
476 3997 931 4070 desperationem
963 3997 1171 4053 mittat.

460 4088 620 4141 Vens.
679 4088 808 4142 4-6.
883 4107 1009 4136 -‹
1080 4085 1408 4152 Duodecim,
1476 4108 1498 4136 ι
1533 4090 1639 4142 etc.
1683 4086 2077 4141 Duodenarius

389 4175 713 4245 superfluus
743 4178 826 4229 est
844 4191 1136 4229 numerus.
1171 4177 1232 4230 In
1267 4192 1380 4246 qua
1403 4174 1794 4245 superfluitate
1825 4173 2077 4229 serviunt

388 4261 644 4331 quinque
692 4277 892 4315 sensus
963 4261 1143 4315 nostri
1214 4278 1373 4315 vente
1428 4261 1840 4331 superstitioni,
1899 4275 2072 4332 quam
2107 4249 2148 4304 Ι)

387 4349 670 4419 signiﬁcat
735 4349 1246 4415 Chodorlahomor,
1319 4353 1375 4404 et
1440 4354 1690 4419 quatuor
1774 4348 1924 4402 vitiis
1971 4348 2077 4401 sibi

387 4437 810 4508 adjaceutibus;
871 4442 929 4492 et
997 4437 1258 4491 recedere
1322 4438 1574 4491 volentes
1633 4452 1864 4508 gravem
1947 4453 2076 4507 per-

389 4526 743 4580 secutionem
771 4525 1088 4596 patiuntur,
1123 4529 1179 4578 et
1207 4541 1357 4596 sape
1390 4505 1753 4596 superantu‘r.

460 4616 627 4669 Vens.
690 4617 851 4669 7-12.
889 4641 964 4654 —
1001 4633 1029 4663 ι
1097 4614 1636 4684 Percusseruntque.
1700 4635 1728 4663 ››
1798 4614 2076 4684 (Ηιιςιιοκ)

383 4703 513 4758 Alia
559 4703 736 4758 editio
775 4702 966 4769 habet,
1015 4707 1143 4768 etc.,
1189 4717 1357 4772 usque
1402 4703 1476 4756 ad
1522 4702 1656 4774 quia
1686 4703 1765 4757 ibi
1797 4703 2083 4773 populum

390 4792 536 4846 Deus
558 4793 856 4862 judicavit.

461 4902 489 4929 «
545 4881 824 4952 Raphaim
866 4881 924 4934 in
970 4879 1263 4942 Astaroch,
1313 4898 1340 4929 υ
1381 4883 1486 4933 etc.
1546 4879 1787 4934 Nomina
1821 4881 2075 4933 locorum

386 4972 441 5021 et
466 4971 723 5039 gentium
771 4969 1100 5040 signiﬁcant
1149 4967 1454 5022 carnaliter
1500 4967 1775 5034 viventes,
1816 4983 1961 5038 quos
1991 4966 2072 5022 fa-

385 5058 490 5110 cile
518 5059 657 5112 vitia
679 5059 931 5113 vincunt.
1197 5060 1199 5063 ’

457 5148 618 5200 Vens.
665 5151 748 5202 13.
781 5177 845 5188 —-
890 5166 918 5198 α
948 5148 1205 5202 Hebraeo.
1237 5166 1265 5198 ι)
1301 5147 1442 5213 LXX,
1481 5147 1852 5212 transﬂuviaii
1873 5161 1887 5211 ;
1939 5145 2076 5216 quia

383 5235 596 5289 scilicet
637 5237 705 5290 de
755 5237 1156 5307 Mesopotamia
1191 5237 1425 5290 veniens
1465 5235 1704 5290 transito
1753 5235 1926 5289 fluvio
1961 5237 2071 5290 Eu-

382 5324 604 5395 phrate,
652 5323 847 5378 sedem
897 5325 1094 5393 posuit
1142 5325 1198 5378 in
1229 5330 1383 5380 terra
1413 5325 1697 5381 Chanaan.
1735 5325 1888 5379 Unde
1911 5326 2073 5379 Jesus

381 5413 627 5469 Navez-a
676 5413 822 5476 Quid
871 5412 1042 5467 vultis
1103 5414 1313 5468 servire
1353 5414 1462 5470 diis
1488 5419 1720 5485 patrum
1751 5419 2070 5469 vestrorum

379 5501 480 5574 qui
509 5508 642 5557 sunt
664 5505 820 5556 trans
848 5502 1065 5556 flumen
1086 5503 1116 5556 ?
1139 5520 1166 5552 ιο

2177 3048 2366 3098 Aaron
2412 3043 2717 3114 pontiﬁces
2761 3043 2952 3098 fuisse.
2996 3044 3179 3098 Salem
3220 3060 3354 3098 vero
3385 3049 3581 3116 postea
3613 3044 3762 3098 dicta
3788 3049 3876 3097 est

2181 3132 2530 3187 Hierusalem
2551 3149 2564 3200 ;
2588 3133 2890 3203 Apostolus
2911 3149 3236 3186 memorans
3257 3132 3684 3201 Melchisedech,
3711 3153 3737 3184 ‹‹
3752 3133 3877 3188 sine

2181 3225 2342 3290 patre
2373 3225 2430 3274 et
2463 3226 2666 3285 matre,
2711 3242 2733 3269 ι
2762 3221 2933 3275 refert
2963 3221 3031 3276 ad
3062 3221 3369 3284 Christum,
3404 3227 3458 3276 et
3489 3237 3594 3292 per
3638 3237 3770 3276 eum
3803 3222 3877 3276 ad

2185 3308 2490 3362 Ecclesiam
2534 3309 2817 3378 gentium,
2865 3309 3002 3381 quia
3048 3309 3228 3380 gloria
3277 3311 3476 3380 capitis
3521 3311 3589 3364 ad
3617 3312 3876 3364 membra

2181 3397 2444 3453 refertur.
2481 3398 2760 3462 Quoniam
2798 3397 3092 3453 benedixit
3127 3399 3292 3453 Abrae
3337 3399 3690 3467 circumciso,
3727 3404 3782 3453 et
3814 3399 3876 3454 in

2182 3501 2248 3538 eo
2276 3485 2426 3550 Levi,
2481 3490 2537 3540 et
2583 3485 2661 3540 sic
2699 3488 2910 3554 Aaron,
2957 3487 3026 3542 de
3075 3505 3190 3558 quo
3241 3494 3437 3558 postea
3467 3481 3872 3543 sacerdotium.

2184 3575 2258 3628 Ex
2288 3591 2402 3645 quo
2453 3575 2574 3629 vult
2623 3575 2891 3647 colligere
2943 3576 3320 3631 sacerdotium
3367 3578 3622 3632 Ecclesiae
3653 3578 3873 3632 haben-

2184 3661 2255 3714 tis
2301 3663 2652 3734 preeputium
2719 3664 3076 3719 benedixisse
3143 3665 3476 3720 circumciso
3555 3667 3876 3721 sacerdotio

2183 3752 2518 3822 Synagogre.
2569 3752 2714 3816 Quia
2768 3757 2960 3807 autem
3013 3753 3136 3808 ait:
3198 3774 3225 3804 α
3283 3755 3366 3808 Tu
3423 3771 3480 3808 es
3523 3755 3876 3810 sacerdosin

2186 3845 2465 3894 aeternum
2499 3842 2814 3895 secundum
2845 3842 3106 3896 ordinem
3151 3843 3584 3910 Melchisedech,
3626 3865 3652 3895 η
3702 3845 3876 3898 mini-

2185 3929 2423 3983 sterium
2471 3935 2736 3984 nostrum
2791 3931 2911 3984 veri
2965 3931 3179 3985 ordinis
3233 3932 3512 4002 signatur,
3576 3949 3693 3987 non
3771 3949 3876 4003 per

2187 4020 2375 4072 Aaron
2403 4018 2825 4074 irrationalibus
2854 4020 3095 4074 victimis
3126 4021 3514 4087 immolandis,
3559 4022 3655 4076 sed
3683 4022 3875 4076 oblato

2187 4123 2335 4177 pane
2377 4111 2433 4161 et
2495 4108 2649 4176 vino,
2717 4108 2777 4163 id
2833 4115 2938 4178 est,
2989 4125 3224 4180 corpore
3265 4109 3490 4164 Domini
3515 4114 3570 4164 et
3595 4111 3875 4182 sanguine

2187 4196 2526 4250 consecrari.

2257 4284 2494 4352 (Summ)
2547 4283 2980 4350 Melchisedech,
3037 4285 3136 4355 qui
3167 4285 3577 4356 interpretatur
3631 4302 3730 4340 rea:
3779 4286 3876 4354 ju-

2187 4374 2366 4434 stitiae,
2413 4378 2468 4427 et
2501 4373 2710 4427 dicitur
2753 4389 2852 4427 rea:
2885 4375 3058 4442 pacis,
3109 4372 3397 4426 Christum
3439 4373 3738 4444 signiﬁcat,
3772 4388 3879 4443 per

2189 4475 2362 4530 quem
2394 4460 2745 4516 reconciliati
2775 4475 2990 4525 sumus,
3023 4466 3080 4515 et
3113 4461 3210 4532 qui
3241 4461 3302 4515 in
3323 4461 3436 4515 ﬁne
3491 4461 3686 4516 saeculi
3723 4461 3878 4531 juste

2182 4548 2540 4618 judicaturus
2569 4553 2668 4602 est.

2258 4637 2419 4691 Vaas.
2451 4639 2640 4692 20-23.
2675 4667 2742 4677 —
2772 4657 2800 4686 α
2838 4637 3000 4691 Dedit
3028 4637 3078 4691 ei
3110 4637 3374 4694 decimas.
3410 4658 3437 4690 ››
3473 4638 3643 4708 (ῐειο.)
3682 4637 3878 4694 Sciens

2185 4740 2322 4796 ergo
2370 4724 2711 4796 patriarcha,
2760 4729 2889 4792 etc.,
2941 4741 3111 4784 usque
3137 4726 3212 4780 ad
3243 4725 3452 4798 partim
3482 4726 3768 4797 stipendia
3801 4727 3878 4781 le-

2184 4813 2380 4884 gitime
2414 4812 2803 4884 pugnantibus
2833 4812 3023 4867 debito
3051 4829 3167 4867 non
3201 4814 3510 4884 abnegans.

2259 4903 2416 4955 Vaes.
2450 4903 2538 4955 2’2.
2592 4930 2661 4941 —
2715 4923 2736 4948 ι
2797 4901 2904 4965 Qui
2951 4907 3250 4970 venerunt,
3283 4921 3312 4953 ιι
3340 4908 3446 4958 etc.
3502 4903 3690 4959 Utitur
3717 4901 3875 4957 enim

2184 4990 2490 5061 aliquando
2541 4989 2680 5044 ﬁdes
2717 4990 3059 5044 testimoniis
3107 4989 3470 5047 inﬁdelium:
3524 4993 3679 5046 unde
3732 4997 3879 5063 Apo-

2183 5079 2360 5131 stolus
2393 5079 2462 5132 ad
2482 5077 2670 5132 Titum
2703 5094 2754 5132 1:
2789 5097 2817 5128 «
2863 5079 3017 5132 Mala:
3073 5079 3290 5148 bestiae,
3343 5079 3495 5151 pigri
3541 5086 3806 5148 ventres;
3844 5100 3873 5130 ι)

2183 5168 2280 5220 sed
2314 5167 2384 5221 ad
2406 5167 2718 5220 utilitatum
2748 5167 3025 5220 ﬁdelium.
3829 5180 3835 5184 ·

2853 5291 3075 5346 CAPUT
3105 5293 3213 5347 XV.

2255 5416 2414 5469 Vens.
2455 5420 2500 5470 1.
2534 5444 2604 5456 —
2636 5435 2662 5466 α
2723 5416 2820 5471 His
2876 5417 3069 5488 itaque
3121 5417 3439 5484 transactis,
3485 5423 3628 5488 etc.,
3681 5441 3703 5468 ι
3746 5420 3872 5475 Noli

2181 5524 2208 5555 α
2250 5504 2472 5559 timere.
2507 5524 2534 5555 π
2558 5503 2928 5576 Triumphata
2947 5504 3311 5560 multitudine
3332 5505 3622 5575 vitiorum,
3646 5508 3872 5563 confor-
