4086 6190
221 266 311 318 121
1379 258 1636 317 GLOSSA
1675 257 2077 315 ORDINARIA.
2118 287 2185 296 —
2231 258 2359 313 LIB.
2403 256 2560 312 GEN.

3626 256 3725 311 I22

211 391 370 439 tatur
401 388 533 455 spes
572 383 853 454 cujusque
883 381 1065 437 tidelis
1093 396 1127 436 a
1160 380 1399 437 Domino
1431 397 1504 437 ne
1554 380 1780 447 titubet,
1815 379 1914 434 sed
1951 388 1995 444 Α
2034 394 2177 434 ιιχοι·
2202 393 2434 450 quoque
2465 378 2575 432 hoc
2618 375 2798 430 voluit
2850 379 2907 429 et
2938 374 3140 447 coegit,
3175 390 3305 447 qua;
3336 375 3486 430 filios
3518 374 3729 432 habere

212 473 541 527 mercedem
573 476 881 543 exspectet.

284 564 448 617 Vens.
511 562 566 627 ‘2,
624 590 694 601 —
757 583 783 607 «ι
835 559 1097 630 Dixitque
1158 560 1386 614 Abram.
1452 560 1707 629 (HIERON,
1756 556 1817 611 in
1851 558 1914 621 Q.

214 650 413 715 Hebr.)
449 670 479 699 ν
518 652 636 720 Ego
686 650 831 703 vado
872 649 994 702 sine
1026 648 1236 711 liberis,
1270 666 1296 697 ιο
1355 653 1461 701 etc.
1524 662 1693 715 usque
1749 646 1823 699 ad
1850 645 1920 699 ab

215 739 321 791 hoc
381 737 548 791 aiunt
616 738 950 791 Damascum
1019 742 1076 790 et
1150 736 1526 802 nominatam,
1608 741 1665 789 et
1724 734 1918 789 condi-

214 830 353 879 tam.

287 916 455 969 Vens.
548 918 657 969 5-8.
701 944 771 954 --
823 936 848 962 κ
906 913 1136 983 Suspice
1197 914 1426 977 caelum,
1462 917 1624 967 nete.
1650 911 1923 983 Superius

214 1003 357 1056 dixit
391 1018 405 1056 :
446 1023 473 1052 α
506 1004 620 1056 Erit
649 1018 845 1056 semen
891 1008 1054 1056 tuum
1114 1002 1253 1055 sicut
1287 1018 1459 1055 arena
1492 1001 1683 1065 maris,
1720 1020 1747 1051 ι)
1783 1000 1920 1071 quia

215 1089 275 1142 in
336 1090 440 1141 illa
474 1089 637 1158 plebe
669 1089 905 1160 quidam
935 1093 1100 1142 erant
1135 1089 1388 1141 carnales
1438 1092 1493 1143 et
1545 1087 1780 1152 terreni,
1823 1086 1923 1158 qui

217 1193 412 1230 arenae
447 1181 873 1247 comparantur,
916 1176 1051 1248 quia
1098 1176 1261 1243 aridi,
1294 1181 1351 1230 et
1380 1193 1412 1230 a
1438 1175 1602 1230 bonis
1653 1176 1924 1246 operibus

218 1264 555 1329 infecundi;
588 1264 680 1317 alii
706 1264 881 1337 quasi
899 1265 1076 1319 stellas
1107 1265 1411 1334 fulgentes.

289 1352 485 1421 (ΗΑΒ.)
526 1354 743 1422 Duplex
777 1352 1117 1422 signiﬁcatio
1142 1352 1411 1423 promissi
1460 1351 1693 1406 seminis
1721 1351 1913 1406 datur.

218 1440 479 1494 Ostensis
526 1441 705 1493 stellis
760 1442 967 1495 dicitur
1026 1441 1077 1495 ei
1134 1460 1149 1495 :
1217 1462 1243 1490 ‹‹
1300 1441 1389 1496 Sic
1468 1441 1669 1495 faciam
1727 1456 1921 1495 semen

218 1532 407 1595 tuum,
447 1551 473 1573 ιι
506 1528 568 1581 id
608 1534 711 1595 est,
741 1534 971 1598 gentem
1010 1529 1412 1598 Christianam,
1443 1530 1605 1599 cujus
1643 1534 1703 1583 tu
1760 1533 1924 1599 pater

216 1615 453 1670 futurus
503 1632 584 1676 es,
646 1617 707 1670 in
747 1618 876 1682 ﬁde,
926 1618 1136 1672 scilicet
1198 1617 1632 1672 resurrectionis
1680 1616 1921 1689 [lumine

219 1720 550 1758 coruscare.
615 1705 852 1760 Ostensa
909 1722 1043 1760 vero
1091 1722 1264 1760 arena
1301 1706 1552 1761 dicitur:
1617 1728 1644 1755 «
1675 1707 1764 1761 Sic
1816 1707 1923 1760 erit

216 1808 420 1846 semen
452 1798 639 1859 tuum,
668 1817 694 1841 »
723 1799 854 1861 etc.,
888 1795 941 1848 id
973 1800 1057 1848 est
1086 1794 1317 1866 copiosa
1366 1795 1476 1850 erit
1524 1810 1663 1866 gens
1686 1795 1919 1850 Iudaeo-

217 1897 369 1946 rum,
406 1881 509 1935 sed
543 1882 698 1935 arida
731 1887 787 1936 et
818 1882 1141 1938 infecunda.

288 1972 457 2024 Vens.
488 1974 639 2026 9-l0.
673 2002 737 2012 —-
768 1992 795 2019 «
835 1973 1024 2039 Sume,
1077 1972 1285 2044 inquit,
1342 1972 1505 2040 mihi,
1541 1993 1568 2022 ι
1619 1977 1724 2028 etc.
1768 1974 1919 2041 (Isin.

222 2062 275 2113 in
329 2060 500 2125 Gem,
556 2066 692 2113 tom.
756 2062 843 2130 V.)
927 2062 1098 2115 Vacca
1172 2061 1433 2128 triennis,
1490 2062 1650 2131 plebs
1695 2061 1927 2115 Iudaica

225 2147 411 2218 posita
433 2148 540 2201 sub
555 2150 697 2219 jugo
729 2150 889 2219 legis,
906 2154 1014 2203 etc.
1032 2190 1047 2209 .
1068 2166 1237 2219 usque
1255 2150 1329 2203 ad
1358 2150 1587 2221 quando
1608 2166 1712 2220 per
1731 2150 1925 2221 ignem

229 2235 654 2303 separabuntur
674 2237 811 2290 boni
833 2254 861 2289 a
893 2238 1075 2292 malis.

299 2345 326 2369 «ι
363 2323 605 2377 Vaccam
665 2325 970 2389 triennem,
1032 2330 1089 2380 et
1145 2341 1370 2396 capram
1432 2326 1684 2394 trimam,
1738 2347 1764 2377 ι)
1816 2332 1922 2381 etc.

226 2410 372 2473 Quia
431 2410 504 2464 ab
554 2411 731 2466 Adam
790 2429 971 2484 usque
1026 2413 1094 2466 ad
1152 2414 1289 2475 Noe,
1347 2417 1404 2467 et
1444 2413 1579 2466 inde
1622 2429 1803 2484 usque
1856 2414 1926 2467 ad

224 2498 464 2564 Abram,
498 2498 704 2553 deinde
732 2516 913 2571 usque
945 2501 1011 2555 ad
1048 2500 1239 2567 David,
1268 2502 1514 2571 populus
1544 2501 1810 2554 adolevit.

299 2586 467 2640 Vens.
536 2590 616 2641 ll.
672 2617 742 2626 —
790 2607 817 2639 α
875 2588 1413 2657 Descenderuntque
1443 2589 1720 2653 volucres,
1752 2612 1779 2637 »
1818 2594 1923 2641 etc.

228 2674 451 2742 (Gaza,
490 2674 593 2727 lib.
637 2691 725 2728 χνι
781 2678 1003 2743 Moral.,
1043 2691 1091 2728 c.
1145 2677 1253 2741 20.)
1292 2677 1653 2744 Tropologice.
1698 2677 1759 2730 In
1802 2677 1926 2747 ipso

227 2762 513 2816 orationis
547 2763 822 2817 sacriﬁcio
853 2765 1125 2833 ingerunt
1170 2780 1227 2817 se
1248 2764 1595 2835 importuna:
1625 2765 1925 2836 cogitatio-

227 2867 350 2915 nes,
386 2867 591 2921 rapere
620 2854 705 2905 vel
738 2853 948 2905 violare
989 2852 1281 2922 cupientes
1313 2868 1326 2905 ε
1386 2856 1483 2906 sed
1515 2869 1685 2907 manu
1722 2859 1927 2907 sanctae

2030 484 2145 521 non
2176 472 2434 537 poterat;
2469 466 2597 521 ideo
2645 481 2717 519 ex
2778 464 2887 518 alia
2914 464 3202 535 suscipere
3249 464 3518 535 cupiebat
3554 481 3727 535 quem

2029 556 2088 610 in
2124 558 2307 610 locum
2335 555 2552 627 proprii
2592 554 2913 623 adoptaret.

2101 644 2259 697 Vens.
2326 646 2479 697 2-H.
2532 672 2600 681 ——
2652 663 2679 687 «
2741 640 3043 710 Ingredere
3093 638 3192 707 ad;
3218 640 3507 704 ancillam,
3539 662 3566 688 ››
3617 644 3724 694 etc.

2030 732 2307 804 (HIERON.)
2342 733 2483 786 Nota
2502 731 2806 801 diligenter
2833 729 2987 801 quod
3020 729 3335 801 procreatio
3385 730 3635 784 ﬁliorum
3666 728 3726 783 in

2031 823 2267 876 Hebraao
2307 820 2598 891 aediﬁcatio
2628 820 2778 873 dicta
2824 824 2929 887 est,
2960 823 3090 885 etc.,
3123 832 3293 888 usque
3347 818 3422 871 ad
3452 822 3724 887 tanquam

2028 926 2131 981 per
2159 911 2425 979 angelum
2457 909 2568 963 lata
2599 910 2658 961 in
2689 908 2926 977 gratiam
2949 907 3142 961 redeat
3178 912 3234 960 et
3265 923 3323 959 se
3366 904 3646 975 subjiciat.

2099 1000 2285 1067 (ΗΑΒ.)
2322 999 2447 1051 Haec
2476 997 2603 1050 duas
2641 998 2907 1050 mulieres
2937 1001 3072 1048 sunt
3134 996 3248 1049 duo
3307 996 3665 1049 Testamenta
3698 1010 3711 1046 2

2029 1089 2195 1157 Agar,
2232 1088 2421 1151 Vetus,
2454 1086 2608 1157 quod
2665 1086 2720 1138 in
2760 1084 3060 1155 Synagoga
3095 1084 3395 1139 Iudaicum
3442 1085 3721 1155 populum

2030 1175 2287 1229 servituti
2335 1175 2623 1228 nutriebat
2678 1174 3026 1243 obnoxium;
3075 1174 3230 1240 Sara,
3299 1176 3538 1239 Novum,
3570 1171 3722 1242 quod

2029 1265 2308 1335 populum
2339 1262 2731 1318 Christianum
2763 1262 2820 1315 iu
2869 1262 3186 1316 libertatem
3242 1261 3373 1316 ﬁdei
3406 1259 3719 1331 generavit.

2030 1351 2386 1421 Multiplicati
2417 1355 2551 1404 sunt
2601 1350 2821 1404 ancilla:
2864 1350 2989 1413 tilii,
3024 1354 3088 1403 ut
3116 1366 3229 1404 non
3282 1353 3725 1403 numerarentur

2030 1458 2146 1512 [περ
2173 1440 2558 1503 multitudine,
2595 1440 2692 1509 qui
2726 1455 2896 1509 supra
2918 1454 3103 1492 arenae
3132 1443 3556 1510 comparantur.
3598 1436 3721 1505 Ipse

2028 1544 2166 1599 ergo
2196 1530 2444 1599 populus
2478 1527 2767 1582 ferocitate
2809 1542 2909 1579 sua
2938 1528 3199 1592 aemulus,
3230 1532 3286 1580 et
3332 1525 3601 1579 omnibus
3631 1522 3726 1577 bo-

2034 1617 2122 1671 nis
2152 1616 2485 1682 contrarius,
2518 1620 2574 1669 et
2603 1615 2847 1669 maxime
2872 1631 3002 1669 cum
3031 1614 3413 1668 Christianum
3438 1613 3720 1684 populum

1965 1674 2003 1728 Β
2035 1708 2154 1759 toto
2186 1705 2324 1758 orbe
2378 1674 2594 1757 invidia
2649 1703 2975 1757 stimulante
3023 1702 3406 1772 persequitur,
3438 1674 3533 1753 ’δι’
3554 1700 3725 1766 longe
3786 1756 3795 1761 λ

2032 1793 2257 1863 lateque
2288 1792 2595 1863 dispersus,
2659 1791 2913 1862 vagando
2960 1796 3016 1845 et
3065 1791 3409 1863 negotiando
3457 1788 3726 1843 omnibus

2034 1885 2115 1934 est
2145 1897 2437 1936 onerosus.

2103 1970 2264 2022 Vens.
2302 1972 2384 2022 t2.
2418 1998 2485 2007 -—
2527 1988 2549 2017 ι
2594 1966 2691 2021 Hic
2724 1966 2833 2020 erit
2858 1966 3010 2020 ferus
3041 1966 3233 2020 homo.
3263 1988 3289 2015 »
3337 1964 3433 2018 Vel
3467 1964 3724 2029 rusticus,

2033 2057 2346 2112 secundum
2370 2057 2531 2111 alios.
2574 2055 2856 2125 (I-Imnou.)
2887 2056 2950 2109 In
2978 2055 3211 2109 Hebraeo
3255 2055 3495 2108 habetur
3546 2052 3729 2121 phara

2036 2145 2198 2215 (MD)
2243 2144 2397 2215 quod
2445 2143 2857 2213 interpretatur
2913 2157 3138 2208 onager.
3184 2140 3477 2211 Significat
3533 2153 3728 2192 semen

2035 2234 2159 2303 ejus
2221 2232 2619 2287 habitaturum
2693 2231 2752 2285 in
2810 2230 3056 2295 deserto,
3118 2230 3177 2284 id
3255 2234 3359 2296 est,
3420 2228 3728 2283 Saracenos

2034 2338 2223 2392 vagos,
2262 2322 2577 2391 incertique
2616 2320 2860 2387 sedibus,
2898 2320 3009 2390 qui
3064 2335 3263 2373 omnes
3293 2323 3489 2390 gentes
3520 2316 3728 2388 quibus

2035 2410 2323 2463 desertum
2355 2426 2420 2462 ex
2455 2410 2631 2463 latere
2655 2409 2921 2479 jungitur
2950 2408 3325 2474 incursantes,
3378 2407 3727 2477 impugnan-

2037 2502 2128 2551 tur
2158 2498 2226 2552 ab
2260 2498 2543 2552 omnibus.

2112 2588 2267 2642 Vens.
2308 2590 2392 2641 l3.
2430 2616 2494 2625 —
2534 2608 2560 2633 «
2590 2586 2832 2652 Vocavit,
2857 2590 3048 2639 autem
3072 2588 3236 2655 Agar.
3271 2608 3296 2633 υ
3334 2586 3501 2639 Recte
3520 2599 3732 2637 nomen

2038 2675 2160 2745 ejus
2184 2676 2259 2729 ita
2286 2675 2523 2739 vocavit,
2559 2674 2695 2745 quia
2724 2674 2974 2743 gratuito
2998 2675 3241 2728 consulit
3270 2673 3492 2727 miseris
3540 2678 3596 2725 et
3625 2673 3730 2725 hu-

2040 2764 2203 2817 miles
2251 2764 2593 2817 consolatur.
2630 2763 2815 2829 ,Unde
2851 2778 2863 2815 :
2921 2784 2946 2809 ‹‹
3001 2764 3081 2817 Tu
3114 2763 3367 2816 laborem
3394 2767 3448 2815 et
3478 2761 3731 2814 dolorem

2038 2852 2380 2915 consideras,
2405 2856 2461 2905 et
2488 2851 2591 2905 tibi
2622 2851 2925 2905 derelictus
2955 2855 3039 2903 est
3069 2866 3308 2921 pauper,
3331 2872 3356 2898 ››
3391 2854 3497 2903 etc.
3538 2870 3566 2897 «
3591 2850 3732 2902 Pro-

225 2940 596 2993 discretionis
627 2940 899 2995 debemus
924 2941 1207 2995 custodire
1243 2941 1393 3012 quod
1423 2941 1560 2995 foris
1614 2942 1925 3006 otferimus,
1962 2964 2000 3017 ρ
2040 2942 2187 2994 fecto
2236 2941 2325 2993 hic
2386 2940 2501 2993 vidi
2558 2938 2879 3009 posteriora
2927 2939 3169 2993 videntis
3218 2954 3328 2993 me.
3392 2958 3419 2988 υ
3472 2937 3604 2992 Tale
3652 2940 3737 2991 est

230 3044 301 3083 ne
332 3029 579 3098 maligni
609 3029 844 3100 spiritus
884 3035 939 3084 et
976 3046 1258 3099 perversae
1282 3030 1656 3100 cogitationes
1682 3031 1926 3100 rapiant.

302 3118 465 3171 Vens.
509 3120 589 3169 t2.
624 3145 688 3157 —-
742 3137 768 3168 α
802 3120 983 3171 Pavor
1011 3119 1201 3187 irruit,
1235 3142 1260 3167 υ
1295 3124 1399 3173 etc.
1439 3120 1598 3190 (Ave.
1643 3120 1701 3173 in
1732 3122 1927 3186 Quasi.

229 3206 438 3275 Hebr.)
484 3206 803 3260 Tractanda
831 3212 914 3260 est
944 3206 1050 3260 ista
1092 3209 1327 3278 quaestio
1387 3213 1622 3278 prepter
1677 3225 1772 3262 eos
1834 3210 1933 3279 qui

228 3295 593 3349 contendunt
631 3295 767 3349 istas
818 3296 1278 3366 perturbationes
1310 3313 1421 3350 non
1476 3297 1676 3351 cadere
1708 3298 1768 3350 in
1802 3298 1929 3351 ani-

232 3399 394 3436 mum
427 3383 723 3454 sapientis,
756 3388 885 3453 etc.,
918 3400 1087 3454 usque
1112 3386 1186 3438 ad
1214 3401 1327 3439 non
1376 3385 1674 3439 dicendam
1708 3392 1932 3457 pertur-

233 3472 554 3525 bationem.

307 3562 475 3614 νεεδ.
541 3564 723 3615 I345.
765 3591 836 3601 —
887 3582 913 3609 «
956 3561 1102 3616 Scito
1158 3577 1542 3632 praenoscens,
1603 3563 1774 3633 (Ism.)
1828 3564 1933 3616 Po-

230 3650 407 3720 pulus
440 3650 613 3702 Israel
643 3650 700 3702 in
732 3652 968 3721 .rEgypto
1000 3650 1312 3704 serviturus
1365 3652 1739 3722 prophetatur
1770 3668 1782 3705 :
1817 3667 1933 3705 non

228 3738 389 3810 quod
448 3738 725 3808 Aigyptiis
784 3739 949 3792 annis
1003 3739 1438 3809 quadringentis
1497 3740 1773 3803 servierit,
1834 3739 1933 3793 sed

228 3828 371 3898 quia
430 3826 524 3879 hic
568 3842 846 3880 numerus
898 3826 955 3881 in
990 3827 1090 3881 illa
1136 3828 1441 3882 aIﬂictione
1490 3829 1806 3899 completus
1851 3832 1935 3881 est

229 3914 371 3984 quia
401 3915 472 3968 ab
503 3914 603 3967 illo
652 3918 911 3985 tempore
946 3920 1311 3987 computatur
1372 3916 1520 3987 quod
1555 3917 1661 3970 ista
1691 3918 1933 3973 Abrahae

231 4002 674 4073 promittuntur.

306 4116 334 4138 «
365 4092 519 4146 Scito
570 4107 952 4162 praenoscens,
987 4113 1013 4140 ››
1060 4096 1164 4146 etc.
1218 4092 1377 4161 (Ave.
1419 4094 1485 4147 de
1536 4094 1646 4150 Civ.
1691 4094 1786 4149 lib.
1820 4111 1931 4161 χνι,

230 4198 278 4233 c.
306 4181 424 4244 2i.)
458 4181 582 4234 Non
610 4180 689 4233 sic
717 4180 1111 4251 accipiendum
1149 4186 1252 4245 est,
1286 4187 1560 4252 tanquam
1600 4182 1657 4235 in
1704 4183 1799 4236 illa
1828 4184 1931 4237 du-

232 4268 462 4322 rissima
491 4268 763 4332 servitute
811 4269 1257 4340 quadringentos
1314 4251 1493 4324 annos
1538 4272 1785 4342 populus
1834 4272 1933 4327 Dei
1964 4251 2006 4306 Ῑ)

230 4358 430 4425 fuerit,
487 4363 616 4423 etc.,
666 4373 833 4428 usque
880 4358 955 4411 ad
983 4359 1232 4429 populus
1264 4358 1364 4413 Dei
1418 4360 1477 4413 in
1511 4362 1745 4431 Aigypto
1790 4361 1933 4415 dura

233 4446 511 4500 servitute
543 4446 787 4500 afﬂictus
826 4452 928 4500 est.

308 4536 471 4588 Vens.
502 4537 685 4589 l6—2l.
741 4564 811 4575 —
846 4557 871 4583 ‹‹
906 4535 1281 4590 Generatione
1328 4541 1539 4599 autem,
1575 4559 1602 4586 ››
1637 4542 1741 4591 etc.
1778 4538 1931 4607 (HIE-

233 4640 363 4679 nozv.
392 4626 552 4694 epist.
575 4624 664 4689 fad
712 4624 966 4694 Damus.)
1021 4625 1201 4678 Moses
1231 4641 1365 4680 vero
1412 4626 1549 4681 alibi
1590 4626 1747 4695 dicit,
1802 4631 1930 4694 etc.,

232 4728 409 4783 usque
437 4712 513 4766 ad
542 4716 601 4766 et
620 4712 687 4766 ad
717 4712 986 4767 Salomon
1010 4712 1372 4782 perveniunt.

890 4854 1113 4908 CAPUT
1149 4855 1284 4909 XVI.

304 4981 468 5034 Vens.
528 4982 578 5032 1.
617 5008 687 5018 -
745 5000 772 5025 ‹‹
841 4979 1020 5048 Igitur
1070 4979 1228 5033 Sarai
1276 4994 1416 5033 uxor
1457 4979 1686 5044 Abram,
1746 5002 1772 5027 η
1823 4984 1930 5034 etc.

233 5068 417 5139 (ΗΑΒ.)
452 5068 577 5123 Non
608 5071 693 5120 est
735 5067 957 5121 adulter
985 5067 1193 5122 Abram
1229 5069 1297 5134 si,
1347 5068 1567 5122 vivente
1594 5084 1793 5133 uxore,
1825 5085 1932 5122 an-

230 5158 378 5212 cillas
420 5155 712 5228 jungitur,
753 5156 890 5227 quia
948 5158 1202 5211 nondum
1256 5158 1621 5229 promulgata
1675 5162 1798 5211 erat
1845 5158 1932 5212 lex

235 5246 523 5318 Evangelii
550 5244 725 5300 unius
753 5245 948 5300 uxoris
978 5262 992 5300 :
1025 5250 1082 5299 et
1110 5238 1295 5316 genus
1343 5262 1512 5300 suum
1540 5245 1934 5316 multiplican-

233 5336 370 5390 dum
424 5334 710 5403 audierat,
742 5334 840 5388 sed
892 5349 996 5404 per
1050 5350 1225 5404 quam
1273 5334 1575 5389 mulierem
1625 5334 1931 5398 nesciebat,

231 5425 367 5497 quia
388 5425 590 5480 Saram
635 5422 889 5478 sterilem
928 5428 1179 5477 noverat.
1215 5424 1337 5478 Non
1369 5423 1479 5478 fuit
1510 5422 1569 5477 in
1612 5423 1765 5477 coitu
1796 5424 1933 5479 libi—

231 5514 436 5569 dinosa
461 5513 752 5585 voluptas,
784 5511 882 5565 sed
922 5511 1099 5582 prolis
1152 5511 1431 5567 habendas
1486 5512 1584 5584 pia
1638 5513 1883 5567 charitas
1917 5530 1930 5567 :

2042 3030 2181 3083 illud
2215 3046 2226 3083 :
2266 3028 2544 3082 «Videbis
2582 3027 2899 3099 posteriora
2928 3044 3073 3091 mea,
3110 3044 3238 3081 nam
3284 3027 3454 3082 facies
3482 3042 3597 3080 non
3632 3042 3733 3096 ap-

2043 3119 2262 3189 parebit
2283 3118 2403 3171 tibi.
2440 3141 2465 3166 ››
2502 3138 2529 3165 ‹‹
2566 3119 2689 3170 Non
2709 3116 2863 3170 enim
2893 3117 3065 3170 homo
3090 3117 3300 3171 videbit
3320 3118 3521 3171 faciem
3546 3131 3732 3171 meam

2042 3213 2099 3261 et
2132 3207 2279 3260 vivet
2336 3206 2530 3271 (Exod.
2577 3207 2787 3269 χχχιιι).
2817 3228 2844 3255 ››
2908 3206 3067 3259 Illam
3115 3206 3268 3259 enim
3333 3205 3737 3259 manifestatio-

2045 3312 2173 3350 nem
2230 3293 2526 3364 sapientiae
2595 3295 2691 3348 Dei
2759 3309 2927 3347 nemo
2972 3300 3155 3363 potest
3211 3294 3405 3349 videre
3443 3300 3499 3348 et
3527 3294 3732 3347 vivere.
3825 3307 3834 3317 '

2042 3386 2169 3453 Ipsa
2202 3386 2285 3437 est
2323 3382 2536 3452 species
2570 3384 2637 3436 ad
2694 3397 2865 3453 quam
2914 3383 3160 3453 suspirat
3187 3382 3288 3454 qui
3340 3385 3514 3437 Deum
3549 3382 3737 3454 diligit

2041 3477 2161 3525 toto
2197 3471 2385 3535 corde,
2417 3474 2533 3523 tota
2565 3469 2777 3535 anima,
2809 3474 2929 3523 tota
2959 3475 3147 3523 mente
3176 3485 3189 3522 :
3250 3470 3317 3524 ad
3376 3485 3550 3541 quam
3595 3485 3733 3523 con-

2040 3560 2448 3631 templandum,
2482 3558 2653 3611 etiam
2684 3558 3013 3629 proximum
3053 3558 3347 3629 diligendo
3406 3559 3550 3612 sicut
3579 3559 3734 3628 seip-

2042 3665 2190 3715 sum,
2224 3651 2501 3719 quantum
2534 3651 2741 3716 potest,
2775 3646 3033 3700 aediﬁcat.
3076 3647 3399 3701 Posteriora
3431 3662 3562 3701 vero
3587 3648 3729 3716 ejus,

2042 3736 2099 3790 id
2130 3742 2234 3803 est,
2266 3735 2717 3789 incarnationem
2741 3737 2884 3806 ejus,
2909 3752 3081 3806 quam
3109 3736 3417 3807 assumpsit
3432 3736 3737 3807 postremis

2042 3825 2418 3894 temporibus,
2474 3839 2627 3877 nunc
2664 3840 2769 3893 per
2821 3825 2995 3878 tidem
3028 3830 3083 3878 et
3113 3825 3476 3879 dilectionem
3507 3824 3735 3879 deside-

2041 3914 2220 3967 rando
2264 3913 2741 3981 contemplemur,
2784 3912 2929 3966 etin
2979 3914 3169 3967 futuro
3223 3919 3437 3967 aeterna
3488 3916 3738 3967 contem-

2042 4002 2297 4074 platione
2328 4002 2605 4055 fruemur.

2114 4091 2274 4144 Vens.
2338 4090 2518 4143 l-i-l6.
2574 4118 2641 4126 —
2702 4089 3076 4156 «Propterea
3143 4088 3447 4157 appellavit
3491 4092 3733 4158 puteum

2050 4201 2075 4228 ‹‹
2109 4179 2294 4243 illum,
2320 4200 2347 4226 »
2373 4182 2477 4231 etc.
2514 4178 2792 4244 (HIBRON.)
2826 4177 3010 4246 Usque
3043 4176 3210 4230 hodie
3231 4181 3435 4245 puteus
3465 4180 3615 4246 Agar
3642 4176 3736 4229 de-

2043 4270 2395 4322 monstratur
2425 4267 2486 4319 in
2509 4266 2731 4321 deserto
2762 4265 3008 4331 Arabim,
3043 4265 3191 4320 inter
3229 4266 3403 4320 Gades
3435 4269 3491 4318 et
3534 4264 3730 4327 Barad,

2044 4357 2197 4429 quod
2247 4356 2531 4427 signiﬁcat
2578 4355 2783 4409 veteris
2848 4355 2990 4425 legis
3040 4360 3097 4408 et
3146 4371 3307 4409 novae
3358 4353 3734 4425 Scripturam,

2045 4462 2215 4517 quam
2248 4445 2507 4499 conditor
2557 4450 2768 4512 noster,
2803 4444 2917 4498 vita
2962 4444 3296 4511 viventium,
3330 4459 3458 4513 spes
3489 4442 3735 4496 morien-

2042 4535 2210 4601 tium,
2252 4534 2467 4588 intuitu
2497 4533 2607 4605 piae
2647 4532 3026 4587 miserationis
3078 4532 3416 4587 mortalibus
3455 4531 3629 4595 dedit,
3674 4537 3739 4583 ut

2044 4624 2226 4679 edocti
2254 4629 2308 4678 et
2339 4640 2369 4676 a
2401 4623 2547 4677 vitiis
2580 4623 2839 4689 correcti,
2872 4623 2970 4677 Dei
3004 4623 3215 4677 visione
3260 4626 3535 4693 perpetuo
3577 4620 3738 4689 digni

2042 4729 2164 4769 esse
2195 4718 2543 4767 mereantur.

2673 4855 2898 4910 CAPUT
2947 4854 3103 4908 XVII.

2116 4980 2273 5035 Vens.
2314 4980 2426 5033 1-4.
2485 5007 2554 5019 -
2740 4998 2767 5024 ‹‹
2824 4978 3154 5046 Ponamque
3204 4975 3409 5036 foedus,
3453 4996 3480 5023 ››
3524 4978 3629 5027 etc.
3677 4974 3740 5027 In

2048 5068 2279 5121 Hebrieo
2326 5067 2500 5121 berith
2532 5065 2731 5133 (r1713),
2797 5064 2950 5135 quod
3000 5080 3115 5117 non
3166 5068 3593 5132 testamentum,
3640 5063 3737 5117 sed

2043 5157 2248 5224 foedus,
2277 5155 2394 5209 sive
2417 5160 2643 5225 pactum
2668 5153 2969 5222 signiﬁcat.

2115 5247 2271 5299 Vsus.
2333 5248 2450 5298 5-7.
2482 5275 2548 5283 -—
2574 5265 2600 5291 ‹‹
2624 5243 2732 5296 Nec
2776 5243 2924 5295 ultra
2957 5242 3254 5297 vocabitur
3284 5257 3515 5296 nomem
3570 5244 3735 5294 tuum

2047 5334 2390 5389 «Abram.»
2445 5316 2715 5395 mimica.)
2758 5330 2961 5384 Dicunt
2994 5330 3214 5385 Hebrmi
3262 5330 3415 5402 quod
3472 5331 3618 5384 Deus
3673 5343 3739 5382 ex

2044 5423 2274 5477 nomine
2305 5438 2429 5487 suo,
2477 5420 2628 5492 quod
2686 5420 2835 5489 apud
2880 5419 3008 5474 illos
3063 5422 3577 5490 tetragrammaton
3624 5420 3736 5499 est,

2043 5513 2078 5567 h
2130 5510 2387 5566 litteram
2430 5509 2689 5575 Abrahae,
2743 5515 2801 5563 et
2866 5508 3021 5563 Serm
3054 5507 3371 5564 addiderit.
3433 5506 3740 5563 Dicebatur
