4050 6188
297 174 391 231 1‘23
903 167 1295 225 WALAFRIDI
1333 168 1580 225 STRABI
1619 169 1822 226 FULD.
1869 170 2029 226 NON.
2070 171 2221 227 OPP.
2265 169 2440 226 PARS
2479 168 2519 223 1.
2560 197 2629 207 —
2667 166 3119 225 THEOLOGICA.

3686 168 3797 245 :24,

287 297 482 349 autem
514 291 743 358 Abram,
780 289 942 363 quod
965 294 1054 346 est
1069 294 1228 359 pater
1253 290 1490 345 ewcelsus
1515 306 1530 357 ;
1560 293 1754 360 postea
1784 288 1967 344 dictus
2004 290 2051 348 A
2084 289 2253 361 (1810.)
2316 288 2644 345 Declaratur
2687 287 2991 359 promissio
3040 287 3110 343 de
3159 287 3449 344 vocatione
3497 289 3786 360 gentium

283 386 370 437 est
398 380 712 450 Abraham,
737 380 891 451 quod
913 385 1000 434 est
1024 384 1183 449 pater
1209 381 1534 443 multarum,
1574 393 1704 431 nam
1736 380 1978 445 gentium

283 472 345 527 in
375 470 610 526 nomine
642 486 758 523 non
788 469 1054 534 habetur,
1084 468 1181 522 sed
1215 466 1572 523 subauditur.
1609 467 1720 520 Nec
1762 465 1976 521 miran-

286 559 422 613 dum
465 558 616 629 quod
644 574 773 611 cum
795 557 948 627 apud
979 557 1202 612 Graecos
1234 562 1290 609 et
1317 571 1419 608 nos
1447 570 1481 608 a
1508 554 1693 608 littera
1719 553 1981 608 videatur

286 645 497 713 addita,
530 647 565 700 ἡ
592 645 781 699 littera
809 644 1003 699 addita
1024 645 1279 697 dicatur:
1306 642 1521 697 idioma
1543 641 1695 696 enim
1727 642 1979 697 Hebraea:

284 736 500 804 linguas
531 736 566 788 ἡ
595 734 891 789 consuevit
914 733 1159 787 scribere
1186 736 1241 785 et
1281 748 1316 786 a
1346 732 1534 802 legere
1567 746 1581 785 :
1613 731 1757 785 sicut
1804 747 1980 786 econ-

285 822 481 888 trario,
514 824 549 877 h
576 823 953 893 pronuntiare
980 827 1036 875 et
1064 838 1099 874 a
1127 819 1392 874 scribere.

358 913 517 966 Vens.
552 914 607 977 8,
634 915 686 973 9,
723 931 749 959 ‹‹
782 910 1049 980 Daboque
1102 908 1205 962 tibi
1252 912 1308 961 et
1354 906 1561 961 semini
1597 909 1696 960 tuo
1728 946 1743 961 .
1786 946 1821 961 ..
1856 946 1871 962 .
1924 912 1983 960 et

288 1019 315 1050 α
348 1015 579 1053 omnem
616 1004 829 1052 terram
879 997 1164 1051 Chanaan.
1207 1019 1225 1044 ο
1262 997 1531 1050 Chanaan
1567 995 1982 1066 interpretatur

288 1094 462 1143 motus
493 1104 675 1142 eorum
707 1102 720 1141 :
751 1087 913 1157 cujus
965 1093 1114 1139 tcrra
1150 1103 1184 1139 a
1230 1084 1495 1139 ﬁdelibus
1551 1084 1613 1138 in
1672 1084 1979 1154 possessio-

288 1192 418 1230 nem
475 1175 768 1245 accipitur,
803 1190 933 1228 cum
965 1190 1125 1227 mens
1154 1174 1312 1243 prius
1353 1172 1591 1226 diversis
1634 1173 1981 1226 circumacta

289 1263 559 1330 motibus,
610 1264 671 1317 in
726 1263 934 1318 melius
986 1266 1226 1326 mutata,
1284 1261 1651 1333 postmodum
1707 1260 1983 1315 irretlexis

284 1353 464 1406 oculis
488 1353 543 1406 in
569 1353 858 1407 anteriora.
889 1352 1235 1405 extenditur.

359 1463 382 1489 ε
417 1443 479 1496 In
503 1442 921 1511 possessionem
954 1446 1250 1496 aeternam.
1289 1461 1311 1490 ι
1346 1440 1524 1511 (Auc.)
1563 1440 1854 1512 Scriptura
1883 1457 1982 1494 vo-

283 1535 374 1583 cat
405 1534 683 1584 aeternum
713 1530 874 1599 cujus
904 1530 1035 1583 ﬁnis
1098 1546 1212 1583 non
1270 1530 1652 1596 constituitur,
1699 1535 1798 1583 aut
1827 1528 1982 1600 quod

285 1634 401 1672 non
433 1617 510 1671 ita
541 1619 605 1672 tit
645 1623 706 1672 ut
735 1618 1002 1688 deinceps
1021 1634 1136 1672 non
1161 1617 1260 1685 fisit
1312 1617 1659 1685 faciendum,
1703 1624 1983 1688 quantum

289 1706 547 1779 pertinet
570 1707 641 1760 ad
672 1723 868 1761 curam
900 1707 984 1762 vel
1016 1710 1354 1777 potestatem
1384 1706 1676 1773 facientis;
1711 1706 1860 1761 unde
1890 1723 1903 1762 :

472 1845 676 1895 Serviet
707 1851 963 1895 aeternum
985 1846 1074 1910 qui
1112 1860 1272 1910 parvo
1303 1846 1504 1895 nesciet
1536 1846 1629 1895 uti.

346 1972 521 2025 Vens.
581 1973 659 2024 lO.
698 2000 766 2011 —
799 1988 825 2023 α
876 1969 1321 2025 Circumcidetur
1377 1985 1442 2024 ex
1506 1969 1666 2024 vobis
1722 1969 1986 2023 masculi'

286 2080 314 2108 ››
347 2074 510 2124 num,
547 2081 568 2106 ι
604 2067 710 2112 etc.
746 2059 992 2127 (Snus)
1022 2059 1224 2113 Tribus
1269 2059 1338 2113 de
1369 2058 1552 2112 causis
1583 2059 1687 2112 hoc
1716 2058 1987 2128 pra-cipi-

287 2152 382 2200 tur
404 2146 674 2200 Abrahae.
710 2146 898 2200 Primo
933 2152 992 2200 ut
1018 2163 1119 2216 per
1144 2146 1531 2201 obedientiam
1580 2146 1831 2199 mandati
1862 2147 1985 2217 pla-

212 2251 219 2256 '
288 2238 434 2295 ceat,
473 2251 574 2304 per
597 2235 761 2305 cujus
790 2235 1315 2305 praevaricationem
1346 2235 1525 2289 Adam
1576 2233 1982 2306 displicuerat;

289 2322 559 2388 seoundo,
591 2327 655 2375 ut
700 2323 806 2376 hoc
836 2322 1000 2392 signo
1032 2340 1064 2376 a
1084 2323 1302 2377 caeteris
1334 2322 1640 2376 natouibus
1705 2321 1987 2376 discerne-

287 2414 473 2475 retur;
504 2410 691 2475 tertio,
725 2416 788 2465 ut
824 2410 883 2464 in
918 2428 985 2466 eo
1018 2411 1277 2465 membro
1307 2412 1673 2465 circumcisus
1720 2411 1882 2481 quod
1912 2412 1981 2465 li-

286 2498 421 2553 bido
452 2500 597 2552 solet
648 2500 954 2565 dominari,
1013 2501 1329 2554 castitatem
1385 2500 1494 2554 sibi
1536 2502 1874 2555 servandam
1930 2505 1989 2556 et

285 2586 703 2657 impudicitiam
741 2588 1175 2642 rescindendam
1201 2592 1588 2657 cognosceret.

357 2676 513 2729 Vsus.
583 2678 771 2730 H-l3.
826 2705 895 2716 —
964 2696 986 2723 ι
1052 2676 1294 2730 Carnem
1343 2675 1631 2746 praeputii.
1726 2697 1747 2725 ι
1821 2675 1979 2743 (ΗΑΒ.

284 2762 499 2833 Suum.)
530 2762 899 2818 Circumcisio
930 2766 1077 2818 facta
1122 2764 1180 2817 in
1224 2780 1338 2817 uno
1373 2765 1631 2818 membro
1701 2763 1987 2834 signiﬁcat

2090 378 2150 433 in
2180 379 2334 434 Isaac
2362 377 2482 433 ﬁlio
2512 377 2931 449 promissionis,
2975 377 3031 431 id
3071 382 3157 431 est
3186 376 3410 447 gratiae,
3452 393 3566 430 non
3618 384 3785 432 natu-

2091 483 2190 535 ras,
2217 466 2354 536 quia
2383 465 2452 519 de
2491 481 2624 519 sene
2648 473 2808 533 patre
2843 468 2900 517 et
2937 465 3114 518 sterili
3156 470 3335 519 matre
3368 481 3381 520 :
3415 472 3472 520 et
3501 467 3637 537 quia
3672 467 3784 522 hoc

2090 571 2209 609 non
2238 571 2340 626 per
2372 553 2821 625 generationem,
2854 553 2999 607 sicut
3030 554 3251 620 lsmael,
3283 555 3377 607 sed
3422 570 3526 624 per
3550 571 3788 625 regene-

2090 642 2371 698 rationem
2429 643 2686 696 futurum
2744 646 2890 709 erat,
2934 641 3213 712 imperata
3265 647 3353 696 est
3401 643 3783 707 circumcisio,

2091 732 2322 803 quando
2374 732 2527 787 Sara:
2572 731 2727 785 titius
2783 731 3202 801 promittuntur
3246 730 3305 783 in
3335 736 3468 803 typo
3498 732 3783 797 Ecclesiae,

2091 837 2207 876 non
2239 821 2467 891 quando
2496 819 2719 884 lsmael,
2745 818 2844 889 qui
2875 824 3043 890 typus
3071 819 3420 874 Judmorum.

2163 908 2610 977 (HlERON.-ISID.)
2666 908 2867 961 Errant
2939 907 3037 978 qui
3090 912 3295 978 putant
3375 908 3640 979 primum
3684 908 3786 963 Sa-

2091 1013 2213 1052 ram
2247 1014 2349 1068 per
2389 1013 2566 1050 unum
2599 1013 2628 1049 r
2656 996 2930 1067 scriptum
2967 995 3164 1062 fuisse,
3199 1002 3253 1049 et
3299 1001 3494 1067 postea
3527 997 3785 1052 additum

2092 1100 2211 1138 esse
2244 1086 2488 1138 alterum
2516 1101 2565 1138 r.
2583 1086 2644 1139 Et
2675 1084 2809 1155 quia
2844 1100 2873 1137 r
2902 1086 3052 1153 apud
3098 1085 3321 1139 Graecos
3353 1089 3560 1139 centum
3615 1085 3785 1153 signi-

2092 1174 2243 1239 ﬁcat,
2279 1173 2488 1227 multas
2504 1188 2677 1243 super
2700 1174 2807 1227 hoc
2833 1172 3064 1226 nomine
3093 1172 3482 1242 suscipiuntur
3518 1174 3780 1244 ineptias.

2092 1279 2222 1317 cum
2273 1268 2329 1315 et
2378 1267 2669 1332 utcunque
2719 1262 2895 1315 velint
2953 1261 3293 1315 vocabulum
3344 1267 3780 1318 commutatum.

2094 1367 2206 1405 non
2256 1352 2529 1417 Grmcam,
2587 1350 2682 1404 sed
2740 1349 3070 1404 Hebraieaui
3129 1352 3298 1403 debet
3339 1351 3553 1403 habere
3608 1354 3786 1403 ratiu-

2094 1457 2245 1495 nem.
2284 1440 2584 1494 Hebraeum
2627 1445 2715 1493 est
2768 1439 2940 1493 enim.
2978 1440 3152 1493 Nemo
3190 1439 3344 1493 enim
3377 1440 3558 1492 altera
3589 1439 3793 1508 lingua

2094 1529 2412 1599 quamlibet
2440 1543 2667 1594 vocans,
2718 1527 3123 1597 etymologiam
3172 1526 3434 1580 vocabuli
3497 1528 3683 1582 sumit
3722 1543 3793 1581 ex

2094 1617 2292 1671 altera.
2326 1616 2483 1671 Sarai
2514 1631 2650 1685 ergo
2677 1615 2927 1686 primum
2967 1620 3160 1669 vocata
3189 1618 3274 1669 est
3304 1615 3451 1684 (ﬁt?)
3511 1631 3615 1683 per
3649 1617 3788 1679 scin,

2091 1722 2196 1773 res,
2249 1705 2360 1761 iod.
2409 1704 2643 1760 Sublata
2673 1721 2809 1774 ergo
2839 1704 2931 1759 iod
2973 1704 3162 1758 addita
3193 1708 3279 1757 est
3328 1706 3391 1757 Ite
3421 1704 3629 1768 littera,
3660 1720 3792 1773 quae

2093 1811 2196 1866 pro
2226 1794 2511 1865 alegitur,
2557 1798 2615 1847 et
2646 1797 2838 1847 vocata
2879 1798 2965 1846 est
2993 1794 3139 1847 Sara
3195 1794 3376 1862 (mi-5).
3425 1794 3604 1846 Antea
3634 1793 3787 1845 enim

2092 1883 2388 1938 dicebatur
2417 1884 2668 1951 princeps
2724 1898 2862 1945 mea,
2919 1880 3054 1952 quia
3115 1881 3280 1953 quasi
3348 1881 3515 1934 unius
3553 1880 3789 1934 familiae

2095 1976 2319 2026 mater:
2377 1976 2573 2041 postea
2620 1971 2882 2024 absolute
2934 1972 3205 2039 princeps,
3258 1970 3519 2023 omnium
3575 1968 3793 2025 scilicet

2090 2060 2351 2132 gentium
2385 2059 2650 2129 princeps
2669 2058 2882 2113 futura.
2917 2058 3159 2121 Quidam
3185 2058 3434 2128 pessime
3493 2058 3791 2128 suspican-

2091 2154 2187 2203 tur
2238 2165 2365 2202 eam
2418 2149 2577 2218 prius
2630 2148 2835 2216 teprum
2882 2147 3056 2201 fuisse
3113 2151 3391 2211 vocatam,
3471 2151 3527 2199 et
3594 2150 3792 2216 postea

2088 2240 2415 2307 principem,
2455 2252 2587 2290 cum
2618 2237 2779 2305 lepra
2806 2238 2959 2289 εαναί
2996 2235 3218 2289 dicatur
3244 2235 3461 2304 (mm),
3531 2234 3684 2305 quod
3725 2234 3789 2289 in

2094 2330 2287 2380 nostra
2318 2326 2513 2395 lingua
2544 2324 2768 2377 videtur
2789 2324 2998 2378 habere
3034 2323 3285 2393 aliquam
3326 2320 3790 2386 similitudinem,

2091 2416 2188 2469 sed
2226 2416 2460 2469 Hebraeo
2492 2414 2720 2484 peritus
2759 2419 2845 2467 est
2889 2413 3129 2467 diversa.
3163 2411 3442 2467 Scribitur
3491 2410 3644 2465 enim
3684 2426 3792 2479 per

2100 2503 2317 2567 zadich,
2340 2506 2397 2555 et
2445 2504 2538 2555 ain
2570 2506 2626 2555 et
2653 2517 2737 2556 res
2765 2507 2822 2555 et
2851 2506 2977 2566 tau;
3009 2501 3161 2570 quod
3194 2517 3225 2554 a
3281 2499 3457 2554 tribus
3483 2497 3793 2569 superiori-

2090 2591 2216 2657 bus,
2252 2590 2305 2643 id
2351 2594 2456 2657 est,
2490 2591 2664 2654 schin,
2722 2604 2807 2643 res
2859 2593 2915 2642 et
2961 2589 3046 2655 he,
3094 2587 3303 2659 quibus
3334 2585 3598 2641 scribitur
3625 2587 3791 2648 Sara.

2093 2678 2396 2731 manifeste
2430 2677 2619 2732 distat.

2164 2767 2328 2819 Vens.
2388 2768 2465 2829 t7,
2529 2768 2614 2819 18.
2673 2796 2739 2804 ——
2784 2786 2811 2813 «
2874 2763 3087 2819 Cecidit
3137 2763 3425 2817 Abraham
3479 2763 3537 2816 in
3587 2762 3793 2817 faciem

289 2852 785 2907 circumcisionem
814 2852 1191 2922 spiritualem,
1224 2869 1355 2923 qua:
1396 2854 1451 2905 in
1483 2853 1648 2906 corde
1681 2857 1736 2906 et
1764 2852 1825 2906 in
1852 2868 1983 2906 om-
2019 2865 2058 2918 ί]
2090 2869 2272 2919 suam,
2320 2858 2385 2906 et'
2436 2852 2560 2906 risit
2615 2852 2674 2906 ir.
2705 2854 2873 2907 corde
2927 2869 3051 2905 suo.
3095 2874 3121 2899 ››
3156 2851 3442 2921 (lituum)
3477 2852 3607 2903 Post
3645 2864 3794 2919 pau-

286 2941 456 2995 nibus
503 2942 761 2994 sensibus
816 2941 1134 2995 exhibenda
1175 2946 1280 2995 est.
1327 2941 1860 2997 Circumcidendum
1895 2948 1987 2998 est

284 3045 399 3094 cor,
426 3045 497 3083 ne
554 3030 717 3083 noxia
769 3031 1121 3100 cogitemus;
1175 3030 1345 3095 oculi,
1407 3046 1477 3083 ne
1537 3029 1843 3083 vanitatem
1902 3030 1985 3084 vi-

286 3118 564 3183 deamus;
621 3133 787 3170 aures
841 3117 1315 3171 circumcidendre
1376 3123 1526 3179 sunt,
1590 3117 1646 3172 id
1681 3123 1761 3171 est
1819 3118 1983 3171 obtu-

288 3206 504 3270 randae,
541 3221 610 3259 ne
636 3205 875 3259 audiant
922 3206 1309 3274 sanguinem:
1352 3210 1409 3258 et
1466 3206 1545 3259 sic
1602 3206 1662 3260 in
1716 3206 1986 3260 omnibus

292 3294 547 3347 sensibus
578 3292 915 3346 celebranda
945 3299 1029 3346 est
1057 3293 1433 3347 circumcisio.

358 3381 607 3452 (Aecum.
631 3383 689 3434 in
721 3382 889 3446 Gen.,
923 3388 1061 3436 tom.
1096 3382 1162 3452 Ι.)
1198 3383 1328 3435 Ideo
1361 3386 1553 3435 autem
1587 3382 1832 3437 Abrahae
1884 3381 1988 3436 cir-

290 3470 562 3525 cumcisio
586 3470 982 3523 commendata
1036 3474 1138 3536 est,
1174 3473 1303 3533 etc.,
1342 3485 1512 3539 usque
1539 3470 1613 3523 ad
1653 3470 1801 3525 unde
1847 3470 1984 3525 olim

289 3557 753 3631 praevaricatores
784 3563 1203 3628 generavernnt
1229 3558 1297 3612 ad
1332 3564 1593 3613 mortem.

357 3647 681 3715 Allegorice.
711 3647 835 3700 Jam
870 3651 1002 3700 tunc
1044 3650 1280 3716 propter
1333 3646 1589 3700 futuram
1653 3646 1984 3717 peregrina-

287 3736 529 3804 tionem,
562 3751 633 3788 ne
659 3735 993 3788 misceretur
1025 3750 1220 3788 semen
1249 3734 1372 3804 ejus
1420 3734 1709 3804 gentibus,
1742 3733 1985 3787 circum-

287 3824 518 3878 cisionis
548 3828 781 3893 pactum
810 3822 979 3877 datur
1009 3822 1068 3876 in
1101 3822 1331 3893 signum
1356 3839 1368 3876 :
1403 3822 1539 3893 quia
1576 3822 1858 3892 signiﬁcat
1885 3838 1985 3876 na-

288 3915 475 3965 turam
525 3917 857 3975 renovatam
909 3925 1011 3980 per
1067 3909 1437 3979 baptismum,
1498 3916 1625 3981 post
1689 3910 1983 3980 spoliatio-

290 4015 428 4054 nem
458 3999 663 4053 veteris
719 3998 968 4053 hominis
1011 4014 1113 4069 per
1170 3998 1479 4064 Christum,
1536 3998 1636 4069 qui
1683 3999 1989 4053 resurrexit

294 4092 423 4158 post
451 4087 822 4158 baptismum.
869 4086 1072 4141 Servos
1118 4103 1252 4140 vero
1283 4088 1635 4154 vernaculos,
1696 4087 1987 4158 emptitios

2095 2943 2216 2996 lum
2272 2942 2530 3012 sequitur
2577 2958 2591 2996 :
2651 2964 2678 2989 ‹‹
2740 2943 2805 2995 Et
2852 2941 3075 2996 vocabis
3123 2956 3332 2993 nomen
3392 2940 3513 3008 ejus
3536 2939 3725 2992 Isaac:
3758 2958 3788 2984 η

2097 3030 2366 3102 quirisus
2394 3030 2803 3100 interpretatur
2831 3031 2899 3083 de
2930 3030 3046 3083 risu
3099 3029 3364 3092 Abrahae,
3400 3044 3519 3080 non
3565 3027 3633 3081 de
3671 3026 3794 3080 risu

2096 3120 2268 3173 Sarae.
2331 3120 2633 3189 Postquam
2692 3118 2846 3171 enim
2903 3133 2968 3171 ex
3009 3118 3125 3171 risu
3175 3117 3417 3170 Abrahae
3444 3121 3673 3168 vocatus
3703 3119 3795 3168 est

2096 3207 2246 3261 titius
2277 3207 2400 3275 ejus
2429 3207 2603 3273 Isaac,
2638 3207 2847 3273 legitur
2874 3208 3067 3261 Saram
3102 3205 3310 3259 risisse.

2171 3317 2197 3344 ‹‹
2250 3296 2469 3348 Nomen
2519 3294 2641 3362 ejus
2697 3295 2862 3348 Isaac.
2922 3316 2948 3342 ››
2981 3294 3283 3348 Sciendum
3343 3291 3495 3363 quod
3545 3295 3795 3362 quatuor

2097 3382 2154 3435 in
2196 3383 2382 3436 Veteri
2423 3382 2781 3436 Testamento
2828 3381 3159 3434 nominibus
3206 3379 3323 3432 suis
3379 3384 3592 3449 aperte,
3634 3381 3793 3430 aute-

2096 3487 2269 3542 quam
2301 3476 2685 3532 nascerentur,
2717 3471 2899 3523 vocati
2919 3475 3050 3523 sunt
3084 3485 3097 3523 :
3150 3468 3371 3532 lsmael,
3423 3468 3599 3535 Isaac,
3628 3465 3795 3520 Sam-

2096 3575 2218 3613 som
2238 3565 2293 3613 et
2316 3560 2517 3613 Josias.
2555 3560 2701 3629 Lege
2723 3558 3058 3628 Scripturas.

2170 3648 2325 3701 Vens.
2381 3650 2463 3701 19.
2501 3676 2571 3686 -
2624 3667 2651 3695 ‹‹
2686 3646 3037 3699 Constituam
3087 3649 3316 3715 pactum
3376 3657 3589 3709 meum,
3620 3661 3648 3688 η
3681 3645 3799 3694 etc.

2098 3736 2331 3790 Pactum
2379 3750 2511 3789 vero
2554 3734 2781 3789 Domini
2820 3750 2949 3787 cum
3007 3734 3178 3797 Isaac,
3220 3732 3432 3803 populo
3479 3731 3689 3784 scilicet
3716 3729 3800 3783 ti-

2098 3823 2231 3887 deli,
2264 3838 2435 3893 quem
2470 3826 2651 3875 mater
2682 3820 2924 3875 Ecclesia
2958 3837 3060 3890 per
3106 3820 3278 3874 tidem
3329 3824 3387 3873 et
3446 3818 3799 3889 baptismum

2097 3911 2408 3982 generavit.
2460 3931 2489 3959 ‹‹
2535 3912 2597 3964 Et
2616 3910 2797 3964 foedus
2849 3909 3284 3980 sempiternum,
3336 3930 3362 3957 ι)
3398 3906 3534 3977 quia
3563 3912 3804 3961 aeternae

2098 4002 2228 4055 vitae
2262 4000 2541 4071 possessio
2590 3999 2643 4053 ei
2685 3999 2792 4052 soli
2829 3998 3205 4069 promittitur,
3268 3996 3368 4067 qui
3425 4013 3553 4051 cum
3608 3994 3803 4066 capite

2099 4106 2201 4143 suo
2223 4089 2445 4145 Christo
2473 4104 2713 4159 regnum
2747 4088 3116 4158 coelisemper
3138 4086 3469 4156 possidebit.

289 4157 487 4243 etiam,
530 4157 881 4229 circumcidi
939 4175 1233 4245 praecepit,
1269 4180 1333 4229 ut
1386 4175 1617 4229 doceret
1668 4175 1738 4230 ad
1786 4157 1986 4229 omnes
2029 4157 2068 4210 Ι)
2168 4179 2324 4233 Vens.
2380 4180 2463 4231 20.
2528 4157 2593 4218 -'-
2655 4198 2682 4226 ‹‹
2733 4177 2915 4246 Super
2969 4157 3192 4239 lsmael,
3251 4195 3279 4224 »
3337 4180 3444 4229 etc.
3508 4174 3796 4228 Historice-

289 4262 576 4336 pertinere
640 4261 1050 4333 redemptionis
1103 4263 1369 4333 gratiam.
1434 4264 1514 4317 lbi
1570 4269 1629 4318 et
1682 4268 1986 4334 parentum

292 4358 589 4407 mutantur
644 4350 902 4418 nomina,
961 4355 1026 4405 ut
1089 4351 1282 4405 omnia
1330 4355 1595 4406 resonent
1652 4352 1982 4407 novitatem.

289 4440 522 4506 Abram,
567 4444 737 4510 pater
763 4440 1001 4494 excelsus
1037 4456 1051 4507 ;
1107 4439 1415 4505 Abraham,
1452 4445 1613 4511 pater
1690 4443 1988 4497 multarum

290 4531 552 4598 gentium.

362 4620 521 4672 Vens.
550 4618 634 4672 14.
657 4646 725 4657 --
762 4637 790 4665 ‹‹
816 4616 1093 4672 Masculus
1121 4615 1283 4686 cujus
1326 4615 1595 4687 praeputii
1628 4632 1780 4685 caro,
1813 4639 1840 4666 »
1874 4621 1985 4672 etc.

288 4707 464 4777 (Ism.)
492 4705 777 4771 Quaeritur
802 4704 1095 4777 quomodo
1125 4705 1287 4775 pueri
1317 4704 1637 4759 circumcisi
1668 4704 1683 4774 (
1723 4706 1821 4776 qui
1856 4706 1985 4776 'pa-

289 4800 442 4847 ctum
478 4794 574 4849 Dei
605 4794 835 4847 irritum
869 4808 982 4846 non
1014 4792 1288 4861 fecerunt,
1321 4794 1416 4847 sed
1455 4793 1555 4864 qui
1604 4809 1699 4848 eos
1737 4794 1987 4848 circum-

291 4881 481 4936 cidere
547 4880 942 4952 neglexerunt)
1001 4880 1190 4951 perire
1245 4881 1541 4937 debeant?
1595 4882 1702 4937 Sed
1758 4887 1987 4958 pyctum

294 4969 395 5024 Dei
421 4984 537 5022 non
566 4970 880 5023 secundum
920 4985 1083 5040 opus,
1117 4969 1215 5024 sed
1247 4969 1559 5024 secundum
1590 4969 1875 5039 originem
1928 4969 1987 5024 in

291 5052 481 5123 primo
514 5053 748 5107 homine
782 5054 1005 5109 irritum
1039 5055 1315 5123 fecerunt,
1350 5056 1406 5109 in
1440 5072 1555 5127 quo
1604 5072 1802 5110 omnes
1855 5072 1987 5126 pec-

292 5147 589 5197 caverunt.
660 5144 980 5198 Nascuntur
1019 5144 1173 5198 enim
1209 5160 1428 5211 omnes,
1464 5161 1578 5198 non
1611 5145 1837 5216 proprie
1888 5144 1987 5199 sed

296 5230 671 5301 originaliter,
701 5238 1045 5303 peccatores.
1080 5232 1213 5287 Ideo
1242 5238 1492 5304 pereunt
1518 5249 1720 5288 omnes
1749 5233 1850 5305 qui
1888 5250 1990 5305 per

298 5321 790 5390 regenerationem
811 5337 925 5375 non
948 5321 1283 5376 liberantur.

369 5409 525 5462 Vens.
604 5412 688 5477 15,
746 5412 829 5464 16.
882 5440 948 5449 -
1007 5428 1033 5459 α
1087 5409 1246 5465 Sarai
1306 5427 1541 5467 uxorem
1581 5416 1763 5479 tuam,
1824 5414 1985 5467 etc.»

2096 4265 2295 4319 lsmael
2336 4263 2613 4334 populum
2642 4264 2975 4317 Judaaorum
3003 4262 3304 4332 signiticet,
3356 4261 3456 4332 qui
3510 4259 3798 4329 multipli-

2091 4359 2247 4407 catus
2273 4356 2357 4406 est
2419 4352 2613 4415 valde;
2674 4351 2973 4405 duodecim
3043 4351 3214 4405 duces
3283 4350 3597 4422 generavit,
3657 4363 3797 4402 cum

2095 4440 2399 4497 multitudo
2455 4439 2771 4494 carnalium
2816 4440 3141 4494 Iudaeorum
3207 4455 3273 4492 ex
3334 4437 3632 4492 duodecim
3690 4450 3797 4505 pa-

2095 4527 2359 4585 triarchis
2397 4527 2608 4597 genita,
2642 4527 2701 4581 in
2724 4527 3027 4581 duodecim
3060 4526 3245 4591 tribus
3274 4531 3357 4579 est
3381 4525 3594 4578 divisa.-

2166 4619 2327 4671 Vsus.
2360 4619 2449 4670 21.
2479 4646 2545 4658 -
2574 4638 2601 4664 ‹‹
2633 4617 2695 4670 in
2725 4631 2876 4670 anno
2905 4616 3101 4670 altero.
3142 4636 3171 4664 »
3223 4616 3422 4669 Annus
3461 4614 3627 4681 alter,
3675 4628 3801 4683 quo

2094 4705 2231 4760 Sara
2259 4705 2460 4775 genuit
2491 4705 2663 4770 Isaac,
2687 4709 2950 4774 tempora
2978 4708 3113 4757 sunt
3154 4701 3625 4773 regenerationis.
3659 4700 3799 4768 qui-

2096 4792 2376 4848 busl‘usus
2397 4796 2481 4846 est
2502 4792 2735 4863 sanguis
2786 4792 2995 4846 Christi
3025 4796 3080 4846 et
3117 4807 3299 4863 genus
3349 4791 3669 4845 humanum
3723 4791 3804 4845 ad

2098 4881 2271 4935 vitam
2310 4885 2714 4935 restauratum.
3604 4938 3614 4946 ,

2166 4970 2325 5023 Vsus.
2353 4972 2441 5024 2‘2.
2478 4998 2539 5008 —
2580 4968 2907 5023 «Ascendit
2964 4968 3110 5022 Deus
3153 4967 3222 5023 ad
3273 4968 3584 5032 Abraham,
3630 4988 3657 5014 «
3683 4970 3807 5023 etc.

2098 5058 2309 5123 (Glossa
2348 5057 2587 5126 Graeca.)
2630 5057 2797 5128 Ergo,
2828 5059 2889 5111 ut
2944 5056 3024 5110 ita
3052 5056 3258 5123 dicam,
3319 5056 3710 5120 descenderat,
3745 5061 3810 5113 et

2100 5146 2379 5201 humilem
2440 5161 2520 5211 se,
2566 5144 3013 5200 circumcisionis
3071 5147 3256 5217 legem
3312 5149 3589 5211 statuens,
3647 5160 3807 5215 prm-

2098 5234 2321 5289 buerat.

2171 5325 2331 5378 Vsus.
2388 5325 2578 5379 23-27.
2632 5353 2698 5363 —
2759 5343 2787 5372 ‹‹
2843 5321 2997 5378 Tulit
3051 5326 3245 5378 autem
3312 5322 3623 5389 Abraham,
3692 5327 3805 5379 etc.

2101 5412 2223 5467 Non
2255 5410 2588 5467 intendebat
2618 5413 2767 5468 Deus
2824 5415 2889 5467 ut
2931 5415 3156 5467 tantum
3206 5410 3556 5486 praeputium
3612 5412 3812 5468 carnis
