4086 6190
190 244 282 297 l'25
1347 242 1602 301 CLOSSA
1639 242 2043 301 0RDINARIA.
2082 273 2149 284 —
2193 246 2317 302 LIB.
2360 245 2520 303 GEN.

3589 257 3687 311 126

182 362 423 419 Abrahie
479 367 539 419 et
596 363 811 419 sobolis
868 363 991 435 ejus
1074 362 1600 432 circumcideretur,
1651 364 1748 419 sed
1804 363 1879 431 ei,
1920 365 2142 423 Avisus
2198 371 2283 421 est
2337 368 2514 435 (Joan.
2563 370 2703 437 vm).
2742 392 2762 418 ι
2825 370 3093 427 Ρτωνὶάίί
3150 373 3305 429 enim
3348 377 3685 448 mysterium

184 468 347 524 quem
384 469 415 506 ει
446 452 668 507 cunctis
695 454 968 524 elegerat,
1008 452 1210 507 aeterni
1251 452 1600 507 Testamenti
1642 468 1885 507 munera

185 541 539 607 conferebat;
593 542 744 596 unde
806 543 1011 596 Paulus
1064 541 1210 596 Phil.
1270 558 1328 595 ιιι
1374 556 1388 596 :
1436 560 1464 591 ι)
1526 542 1635 595 Nos
1688 558 1885 596 sumus

186 630 331 682 enim
385 629 775 696 circumcisio,
826 631 925 700 qui
971 630 1177 701 spiritu
1238 631 1349 684 Deo
1399 630 1696 684 servimus.
1752 648 1777 682 ι
1826 632 1886 685 Et

187 718 337 783 alibi,
375 719 542 773 Rom.
597 735 680 773 ιιι
732 738 760 770 α(
802 720 924 774 Non
979 719 1131 773 enim
1185 718 1283 790 qui
1316 718 1374 772 in
1432 719 1733 773 manifesto
1785 720 1883 775 Ju-

189 804 339 857 daaus
395 811 486 857 est
540 821 727 876 neque
785 822 913 877 quae
972 806 1031 859 in
1084 806 1411 873 manifesto,
1437 806 1495 859 in
1555 822 1745 871 carne,
1802 811 1887 860 est

188 893 566 948 circumcisio.
610 915 637 942 ››
689 893 1174 949 Circumcidamus
1219 911 1357 961 ergo
1426 894 1525 949 Dei
1566 894 1738 948 verbo
1790 910 1888 946 au-

187 1007 291 1051 res.
331 991 505 1054 labia,
531 1006 647 1057 cor,
680 991 1032 1061 praeputium
1062 996 1117 1045 et
1147 992 1346 1046 omnia
1380 991 1639 1045 membra
1678 991 1884 1045 carnis.

189 1081 261 1134 De
311 1080 746 1134 circumcisione
802 1080 1029 1134 aurium
1084 1080 1292 1135 dicitur
1342 1081 1471 1134 Luc.
1518 1097 1610 1133 vui
1654 1096 1726 1134 :u
1781 1079 1887 1145 Qui

187 1168 359 1222 habet
413 1185 585 1222 aures
620 1168 911 1236 audiendi,
962 1170 1219 1235 audiat;»
1272 1168 1683 1223 iucircumcisis
1732 1169 1885 1223 auri-

183 1257 287 1310 bus
313 1258 490 1310 verba
531 1257 826 1327 sapientia:
870 1262 925 1310 et
966 1258 1217 1311 veritatis
1270 1274 1387 1311 non
1440 1274 1742 1328 possumus
1794 1273 1888 1311 au-

185 1348 328 1401 dire.
398 1344 887 1399 Circumcidamus
937 1345 1108 1412 labia,
1174 1363 1243 1399 ne
1288 1346 1504 1417 aliquid
1556 1353 1741 1416 turpe,
1800 1348 1884 1399 vel

184 1434 424 1498 malum,
456 1434 545 1486 vel
577 1433 825 1487 otiosum
867 1434 1191 1505 loquamur.
1244 1434 1607 1489 Circumcidit
1655 1450 1884 1488 carnem

186 1521 482 1593 praeputii,
515 1520 615 1592 qui
641 1524 758 1576 sola
812 1538 981 1576 causa
1029 1523 1400 1593 posteritatis,
1442 1524 1611 1577 certis
1640 1528 1695 1577 et
1744 1524 1884 1593 legi~

184 1611 340 1664 timis
372 1610 755 1680 temporibus,
803 1610 1073 1680 conjugio
1120 1612 1297 1664 utitur
1331 1628 1344 1666 :
1377 1611 1477 1682 qui
1529 1612 1696 1666 aliter
1744 1613 1882 1683 agit,

184 1713 305 1752 non
355 1697 736 1751 circumcidit.
807 1696 1051 1751 Ecclesia
1096 1713 1247 1765 vero,
1292 1698 1473 1767 gratia
1521 1698 1727 1752 Christi
1783 1715 1887 1769 pro

187 1802 244 1839 se
270 1784 535 1838 cruciﬁxi
564 1784 845 1849 roborata,
881 1800 998 1839 non
1030 1785 1215 1839 solum
1264 1802 1323 1839 se
1354 1786 1424 1840 ab
1472 1785 1687 1840 illicitis
1735 1792 1885 1841 tem-

190 1879 370 1946 perat,
391 1873 493 1928 sed
518 1873 692 1927 etiam
724 1891 755 1927 a
776 1874 1078 1941 concessis,
1107 1880 1164 1928 et
1185 1880 1473 1946 tamquam
1496 1876 1567 1930 vii
1584 1892 1657 1947 go
1680 1894 1889 1947 sponsa

190 1960 398 2017 Christi
436 1961 667 2032 pudicis
716 1960 1035 2032 virginibus
1064 1960 1247 2027 ﬂoret,
1292 1962 1352 2015 in
1377 1960 1586 2032 quibus
1615 1978 1747 2016 vera
1786 1963 1888 2015 cir-

192 2050 466 2105 cumcisio
491 2049 764 2121 praeputii
796 2056 1056 2105 servatur
1091 2050 1150 2104 in
1177 2066 1362 2103 carne.
1406 2050 1513 2114 Qui
1544 2056 1736 2105 autem
1772 2067 1888 2105 non

198 2140 475 2193 obscaenis
520 2138 836 2202 desideriis,
889 2139 976 2193 vel
1009 2138 1269 2193 sensibus
1296 2138 1602 2205 hmreticis,
1643 2146 1701 2194 et
1732 2140 1887 2194 blas-

193 2229 419 2299 phemis
469 2227 908 2293 assertionibus,
961 2228 1296 2293 mmchatur,
1344 2227 1441 2281 sed
1490 2226 1623 2282 ﬁdei
1666 2229 1887 2299 purita-

192 2325 301 2372 tem
326 2318 387 2371 in
439 2316 796 2371 conscientia
840 2316 1105 2384 custodit,
1150 2316 1317 2370 corde
1356 2316 1721 2371 circumcisus
1758 2321 1885 2372 est:

188 2412 243 2459 et
272 2407 341 2460 de
372 2421 443 2458 eo
500 2404 614 2459 dici
669 2409 861 2475 potest
893 2421 905 2459 :
937 2423 964 2455 ι
1028 2404 1181 2458 Beati
1227 2404 1442 2458 mundo
1493 2405 1661 2458 corde
1690 2406 1885 2473 (Math.

186 2498 261 2563 v),
304 2515 329 2542 ι
362 2499 475 2548 etc.
510 2494 1009 2548 Circumcidantur
1049 2509 1274 2560 manus,
1333 2508 1402 2546 ne
1447 2494 1598 2547 mala
1656 2493 1888 2558 faciant,

188 2582 384 2653 pedes,
432 2597 507 2635 ne
538 2580 599 2633 in
630 2580 848 2634 malum
879 2585 1112 2634 currant
1145 2596 1157 2633 :
1184 2580 1355 2644 visus,
1407 2595 1477 2633 ne
1518 2579 1715 2634 illicita
1766 2597 1892 2634 cou-

192 2670 472 2742 cupiscat;
536 2674 757 2739 gustus,
791 2674 855 2723 ut
910 2668 981 2722 ad
1038 2668 1281 2738 gloriam
1340 2668 1439 2721 Dei
1488 2668 1797 2722 manducet
1836 2674 1892 2722 et

194 2760 378 2823 bibat;
413 2757 692 2811 odoratus
748 2762 807 2810 ut
838 2757 1046 2812 Christi
1096 2757 1332 2810 odorem
1369 2756 1572 2827 capiat,
1609 2762 1665 2810 et
1706 2757 1892 2828 operi-

192 2849 294 2900 bus
348 2846 764 2901 misericordiae
814 2847 1053 2901 odorem
1106 2846 1403 2899 suavitatis
1458 2852 1705 2917 spargat.
1762 2847 1890 2902 Sin-

1993 453 2170 509 futuri
2222 455 2581 511 sacramenti.
2641 457 2800 513 Unde
2854 460 3030 529 pedes
3078 477 3282 517 eorum
3326 464 3481 530 lavit,
3535 468 3689 522 utin

1994 543 2107 597 ﬁne
2141 543 2341 598 mundi
2373 544 2832 614 purilicationem
2865 548 3068 604 lavacri
3109 551 3363 607 futuram
3411 560 3695 609 monstra-

1995 638 2106 697 ret;
2142 632 2309 702 pedes
2340 632 2494 686 enim
2527 634 2833 689 novissima
2867 636 3209 706 signiﬁcant.

2065 720 2214 783 Quos
2266 736 2397 775 cum
2456 721 2701 775 vidisset.
2762 744 2788 774 υ
2848 724 3192 795 (Gneo.,lib.
3255 745 3308 783 lx
3360 731 3585 797 Moral.,
3643 746 3692 785 c.

1994 811 2109 874 5|.)
2140 811 2434 863 .lloraliter.
2470 810 2755 866 Abraham
2802 814 2983 867 tribus
3011 815 3228 885 angelis
3258 819 3525 885 occurrit,
3558 819 3696 892 quia

1995 895 2080 948 vir
2112 902 2168 949 et
2195 896 2461 950 dominus
2491 900 2710 963 domus,
2754 901 2961 954 scilicet
2996 903 3307 973 spiritualis
3348 906 3694 971 intellectus,

1994 983 2161 1038 debet
2190 985 2248 1038 in
2287 985 2616 1055 cognitione
2670 988 2961 1042 Trinitatis
3009 992 3255 1045 claustra
3283 995 3471 1047 carnis
3524 1011 3687 1049 exce-

1996 1072 2151 1139 dere,
2210 1079 2267 1127 et
2324 1074 2487 1144 quasi
2539 1074 2907 1130 habitationis
2939 1077 3169 1143 ,inlimaa
3222 1081 3461 1150 ianuam
3516 1088 3692 1137 exire.

1996 1163 2142 1218 Cura
2179 1161 2385 1229 carnis,
2417 1177 2590 1232 quam
2636 1162 2771 1217 Sara
2817 1164 3121 1235 signiﬁcat,
3170 1167 3311 1222 foris
3357 1171 3427 1223 ad
3466 1171 3692 1239 jactan-

1996 1244 2133 1298 tiam
2165 1261 2280 1298 non
2311 1254 2605 1315 appareat,
2636 1248 2735 1301 sed
2767 1256 2895 1319 post
2921 1256 3143 1321 tergum
3179 1252 3306 1320 viri,
3346 1254 3399 1308 id
3432 1261 3537 1321 est,
3590 1257 3695 1310 sub

1997 1332 2337 1387 discretione
2398 1334 2654 1403 spiritus,
2712 1336 2843 1389 solis
2901 1340 3234 1394 necessariis
3292 1341 3534 1411 intenta,
3592 1360 3695 1399 ne-

1998 1422 2136 1475 sciat
2170 1422 2479 1491 procaciter
2507 1423 2698 1492 detegi
2728 1428 2823 1477 Sed
2857 1429 3168 1481 verecunde
3192 1429 3495 1484 moderari.

2070 1510 2262 1578 (Ibid,
2297 1510 2393 1564 lib.
2428 1526 2619 1577 xxvui,
2653 1527 2700 1566 c.
2764 1512 2836 1582 4)
2886 1515 3174 1570 Abraham
3243 1532 3359 1570 non
3418 1518 3699 1589 potuisset

1999 1600 2235 1669 angelos
2262 1599 2472 1666 videre,
2506 1600 2754 1671 hospitio
2784 1603 3069 1673 suscipere
3119 1610 3177 1658 et
3208 1605 3363 1659 cibos
3396 1607 3694 1675 adhibere,

1998 1689 2108 1743 nisi
2150 1704 2353 1758 corpus
2411 1704 2476 1741 ex
2508 1705 2638 1743 aere
2690 1692 3158 1760 assumpsissent:
3219 1709 3336 1746 non
3395 1695 3548 1749 enim
3601 1713 3699 1767 ap-

1994 1783 2283 1849 parerent,
2326 1792 2442 1830 non
2494 1777 2647 1831 cibos
2704 1785 3018 1847 sumerent,
3079 1781 3190 1835 nisi
3214 1782 3463 1837 solidum
3492 1800 3701 1856 corpus

1995 1882 2065 1919 ex
2119 1865 2331 1919 cmlesti
2389 1865 2674 1919 elemento
2738 1866 3032 1922 haberent.
3098 1869 3211 1923 Nec
3269 1870 3481 1924 mirum
3545 1874 3699 1944 quod

1997 1954 2170 2009 modo
2202 1954 2414 2026 angeli,
2448 1955 2615 2009 modo
2654 1956 2930 2010 Dominus
2985 1964 3279 2026 vocantur,
3330 1960 3467 2030 quia
3509 1960 3704 2033 angeli

1994 2049 2290 2113 vocantur,
2319 2044 2419 2115 qui
2458 2044 2703 2099 exterius
2736 2044 3081 2115 ministrant,
3114 2052 3169 2101 et
3200 2048 3477 2104 Dominus
3507 2057 3699 2105 osten-

1997 2132 2171 2199 ditur,
2206 2132 2304 2202 qui
2335 2133 2414 2186 eis
2442 2132 2682 2187 interius
2714 2133 2978 2204 imperat.

2071 2221 2231 2275 Vens.
2265 2221 2319 2283 4,
2351 2224 2403 2275 5.
2438 2251 2505 2259 -
2559 2240 2587 2272 α
2619 2221 2729 2275 Sed
2778 2221 3034 2275 atferam.
3073 2241 3099 2273 ι)
3160 2223 3245 2278 Ad
3298 2223 3701 2295 hospitalitatis

1998 2307 2186 2361 ofﬁcia
2216 2307 2538 2377 revertitur,
2586 2323 2715 2378 quae
2763 2308 2938 2362 etiam
2995 2309 3212 2378 angelis
3263 2312 3518 2365 exhiberi
3571 2330 3702 2383 pos-

1998 2400 2150 2464 sunt,
2207 2412 2336 2449 cum
2392 2412 2461 2450 ex
2518 2395 2816 2451 elementis
2872 2413 3209 2467 corpoream
3263 2399 3506 2454 formam
3548 2418 3704 2455 assu-

2000 2490 2167 2538 munt
2197 2501 2209 2538 :
2242 2484 2393 2555 quod
2443 2485 2727 2539 Abraham
2784 2485 3135 2558 intelligens,
3184 2488 3456 2543 deitatem
3488 2489 3545 2543 in
3581 2490 3698 2544 uni—

1998 2577 2112 2626 tate
2140 2572 2432 2638 adorabat,
2466 2580 2523 2626 et
2552 2572 2968 2644 dispensationi
2997 2577 3270 2646 angelicas
3309 2576 3369 2630 in
3400 2580 3586 2631 forma
3619 2581 3699 2631 vi-

2001 2661 2152 2715 sibili
2184 2661 2567 2716 ministrabat.

2073 2751 2233 2804 Vsus.
2275 2754 2325 2805 6.
2355 2780 2423 2789 —
2466 2750 2655 2805 «Tria
2687 2757 2824 2805 sala.
2884 2770 2913 2803 η
2974 2753 3103 2806 Haec
3158 2752 3216 2807 in
3276 2758 3473 2824 typum
3523 2755 3702 2810 Eccle-

2001 2838 2100 2892 siae
2130 2839 2417 2904 dicuntur,
2452 2854 2578 2909 quae.
2606 2839 2675 2893 de
2706 2840 2889 2893 tribus
2922 2841 3123 2895 mundi
3171 2843 3432 2912 partibus
3479 2843 3539 2897 in
3573 2845 3700 2897 uni-

190 2938 321 3005 gula
351 2952 587 3007 quoque
627 2935 907 2999 membra,
970 2935 1018 2987 si
1076 2934 1137 2988 in
1184 2934 1386 2988 ofﬁciis
1450 2935 1561 2988 Deo
1621 2935 1889 2999 serviant,
1920 2951 1958 3005 ς
1999 2931 2177 2981 tatem
2205 2927 2341 2981 ﬁdei
2386 2933 2731 2998 congregata
2772 2933 2872 2997 est,
2908 2934 2963 2982 et
2983 2930 3147 3000 quasi
3186 2931 3349 3001 panis
3403 2931 3525 2985 sine
3582 2933 3699 2987 fer-

162 3023 529 3077 ’circumcisa
554 3028 704 3077 sunt.
740 3023 797 3077 Si
856 3023 1008 3077 ultra
1046 3022 1439 3095 praescriptam
1480 3023 1669 3093 legem
1727 3023 1891 3077 luxu-

194 3112 363 3175 rient,
401 3111 821 3166 incircumcisa.

262 3200 520 3265 (HIBBON.
565 3200 801 3268 Snus.)
828 3198 1016 3263 Quaeri
1039 3199 1183 3253 solet
1212 3198 1501 3270 quomodo
1532 3197 1761 3253 feminae
1776 3199 1893 3253 sal-

195 3288 496 3353 vabantur,
531 3305 661 3358 qua:
692 3305 810 3341 non
856 3287 1452 3342 circnmcidebantur?
1496 3288 1629 3342 Fide
1681 3288 1895 3341 scilicet

194 3380 249 3429 et
302 3376 628 3430 hostiarum
677 3376 988 3437 oblatione,
1037 3376 1184 3429 sicut
1215 3380 1347 3429 ante
1402 3375 1894 3431 circumcisionem

193 3464 299 3518 viri
345 3465 536 3518 sancti
608 3466 1073 3521 mundabantur:
1106 3466 1262 3522 unde
1320 3483 1334 3523 :
1393 3466 1526 3522 Fide
1585 3466 1897 3537 puriﬁcans

191 3554 364 3608 corda
395 3569 626 3608 eorum.
662 3572 689 3605 η

798 3695 1025 3750 CAPUT
1073 3696 1263 3752 XVIII.

266 3819 432 3872 Vens.
468 3821 515 3871 l.
551 3847 621 3859 —
664 3839 686 3866 ι
718 3819 1000 3890 Apparuit
1028 3824 1219 3874 autem
1241 3819 1293 3873 ei
1348 3820 1625 3874 Dominus
1676 3820 1736 3873 in
1768 3835 1899 3874 cou-

200 3926 225 3955 ι
257 3907 409 3960 valle
440 3906 708 3961 Mambre.
743 3926 773 3958 ιο
815 3908 963 3978 (Ιειι).
996 3911 1053 3962 in
1082 3911 1198 3963 Gen
1227 3909 1246 3977 )
1292 3908 1577 3963 Abraham
1620 3908 1899 3978 triplicem

201 3996 453 4066 ﬁguram
520 3995 699 4064 gerit:
772 3996 1041 4066 primam,
1109 3997 1439 4064 Salvatoris,
1517 3996 1616 4067 qui
1707 3997 1902 4051 relicta

201 4082 548 4152 cognatione
586 4083 741 4138 venit
787 4083 846 4138 in
886 4085 1205 4151 mundum;
1238 4086 1498 4151 alteram,
1536 4085 1732 4150 Patris,
1766 4086 1903 4157 quia

205 4173 415 4227 Filium
450 4172 683 4226 unicum
713 4172 1066 4239 immolavit;
1092 4173 1319 4228 tertiam
1362 4174 1512 4244 (quas
1542 4174 1599 4227 in
1644 4174 1749 4228 hoc
1778 4176 1901 4229 loco

2003 3020 2193 3070 mento
2218 3015 2350 3087 igne
2392 3015 2637 3085 Spiritus
2670 3017 2848 3070 sancti
2880 3018 3109 3071 decocta
3132 3024 3236 3073 est.

2072 3104 2315 3175 (STRAB.)
2361 3104 2556 3158 Satum
2612 3121 2793 3175 genus
2833 3110 2919 3159 est
2947 3122 3248 3161 mensuras.
3280 3108 3411 3162 Tria
3437 3113 3555 3163 sata
3587 3114 3703 3165 tres

2000 3192 2144 3247 ﬁlios
2176 3194 2290 3247 Noe
2316 3193 2657 3263 signiﬁcant,
2695 3209 2759 3247 ex
2788 3195 2995 3265 quibus
3044 3211 3215 3250 omne
3275 3213 3459 3268 genus
3517 3199 3699 3254 homi-

2002 3296 2143 3334 num
2198 3280 2630 3334 disseminatum
2674 3285 2779 3335 est.
2830 3281 3198 3352 Signiﬁcatur
3249 3300 3386 3355 ergo
3436 3286 3701 3350 Ecclesia,

2004 3370 2088 3422 vel
2136 3368 2461 3439 evangelica
2510 3368 2767 3423 doctrina
2822 3386 2928 3441 per
2969 3375 3151 3425 totum
3203 3373 3485 3427 mundum
3531 3374 3704 3429 disse-

2005 3458 2293 3525 minauda,
2358 3463 2412 3511 et
2462 3457 2521 3511 in
2572 3459 2752 3512 tribus
2786 3459 2984 3513 mundi
3013 3459 3292 3531 partibus,
3327 3462 3480 3531 Asia,
3522 3463 3706 3519 Africa

2004 3552 2059 3602 et
2092 3548 2336 3617 Europa,
2369 3546 2825 3617 mnltiplicanda.

2079 3654 2107 3686 ι(
2147 3634 2276 3690 Tria
2306 3639 2446 3701 sata,
2487 3656 2514 3684 »
2550 3635 2618 3690 de
2649 3635 2855 3706 quibus
2893 3639 3031 3691 Sara
3077 3636 3483 3693 subcinericios
3529 3655 3706 3710 panes

2005 3724 2159 3790 facit,
2190 3729 2303 3776 tres
2332 3722 2483 3777 lilios
2530 3723 2856 3794 signiﬁcant
2896 3726 3033 3792 Noe,
3066 3742 3130 3780 ex
3164 3726 3370 3797 quibus
3403 3743 3573 3781 omne
3606 3743 3705 3798 ge-

2009 3829 2114 3866 nus
2165 3812 2465 3867 hominum
2497 3819 2696 3865 natum
2728 3819 2811 3867 est
2840 3829 2853 3867 :
2912 3813 3013 3884 qui
3040 3814 3248 3873 divinae
3278 3814 3540 3868 Trinitati
3581 3831 3703 3869 cre-

2009 3900 2210 3954 dentes
2259 3915 2409 3971 aqua
2449 3899 2810 3970 baptismatis
2860 3917 2961 3971 per
3015 3901 3234 3967 Saram,
3265 3902 3324 3957 id
3376 3909 3462 3957 est
3517 3904 3701 3957 Eccle-

2010 3988 2175 4049 siam,
2206 3987 2496 4057 conspersi
2546 3992 2698 4054 sunt,
2744 3993 2801 4042 et
2851 3988 2911 4041 in
2972 4005 3153 4043 unum
3196 4005 3406 4060 panem
3454 3990 3707 4060 corporis

2011 4076 2218 4131 Christi
2242 4076 2473 4130 redacti.
2513 4077 2641 4129 Haec
2682 4080 2816 4129 sunt
2871 4076 2978 4129 tria
3010 4081 3130 4129 sata
3159 4077 3380 4144 farinae,
3413 4093 3543 4148 quas
3574 4094 3702 4132 mu-

2015 4165 2118 4219 Iier
2146 4166 2207 4217 in
2258 4164 2565 4233 Evangelio
2624 4165 3029 4219 fermentavit:
3087 4164 3272 4236 azymi
3326 4172 3460 4219 sunt
3506 4182 3703 4237 panes,

197 4260 486 4332 apparet),
520 4266 847 4315 sanctorum
878 4262 978 4332 qui
1021 4261 1332 4316 adventum
1364 4240 1571 4316 C-hristi
1600 4278 1729 4315 cum
1761 4278 1900 4333 gau-
1933 4240 1976 4295 υ
2015 4253 2151 4325 quia
2180 4253 2301 4306 sine
2337 4253 2615 4307 fermento
2640 4253 2888 4318 malitias,
2933 4260 2988 4307 et
3015 4254 3240 4323 {angore
3274 4253 3417 4327 [Αι.,
3447 4255 3698 4327 rancore]

200 4351 296 4403 dio
358 4355 755 4419 susceperunt.
824 4351 1275 4405 Tabernaculum
1344 4351 1583 4407 Abrahae
1639 4351 1901 4405 Hierusa-

198 4439 313 4493 lem
341 4438 653 4509 signiﬁcat,
685 4437 785 4491 ubi
808 4454 910 4506 pro
942 4443 1201 4509 tempore
1224 4439 1523 4510 prophetas
1559 4445 1615 4493 et
1652 4439 1901 4508 apostoli

200 4527 626 4588 habitaverunt,
688 4531 745 4580 et
799 4527 1057 4581 Christus
1111 4528 1419 4581 adveniens
1464 4543 1499 4581 a
1539 4528 1900 4583 credentibus

198 4621 492 4685 exceptus,
537 4615 607 4669 ab
636 4614 943 4669 incredulis
973 4615 1032 4668 in
1066 4616 1220 4686 ligno
1247 4631 1557 4685 suspensus
1587 4623 1689 4670 est.

272 4704 439 4757 Vzas.
487 4705 543 4769 2,
603 4706 655 4760 3.
709 4734 778 4743 —-
829 4722 856 4755 ‹‹
903 4705 1037 4758 Tres
1094 4704 1287 4758 viri.»
1343 4704 1478 4758 Tres
1534 4702 1641 4758 viri
1693 4701 1899 4757 Christi

194 4792 584 4862 pronuntiant
628 4792 963 4861 adventum,
1011 4808 1182 4864 quem
1244 4793 1357 4847 duo
1409 4790 1599 4862 angeli
1629 4790 1900 4845 comitan-

194 4886 310 4946 tur,
368 4882 548 4935 Moses
598 4880 911 4935 secundum
961 4882 1263 4953 quosdam,
1319 4884 1375 4935 et
1420 4880 1603 4945 Elias;
1642 4896 1787 4932 unus
1817 4880 1895 4933 le-

196 4970 457 5039 gislator,
510 4969 611 5041 qui
653 4970 714 5023 in
763 4971 884 5039 lege
939 4971 1246 5024 adventum
1305 4969 1535 5024 Domini
1591 4968 1893 5023 indicavit:

196 5059 359 5125 alter,
402 5057 506 5129 qui
541 5058 600 5112 in
629 5057 745 5112 ﬁne
765 5063 1038 5112 venturus
1067 5063 1172 5119 est,
1217 5058 1534 5112 secundum
1584 5058 1896 5111 adventum

198 5146 404 5201 Christi
454 5146 849 5211 nuntiaturus,
893 5152 949 5201 et
991 5148 1357 5217 Evangelium
1398 5147 1523 5216 ejus
1563 5146 1898 5217 praedicatu-

196 5252 309 5289 rus.
369 5235 531 5291 Uude
576 5236 982 5305 transﬁgurato
1032 5236 1274 5289 Domino
1327 5235 1389 5289 in
1437 5240 1632 5289 monte
1661 5251 1791 5288 cum
1823 5251 1892 5287 eo

194 5326 481 5379 videntur.
532 5344 560 5375 α
607 5325 742 5379 Tres
784 5324 945 5392 vidit,
991 5329 1046 5378 et
1086 5340 1263 5378 unum
1321 5324 1597 5391 adoravit,
1642 5343 1669 5374 »
1718 5324 1901 5378 Salva-

198 5418 378 5469 torem
409 5414 632 5469 scilicet
684 5412 1011 5477 ostendens,
1041 5412 1201 5483 cujus
1246 5412 1553 5466 adventum
1601 5412 1893 5481 praestola-

198 5503 378 5558 batur.
436 5503 639 5558 Unde:
680 5523 701 5550 ι
774 5500 1061 5583 Abraham
1110 5500 1252 5557 vidit
1301 5500 1455 5555 diem
1495 5516 1691 5555 meum
1720 5504 1776 5554 et
1801 5515 1897 5571 ga-

2011 4342 2304 4413 nequitias,
2333 4347 2389 4397 et
2415 4343 2636 4396 fervore
2663 4359 2943 4413 perversae
2972 4344 3264 4413 doctrinae,
3303 4349 3534 4414 oportet
3579 4360 3704 4400 esse

2009 4431 2363 4486 credentium
2400 4431 2695 4485 unitatem.

2082 4540 2111 4572 «ί
2150 4520 2584 4575 Subcinericios.
2631 4540 2658 4571 ››
2714 4520 3083 4575 Subcinericii
3136 4525 3285 4585 sunt,
3320 4525 3384 4575 ut
3439 4537 3545 4591 per
3580 4537 3702 4592 pas-

2012 4608 2309 4663 nitentiam
2359 4610 2695 4664 delictorum
2742 4610 2985 4680 Spiritus
3052 4611 3231 4664 sancti
3276 4626 3485 4681 vapore
3544 4610 3705 4668 deco-

2010 4697 2103 4764 cti,
2137 4714 2261 4752 esca
2291 4699 2402 4751 Deo
2437 4699 2797 4767 acceptabilis
2829 4699 3169 4755 efﬁciantur.

2082 4787 2240 4842 Vens.
2275 4791 2327 4841 7.
2364 4817 2431 4825 —
2480 4805 2508 4837 α
2566 4788 2812 4841 Vitulum
2871 4788 3268 4842 tenerrimum.
3300 4807 3327 4838 ι)
3362 4786 3578 4841 Vitulus
3612 4790 3702 4843 te-

2010 4892 2113 4930 ner
2140 4882 2197 4929 et
2232 4875 2526 4945 saginatus
2558 4877 2765 4930 Christi
2804 4893 3008 4947 corpus
3049 4883 3151 4943 est,
3185 4878 3340 4947 quod
3373 4894 3479 4949 pro
3519 4879 3703 4932 salute

2010 4964 2213 5018 mundi
2266 4965 2335 5019 ad
2390 4965 2652 5019 arborem
2700 4964 2880 5018 crucis
2928 4966 3290 5020 immolatum
3322 4972 3426 5022 est.
3468 4967 3566 5021 Hic
3620 4972 3707 5023 est

2010 5054 2219 5107 vitulus
2249 5052 2348 5124 qui
2380 5054 2621 5123 prodigo
2654 5054 2772 5108 ﬁlio
2804 5054 3098 5108 occiditur.

2081 5142 2239 5196 Vaas.
2274 5143 2325 5195 8.
2369 5170 2437 5180 —
2497 5159 2525 5191 α
2560 5143 2831 5213 Butyrum
2867 5146 2922 5195 et
2954 5144 3036 5195 lac
3068 5163 3094 5193 ι)
3151 5159 3280 5197 cum
3337 5159 3505 5198 carne
3543 5144 3707 5200 vituli

2009 5230 2293 5302 apposuit,
2349 5230 2487 5300 quia
2536 5231 2619 5284 lac
2672 5238 2918 5284 veterem
2978 5232 3165 5302 legem
3218 5232 3434 5304 signat;
3498 5232 3705 5287 unde]

2008 5321 2135 5374 Cor.
2169 5337 2228 5375 ιιι
2263 5336 2276 5374 :
2307 5339 2334 5371 α
2369 5320 2474 5373 Lac
2503 5323 2703 5388 potum
2746 5319 2876 5373 dedi
2906 5320 3082 5387 vobis,
3127 5337 3243 5375 non
3290 5338 3496 5387 escam,
3531 5340 3558 5373 ι)
3595 5326 3702 5376 etc.

2007 5409 2339 5465 Tradiderat
2376 5409 2533 5463 enim
2577 5408 2690 5463 illis
2734 5408 2877 5479 legis
2928 5410 3285 5472 mandatum,
3329 5412 3492 5483 quasi
3523 5412 3607 5465 lac
3635 5412 3705 5466 de

2008 5500 2252 5554 duarum
2322 5498 2650 5552 tabularum
2709 5515 3041 5569 expressum
3098 5499 3400 5568 uberibus,
3463 5499 3569 5555 hoc
3627 5504 3712 5554 est
