4086 6190
347 257 446 311 127

960 256 1355 312 WALAFRIDI
1395 256 1644 313 STRABI
1689 257 1885 313 FULD.
1928 256 2085 312 MON.
2127 254 2282 313 OPP.
2328 256 2501 312 PARS
2538 254 2579 310 Ι.
2621 284 2689 292 -
2728 252 3189 311 TUEOLOGICA.

3756 257 3857 307 128

337 382 747 435 testamentum
770 379 928 450 ﬁdei,
950 379 1088 451 quia
1106 380 1366 435 nondum
1396 384 1664 451 poterant
1702 380 2045 451 evangelica:
2070 398 2114 451 Α
2152 366 2479 447 committit,
2512 396 2685 452 quem
2716 379 3028 435 voluntatis
3084 395 3202 434 sum
3254 382 3310 434 et
3339 383 3692 434 secretorum
3721 378 3858 435 ﬁde-

340 467 621 523 dcctrinaa
672 467 911 523 solidam
966 484 1153 522 escam
1203 484 1447 522 sumere.
1488 469 1762 538 Butyrum
1813 468 2035 522 uberri-

339 572 501 611 mum
532 562 590 611 et
611 556 1056 628 pinguissimum
1088 557 1475 627 evangelicum
1509 561 1594 609 est
1616 555 2033 619 testimonium,

337 646 491 717 quod
520 646 677 699 velut
705 647 894 698 oleum
928 645 1189 700 ﬁdelibus
1220 646 1277 698 in
1298 645 1527 715 signum
1558 644 1746 698 datur.
1783 645 2035 699 Vitulum

335 750 469 789 cum
500 735 640 788 lacte
671 739 728 787 et
760 734 965 804 butyro
1023 733 1306 803 apposuit,
1346 732 1483 804 quia
1530 748 1635 786 nec
1691 748 1897 803 corpus
1936 734 2038 787 Do-

340 823 483 877 mini
509 823 632 876 sine
665 822 809 875 lacte
840 822 1003 892 legis,
1061 837 1164 875 nec
1221 822 1330 876 hoc
1377 821 1523 895 sine,
1558 821 1863 891 Evangelio
1915 837 2037 875 esse

339 915 545 980 potest.
615 910 729 964 Sub
787 910 986 963 arbore
1043 914 1235 962 autem
1286 909 1555 963 sederunt
1614 910 1675 963 in
1726 909 2037 963 Dominicas

338 998 617 1069 passionis
649 997 898 1068 signum,
929 998 1090 1067 cujus
1119 998 1519 1067 praedicatores
1549 1002 1699 1052 sunt.

407 1087 572 1141 Vens.
629 1091 682 1141 9.
745 1116 809 1126 —
869 1104 896 1136 α
956 1087 1091 1140 Ecce
1146 1086 1206 1139 in
1259 1086 1627 1141 tabernaculo
1685 1090 1791 1155 est,
1847 1105 1875 1137 ι)
1926 1090 2032 1141 etc.

338 1174 575 1243 (Suum)
626 1174 914 1228 Abraham
944 1175 1080 1228 foris
1128 1191 1258 1228 cum
1315 1174 1548 1244 angelis,
1590 1175 1727 1229 Sara
1767 1174 1828 1228 in
1857 1175 2040 1229 taber-

337 1264 543 1316 naculo
602 1267 727 1316 est:
790 1262 924 1334 quia
977 1264 1212 1318 fortium
1258 1268 1315 1316 et
1359 1263 1650 1317 doctorum
1710 1266 1795 1317 est
1844 1267 2039 1333 aperte

334 1350 672 1422 praedicare,
715 1350 989 1421 exemplis
1028 1351 1349 1405 instruxere:
1408 1351 1773 1405 inﬁrmorum
1831 1356 1889 1405 et
1947 1352 2035 1406 in-

341 1439 694 1511 sipientium,
732 1440 947 1494 discere
980 1444 1034 1493 et
1063 1439 1321 1493 subditos
1352 1456 1489 1494 esse.

412 1549 439 1580 α
482 1531 642 1584 Vaas.
681 1532 761 1584 10.
794 1560 856 1569 —
897 1550 924 1577 «
948 1530 1036 1598 {Et
1064 1528 1296 1584 habebit
1338 1529 1543 1593 ﬁlium,
1579 1548 1606 1579 ι)
1650 1532 1754 1583 etc.
1791 1526 2039 1583 Promit-

338 1617 408 1672 tit
461 1619 610 1673 Deus
644 1618 796 1673 Saraa
844 1617 1024 1671 sterili
1066 1617 1274 1685 ﬁlium,
1301 1617 1493 1672 dicens
1526 1634 1538 1671 :
1572 1616 1730 1672 Circa
1762 1618 1871 1671 hoc
1893 1621 2037 1672 tem-

339 1722 448 1777 pus
477 1706 736 1772 veniam;
796 1722 909 1759 non
965 1710 1212 1777 tempus,
1264 1706 1358 1760 sed
1414 1707 1746 1777 qualitatem
1799 1705 1887 1759 sui
1938 1705 2037 1760 ad-

336 1799 542 1848 ventus
585 1794 888 1865 signiﬁcat,
938 1795 1212 1866 quoniam
1244 1810 1347 1864 per
1402 1795 1586 1849 ﬁlium
1619 1794 2033 1865 repromissum

337 1882 523 1938 ﬁdelis
578 1883 824 1953 populus
881 1887 1003 1936 erat
1056 1884 1393 1938 nasciturus.
1453 1884 1610 1942 Unde
1678 1886 1766 1938 Isa
1819 1900 1906 1937 LIV
1983 1887 2039 1937 et

339 1972 457 2027 Gal.
488 1988 541 2025 1v
570 1988 583 2025 :
622 1990 649 2022 ‹‹
684 1972 898 2026 Laetare
930 1971 1157 2037 sterilis,
1192 1988 1320 2042 quae
1352 1988 1468 2026 non
1502 1972 1768 2043 parturis,
1802 1992 1829 2022 δ)
1858 1975 1961 2027 etc.

414 2079 444 2110 α
485 2060 603 2124 Quo
632 2060 846 2125 audito,
877 2064 981 2114 etc.
1016 2062 1177 2129 (Avo.
1234 2062 1432 2126 Quaest.
1470 2062 1527 2113 in
1560 2059 1721 2130 Gen.)
1764 2060 2038 2131 Arguitur

339 2147 475 2202 Sara
505 2146 641 2218 quia
670 2147 811 2213 risit,
857 2151 913 2202 et
957 2164 1073 2202 non
1130 2147 1435 2214 Abraham,
1489 2165 1620 2202 cum
1672 2149 1935 2202 similiter
1964 2148 2041 2203 ri-

342 2236 509 2301 serit;
563 2236 697 2306 quia
740 2235 892 2290 illius
947 2237 1093 2291 risus
1143 2237 1540 2291 admirationis
1570 2237 1698 2307 fuit,
1730 2238 1901 2307 hujus
1930 2237 2037 2292 du-

342 2324 659 2393 bitationis,
692 2324 849 2395 quod
889 2324 1200 2395 dijudicare
1249 2325 1435 2396 potuit
1491 2325 1589 2396 qui
1618 2325 1789 2380 corda
1845 2325 2028 2380 novit.

344 2413 525 2483 Negat
552 2413 687 2468 Sara
742 2429 802 2466 se
850 2413 1039 2467 risisse
1070 2429 1199 2467 cum
1232 2415 1413 2467 Deum
1452 2430 1567 2467 non
1603 2412 1803 2488 'possit
1832 2414 2029 2480 latere,

344 2502 443 2555 sed
474 2501 620 2555 forte
651 2501 916 2556 homines
940 2502 1195 2571 putabat.
1220 2502 1504 2556 Abraham
1536 2518 1666 2556 vero
1714 2502 1892 2556 Deum
1948 2501 2035 2555 in-

345 2589 658 2661 telligebat,
726 2590 822 2643 sed
884 2590 1258 2644 humanitatis
1315 2590 1503 2645 ofﬁcia
1550 2590 1858 2660 praebendo
1909 2606 2037 2661 qua:

343 2684 564 2732 tantum
594 2678 838 2733 inﬁrmae
900 2678 1056 2733 carni
1109 2678 1423 2733 necessaria
1475 2682 1643 2745 sunt;
1676 2679 1887 2732 mirum
1918 2682 2032 2733 est:

345 2767 456 2820 nisi
514 2767 774 2821 homines
825 2767 985 2838 prius
1039 2768 1346 2822 arbitratus
1399 2771 1501 2835 est,
1555 2768 1650 2822 sed
1715 2768 1774 2821 in
1830 2766 2037 2838 quibus

346 2858 528 2911 Deum
569 2856 726 2927 loqui
776 2856 1143 2927 intelligeret,
1197 2857 1541 2928 quibusdam
1594 2857 1773 2927 signis
1826 2857 2037 2911 divinas

347 2946 660 3015 majestatis
708 2946 1159 3016 apparentibus:
1207 2946 1354 3000 sicut
1381 2945 1441 2999 in
1486 2946 1818 3001 hominibus

346 3034 679 3103 apparuisse
725 3051 874 3104 saepe
912 3035 1203 3105 Scriptura
1258 3038 1519 3101 testatur,
1560 3034 1659 3088 sed
1710 3040 1907 3105 postea
1934 3050 2037 3087 an-

346 3124 501 3193 gelos
534 3123 701 3177 fuisse
733 3128 1138 3192 cognoverunt.

419 3213 576 3265 Vens.
634 3214 716 3265 11.
774 3241 843 3251 —
905 3232 931 3260 α
990 3213 1162 3265 Erant
1221 3216 1434 3277 autem,
1495 3232 1523 3263 η
1583 3214 1688 3265 etc.
1739 3210 2039 3265 Seniorum

348 3302 486 3351 tetas
538 3296 727 3351 minor
775 3301 861 3351 est
886 3312 1057 3367 quam
1090 3312 1313 3363 senum,
1351 3296 1457 3351 etsi
1488 3312 1649 3350 senes
1681 3297 2041 3367 appellentur

347 3386 618 3440 seniores.
674 3385 855 3453 Unde,
907 3386 1224 3439 secundum
1266 3385 1533 3453 medicos,
1590 3384 1780 3439 senior
1836 3384 1922 3438 vir
1970 3385 2040 3439 de

349 3474 589 3528 muliere
619 3474 841 3527 seniore
873 3472 1017 3527 ﬁlios
1045 3473 1226 3527 facere
1286 3490 1400 3527 non
1436 3477 1645 3544 potest,
1692 3472 1915 3527 etiamsi
1943 3474 2039 3527 ad-

350 3564 460 3617 huc
498 3562 800 3617 muliebria
843 3564 1044 3617 ﬂuant.
1085 3562 1407 3617 Secundum
1465 3563 1573 3615 hoc
1601 3562 1887 3616 Abraham
1939 3561 2043 3616 mi-

350 3656 511 3705 ratur
540 3650 640 3704 Dei
669 3651 986 3721 potentiam
1016 3649 1085 3704 de
1118 3650 1494 3721 promissione
1528 3650 1648 3717 ﬁlii,
1696 3655 1753 3705 et
1793 3651 1900 3705 hoc
1931 3650 2041 3704 mi-

349 3740 609 3794 raculum
678 3739 937 3809 posuisse
997 3741 1331 3811 Apostolum
1398 3740 1653 3809 accipere
1713 3756 2038 3810 possumus.

350 3829 685 3883 Emortuum
736 3828 890 3882 enim
933 3844 1140 3900 corpus
1186 3844 1303 3882 non
1343 3828 1577 3883 omnino
1609 3827 1676 3882 ad
1729 3827 2043 3899 generatio-

351 3931 483 3971 nem
530 3923 672 3987 erat,
728 3917 775 3970 si
814 3917 1022 3972 mulier
1043 3918 1314 3988 juvenilis
1360 3917 1543 3972 aetatis
1568 3917 1804 3972 fuisset:
1840 3916 1940 3970 sed
1972 3917 2043 3971 de

348 4011 611 4077 provecta
670 4011 833 4060 aetate
892 4023 1164 4075 generare
1210 4022 1325 4061 non
1355 4010 1620 4078 poterat:
1671 4006 1740 4060 de
1797 4005 2045 4060 Cethura

350 4095 505 4149 enim
535 4100 732 4166 postea
760 4095 1074 4165 generavit,
1108 4096 1241 4167 quia
1282 4096 1590 4166 juvencula
1628 4094 1754 4150 fuit.
1793 4094 2047 4149 Tradunt

351 4183 505 4236 enim
538 4183 742 4237 medici
774 4183 908 4253 quia
951 4200 1117 4237 senex
1164 4184 1233 4238 de
1277 4184 1490 4238 femina
1523 4183 1889 4255 provectioris
1916 4187 2045 4236 asta-

2143 470 2256 525 lem
2289 473 2676 524 exsecutorem
2726 468 3021 539 cognovit;
3050 469 3119 523 de
3169 484 3283 540 quo
3314 466 3438 538 ipse
3468 483 3637 521 carne
3670 467 3859 522 nasci-
3932 524 3935 525 ν

2145 563 2308 612 turus
2339 561 2460 611 erat
2493 578 2520 607 «
2553 557 2612 612 in
2647 573 2761 629 quo
2798 561 2929 611 sunt
2954 572 3154 610 omnes
3183 555 3438 611 thesauri
3471 556 3772 627 sapientia:
3801 560 3864 611 et

2142 647 2397 702 scientiae.
2451 646 2767 701 absconditi
2838 647 2907 717 (ll
2964 647 3110 717 Cor).
3166 665 3194 697 »
3273 645 3562 700 Promittit
3615 662 3859 718 quoque

2141 737 2385 791 Abrahae
2414 752 2529 790 non
2560 736 2744 789 solum
2794 734 3056 805 praemia,
3087 734 3185 788 sed
3216 734 3563 789 obedientiae
3593 734 3859 791 ﬁliorum

2144 826 2266 896 ejus
2289 824 2595 895 justitiam,
2623 828 2677 878 et
2703 824 2852 878 circa
2877 828 2987 877 'eos
3039 822 3318 894 promissa
3359 824 3661 893 compleri.
3698 825 3857 879 Rur-

2141 930 2386 984 sumque
2416 912 2770 984 promittitur
2798 914 2970 979 Isaac,
3028 933 3053 959 «
3102 912 3163 965 iu
3194 916 3425 982 gentem
3450 928 3723 983 magnam
3757 913 3851 967 fu-

2145 1006 2325 1070 turus,
2362 1022 2389 1051 ι
2421 1005 2477 1055 et
2504 1001 2657 1072 quod
2693 1022 2720 1049 ‹‹
2753 1000 2811 1054 in
2843 1017 2909 1054 eo
2969 1000 3383 1055 benedicentur
3415 1016 3618 1055 omnes
3649 1006 3862 1072 gentes

2145 1094 2331 1145 terrae.
2368 1111 2395 1139 ››
2430 1089 2646 1149 Quibus
2690 1089 2874 1143 verbis
2907 1089 3019 1143 duo
3048 1088 3134 1142 illi
3181 1089 3600 1159 promittuntur
3632 1106 3645 1144 :
3707 1106 3856 1161 gens

2144 1180 2473 1234 Iudaeorum
2500 1178 2813 1233 secundum
2864 1193 3113 1243 carnem,
3168 1182 3223 1230 et
3252 1192 3451 1230 omnes
3498 1182 3698 1247 gentes
3751 1193 3861 1248 per

2148 1267 2342 1322 ﬁdem.

2216 1374 2377 1426 Vens.
2410 1373 2498 1426 20.
2533 1401 2598 1410 -—
2624 1392 2651 1419 «
2683 1370 2909 1425 Clamor
2931 1370 3311 1426 Sodomorum
3343 1376 3397 1426 ct
3427 1372 3787 1440 Gomorrhm,
3826 1394 3852 1419 η

2146 1459 2251 1511 etc.
2286 1456 2448 1527 (AUG.
2487 1456 2549 1522 Ο.
2593 1458 2650 1508 in
2682 1456 2829 1523 Gen.)
2866 1456 2924 1510 Si
2977 1455 3098 1509 haec
3133 1456 3306 1510 verba
3357 1473 3474 1510 non
3508 1456 3853 1521 dubitantis,

2144 1544 2243 1599 sed
2302 1543 2600 1598 irascentis
2669 1547 2724 1597 et
2788 1543 3058 1597 minantis
3115 1544 3483 1615 accipiamus,
3548 1545 3707 1599 nulla
3763 1550 3856 1599 est

2145 1632 2405 1704 quaestio.
2442 1634 2702 1687 Humano
2735 1631 2889 1686 enim
2925 1648 3084 1686 more
3137 1632 3210 1687 ad
3260 1633 3526 1687 homines
3586 1634 3853 1705 loquitur

2149 1724 2315 1790 Deus,
2352 1726 2408 1777 et
2431 1721 2516 1778 ira
2536 1721 2657 1792 ejus
2690 1719 2812 1774 sine
2840 1720 3272 1791 perturbatione
3312 1726 3415 1787 est,
3446 1721 3581 1791 quia
3629 1722 3847 1776 immu-

2146 1811 2335 1868 tabilis
2366 1814 2467 1864 est.
2522 1809 2683 1880 Saepe
2741 1812 2930 1861 autem
2984 1808 3063 1862 sic
3114 1808 3389 1863 minando
3421 1808 3713 1863 dicimus:
3752 1809 3849 1863 Vi-

2145 1900 2381 1955 deamus
2409 1898 2602 1952 sinon
2632 1895 2737 1952 tibi
2767 1896 2930 1963 facio,
2979 1899 3034 1950 et
3064 1896 3111 1950 si
3168 1913 3285 1952 non
3336 1901 3537 1968 potero
3592 1898 3694 1952 tibi
3757 1898 3849 1952 fa-

2146 2004 2300 2055 cere;
2335 1988 2424 2042 vel
2456 1986 2651 2053 sciam,
2692 1985 2749 2040 id
2804 1989 2889 2039 est
2917 1985 3180 2057 experiar
3206 1992 3400 2040 utrum
3458 2003 3574 2040 non
3606 2004 3849 2057 possm).

2104 2122 2107 2127 .
2145 2076 2251 2133 Sed
2282 2074 2632 2147 perturbatio
2665 2090 2782 2128 non
2821 2074 2970 2129 cadit
3000 2074 3058 2128 in
3122 2075 3320 2129 Deum.
3356 2075 3471 2128 Mos
3504 2079 3692 2128 autem
3736 2076 3850 2129 hu-

2147 2181 2334 2219 mana:
2387 2162 2687 2217 locutionis
2735 2167 2839 2231 est,
2882 2162 2973 2217 cui
3009 2164 3155 2217 Deus
3198 2180 3255 2217 se
3308 2167 3557 2234 coaptat,
3618 2168 3682 2218 ut
3736 2165 3849 2219 hu-

2146 2270 2332 2309 manae
2362 2251 2683 2308 inﬁrmitati
2712 2252 3034 2308 conveniat.
3794 2299 3800 2317 ρ

2217 2342 2417 2413 (Gneo.
2443 2341 2541 2395 lib.
2568 2357 2599 2393 v
2654 2341 2881 2406 Moral.,
2921 2357 3046 2411 cap.
3089 2338 3167 2411 7.)
3200 2342 3497 2395 Peccatum
3528 2357 3663 2396 vero
3711 2358 3847 2396 cum

2145 2448 2302 2496 voce,
2332 2431 2498 2500 culpa
2531 2434 2616 2483 est
2646 2430 2705 2483 in
2732 2429 2968 2483 actione.
3022 2431 3320 2484 Peccatum
3367 2446 3501 2484 vero
3532 2445 3664 2485 cum
3716 2430 3849 2484 νοιδ-

2147 2535 2325 2582 more,
2361 2518 2528 2587 culpa
2554 2533 2684 2570 cum
2713 2516 2992 2570 libertate.

2216 2625 2377 2679 Vens.
2442 2626 2624 2678 21-23.
2666 2652 2735 2662 —-
2798 2643 2826 2671 α
2879 2622 3225 2676 Descendam
3283 2625 3339 2676 et
3379 2621 3601 2688 videbo,
3650 2641 3677 2672 »
3730 2628 3842 2689 etc,

2147 2712 2363 2783 (GBEG.,
2424 2714 2641 2779 Moral.,
2707 2727 2754 2765 c.
2807 2712 2919 2782 33.)
2974 2712 3117 2765 Mala
3182 2710 3486 2765 hominum
3539 2727 3653 2765 non
3710 2719 3849 2765 ante

2144 2803 2442 2858 credamus
2464 2817 2637 2873 quam
2665 2800 2993 2873 probemus.
3027 2801 3097 2855 Et
3150 2815 3277 2854 ecce
3329 2815 3433 2871 per
3489 2801 3721 2870 angelos
3772 2801 3845 2854 ad

2146 2892 2541 2963 cognoscenda
2567 2890 2718 2945 mala
2744 2888 3057 2955 descendit,
3091 2893 3148 2943 et
3191 2893 3353 2943 tanto
3385 2888 3627 2943 crimine
3682 2889 3845 2942 invo-

1853 2947 2033 3000 Deum
2076 2968 2117 3023 (ἶ
2149 2947 2300 3037 tutos
2351 2980 2669 3045 inveniens,
2721 2978 2882 3050 quasi
2930 2978 3264 3048 patientiam
3337 2978 3728 3048 praetermisit,
3788 2983 3852 3034 et

2149 3085 2245 3123 eos
2273 3068 2406 3139 igne
2427 3067 2629 3138 judicii
2658 3072 2788 3121 ante
2813 3066 3013 3136 judicii
3043 3066 3195 3120 diem
3226 3067 3504 3139 praevenit
3538 3084 3550 3121 :
3584 3067 3684 3139 qui
3714 3084 3847 3123 cum

2146 3156 2558 3228 tranquillitate
2596 3154 2836 3225 judicat,
2885 3158 2948 3209 ut
2982 3155 3201 3225 majora
3238 3155 3480 3210 crimina
3536 3156 3693 3211 tarde
3721 3172 3845 3210 cre-

2151 3247 2381 3311 dantur,
2417 3249 2472 3298 et
2495 3243 2769 3298 veraciter
2789 3243 2983 3314 agnita
3022 3243 3188 3297 citius
3208 3244 3548 3315 puniantur.

2221 3352 2433 3421 (GREG.,
2477 3350 2575 3405 lib.
2630 3351 2652 3404 Ι
2698 3352 2862 3419 Reg.,
2893 3366 2940 3404 c.
2982 3353 3097 3413 1'78,
3143 3354 3285 3406 tom.
3333 3352 3402 3421 Ι.)
3436 3352 3558 3415 Quo
3608 3351 3845 3406 descen-

2151 3440 2309 3495 deret
2334 3442 2498 3501 Deus,
2550 3443 2614 3493 ut
2661 3455 2790 3510 quae
2840 3444 3029 3494 essent
3082 3440 3226 3494 facta
3278 3440 3680 3511 cognosceret?
3732 3445 3850 3495 Aut

2151 3529 2306 3600 quod
2336 3545 2450 3582 non
2483 3528 2550 3595 is,
2584 3527 2683 3599 qui
2710 3528 2921 3600 ubique
2961 3534 3067 3597 est,
3103 3528 3316 3584 sciret?
3353 3529 3460 3584 Sed
3520 3534 3584 3584 ut
3635 3533 3846 3584 nostra:

2150 3617 2491 3688 ignorantia;
2533 3618 2857 3688 exemplum
2913 3617 3268 3672 discretionis
3331 3618 3510 3679 daret,
3562 3622 3846 3688 quatenus

2153 3706 2460 3760 debeamus
2490 3706 2639 3760 mala
2674 3705 2868 3776 gravia
2896 3706 3090 3761 audita
3138 3723 3250 3760 non
3302 3706 3553 3772 credere,
3606 3706 3727 3777 ipse
3783 3723 3845 3761 se

2152 3794 2291 3849 dicit
2310 3794 2377 3848 ad
2403 3794 2862 3865 cognoscendum
2902 3794 3264 3861 descendere,
3318 3794 3387 3849 de
3430 3810 3544 3865 quo
3578 3794 3847 3848 omnibus

2155 3883 2337 3954 liquet
2364 3883 2502 3953 quia
2528 3887 2585 3937 et
2604 3898 2720 3937 non
2740 3883 3087 3937 descendens
3118 3882 3312 3937 omnia
3340 3882 3527 3937 sciret.

2229 3989 2467 4060 (HILAR.,
2518 3989 2618 4043 lib.
2666 4005 2736 4053 1x,
2802 3989 2868 4043 de
2921 3990 3100 4056 Trin.)
3164 3989 3449 4043 Habemus
3501 3988 3846 4042 nescientem

2157 4079 2358 4144 Deum,
2411 4079 2564 4148 quod
2603 4082 2794 4132 tamen
2842 4093 2962 4131 non
3007 4077 3241 4132 nesciat.
3288 4079 3428 4132 Nam
3459 4092 3587 4131 cum
3617 4083 3851 4148 peccata

2156 4182 2365 4238 magna
2396 4166 2558 4221 valde
2588 4166 2727 4220 sciat
2774 4181 2916 4232 esse,
2947 4180 3176 4219 rursum
3228 4165 3519 4221 descendit
3550 4170 3616 4220 ut
3663 4166 3852 4220 videat

354 4270 422 4324 tis
453 4270 583 4339 (etsi
629 4252 933 4324 muliebria
964 4271 1309 4342 {contingant
1336 4272 1406 4341 ei)
1444 4252 1721 4341 generare
1752 4287 1865 4324 non
1918 4287 2046 4341 pos-
2076 4262 2117 4315 Ι)
2158 4271 2228 4309 an
2276 4252 2653 4309 consummati
2697 4257 2891 4342 θείη)εᾷ
2922 4340 2929 4342 _
2960 4257 3018 4306 et
3073 4252 3120 4306 εί
3176 4255 3436 4308 nondum
3470 4254 3849 4308 consummati

352 4359 443 4425 sit,
475 4358 544 4413 de
578 4359 885 4429 juvencula
915 4363 1111 4414 autem
1161 4358 1358 4429 possit.
1414 4361 1629 4415 Rursus
1677 4360 1886 4414 mulier
1913 4376 2044 4429 pro-

354 4451 523 4501 vectm
563 4446 761 4511 aetatis,
792 4447 897 4501 etsi
930 4447 1114 4501 adhuc
1146 4446 1449 4501 muliebria
1504 4447 1840 4516 contingant
1868 4447 1941 4510 ei,
1976 4447 2046 4500 de

352 4535 572 4590 seniore
606 4550 805 4606 parere
845 4551 961 4589 non
990 4540 1198 4606 potest,
1256 4535 1326 4590 de
1373 4536 1581 4607 juvene
1628 4540 1835 4606 potest.
1888 4535 2048 4589 Mira-

350 4626 545 4679 culum
601 4640 736 4694 ergo
776 4624 901 4689 fuit,
952 4624 1087 4695 quia
1138 4627 1382 4695 uterque
1437 4641 1608 4679 senex
1656 4629 1713 4679 et
1766 4629 2048 4695 provectm

352 4713 556 4775 astatis.
588 4717 643 4766 et
673 4712 958 4767 desierant
988 4712 1291 4767 muliebria
1314 4714 1484 4768 Sarae.

423 4802 585 4855 Vens.
626 4803 800 4856 12-14.
828 4832 896 4840 —
931 4822 958 4850 ‹‹
1003 4801 1292 4871 Voluptati
1352 4817 1582 4872 operam
1625 4802 1808 4857 dabo?
1855 4823 1883 4851 »
1940 4806 2045 4857 etc.

353 4890 544 4955 (Gneo.
578 4889 676 4943 lib.
727 4906 781 4943 Ix
818 4891 1036 4956 Moral.,
1081 4907 1128 4943 c.
1192 4891 1299 4958 51.)
1333 4890 1480 4944 Cura
1513 4889 1719 4957 carnis,
1774 4896 1904 4957 etc.,
1965 4905 2051 4944 us-

358 4992 459 5045 que
510 4978 584 5029 ad
613 4977 753 5048 quid
797 4994 960 5033 mens
1006 4983 1202 5032 nostra
1258 4978 1413 5032 aliud
1447 4994 1620 5049 quam
1648 4978 1921 5050 gaudium
1949 4994 2050 5049 pa-

354 5065 464 5119 rit?

426 5153 589 5208 Vens.
652 5157 737 5208 15.
791 5185 857 5192 —
917 5177 943 5203 «
987 5157 1112 5210 Non
1158 5156 1280 5222 risi,
1335 5160 1441 5211 etc.
1503 5153 1724 5225 (Ausa)
1781 5155 1877 5209 Vel
1927 5155 2052 5210 ideo

356 5241 586 5313 negavit
629 5258 687 5296 se
743 5241 949 5309 risisse,
1008 5244 1145 5316 quia
1192 5244 1506 5317 ignoravit;
1564 5244 1691 5299 ideo
1721 5243 1869 5311 risit,
1919 5243 2055 5315 quia

353 5331 737 5403 prophetavit.

428 5420 589 5473 Vens.
616 5421 801 5473 27-19.
836 5449 904 5461 —
936 5441 962 5469 ‹‹
990 5421 1141 5474 Num
1170 5422 1353 5476 celare
1404 5427 1604 5493 potero
1634 5422 1873 5477 Abrahae
1926 5437 2054 5492 quas

2157 4348 2308 4409 sunt,
2352 4347 2416 4397 ut
2465 4342 2630 4396 sciat:
2691 4340 3067 4412 intelligimus
3096 4357 3227 4396 eum
3258 4359 3372 4398 non
3405 4359 3471 4396 ea
3506 4347 3644 4397 tunc
3688 4343 3847 4403 scire,

2157 4432 2293 4503 quia
2342 4431 2503 4502 prius
2532 4428 2778 4497 nesciat;
2810 4430 2905 4485 sed
2936 4435 3073 4485 tunc
3111 4431 3276 4498 scire,
3317 4431 3453 4503 quia
3501 4437 3730 4503 tempus
3778 4432 3850 4486 ad

2155 4521 2442 4591 agendum
2495 4519 2584 4573 sit.
2647 4518 2872 4574 Nescire
2900 4536 3036 4590 ergo
3084 4522 3286 4588 Deum,
3321 4536 3434 4573 non
3468 4525 3552 4574 est
3579 4520 3849 4591 ignoran-

2154 4608 2252 4664 tiae
2277 4608 2604 4673 diminutio,
2629 4607 2727 4662 sed
2746 4607 3023 4677 temporis
3048 4608 3370 4678 plenitudo.

2228 4716 2386 4768 Vens.
2420 4716 2600 4770 24-26.
2639 4744 2701 4755 —
2751 4734 2779 4765 α
2808 4714 2866 4770 Si
2910 4714 3126 4769 fuerint
3165 4714 3582 4787 quinquaginta
3625 4717 3787 4787 justi,
3821 4737 3848 4765 η

2158 4806 2260 4858 etc.
2300 4803 2480 4873 (1310.)
2536 4803 3071 4875 Quinquagenarius
3118 4820 3413 4872 numerus,
3463 4822 3493 4858 a
3533 4821 3646 4876 quo
3668 4821 3854 4876 usque

2158 4891 2229 4944 ad
2277 4891 2472 4945 decem
2511 4890 2823 4957 descendit,
2875 4891 3276 4962 paenitentiam
3328 4892 3633 4964 signiﬁcat.
3693 4894 3855 4948 Unde

2159 4985 2217 5033 et
2290 4980 2805 5051 quinquagesimus
2867 4981 3118 5050 psalmus
3172 4981 3583 5051 paenitentialis
3638 4985 3740 5036 est.
3796 4981 3855 5037 Si

2162 5084 2297 5138 ergo
2352 5074 2842 5135 converterentur,
2899 5069 3285 5125 Salvarentur.
3342 5070 3446 5125 Sed
3507 5087 3635 5125 cum
3706 5072 3858 5125 Deus

2159 5155 2362 5225 aspicit
2407 5156 2805 5228 delinquentes
2836 5158 2992 5212 nolle
3025 5158 3095 5212 ad
3126 5158 3521 5230 pmnitentiam
3579 5159 3858 5226 converti,

2162 5245 2312 5299 illico
2358 5246 2620 5299 ardorem
2679 5246 3072 5302 immoderata:
3120 5248 3361 5302 luxuria:
3398 5248 3529 5318 igne
3578 5248 3860 5319 gehennae

2163 5333 2492 5404 compescit.
2524 5336 2712 5406 Usque
2742 5336 2813 5390 ad
2858 5336 3053 5391 decem
3085 5336 3271 5407 justos
3304 5353 3418 5391 non
3466 5337 3655 5408 perire
3676 5338 3858 5393 Sodo-

2166 5438 2319 5477 mam
2341 5422 2499 5485 dixit,
2537 5424 2671 5495 quia
2716 5425 2763 5479 si
2811 5426 2873 5479 in
2894 5426 3156 5497 quolibet
3193 5441 3295 5496 per
3324 5426 3518 5480 decem
3551 5431 3860 5498 praecepto-

361 5530 386 5555 ‹‹
422 5523 690 5577 gessurus
718 5524 862 5562 sum.
896 5530 923 5558 η
960 5510 1109 5563 Bene
1134 5510 1413 5564 Dominus
1441 5511 1683 5566 Abrabaa
1712 5516 1923 5566 secreta
1955 5527 2058 5565 sua
2166 5527 2295 5567 rum
2347 5513 2663 5569 custodiam
2720 5514 2927 5569 Christi
2980 5531 3190 5569 nomen
3232 5515 3572 5581 inveniatur,
3608 5532 3723 5569 non
3755 5530 3859 5585 per
