4050 6188
193 284 267 337 {29

189 409 279 463 ibit.
302 404 505 461 Denarii
531 404 687 457 enim
716 401 942 457 numeri
1000 400 1184 472 ﬁgura
1228 405 1286 455 et
1340 416 1567 456 crucem
1607 400 1815 455 Christi
1845 404 1888 457 Α

190 495 429 567 signiﬁcat.

236 585 365 635 Vens.
407 583 489 633 27.
527 608 584 616 —
625 600 651 626 α
686 577 912 647 Loquar
966 576 1035 631 ad
1089 576 1416 643 Dominum,
1451 581 1556 630 etc.
1600 576 1813 641 (Gneo.

188 673 387 726 libum
424 668 637 735 Moral.,
671 682 716 720 c.
764 668 871 735 33.)
912 668 1150 733 Mystice.
1193 665 1381 719 Sancti
1438 669 1652 736 quanto
1704 681 1817 718 ma-

184 762 245 831 gis
282 756 571 813 divinitatis
619 755 846 808 interna
891 754 1271 823 prospiciunt,
1328 759 1485 807 tanto
1536 753 1718 822 magis
1758 769 1816 806 se

185 848 288 903 nihil
329 862 439 901 esse
494 844 868 913 conspiciunt.
927 843 1223 912 Nusquam
1276 843 1487 912 legitur
1531 841 1813 895 Abraham

182 956 223 992 se
265 937 484 990 cinerem
533 937 590 986 et
630 933 924 1003 pulverem
982 932 1303 1002 professum
1351 946 1491 998 esse,
1536 930 1645 984 nisi
1688 946 1815 984 cum

182 1026 346 1080 meruit
388 1022 481 1077 Dei
501 1021 845 1076 locutionem
879 1020 1116 1076 habere.
1158 1022 1223 1074 Et
1274 1020 1351 1074 ait
1382 1036 1395 1073 :
1431 1040 1457 1068 «
1492 1021 1717 1091 Loquar
1746 1020 1812 1073 ad

183 1114 439 1170 Dominum
487 1126 704 1177 meum,
763 1126 894 1163 cum
947 1108 1055 1163 sim
1110 1108 1375 1179 pulvis,»
1421 1113 1525 1162 etc.
1566 1110 1817 1162 Fortasse

182 1203 300 1257 enim
337 1201 541 1271 aliquid
582 1216 640 1253 se
698 1215 821 1253 esse
851 1198 1125 1261 crederet,
1179 1196 1226 1249 si
1266 1212 1456 1249 veram
1490 1195 1814 1261 essentiam,

181 1307 277 1363 qua:
302 1305 458 1360 super
484 1289 670 1360 ipsum
726 1291 831 1356 est,
872 1302 987 1341 non
1020 1286 1307 1338 sensisset.
1369 1286 1527 1339 Unde
1558 1289 1613 1338 et
1643 1284 1815 1338 David

180 1381 447 1433 exclamat:
511 1399 540 1425 ι(
599 1377 903 1441 Memento,
979 1374 1236 1440 Domine,
1300 1373 1575 1443 quoniam
1632 1371 1819 1442 pulvis

178 1484 274 1522 sum
298 1468 448 1534 (Psal.
472 1467 549 1536 χ),
583 1486 609 1513 ››
643 1470 751 1518 etc.

228 1556 492 1610 Mai-aliter.
528 1552 811 1618 Quosdam
838 1566 941 1621 per
978 1554 1269 1605 tumorem
1298 1565 1497 1604 sensus
1553 1564 1667 1603 non
1715 1548 1820 1602 ele-

177 1650 261 1708 vat,
300 1643 386 1697 sed
433 1660 536 1713 per
589 1639 991 1695 misericordiae
1052 1655 1252 1709 Opera;
1300 1638 1537 1709 quidam
1587 1637 1725 1691 dum
1756 1654 1815 1691 se

176 1732 370 1786 terrenis
425 1731 719 1785 abundare
786 1727 1165 1798 conspiciunt,
1219 1743 1379 1779 veras
1415 1726 1639 1779 divitias
1702 1743 1815 1779 non

175 1822 440 1891 requirunt,
472 1825 529 1873 et
547 1824 829 1873 aeternum
852 1833 1095 1887 regnum
1118 1832 1233 1869 non
1260 1819 1475 1881 amant,
1508 1816 1645 1885 quia
1677 1819 1817 1869 tem-

174 1910 345 1978 poralia
370 1907 630 1961 sufﬁcere
654 1909 879 1976 putant.
931 1905 1054 1957 Non
1086 1908 1169 1957 est
1212 1918 1349 1971 ergo
1392 1918 1589 1955 sensus
1618 1902 1677 1956 in
1707 1901 1816 1955 cri-

177 1999 307 2065 mine,
335 1997 423 2051 sed
454 1996 713 2050 affectus.
746 1995 960 2049 Cuncta
1007 1992 1160 2046 enim
1214 2007 1344 2062 quia
1385 1992 1534 2044 Deus
1563 1990 1818 2045 condidit

177 2086 281 2140 bona
304 2091 444 2140 sunt.
464 2085 575 2140 Sed
606 2084 708 2155 qui
738 2082 902 2137 bonis
931 2083 1079 2136 male
1108 2081 1311 2149 utitur,
1348 2081 1441 2135 hic
1468 2082 1587 2151 agit
1624 2085 1690 2134 ut
1715 2096 1819 2150 per

1855 1696 1896 1749 Β

180 2176 402 2229 edacitatis
450 2173 772 2245 ingluviem
838 2187 926 2237 eo,
989 2186 1104 2241 quo
1160 2170 1347 2223 vivere
1394 2169 1611 2232 debuit,
1670 2185 1817 2240 pane

175 2264 412 2317 moriatur.
448 2264 681 2332 Pauper
730 2259 801 2313 ad
852 2258 1113 2328 requiem
1148 2259 1393 2312 Lazarus
1422 2263 1676 2322 venerat,
1718 2273 1815 2310 su-

171 2352 357 2420 perbum
405 2352 647 2405 divitem
704 2347 1038 2401 cruciabant
1088 2351 1375 2400 tormenta
1423 2346 1575 2413 (Luc.
1620 2356 1751 2408 Xvi)
1801 2362 1813 2399 :

170 2438 285 2493 dives
310 2446 493 2493 tamen
532 2436 822 2492 Abraham
870 2435 1075 2502 fuerat,
1140 2435 1239 2504 qui
1272 2435 1545 2487 Lazarum
1597 2432 1656 2487 in
1689 2433 1815 2486 sinu

170 2528 365 2581 tenebat.
395 2528 489 2581 Ait
513 2532 712 2580 tamen
752 2542 766 2579 :
810 2546 837 2573 ‹‹
885 2526 1106 2594 Loquar
1147 2522 1219 2576 ad
1260 2522 1567 2575 Dominum
1624 2537 1817 2575 meum

171 2632 264 2669 cum
285 2618 380 2669 sim
404 2616 600 2687 pulvis
653 2620 710 2668 et
754 2615 918 2679 cinis,
963 2635 990 2661 υ
1043 2612 1147 2666 eic.
1206 2610 1349 2674 Quid
1402 2610 1629 2664 divitias
1688 2626 1819 2663 suas

170 2703 606 2774 astimabat,'qui
658 2703 909 2773 seipsum
953 2700 1246 2771 pulverem
1297 2698 1663 2769 cineremque
1724 2714 1818 2768 pu-

170 2794 323 2845 tabat?
344 2797 552 2862 Aperte
601 2792 888 2844 cernimus
938 2790 1000 2843 in
1054 2803 1168 2858 quo
1219 2787 1343 2839 loco
1397 2803 1455 2840 se
1521 2792 1815 2857 posuerat,

166 2882 309 2949 quise
331 2883 627 2952 pulverem
657 2886 713 2933 et
751 2879 1026 2945 cinerem,
1072 2874 1242 2929 etiam
1274 2891 1403 2928 cum
1448 2876 1560 2928 Deo
1620 2876 1816 2945 loque-

167 2977 301 3035 retur,
320 2969 658 3024 aestimabat.
700 2967 820 3031 Qua
867 2980 1007 3035 ergo
1037 2978 1207 3034 poena
1236 2962 1500 3028 feriendi,
1533 2968 1684 3028 sunt,
1718 2963 1816 3033 qui
1854 2990 1893 3044 ε

166 3057 216 3111 ad
257 3075 463 3113 summa
514 3073 637 3112 non
668 3055 978 3127 proﬁciunt
1029 3058 1087 3107 et
1133 3051 1202 3106 de
1241 3050 1497 3104 minimis
1545 3068 1602 3105 se
1642 3053 1819 3107 extol-

168 3145 299 3199 lunt?

216 3234 347 3290 Vens.
378 3236 574 3289 28-33.
612 3262 674 3273 —
705 3254 726 3279 ι
764 3231 1030 3301 Quinque
1087 3228 1324 3284 fuerint.
1379 3250 1401 3277 ιι
1438 3228 1701 3299 Quinque
1732 3228 1812 3281 ci-

165 3322 317 3376 vitates
343 3323 526 3394 igneis
555 3320 845 3375 imbribus
874 3318 1207 3372 combusta.
1256 3317 1466 3371 Omnes
1516 3316 1675 3370 enim
1707 3315 1809 3385 qui

166 3412 370 3482 quinque
398 3408 662 3482 corporis
692 3423 889 3461 sensus
930 3405 1237 3460 libidinoso
1296 3407 1697 3469 tractaverunt,
1731 3404 1815 3457 fn-

168 3505 262 3553 turo
290 3500 546 3554 incendio
585 3504 718 3550 sunt
746 3494 1058 3549 cremandi.

219 3608 239 3635 ι
272 3588 400 3652 Quid
449 3588 496 3641 si
534 3584 780 3651 inventi,
808 3605 835 3633 »
888 3589 992 3638 etc.
1046 3581 1220 3653 (Δις.)
1277 3582 1401 3635 Non
1459 3596 1690 3635 necesse
1735 3585 1820 3634 est

169 3676 245 3729 hoc
267 3678 326 3731 de
358 3677 516 3731 omni
578 3677 707 3730 loco
757 3673 1030 3744 accipere.
1068 3674 1145 3726 De
1177 3671 1442 3727 Sodomis
1492 3676 1683 3723 autem
1715 3685 1816 3739 po-

167 3765 387 3833 tuitdici,
418 3766 562 3837 quia
597 3764 807 3818 sciebat
839 3765 988 3817 Deus
1031 3778 1135 3815 nec
1185 3762 1379 3815 decem
1436 3775 1559 3813 esse
1605 3758 1707 3827 ibi,
1762 3763 1818 3812 et

166 3854 259 3907 ideo
290 3857 360 3910 sic
405 3852 871 3925 respondebatur
902 3851 1140 3907 Abrahae
1190 3850 1258 3904 ad
1315 3847 1815 3919 exaggerationem

164 3942 425 4013 iniquitatis
452 3944 822 3999 Sodomorm.
876 3985 880 3989 .

214 4051 236 4080 ι
276 4030 493 4087 Decem.
579 4052 605 4079 ι
682 4028 956 4084 Denarius
1014 4043 1237 4081 crucem
1300 4025 1502 4080 Christi
1560 4024 1817 4095 designat

162 4120 265 4187 quia
303 4137 332 4174 ι
377 4121 595 4187 littera,
654 4134 768 4189 qua
819 4116 1088 4172 denarius
1132 4114 1489 4185 exprimitur,
1532 4115 1591 4167 in
1629 4113 1816 4185 ﬁgura

161 4210 303 4263 crucis
329 4210 636 4264 formatur.

215 4316 238 4346 ι
265 4299 415 4353 Dixit.
454 4321 479 4347 ι
522 4296 754 4353 Sciebat
799 4294 951 4349 enim
986 4310 1088 4347 uec
1139 4308 1321 4347 unum
1363 4291 1443 4346 ibi
1507 4307 1628 4344 esse
1670 4307 1818 4362 prie.
1848 4282 1889 4335 Ι)

163 4390 225 4438 ter
248 4387 459 4455 Lot;ad
491 4385 954 4457 exaggerandam
1013 4382 1377 4453 iniquitatem
1436 4381 1543 4434 hoc
1591 4380 1818 4445 dicitur,

163 4474 273 4528 sicut
296 4477 435 4547 apud
466 4475 823 4531 Jeremiam:
860 4490 885 4524 ι
937 4471 1136 4524 Videte
1179 4470 1223 4523 si
1281 4468 1587 4522 inveniatis
1625 4468 1814 4522 homi-

164 4577 264 4617 nem
304 4565 609 4619 facientem
666 4561 950 4633 justitiam
1009 4559 1151 4629 (Jer.
1193 4558 1239 4627 v)
1267 4573 1281 4623 ;
1310 4556 1516 4627 quasi:
1562 4555 1818 4610 Invenite

162 4654 226 4705 vel
248 4669 433 4721 unum,
457 4657 516 4708 et
542 4665 721 4723 parco
761 4649 863 4703 eis.

774 4790 996 4846 CAPUT
1035 4790 1165 4844 XIX.

214 4919 352 4974 Vens.
389 4924 435 4975 l.
472 4948 541 4960 —
578 4939 607 4966 α
636 4917 1039 4983 Veneruntque
1090 4911 1205 4966 duo
1258 4909 1468 4981 angeli,
1499 4931 1519 4958 ι
1554 4914 1661 4964 etc.
1706 4910 1814 4963 No-

160 5009 353 5062 tandum
391 5007 548 5079 quod
610 5011 725 5060 tres
785 5002 973 5073 angeli
1022 5016 1264 5054 numero
1316 4998 1522 5070 impari
1572 4998 1816 5053 Abrahae

162 5102 413 5166 apparent,
446 5095 591 5167 quia
621 5108 863 5148 numero
922 5089 1130 5161 impari
1163 5089 1312 5143 Deus
1367 5088 1594 5159 gaudet.
1644 5087 1817 5142 Sodo-

162 5200 277 5238 mam
304 5187 591 5239 venerunt
616 5181 743 5252 pari
773 5194 1031 5245 numero,
1055 5177 1108 5232 id
1133 5180 1217 5231 est
1246 5176 1382 5241 duo,
1413 5174 1512 5246 qui
1539 5191 1815 5229 numerus

159 5273 335 5338 primus
357 5274 427 5327 ab
460 5272 684 5326 unitate
714 5267 946 5333 recedit,
974 5270 1058 5320 est
1078 5264 1344 5336 princeps
1374 5268 1461 5318 est
1488 5262 1812 5327 alteritatis,

156 5363 286 5429 quasi
342 5363 657 5417 femineam
722 5357 977 5427 ﬁgurans
1029 5353 1346 5408 mollitiem.
1415 5352 1707 5407 Venerunt
1751 5352 1812 5406 in

164 5466 183 5494 ι
226 5465 459 5521 vespere,
518 5472 549 5498 »
611 5447 744 5518 quia
790 5446 914 5515 jam
970 5442 1278 5499 Sodomitis
1331 5441 1674 5496 occubuerat
1727 5443 1811 5496 sol

164 5537 346 5604 iustitiae
395 5563 420 5587 α
462 5536 578 5603 Qui
599 5552 727 5591 cum
758 5532 1011 5595 vidisset,
1044 5550 1067 5581 ι
1102 5535 1213 5585 etc.
1247 5530 1395 5585 Dum
1435 5529 1682 5585 occurrit
1712 5529 1812 5584 Lot

1282 271 1547 330 GLOSSA
1585 274 1996 331 ORDINARIA.
2038 305 2107 313 —
2150 275 2281 331 LIB.
2322 275 2481 330 GEN.

3525 283 3624 336 130

1926 406 1983 457 et
2018 400 2237 467 adorat,
2289 401 2524 472 angelos
2577 401 2799 457 videtur
2834 402 3180 475 intelligere;
3214 405 3352 460 dum
3384 406 3452 461 ad
3487 407 3629 461 refe—

1924 491 2173 544 ctionem
2223 490 2480 560 corporis
2528 490 2748 555 invitat,
2805 491 3067 546 homines
3121 493 3352 548 videtur
3400 499 3626 565 putare.

1925 578 2013 632 Sic
2055 579 2124 633 de
2155 579 2241 633 his
2283 584 2338 632 et
2365 578 2433 632 de
2468 578 2578 631 illis
2611 579 2711 649 qui
2734 580 2974 634 Abrahae
3003 587 3397 652 apparuerunt
3453 583 3637 638 idem-

1925 665 2361 735 intelligendnm
2396 672 2493 719 est.
2533 668 2605 720 Ex
2666 668 2772 721 hoc
2824 673 3015 723 autem
3075 670 3195 723 loco
3230 669 3538 740 Scripturaa
3570 676 3627 724 et

1927 752 2121 805 multis
2152 753 2278 806 aliis
2312 753 2750 808 commendatur
2790 756 2965 809 virtus
2996 757 3412 827 hospitalitatis.
3463 758 3625 812 Unde

1927 840 2136 893 Paulus
2183 842 2319 895 Heb.
2346 842 2459 909 [xm
2486 858 2498 895 :
2557 863 2584 890 ‹‹
2630 844 3082 913 Hospitalitatem
3116 847 3290 900 nolite
3321 846 3575 901 oblivisci
3608 864 3622 902 :

1926 944 2031 999 per
2056 929 2200 983 hanc
2213 930 2367 983 enim
2389 931 2728 1000 placuerunt
2758 933 2991 1003 quidam
3026 935 3159 999 Deo,
3185 936 3401 1005 angelis
3433 936 3623 1008 hospi-

1928 1016 2008 1070 tio
2034 1016 2293 1087 receptis.
2330 1035 2353 1069 ι

2000 1105 2209 1173 (Glossa
2248 1105 2477 1174 Graeca.)
2544 1105 2867 1160 Notandum
2918 1107 3012 1160 ubi
3063 1107 3339 1161 beneﬁcia
3391 1108 3489 1162 Dei
3522 1125 3623 1163 ex-

1927 1192 2243 1264 plicantur,
2276 1194 2453 1248 Deum
2486 1194 2716 1261 adesse;
2750 1195 2848 1249 ubi
2880 1212 3009 1249 vero
3050 1197 3328 1268 supplicia
3360 1214 3623 1250 exercen-

1926 1286 2042 1348 tur,
2081 1284 2315 1350 angelos
2346 1282 2525 1349 mitti;
2558 1288 2624 1336 ut
2678 1283 2919 1335 sciamus
2973 1284 3087 1338 Deo
3126 1284 3480 1351 benefacere,
3525 1286 3621 1354 ju-

1926 1371 2179 1425 cundum
2236 1376 2294 1424 et
2343 1371 2613 1441 placitum
2674 1372 2785 1425 Deo
2836 1373 3068 1442 proprie
3099 1389 3217 1427 esse
3247 1374 3443 1428 ulcisci
3488 1390 3622 1428 vero

1926 1461 2043 1514 Deo
2074 1459 2368 1529 ingratum
2398 1475 2537 1514 esse.

1996 1549 2153 1602 Vens.
2185 1551 2365 1602 2.—«
2408 1549 2628 1603 Lavate.
2670 1570 2697 1597 ι
2731 1548 2889 1613 Quod
2930 1548 3248 1618 hospitibus
3304 1551 3448 1605 solet
3471 1551 3620 1619 ﬁeri,

1932 1642 1997 1691 ut
2037 1638 2270 1691 affectus
2322 1643 2550 1692 terreno
2604 1639 2837 1709 pulvere
2893 1638 3188 1702 sordidati,
3221 1642 3275 1691 et
3322 1639 3536 1706 acedia,
3564 1648 3622 1695 et

1931 1726 2425 1795 pusillanimitate,
2459 1732 2735 1798 tanquam
2786 1727 3200 1798 pulverulentis
3238 1728 3618 1798 squaloribus,

1927 1815 2329 1869 emundentur.
2386 1816 2543 1870 Unde
2595 1816 2656 1869 in
2708 1816 3066 1870 monasteriis
3105 1832 3210 1887 pro
3262 1816 3622 1872 venientibus

1927 1904 1997 1958 de
2026 1904 2115 1957 via
2145 1906 2326 1959 oratio
2354 1905 2690 1960 celebratur.

1997 1993 2158 2046 Vaas.
2182 1995 2303 2046 3-7.
2336 2013 2443 2042 -ι
2476 1992 2919 2064 Compulitillos.
2964 2014 2990 2040 »
3016 1992 3188 2062 (Δια.)
3228 1991 3431 2062 Angeli
3457 1992 3621 2063 quasi

1926 2081 2107 2135 coacti
2138 2081 2372 2135 domum
2434 2082 2537 2135 Lot
2574 2082 2993 2151 ingrediuntur,
3048 2086 3110 2134 ut
3157 2081 3405 2134 charitas
3444 2080 3621 2150 ipsius

1926 2175 2144 2223 tentata
2197 2174 2252 2223 et
2307 2170 2548 2239 probata
2575 2176 3059 2236 remuneraretur,
3100 2177 3157 2223 et
3204 2175 3265 2224 ut
3295 2170 3620 2223 ostendere—

1928 2264 2021 2312 tur
2050 2264 2329 2330 quantum
2362 2265 2513 2312 esset
2556 2259 2961 2329 hospitalitatis
2990 2258 3229 2312 bonum.
3265 2258 3616 2328 Hospitalem

1926 2348 2161 2402 domum
2212 2347 2454 2417 ingressi
2510 2353 2661 2411 sunt,
2735 2353 2793 2401 et
2836 2347 3117 2418 hospitem
3182 2347 3620 2413 liberaverunt;

1927 2436 2142 2488 clausas
2172 2434 2489 2505 hospitibus
2542 2434 2744 2488 domos
2794 2434 2941 2503 ignis
2968 2434 3259 2505 ingressus
3298 2440 3621 2504 peccatores

1925 2521 2196 2593 perdidit.

1996 2611 2155 2664 Veas.
2198 2612 2250 2677 8,
2285 2614 2335 2664 9.
2369 2640 2438 2650 -—-
2467 2632 2495 2657 ‹‹
2531 2610 2720 2664 Habeo
2750 2609 2889 2664 duas
2933 2608 3100 2663 tilias.
3138 2631 3165 2658 n
3202 2611 3388 2675 (tum,
3441 2611 3505 2675 Q.
3565 2614 3621 2664 in

1928 2699 2083 2768 Gen.)
2148 2698 2349 2752 Utrum
2404 2698 2756 2752 admittenda
2803 2697 2873 2750 sit
2925 2699 3311 2767 compensatio
3366 2699 3620 2769 flagitio-

1925 2803 2078 2852 rum,
2144 2787 2230 2840 vel
2291 2786 2683 2857 quorumlibet
2750 2789 3132 2856 peccatorum,
3213 2792 3275 2839 ut
3350 2786 3624 2840 faciamus

1925 2874 2096 2939 mala,
2130 2889 2202 2926 ne
2247 2872 2387 2927 ﬁant
2417 2872 2675 2944 graviora
2710 2889 2722 2926 :
2757 2889 2829 2926 an
2874 2872 3290 2942 perturbationi
3339 2873 3459 2941 Lot,
3506 2891 3620 2927 non

1925 2962 1997 3016 sit
2046 2962 2281 3017 consilio
2329 2963 2716 3029 tribuendum,
2775 2963 2977 3015 merito
3010 2962 3326 3032 quaeritur?
3346 2967 3402 3016 et
3448 2962 3623 3017 nimi-

1926 3064 2057 3102 rum
2108 3050 2589 3121 periculosissime
2619 3050 2741 3103 hasc
2771 3049 3158 3119 compensatio
3188 3050 3530 3107 admittitur.
3566 3052 3622 3107 Si

1927 3143 2118 3192 autem
2165 3140 2522 3209 perturbatio
2581 3138 2786 3192 mentis
2842 3138 3032 3203 fuerit,
3100 3139 3259 3192 nullo
3321 3141 3491 3194 modo
3538 3147 3624 3195 est

1926 3228 2224 3285 imitanda.

1998 3317 2153 3369 Vaas.
2185 3318 2269 3370 lO.
2305 3345 2374 3357 —-
2399 3338 2425 3363 «
2456 3316 2524 3369 Et
2544 3316 2986 3370 introduxerunt
3014 3315 3082 3370 ad
3118 3332 3176 3370 se
3211 3316 3373 3370 μοι.»
3399 3318 3618 3386 (ϐλωη

1926 3404 1967 3457 l.
2008 3404 2301 3469 viMoral.,
2343 3420 2466 3473 cap.
2522 3405 2629 3475 16.)
2666 3405 2821 3459 Malis
2870 3405 3299 3459 adversantibus
3344 3407 3497 3460 intra
3520 3408 3621 3463 do-

1926 3508 2084 3546 mum
2118 3494 2221 3546 Lot
2255 3492 2543 3545 reducitur
2573 3498 2629 3547 et
2658 3494 2949 3547 munitur:
2985 3494 3118 3563 quia
3144 3497 3386 3565 quisque
3426 3498 3624 3566 justus

1925 3596 2236 3651 pravorum
2269 3580 2504 3635 insidias
2545 3574 2853 3650 sustinens,
2883 3581 2953 3636 ad
3006 3590 3259 3637 mentem
3291 3585 3615 3651 revertitur,

1926 3674 1982 3725 et
2010 3674 2204 3724 manet
2252 3670 2565 3724 interritus.
2621 3670 2928 3724 Sodomita:
2960 3671 3019 3723 in
3055 3671 3226 3726 domo
3278 3673 3379 3725 Lot
3408 3673 3618 3728 ostium

1925 3759 2183 3813 invenire
2217 3766 2513 3830 nequeunt
2547 3776 2558 3813 :
2593 3759 2728 3830 quia
2756 3766 3123 3829 corruptores
3162 3761 3439 3815 mentium
3482 3779 3620 3817 con-

1924 3852 2011 3901 tra
2044 3849 2220 3901 vitam
2244 3847 2383 3917 justi
2431 3848 2653 3901 nullum
2692 3848 3151 3917 reprehensionis
3204 3849 3422 3904 aditum
3463 3851 3617 3905 inve-

1924 3936 2110 3989 niunt.
2146 3934 2401 3989 Percussi
2451 3935 2703 3988 caecitate
2758 3936 2922 4005 quasi
2962 3936 3193 3989 domum
3242 3938 3618 4005 circumeunt,

1924 4024 2057 4096 quia
2086 4024 2406 4078 invidentes
2432 4023 2579 4077 facta
2599 4028 2656 4076 et
2685 4023 2835 4077 dicta
2862 4028 3303 4093 perscrutantnr.
3331 4026 3436 4080 Sed
3484 4029 3619 4098 quia

1924 4115 1993 4168 de
2033 4113 2145 4166 vita
2178 4113 2338 4183 justi,
2391 4113 2550 4166 fortis
2601 4117 2656 4166 et
2696 4112 2992 4166 laudabilis
3049 4114 3193 4165 actio
3251 4114 3465 4185 ubique
3523 4118 3621 4171 oli-

1926 4202 2056 4269 viat,
2083 4206 2336 4256 errantes
2359 4202 2636 4273 parietem
2660 4203 2917 4271 palpent.

2000 4291 2162 4346 Vens.
2192 4295 2366 4346 11-13.
2398 4321 2466 4331 —
2488 4310 2516 4344 «
2545 4292 3065 4361 Percusseruutque
3103 4291 3370 4347 caecitate.
3397 4312 3424 4345 »
3460 4296 3615 4363 (Anc.

1928 4380 2024 4433 ubi
2041 4382 2233 4450 supra)
2265 4381 2451 4435 Graece
2493 4378 2736 4454 ἀορασία,
2772 4380 2827 4433 id
2861 4385 2966 4447 est,
3019 4379 3317 4443 avidentia,
3368 4382 3413 4434 si
3443 4384 3619 4453 possit

1928 4468 2056 4534 dici,
2087 4485 2216 4539 quas
2255 4470 2424 4523 faciat
2460 4485 2575 4522 non
2625 4468 2827 4536 videri,
2881 4484 2998 4523 non
3056 4469 3269 4534 omnia,
3317 4470 3416 4525 sed
3465 4470 3617 4540 quod

1927 4572 2042 4609 non
2093 4561 2179 4609 est
2225 4572 2388 4626 opus.
2446 4555 2741 4619 Quomodo
2780 4556 2933 4610 enim
2965 4557 3275 4611 deﬁcerent
3304 4560 3617 4627 quaerendo

1928 4644 2158 4709 ostium,
2195 4644 2241 4697 si
2280 4644 2532 4698 caecitate
2575 4644 2828 4715 percussi
2877 4652 3083 4710 essent,
3132 4646 3231 4699 ubi
3269 4647 3414 4701 nihil
3459 4648 3616 4701 vide-

1926 4732 2102 4787 rent?
2131 4749 2233 4786 sua
2265 4733 2419 4786 enim
2452 4734 2773 4788 calamitate
2804 4734 3038 4803 turbati,
3074 4734 3219 4788 nihil
3257 4735 3495 4789 ulterius
3528 4753 3611 4791 re-

1926 4821 2205 4893 quierent.
2244 4823 2354 4874 Hac
2413 4819 2637 4895 ἀορασὶα
2675 4822 2931 4892 percussi
2964 4827 3147 4888 erant,
3210 4823 3312 4894 qui
3368 4825 3613 4879 Eliseum

1926 4910 2279 4981 qumrebant,
2312 4914 2369 4963 et
2387 4910 2484 4980 qui
2508 4910 2794 4963 Christum
2818 4915 2947 4980 post
2978 4911 3456 4967 resurrectionem
3484 4930 3611 4968 cum

1923 4998 2048 5069 ipso
2071 4998 2424 5052 ambulantes
2443 5015 2558 5052 non
2581 5000 3014 5069 cognoscebant.

1995 5088 2155 5141 Vens.
2219 5089 2304 5141 14.
2349 5117 2419 5127 -
2461 5109 2489 5136 ‹‹
2523 5088 2810 5157 Egressus,
2861 5092 2967 5142 etc.
3000 5088 3302 5156 (Hisa.,'in
3327 5091 3392 5156 Q.
3426 5091 3616 5161 Hebr.)

1926 5176 1988 5230 In
2018 5176 2385 5247 sequentibus
2418 5174 2551 5229 ﬁliai
2594 5177 2691 5230 Lot
2714 5177 2962 5246 virgines
2992 5177 3166 5232 fuisse
3221 5180 3516 5251 leguntur;
3564 5188 3619 5236 et

1921 5263 2043 5334 ipse
2076 5264 2147 5318 ad
2181 5264 2503 5320 Sodomitas
2535 5264 2680 5319 dixit
2713 5282 2726 5319 :
2758 5286 2785 5314 «
2816 5267 2949 5319 Ecce
2971 5266 3098 5321 duae
3129 5267 3264 5322 ﬁliae
3311 5285 3455 5324 meae
3486 5287 3615 5341 quas

1922 5370 2040 5408 non
2096 5358 2488 5424 cognoverunt
2544 5352 2806 5419 virum,»
2845 5359 2949 5409 etc.
2986 5355 3147 5409 Nunc
3180 5362 3377 5412 autem
3408 5358 3619 5413 dicitur

1920 5441 2187 5497 habuisse
2226 5457 2487 5511 generos.
2544 5441 2654 5497 Sed
2684 5443 2921 5515 quidam
2953 5445 3309 5501 arbitrantur
3339 5464 3435 5501 eas
3488 5464 3616 5517 quas

1919 5530 2072 5584 viros
2102 5528 2427 5585 habuerunt
2457 5529 2519 5586 in
2547 5528 2806 5588 Sodomis
2837 5532 3071 5604 perisse,
3106 5538 3161 5589 et
3206 5550 3335 5605 quae
3363 5535 3615 5607 virgines

2656 5688 2683 5717 Ὁ
