4086 6190
379 308 466 361 l3l
986 306 1374 366 WALAFlllDl
1413 307 1660 363 STRABI
1703 309 1900 364 FULD.
1946 309 2106 364 MON.
2147 307 2304 364 OPP.
2358 308 2532 363 PARS
2571 307 2614 362 Ι.
2655 338 2724 346 -
2762 308 3218 365 TllEOLOGlCA.

3780 314 3890 366 432

372 433 536 483 erant
565 443 693 482 cum
727 431 886 499 patre
912 429 1108 483 exisse.
1173 428 1282 484 Sed
1322 430 1594 484 Hebraica
1629 430 1836 484 veritas
1869 430 2058 484 habet.
2092 434 2141 489 A
2181 431 2307 484 liter
2336 429 2684 500 peccabsnt;
2716 429 2810 483 isti
2838 445 2971 484 vero
3002 435 3196 484 contra
3244 435 3549 485 naturam:
3584 430 3714 486 ideo
3745 448 3882 503 gra-

375 536 403 568 α
439 519 708 589 Egressus
769 523 854 571 est
911 518 1029 585 Lot,
1085 523 1141 572 et
1187 518 1406 572 locutus
1456 523 1543 572 est
1581 519 1648 572 ad
1695 535 1932 588 sponsos
1967 519 2068 590 qui

369 606 660 676 accepturi
681 612 842 660 erant
860 606 1006 660 ﬁlias
1027 607 1151 676 ejus
1184 623 1197 660 :
1232 627 1260 657 π)
1294 607 1542 677 virgines
1571 623 1709 676 ergo
1757 607 1892 661 filim
1943 624 2070 661 nec-

375 694 510 748 dum
543 695 768 748 fuerant
790 694 1156 748 matrimonio
1179 695 1478 765 copulatas.

447 782 730 847 Vens.15,
786 785 867 836 l6.
918 812 986 821 —
1037 800 1064 832 α
1125 782 1380 850 Cumque
1440 785 1588 834 esset
1638 796 1828 847 mane,
1870 802 1897 832 »
1959 785 2066 835 etc.

379 871 552 940 (1510.)
593 871 830 938 Mystice.
869 871 970 924 Lot
1007 869 1180 923 frater
1207 869 1518 934 Abraham,
1546 870 1736 940 justus
1779 876 1834 923 ct
1878 871 2068 939 hospi-

378 959 509 1013 talis
537 959 594 1012 in
627 958 910 1023 Sodomis,
955 958 1242 1028 significat
1271 975 1480 1028 corpus
1510 958 1738 1021 Christi,
1803 958 1956 1028 quod
2012 959 2072 1011 in

379 1047 643 1101 omnibus
672 1047 878 1101 sanctis
906 1047 1056 1100 inter
1103 1047 1312 1117 impios
1369 1047 1568 1117 gemit,
1617 1062 1863 1117 quorum
1912 1046 2073 1100 factis

378 1152 493 1190 non
523 1135 821 1201 consentit,
855 1142 910 1189 et
937 1151 971 1189 a
1000 1151 1244 1206 quorum
1304 1135 1683 1206 permixtione
1738 1135 2075 1210 liberabitur

379 1225 440 1278 in
461 1223 574 1278 fine
603 1224 817 1290 saeculi,
851 1223 963 1277 illis
1017 1222 1301 1277 damnatis
1358 1223 1638 1293 supplicio
1671 1224 1816 1293 ignis
1849 1221 2071 1288 aeterni,

450 1331 847 1389 Vanam-19.
884 1361 953 1372 —
986 1353 1012 1379 ‹‹
1068 1331 1130 1384 In
1181 1334 1395 1384 monte.
1447 1351 1473 1377 ››
1513 1329 1740 1398 (ὃπως.)
1774 1331 2069 1394 Moraliter,

381 1419 538 1474 Mons
569 1419 932 1473 altitudinem
973 1419 1245 1472 virtutum
1295 1417 1592 1489 signiﬁcat,
1637 1419 1706 1471 ad
1761 1433 1931 1488 quam
1981 1433 2077 1471 an-

379 1508 542 1577 gelus
593 1509 870 1574 hortatur,
919 1507 1227 1560 secundum
1289 1505 1428 1559 illud
1479 1505 1646 1560 Marci
1697 1521 1808 1559 xxx.
1845 1525 1871 1557 ››
1906 1505 1962 1559 Si
1992 1505 2077 1558 vis

379 1593 664 1666 perfectus
685 1597 978 1656 esse,vade
1004 1600 1057 1647 et
1089 1594 1267 1647 vende
1300 1593 1492 1646 munia
1517 1609 1645 1663 quae
1675 1593 1869 1648 habes.
1901 1613 1928 1642 ι)
1965 1598 2072 1646 etc.

377 1685 486 1748 Qui
535 1700 664 1737 vero
717 1683 920 1737 viderit
962 1699 1019 1736 se
1058 1699 1172 1736 non
1204 1699 1365 1752 posse
1405 1682 1801 1749 conscendere,
1867 1682 2072 1735 melius

380 1777 466 1826 est
488 1777 549 1825 ut
577 1772 635 1824 in
672 1771 867 1840 Segor,
921 1770 978 1826 id
1029 1777 1113 1824 est
1143 1772 1200 1824 in
1231 1772 1467 1842 parvula
1503 1776 1812 1836 remaneat,
1843 1777 2073 1824 conten-

380 1865 471 1913 tus
504 1858 687 1912 laicali
719 1865 774 1912 et
806 1858 1095 1912 communi
1129 1859 1264 1926 vita,
1311 1874 1482 1929 quam
1537 1863 1792 1912 montem
1852 1858 2076 1912 virtutis

380 1947 616 2018 arripiat
647 1952 703 2000 et
719 1947 787 2000 ad
811 1946 1107 2000 sazcularia
1128 1945 1341 2000 redeat.
1356 1945 1706 2016 Virginitatis
1737 1947 1885 2000 altus
1908 1962 2070 2000 mons

381 2041 466 2090 est
496 2036 566 2090 ad
595 2052 765 2107 quam
797 2035 1038 2107 angelus
1064 2036 1329 2090 hortatur
1357 2053 1374 2089 :
1410 2036 1454 2088 si
1495 2035 1622 2106 quis
1681 2035 1835 2089 videt
1871 2051 1929 2088 se
1959 2050 2075 2088 non

379 2140 543 2195 posse
582 2117 980 2191 conscendere,
1027 2129 1255 2178 maneat
1283 2125 1341 2177 in
1398 2124 1595 2193 Segor,
1628 2123 1683 2178 id
1715 2123 1884 2177 estin
1940 2122 2077 2193 legi-

381 2212 523 2267 timo
574 2212 866 2282 conjugio,
917 2212 1051 2282 quia
1111 2211 1314 2266 melius
1345 2216 1430 2265 est
1460 2210 1730 2264 mediocri
1787 2211 1938 2264 bono
1969 2210 2074 2274 uti,

381 2317 554 2372 quam
589 2317 690 2372 per
720 2303 961 2370 abrupta
1015 2300 1266 2354 libidiuis
1307 2300 1668 2371 prmcipitari.
1707 2299 1864 2354 Unde
1894 2299 1912 2353 l
1945 2299 2068 2354 Cor.

381 2407 453 2444 vn
491 2406 504 2443 :
545 2411 570 2438 «
619 2391 859 2460 Propter
895 2388 1330 2443 fornicationem
1382 2388 1780 2458 unusquisque
1837 2403 2076 2442 uxnrem

380 2476 605 2532 haheat.
641 2499 662 2527 ι
701 2499 728 2526 ‹‹
761 2478 871 2531 Nec
901 2493 1134 2547 possum
1167 2476 1225 2529 in
1270 2481 1464 2530 monte
1496 2491 1509 2530 :
1549 2496 1570 2524 ι
1615 2475 1826 2528 scilicet
1855 2481 2078 2546 pertur-

378 2565 541 2620 batus
573 2581 687 2620 non
714 2565 979 2619 credebat
1009 2565 1272 2632 Domino,
1309 2580 1479 2635 quem
1537 2563 1595 2616 in
1633 2563 1852 2634 angelis
1901 2579 2076 2630 agno-

378 2657 589 2724 scebat,
625 2656 770 2708 sicut
790 2655 1153 2726 perturbatus
1174 2653 1318 2707 lilias
1346 2653 1745 2724 prostituebat.

451 2761 614 2816 Vnns.
671 2763 760 2815 20.
821 2761 1013 2814 —E.~t
1070 2759 1336 2826 civitas,»
1372 2765 1457 2812 etc
1542 2759 1714 2829 (1511).)
1752 2759 2072 2825 Allegorice.

375 2849 624 2905 Sodoma
653 2849 1063 2920 interpretatur
1092 2851 1323 2915 czcitas,
1380 2852 1438 2902 et
1474 2847 1744 2918 exprimit
1783 2847 2076 2901 mundana

376 2939 696 2994 desideria:
760 2939 1000 2992 altitudo
1058 2937 1361 3004 montium,
1433 2935 1746 3006 speculatio
1799 2935 2074 3006 perfecto-

375 3045 525 3083 rum.
559 3027 664 3082 Sed
693 3027 827 3098 quia
867 3025 1030 3080 multi
1056 3025 1256 3080 mundi
1279 3023 1575 3079 illecebras
1604 3024 1854 3095 fugiunt,
1882 3029 2075 3078 tamen
2108 3017 2145 3071 C

379 3117 436 3170 in
471 3115 689 3170 actione
722 3114 888 3185 positi
929 3113 1433 3183 contemplationis
1461 3113 1679 3184 apicem
1737 3112 1934 3166 subire
1977 3127 2074 3165 ne-

377 3204 618 3277 queunt,
679 3203 855 3258 exivit
911 3201 1012 3256 Lot
1061 3219 1094 3256 a
1169 3201 1432 3257 Sodomis
1492 3201 1586 3255 sed
1673 3201 1740 3254 ad
1804 3207 2078 3253 montana

376 3310 492 3357 non
539 3291 812 3364 pervenit.
886 3292 955 3345 Ut
1027 3291 1131 3344 Lot
1195 3289 1275 3344 ait
1339 3305 1354 3344 :
1430 3311 1458 3338 ‹‹
1541 3291 1634 3343 Est
1698 3288 1894 3343 civitas
1960 3288 2079 3342 haec

370 3380 584 3452 juxta»
611 3385 721 3434 etc.
757 3401 784 3427 ‹‹
818 3380 1045 3434 Juxta»
1093 3377 1326 3444 dicitur,
1356 3382 1414 3431 et
1470 3381 1661 3431 tamen
1713 3376 1781 3429 ad
1834 3375 2075 3429 salutem

376 3483 522 3548 tuta,
553 3476 689 3548 quia
710 3467 899 3530 activa
931 3474 1044 3529 vita
1084 3490 1188 3528 nec
1220 3491 1250 3528 a
1282 3473 1481 3528 mundi
1523 3473 1674 3527 curis
1719 3489 1785 3526 ex
1807 3477 1928 3528 toto
1973 3473 2080 3529 dis.

375 3571 549 3629 creta,
589 3581 694 3620 nec
725 3581 758 3619 a
789 3563 1000 3635 gaudio
1040 3569 1268 3618 aeterne
1287 3562 1486 3617 salutis
1515 3572 1597 3616 est
1624 3561 1831 3615 aliena.

450 3692 478 3721 α
501 3672 582 3726 Ad
617 3687 789 3741 quam
821 3685 1077 3742 possum,
1109 3690 1137 3718 »
1168 3675 1273 3723 etc.
1318 3667 1424 3732 Qui
1449 3667 1519 3722 ad
1567 3666 2086 3738 contemplativam.

375 3761 677 3814 ascendere
705 3775 819 3814 non
834 3758 1145 3825 sufficiunt,
1161 3757 1230 3811 ad
1255 3756 1495 3811 activam
1508 3755 1682 3811 vitam
1707 3755 2071 3826 confugiunt,

376 3849 437 3902 in
465 3865 579 3919 qua
610 3850 917 3902 salvantur.

448 3938 673 4006 (Gnsc.,
705 3938 852 3992 Past.
897 3951 977 3998 Ill,
1009 3933 1124 4005 28.)
1156 3934 1362 3989 Morel.
1412 3933 1719 3988 Ardentem
1767 3931 2072 3986 Sodomam

376 4024 594 4094 fugere,
626 4030 754 4087 etc.,
790 4040 962 4093 ttSqw.’
981 4023 1056 4077 ad
1079 4021 1230 4077 unde
1261 4022 1328 4076 ad
1366 4023 1468 4077 Lot
1495 4021 1706 4076 dicitur
1733 4036 1746 4074 :

379 4166 389 4170 _
449 4115 616 4168 Vens.
645 4115 836 4168 2t-23.
868 4142 936 4153 —
987 4135 1011 4160 ‹‹
1037 4113 1174 4166 Ecce
1209 4110 1470 4164 etiamin
1525 4111 1630 4164 hoc
1677 4109 1898 4180 suscepi
1945 4124 2076 4180 pre-

373 4216 464 4256 ces
489 4206 634 4268 tuas,
681 4223 709 4250 »
743 4201 877 4270 quia
923 4215 1051 4254 cum
1104 4201 1218 4254 Deo
1251 4199 1433 4254 oratio
1486 4198 1767 4266 funditur,
1800 4198 1928 4252 talis
1957 4197 2072 4252 vita

373 4289 624 4361 conjugii
655 4305 771 4343 non
797 4288 1130 4353 damnatur;
1190 4287 1340 4343 unde
1387 4288 1572 4341 ICor.
1631 4303 1750 4340 vn:
1807 4309 1833 4337 ι(
1887 4287 2034 4341 Nolit

372 4378 640 4433 fraudare
663 4377 927 4439 invicem,
953 4397 980 4425 »
1009 4381 1111 4428 etc.

449 4485 610 4540 Vens.
645 4484 731 4538 24.
764 4512 834 4524 —
876 4503 903 4532 ‹‹
936 4481 1116 4552 Igitur
1159 4480 1428 4535 Dominus
1464 4480 1614 4551 pluit
1662 4496 1835 4551 super
1879 4480 2065 4535 Sodo-

377 4596 406 4624 α
447 4590 601 4628 nam.
652 4594 680 4620 »
723 4577 824 4626 etc.
873 4571 1082 4642 (Gai-:6.)
1125 4569 1398 4640 Sulphur,
1445 4569 1593 4624 fetor
1643 4570 1847 4635 carnis,
1897 4568 2066 4640 ignis,

373 4662 547 4716 ardor
591 4661 834 4716 carnalis
872 4657 1175 4724 desiderii;
1227 4673 1356 4711 cum
1392 4659 1667 4711 Dominus
1703 4656 1890 4710 carnis
1942 4673 2066 4710 sce-

376 4753 492 4805 lera
533 4750 744 4821 punire
785 4747 1141 4812 decrevisset,
1199 4745 1475 4818 qualitate
1528 4746 1763 4799 ultionis
1816 4746 2070 4800 innotuit

373 4841 596 4894 macula
651 4837 926 4892 criminis.
978 4835 1231 4906 Sulphur
1275 4833 1428 4888 enim
1485 4833 1644 4900 fetet,
1693 4831 1845 4902 ignis
1877 4831 2067 4901 ardet;

372 4927 472 4998 qui
529 4944 666 4998 ergo
715 4927 783 4982 ad
816 4940 1080 4997 perversa
1129 4922 1409 4978 desideria
1455 4922 1644 4976 carnis
1689 4920 1867 4975 fetore
1906 4937 2066 4975 arse-

372 5021 522 5081 rant,
568 5016 699 5085 jure
753 5014 1027 5084 sulphure
1072 5016 1128 5067 et
1177 5012 1309 5083 igne
1350 5009 1666 5082 perierunt,
1700 5014 1764 5064 ut
1809 5025 1877 5064 ex
1913 5011 2069 5080 justa

368 5118 540 5176 paena
564 5103 846 5158 discerent
873 5102 1026 5174 quod
1054 5102 1266 5172 iujusto
1291 5098 1573 5155 desiderio
1603 5097 1888 5153 fecissent.

443 5208 677 5280 (Snus)
738 5208 1061 5262 Notandum
1115 5207 1250 5280 quia
1302 5207 1522 5279 primos
1555 5209 1880 5276 peccatores
1917 5220 2068 5276 aqua

372 5296 570 5352 diluvii
601 5295 1018 5364 exterminavit,
1069 5295 1171 5367 qui
1205 5294 1470 5349 similiter
1498 5292 1855 5348 offenderant
1883 5292 2065 5347 Deum

372 5383 835 5457 concupiscentia
871 5383 1084 5438 carnis.
1127 5383 1438 5438 Sodomita».
1484 5397 1617 5437 vero
1648 5380 1896 5453 graviori
1929 5397 2065 5453 sup-

370 5475 560 5547 plicio,
609 5473 759 5540 ignis
805 5472 1019 5528 scilicet
1061 5476 1118 5524 et
1142 5471 1433 5542 sulphuris
1461 5470 1696 5540 diluvio,
1741 5468 2062 5540 perierunt.

370 5565 698 5622 Licetenim
746 5562 830 5619 illi
886 5575 1218 5618 mensuram
1268 5558 1621 5629 excederent,
1671 5574 1788 5632 qua
1827 5563 2064 5614 natura-

2177 519 2391 572 vissimi
2423 518 2686 589 supplicii
2709 520 2968 589 exemplo
3000 519 3255 573 damnati
3288 524 3440 574 sunt.

2248 608 2404 660 Vens.
2439 609 2526 662 25.
2567 637 2634 647 --
2668 626 2694 657 α
2726 607 3024 660 Universos
3056 607 3427 660 habitatores.
3483 629 3506 656 ι
3552 607 3720 677 (Δις.)
3790 609 3892 662 In-

2178 695 2360 750 fantes
2405 711 2534 748 cum
2567 695 2895 765 parentibus
2925 695 2985 749 in
3033 695 3294 750 Sodomis
3335 695 3571 749 cremati
3605 701 3755 762 sunt,
3812 711 3893 750 ne

2181 789 2374 854 posset
2404 784 2616 837 adverti
2653 784 3055 854 impiissimum
3090 783 3310 838 facinus
3343 783 3792 850 Sodomitarum,
3835 785 3888 838 si

2181 873 2249 924 de
2279 871 2501 943 origine
2555 887 2754 925 eorum
2803 872 3035 942 aliquod
3089 876 3412 926 remaneret
3461 872 3783 943 vestigium.
3821 875 3893 927 Et

2177 962 2467 1032 provisum
2491 965 2576 1014 est
2594 961 2725 1026 illis,
2759 975 2830 1014 ne
2859 961 2958 1014 diu
3006 959 3260 1014 viventes
3282 966 3660 1031 sequerentur
3687 977 3888 1015 exem-

2180 1049 2271 1120 pla
2295 1053 2519 1118 patrum
2567 1053 2623 1102 et
2655 1049 2883 1118 gravius
2929 1048 3299 1119 punirentur.
3344 1050 3616 1103 Parentes
3647 1065 3888 1120 quoque

2180 1141 2297 1190 tam
2330 1152 2432 1206 pro
2471 1152 2528 1190 se
2559 1151 2732 1206 quam
2791 1151 2893 1207 pro
2922 1136 3004 1189 eis
3052 1135 3134 1189 rei
3168 1141 3318 1189 sunt.
3372 1137 3517 1190 Mors
3547 1137 3702 1190 enim
3735 1137 3885 1191 tilio-

2182 1242 2312 1280 rum
2341 1225 2558 1279 crimen
2605 1231 2689 1278 est
2717 1230 3041 1296 parentum.
3078 1226 3210 1280 Ideo
3252 1226 3431 1280 futuri
3484 1231 3616 1280 sunt
3653 1241 3890 1281 accusa-

2183 1319 2336 1369 tores
2368 1329 2590 1368 eorum.
2621 1314 2718 1368 Est
2744 1314 2913 1368 etiam
2943 1315 3342 1385 qualecunque
3370 1313 3737 1384 beneficium,
3767 1331 3887 1369 non

2183 1416 2348 1455 reum
2375 1417 2517 1468 esse,
2550 1401 2650 1472 qui
2679 1401 2964 1472 gloriosus
2989 1417 3106 1456 non
3129 1407 3241 1469 est;
3295 1403 3528 1472 prodest
3555 1403 3708 1458 enim
3739 1419 3888 1474 pau-

2186 1505 2379 1560 perem
2411 1506 2528 1544 non
2556 1506 2698 1557 esse,
2741 1489 2840 1561 qui
2876 1506 2969 1544 rex
3000 1505 3120 1544 esse
3151 1506 3267 1544 non
3297 1495 3504 1561 potest.

2255 1579 2412 1632 Vens.
2441 1581 2622 1634 26-28.
2657 1608 2726 1620 —
2758 1600 2780 1628 ι
2817 1579 3260 1650 Respicieusque
3289 1596 3430 1633 uxor
3458 1581 3600 1650 ejus.
3635 1599 3663 1632 io
3699 1581 3886 1649 (lsm.)

2184 1669 2423 1732 qutice.
2459 1667 2624 1732 Uxor,
2657 1683 2858 1720 eorum
2897 1683 3078 1737 genus
3101 1668 3311 1738 figurat
3333 1668 3433 1738 qui
3475 1669 3658 1738 gratia
3688 1669 3872 1723 vocati

2189 1760 2340 1807 retro
2393 1755 2696 1825 aspiciunt,
2755 1759 2812 1810 et
2867 1756 2934 1810 ad
2991 1771 3058 1810 ea
3112 1772 3242 1827 quae.
3303 1757 3653 1828 reliquerant
3696 1759 3887 1812 redire

2184 1843 2579 1910 contendunt;
2611 1844 2680 1898 de
2709 1844 2918 1916 quibus
2945 1845 3154 1900 dicitur
3195 1846 3325 1900 Luc.
3379 1862 3428 1900 Ix
3455 1863 3467 1900 :
3525 1868 3546 1895 ι
3585 1847 3764 1900 Nemo
3786 1863 3887 1916 po-

2184 1945 2326 1983 nens
2368 1947 2600 1986 manum
2627 1933 2685 1985 in
2717 1938 2930 2000 aratro,
2962 1937 3020 1986 et
3044 1933 3353 2004 respiciens
3385 1939 3558 1996 retro,
3607 1943 3772 2005 aptus
3793 1940 3882 1988 est

2183 2035 2362 2088 regno
2389 2019 2508 2074 Dei.
2543 2039 2570 2072 io
2621 2021 2754 2075 Ideo
2782 2020 3122 2091 prohibetur
3150 2021 3264 2075 illis
3307 2027 3456 2075 retro
3504 2022 3780 2093 aspicere.
3818 2023 3882 2076 ln

2184 2123 2297 2177 quo
2317 2109 2642 2162 ostenditur
2669 2124 2785 2162 non
2813 2124 2935 2162 esse
2985 2109 3340 2164 redeundum
3397 2110 3465 2163 ad
3517 2115 3766 2163 veterem
3801 2111 3885 2164 vi-

2184 2199 2322 2261 tam,
2348 2195 2437 2249 his
2467 2196 2565 2267 qui
2596 2213 2698 2267 per
2727 2197 2969 2267 gratiam
2996 2199 3130 2251 sunt
3152 2198 3492 2267 regenerati,
3529 2197 3574 2251 si
3615 2199 3883 2253 ultimum

2182 2282 2425 2353 cupiunt
2473 2285 2710 2338 evadere
2766 2285 3132 2352 incendium;
3165 2302 3309 2340 uxor
3363 2287 3765 2358 retrospiciens
3823 2287 3887 2342 in

2185 2370 2358 2424 salem
2383 2387 2542 2426 versa
2589 2378 2690 2441 est,
2727 2374 3048 2444 exemplum
3098 2373 3245 2428 facta
3281 2373 3511 2440 scilicet,
3562 2379 3622 2428 et
3677 2375 3882 2431 condi-

2188 2464 2446 2514 mentum
2501 2462 2650 2515 unde
2711 2461 2810 2515 alii
2876 2461 3172 2516 saliantur.
3245 2461 3403 2516 Unde
3483 2461 3741 2516 Christus
3805 2463 3888 2516 ait

2186 2545 2296 2600 Luc
2317 2563 2459 2602 xvii:
2493 2567 2520 2598 α
2557 2549 2897 2603 Mementote
2946 2549 3138 2603 uxoris
3169 2549 3290 2617 Lot,
3323 2569 3350 2600 ι)
3399 2555 3461 2604 ut
3508 2567 3610 2604 nos
3666 2551 3884 2606 scilicet

2185 2638 2465 2705 tanquam
2504 2638 2618 2691 sale
2647 2637 2928 2704 condiret,
2971 2654 3042 2692 ne
3086 2638 3442 2709 negligentes
3481 2653 3750 2705 essemus,
3783 2640 3880 2694 sed

2185 2723 2500 2790 prudenter
2527 2741 2874 2780 caveremus.

2261 2817 2419 2869 Vens.
2454 2817 2542 2869 29.
2577 2843 2648 2856 —
2705 2833 2733 2866 α
2776 2816 2919 2870 Cum
2967 2814 3121 2868 enim
3162 2813 3535 2876 subverteret,
3591 2835 3618 2866 ιι
3651 2821 3758 2870 etc.
3793 2817 3884 2870 In-

2187 2906 2315 2961 uuit
2368 2903 2656 2974 Scriptura
2704 2904 2887 2973 magis
2944 2902 3163 2957 meritis
3207 2903 3452 2959 Abrahae
3513 2905 3692 2958 Deum
3741 2905 3885 2960 libe-

2186 3012 2336 3051 rasse
2371 2995 2491 3058 Lot,
2524 2999 2589 3047 ut
2621 2993 3010 3063 intelligamus
3039 2993 3251 3064 justum
3299 3009 3420 3046 esse
3444 2993 3694 3057 dictum,
3743 3011 3885 3065 quo-

2185 3084 2507 3145 dammodo,
2559 3082 2808 3136 maxime
2869 3081 3004 3152 quia
3060 3082 3283 3136 colebat
3327 3098 3507 3136 unum
3567 3098 3883 3154 verumque

2187 3175 2388 3241 Deum,
2440 3178 2497 3226 et
2527 3170 2952 3242 comparatione
2991 3170 3388 3239 Sodomorum,
3444 3172 3594 3225 inter
3626 3187 3770 3242 quos
3795 3174 3884 3226 vi-

2185 3277 2320 3314 vens
2347 3259 2416 3314 ad
2441 3258 2628 3312 simile
2663 3258 2846 3312 scelus
2887 3257 3034 3311 ﬂecti
3066 3273 3183 3310 non
3213 3257 3420 3328 potuit.
3459 3279 3480 3306 ι
3537 3257 3884 3314 Recordatus

2187 3354 2272 3404 est
2297 3348 2558 3403 Abrahae.
2590 3365 2618 3398 io
2648 3347 2810 3401 Patet
2839 3345 3058 3400 meritis
3087 3346 3328 3401 Abrahae
3368 3346 3468 3400 Lot
3518 3346 3691 3401 fuisse
3739 3347 3882 3402 libe-

2183 3443 2395 3504 ratum,
2429 3453 2601 3508 quem
2635 3435 2924 3507 Scriptura
2947 3436 3198 3506 appellat
3220 3435 3462 3506 justum.
3499 3436 3563 3490 Et
3585 3436 3882 3492 sciendum

2185 3527 2321 3598 quia
2351 3526 2542 3597 justus
2568 3529 2710 3591 erat,
2743 3541 2860 3578 non
2891 3523 3037 3579 sicut
3089 3523 3396 3592 Abraham,
3451 3525 3551 3580 sed
3583 3541 3882 3597 compara-

2183 3617 2338 3670 tione
2363 3614 2812 3669 Sodomitarum.

2254 3705 2416 3758 Vens.
2476 3705 2564 3758 30.
2623 3731 2692 3742 —
2737 3723 2763 3750 ‹‹
2813 3700 3214 3772 Ascenditque,
3265 3721 3288 3749 ι
3319 3705 3426 3756 etc.
3469 3701 3559 3756 Sic
3589 3701 3882 3773 conjugati

2185 3793 2254 3846 de
2282 3792 2606 3846 humilitate
2637 3790 2834 3845 activae
2872 3789 3002 3844 vitae
3031 3790 3340 3861 aliquando
3376 3791 3690 3846 ascendunt
3715 3791 3780 3846 ad
3805 3792 3882 3846 al-

2185 3882 2486 3936 titudinem
2509 3879 2980 3951 contemplativa.

2254 3991 2278 4020 ‹‹
2313 3969 2694 4039 Ascenditque
2754 3968 2855 4022 Lot
2913 3967 2981 4022 de
3041 3966 3288 4037 Segor,»
3341 3972 3448 4023 etc.
3506 3967 3682 4038 (Bina.
3724 3971 3784 4024 in
3813 3969 3880 4036 Ο.

2183 4060 2359 4114 Hebr.
2405 4063 2544 4113 tom.
2579 4058 2693 4125 111.)
2727 4055 3016 4121 Qumritur
3053 4072 3156 4110 cur
3184 4073 3313 4110 cum
3358 4057 3612 4127 primum
3667 4058 3882 4112 montis

2182 4148 2330 4218 fugte
2370 4147 2548 4217 Segnr
2579 4145 2916 4217 praetulerit.
2975 4149 3082 4199 etc.
3129 4160 3299 4216 usque
3329 4145 3403 4200 ad
3433 4146 3724 4218 ambigere
3765 4162 3882 4201 non

2179 4236 2396 4292 debuit.

2038 4304 2067 4340 θ
2108 4299 2152 4354 Ῐ)
2250 4326 2408 4378 Vens.
2444 4327 2530 4378 3t.
2566 4351 2634 4362 -η
2661 4345 2680 4370 α
2717 4321 2984 4393 Dixitque
3018 4321 3200 4392 major
3237 4322 3307 4378 ad
3333 4322 3631 4384 minorem,
3689 4344 3718 4373 »
3769 4327 3882 4378 etc.

2179 4412 2339 4477 Quod
2379 4427 2483 4482 pro
2524 4409 2882 4464 excusatione
2946 4409 3155 4464 dicitur
3192 4410 3466 4477 filiarum,
3517 4410 3654 4482 quia
3701 4427 3884 4483 genus

2179 4499 2496 4552 humanum
2539 4497 2809 4551 defecisse
2842 4502 3203 4567 putaverunt,
3243 4497 3488 4569 ideoque
3535 4515 3665 4554 cum
3719 4504 3882 4570 patre

2177 4584 2585 4639 accubuerunt.
2640 4585 2758 4638 Non
2793 4589 2986 4639 autem
3020 4591 3249 4640 excusat
3302 4590 3523 4657 patrem
3589 4586 3742 4658 quod
3797 4602 3883 4640 se-

2187 4674 2406 4746 quitur,
2443 4696 2468 4722 ‹‹
2501 4678 2556 4727 et
2583 4673 2822 4728 nescivit
2843 4674 2995 4744 quod
3021 4675 3372 4729 dormissent
3401 4691 3530 4729 cum
3564 4691 3656 4742 eo;
3705 4697 3733 4724 ››
3783 4690 3882 4744 ap-

2178 4768 2448 4834 pungunt
2476 4762 2632 4816 enim
2686 4761 2935 4832 desuper
2987 4763 3212 4820 [iebrtei
3245 4763 3432 4830 obelo,
3471 4764 3634 4835 quasi
3674 4778 3876 4833 super-

2178 4853 2380 4917 fluum,
2413 4851 2574 4922 quasi
2607 4849 2940 4905 incredibile
2971 4851 3061 4916 sit,
3114 4850 3248 4921 quia
3286 4867 3479 4906 rerum
3519 4856 3723 4906 natura
3757 4867 3878 4906 non

2177 4939 2362 5009 capiat
2389 4939 2542 4993 coire
2574 4937 2902 5010 quempiam
2928 4939 3295 4994 nescientem.

2249 5027 2486 5098 (ὃπως.)
2529 5029 2632 5082 Lot
2661 5026 3061 5081 inexcusabilis
3091 5031 3194 5094 est,
3242 5028 3431 5098 primo
3487 5027 3623 5100 quia
3669 5028 3878 5099 angelo

2179 5133 2291 5171 non
2320 5115 2600 5181 credidit;
2644 5114 2852 5170 deinde
2878 5114 3015 5188 quia
3041 5115 3357 5172 inebriatus
3379 5123 3484 5180 est,
3511 5123 3567 5173 et
3590 5116 3699 5172 fuit
3745 5133 3881 5188 pec-

2176 5209 2366 5258 catum
2397 5219 2566 5258 causa
2603 5203 2841 5274 peccati.

2247 5293 2528 5363 (Ηιειιοκ.)
2565 5291 2653 5346 Sic
2681 5307 2856 5364 prava
2895 5293 3185 5366 suggestio
3243 5298 3298 5348 et
3333 5293 3650 5361 delectatio,
3698 5299 3760 5348 ut
3787 5293 3878 5348 in-

2178 5386 2345 5435 cestas
2369 5380 2658 5448 mulieres,
2694 5381 3044 5437 insidiantur
3072 5383 3521 5451 continentibus,
3554 5388 3618 5438 ut
3647 5388 3878 5454 accepta

2175 5469 2494 5536 occasione,
2546 5475 2839 5541 torpentes
2888 5471 3022 5527 vino
3080 5472 3319 5527 fallacia
3384 5473 3665 5538 imbuant,
3739 5478 3797 5527 et
3844 5489 3878 5527 a

2177 5563 2324 5614 statu
2364 5559 2722 5616 rectitudinis
2751 5559 2914 5634 quasi
2936 5559 3268 5632 ignorantes
3296 5561 3583 5635 dejiciant.
