4086 6190
220 296 314 348 133
1377 292 1637 348 GLOSSA
1676 291 2084 347 ORDINARIA.
2124 323 2191 331 —
2235 293 2363 348 LIB.
2406 293 2559 348 GEN.

3623 299 3728 353 134-

280 417 447 471 Vens.
484 418 570 471 32.
601 447 674 458 —
704 436 733 469 ι
791 418 951 482 Veni,
1009 416 1379 483 iuebriemus,
1416 436 1442 466 υ
1470 422 1576 470 etc.
1628 415 1800 487 (ALc.)
1843 414 1907 469 Di

2065 432 2198 487 liam
2229 433 2287 487 in
2321 433 2557 487 Hebraeo
2605 432 2848 487 habetur
2872 448 3061 502 vegam
3094 434 3265 503 (επ.)
3316 434 3371 489 id
3420 440 3522 501 est,
3566 437 3735 491 etiam

212 504 465 559 dicerent
498 505 626 559 duas
654 506 792 559 tiliae
826 506 927 559 Lot
952 505 1501 558 consummationem
1534 504 1734 558 mundi
1775 505 1929 557 futu-

212 610 329 647 ram
361 610 471 664 per
498 594 693 662 ignem
724 609 737 647 :
773 595 891 655 sed,
926 598 1203 664 tanquam
1236 594 1442 662 puella:
1475 609 1589 646 non
1636 593 1923 664 perfectas,

212 698 404 752 neque
438 683 695 735 sciebant
726 683 902 752 quod,
930 681 1246 736 Sodomitis
1278 682 1410 751 igne
1458 682 1709 743 vastatis,
1771 683 1926 736 mul-

210 775 331 823 tum
365 770 618 841 spatium
649 768 943 841 integrum
970 776 1330 837 remaneret;
1364 775 1419 823 et
1448 770 1748 839 suspicata!
1796 773 1929 823 sunt

210 859 319 911 tale
356 858 581 929 aliquid
614 858 846 917 factum,
881 859 1048 928 quale
1074 859 1132 911 in
1164 858 1516 928 temporibus
1562 859 1679 912 Noe
1732 857 1927 911 audie-

210 951 360 1011 rant,
387 952 449 1000 et
477 947 546 1001 ad
578 947 959 1017 reparandum
986 962 1166 1016 genus
1203 947 1520 1000 humanum
1570 946 1930 1017 susperstites

211 1053 271 1089 se
296 1052 425 1089 esse
459 1052 588 1088 cum
614 1042 795 1105 patre.
821 1036 889 1088 Et
915 1034 1176 1105 quamvis
1232 1034 1444 1103 grande
1509 1034 1728 1087 crimen
1792 1048 1927 1086 con-

214 1123 444 1177 cubitus
476 1124 675 1194 patris,
705 1123 936 1193 gravior
959 1122 1258 1177 videbatur
1284 1123 1568 1192 impietas,
1601 1122 1647 1175 si
1708 1128 1932 1176 servata

213 1214 475 1266 castitate
532 1228 693 1283 spem
736 1211 1082 1283 posteritatis
1135 1211 1409 1265 delerent.
1444 1212 1576 1264 Ideo
1624 1210 1929 1264 consilium

216 1300 444 1369 ineunt,
481 1306 540 1355 et
570 1300 746 1371 patris
786 1299 1114 1355 maestitiam
1145 1302 1231 1353 vel
1286 1300 1538 1369 rigorem
1599 1300 1731 1353 vino
1787 1300 1929 1353 mol-

218 1389 385 1455 liunt,
419 1394 482 1443 et
509 1389 753 1460 singulis
792 1388 1035 1460 singulae
1058 1388 1317 1442 noctibus
1341 1388 1658 1458 suscipiunt
1687 1388 1932 1457 abigno-

217 1483 378 1531 rente
406 1485 774 1548 conceptum,
802 1494 903 1531 nec
933 1479 1218 1547 repetunt.

289 1566 461 1620 Vens.
524 1568 714 1619 33-35.
752 1584 876 1613 -α
933 1564 1236 1631 Dederunt,
1273 1581 1301 1615 ι)
1360 1567 1446 1617 etc
1501 1563 1675 1631 llam.)
1730 1562 1831 1615 Lot
1872 1561 1931 1615 in

217 1653 326 1707 hoc
357 1653 490 1707 loco
523 1654 706 1724 legem
739 1652 1039 1723 signiﬁcat,
1088 1651 1224 1721 quia
1275 1650 1507 1721 quidam
1538 1667 1601 1705 ex
1660 1651 1757 1703 illa
1800 1666 1930 1720 pro-

216 1741 416 1807 creati,
453 1746 512 1794 ct
541 1741 647 1794 sub
675 1740 772 1793 illa
823 1739 1016 1810 positi,
1045 1739 1193 1792 male
1249 1738 1623 1807 intelligendo
1675 1738 1929 1807 quodam
1965 1730 2003 1783 Β

216 1828 390 1881 modo
423 1842 485 1879 se
539 1826 867 1889 inebriant;
919 1841 1160 1895 eamque
1218 1840 1336 1878 non
1381 1824 1637 1894 legitime
1693 1824 1927 1889 utendo,

214 1914 579 1970 inﬁdelitatis
607 1930 781 1984 opera
807 1914 1057 1984 pariunt.
1090 1914 1241 1966 Bona
1261 1917 1349 1966 est
1368 1913 1527 1967 enim
1557 1913 1665 1979 lex,
1701 1911 1747 1964 si
1803 1911 1932 1981 quis

213 2021 279 2057 ea
312 2002 578 2073 legitime
599 2006 813 2055 utatur.

282 2092 454 2145 Vens.
488 2093 576 2145 36.
635 2109 761 2140 -α
824 2090 1214 2159 Concepcrunt
1280 2103 1494 2158 ergo.-
1560 2093 1667 2140 etc.
1726 2085 1925 2155 (Hien.)

224 2180 383 2234 Hoab
439 2179 638 2247 (nam)
672 2173 1081 2248 interpretatur
1101 2194 1169 2231 ea:
1198 2183 1376 2246 patre,
1399 2182 1456 2229 et
1484 2180 1662 2229 totum
1720 2191 1930 2228 nomen

218 2267 627 2339 etymologiam
660 2266 850 2320 habet.
879 2270 1124 2319 Ammon
1156 2281 1308 2333 vero,
1356 2265 1518 2333 cujus
1548 2263 1707 2333 quasi
1765 2279 1931 2316 causa

217 2354 475 2410 nominis
504 2354 781 2419 redditur,
812 2352 963 2422 filius
1006 2355 1216 2419 generis
1279 2354 1402 2416 mei,
1438 2350 1575 2415 sive,
1604 2357 1667 2404 ut
1726 2350 1931 2404 melius

216 2451 298 2498 est
325 2444 386 2498 in
424 2443 686 2509 Hebraeo,
739 2442 1009 2497 beuammi
1058 2444 1305 2509 (manu),
1367 2440 1420 2493 id
1454 2445 1538 2493 est
1550 2441 1705 2506 ﬁlius
1747 2440 1935 2508 populi

214 2537 338 2599 mei,
372 2534 457 2587 sic
508 2532 818 2593 derivatur,
878 2536 944 2583 ut
1000 2546 1066 2583 ex
1108 2535 1269 2599 parte
1328 2545 1525 2583 sensus
1569 2528 1841 2595 nominis,
1869 2543 1930 2580 ex

215 2628 380 2693 parte
413 2623 540 2692 ipse
572 2620 645 2673 sit
697 2634 908 2673 sermo.
957 2622 1208 2672 Ammon
1264 2618 1442 2683 enim,
1476 2634 1505 2670 a
1535 2633 1648 2687 quo
1707 2619 1933 2670 Ammo-

216 2712 372 2776 nitre,
398 2715 639 2763 vocatur
663 2709 895 2777 populus
924 2723 1092 2762 meus.

288 2801 463 2854 Vens.
505 2800 594 2859 37,
618 2799 715 2852 38.
754 2815 781 2847 α
818 2795 1043 2849 Vocavit
1080 2810 1290 2849 nomen
1344 2796 1465 2865 ejus
1521 2794 1704 2859 Moab,
1737 2812 1765 2845 ν
1824 2797 1928 2847 etc.

218 2889 469 2954 (Τεεοο.)
504 2887 737 2939 Videtur
764 2884 1316 2954 hmcimpudentior,
1369 2900 1498 2955 qua:
1545 2899 1711 2936 suum
1775 2882 1931 2936 ince-

215 2982 368 3030 stum
410 2976 481 3029 ad
516 2979 774 3045 posteros
804 2989 1031 3043 quoque
1070 2972 1461 3026 transmittere
1516 2972 1716 3025 voluit.
1767 2970 1931 3026 Moab
1958 3008 1996 3062 ε

216 3064 371 3118 enim
405 3063 473 3117 de
525 3068 683 3131 patre
721 3061 1043 3131 signiﬁcat:
1105 3061 1284 3114 altera
1362 3061 1755 3127 verecundior,
1800 3076 1930 3131 quae

216 3151 335 3207 filio
366 3167 587 3207 nomen
646 3149 875 3216 indidit,
933 3149 1248 3216 Beuammi,
1281 3148 1336 3204 id
1395 3153 1479 3203 est
1534 3150 1680 3217 ﬁlius
1731 3150 1931 3219 populi

218 3257 340 3296 met.

944 3378 1170 3435 CAPUT
1220 3378 1324 3433 XX.

289 3508 457 3561 Vens.
543 3509 590 3559 1.
624 3523 737 3555 -α
791 3503 1078 3559 Profectus
1134 3502 1292 3569 inde,
1334 3521 1362 3554 »
1403 3505 1505 3556 etc,
1582 3501 1777 3571 Cades,
1804 3504 1929 3570 fons

215 3597 443 3666 judicii;
473 3595 603 3660 Sur,
636 3596 915 3662 angustia;
934 3593 1138 3663 quibus
1164 3592 1448 3662 ﬁguratur
1474 3591 1769 3661 patientia.

290 3687 458 3739 Vens.
493 3686 611 3737 2-6.
678 3712 746 3721 —
777 3703 805 3731 «
862 3682 1125 3752 Dixitque
1192 3682 1260 3733 de
1311 3679 1469 3743 Sara,
1500 3698 1526 3729 υ
1577 3684 1679 3733 etc.
1742 3682 1930 3755 (AUG.)

221 3775 413 3839 Queri
442 3772 587 3826 solet
608 3770 895 3842 quomodo
924 3770 981 3824 in
1016 3771 1112 3823 illa
1145 3773 1309 3822 aetate
1340 3767 1618 3823 Abraham
1645 3783 1746 3837 pro
1778 3768 1928 3822 Sara:

218 3861 651 3934 pulchritudine
681 3858 993 3931 periclitari
1040 3858 1346 3911 timuerit:
1404 3856 1498 3909 sed
1550 3855 1749 3909 formw
1781 3857 1930 3910 illius

220 3952 302 4005 vis
333 3949 603 4004 miranda
629 3951 730 4009 est,
764 3961 893 4017 quae
923 3945 1110 3999 adhuc
1138 3942 1317 3998 amari
1358 3947 1596 4013 poterat.

293 4060 319 4090 ι
357 4039 621 4107 Dixitque
652 4035 720 4090 de
751 4034 908 4096 Sara,
936 4055 963 4083 ι»
991 4039 1097 4087 etc.
1156 4033 1326 4101 (1310.,
1362 4034 1417 4086 in
1477 4033 1633 4098 (ἔστι,
1662 4033 1927 4103 tom.Vl.)

218 4128 419 4183 Tacuit
448 4140 711 4190 uxorem,
740 4123 884 4177 dixit
933 4136 1221 4188 sonorem,
1278 4136 1346 4175 ne
1378 4120 1493 4191 ipse
1550 4120 1922 4186 occideretur,

216 4221 273 4269 et
301 4216 403 4269 illa
459 4213 685 4283 captiva
728 4211 801 4266 ab
862 4208 1199 4281 alienigenis
1255 4208 1659 4279 possideretur,
1737 4215 1925 4263 certus

2037 538 2165 575 vere
2201 544 2228 570 ‹‹
2260 538 2421 575 soror
2452 538 2577 575 mea
2630 526 2733 587 est,
2767 522 2883 575 ﬁlia
2915 522 3093 593 patris
3133 523 3265 589 mei,
3324 524 3421 577 sed
3468 539 3584 577 non
3618 524 3737 579 filia

2037 610 2235 664 matris
2268 626 2430 677 mere,
2463 632 2488 658 η
2539 614 2596 663 et
2648 615 2811 663 sonat
2870 611 3052 680 magis
3099 611 3249 681 quod
3304 628 3466 665 soror
3491 613 3734 667 Abrahae

2036 698 2226 751 fuerit.
2262 699 2324 751 In
2349 698 2769 752 excusationem
2792 699 3033 752 dicimus
3056 699 3314 753 nondum
3336 700 3475 753 tales
3503 702 3731 771 nuptias

2036 786 2160 857 lege
2183 785 2515 857 prohibitas.

2112 897 2138 922 ‹‹
2167 876 2303 929 Filia
2330 875 2525 945 patris.
2554 893 2581 925 ι)
2617 874 2742 928 Alia
2798 876 3114 943 translatio,
3147 875 3418 946 apertius,
3465 896 3492 927 α
3543 893 3577 931 a
3627 893 3736 948 pa-

2037 968 2142 1030 tre,
2172 970 2228 1019 et
2257 981 2372 1018 non
2400 980 2463 1018 ex
2494 968 2714 1031 matre;
2750 983 2777 1015 υ
2811 970 2932 1018 erat
2984 965 3139 1019 enim
3199 964 3317 1020 tilia
3363 970 3516 1020 Aran
3546 966 3735 1021 fratris

2039 1054 2300 1119 Abrahte,
2327 1069 2489 1106 soror
2523 1054 2640 1107 Lot.

2111 1157 2279 1212 Vens.
2326 1160 2406 1211 13.
2436 1186 2495 1197 -
2565 1178 2592 1205 ‹‹
2648 1159 2953 1228 Postquam
3001 1162 3192 1211 autem
3226 1159 3422 1213 eduxit
3464 1176 3555 1214 me
3592 1162 3738 1215 Deus

2040 1244 2110 1298 de
2142 1246 2313 1299 domo
2346 1246 2521 1315 patris
2554 1247 2687 1314 mei,
2736 1246 2853 1299 dixi
2895 1247 2964 1300 ad
3007 1261 3154 1313 eam,
3187 1269 3214 1295 ››
3273 1253 3384 1304 etc.
3426 1250 3731 1319 Postquam

2041 1350 2228 1388 sermo
2281 1335 2378 1388 Dei
2422 1336 2686 1403 repulsus
2735 1339 2817 1387 est
2878 1352 2909 1388 a
2963 1334 3179 1401 Iudaea,
3264 1352 3463 1389 omnes
3542 1338 3738 1392 ﬁdeles

2042 1426 2175 1476 sunt
2234 1422 2438 1476 Christi
2488 1422 2689 1475 fratres
2739 1427 2795 1476 et
2846 1438 3098 1477 sorores:
3152 1424 3304 1477 unde
3360 1424 3558 1479 Matth.
3617 1441 3737 1479 xu:

2045 1509 2456 1580 «Quicumque
2503 1510 2697 1564 fecerit
2767 1512 3118 1565 voluntatem
3194 1512 3378 1566 Patris
3433 1514 3565 1581 mei,
3639 1514 3740 1586 qui

2040 1599 2097 1653 in
2155 1600 2310 1653 caelis
2353 1603 2458 1652 est.
2514 1600 2632 1669 ipse
2676 1600 2851 1653 frater
2896 1616 3078 1664 meus,
3137 1605 3193 1653 et
3256 1616 3439 1666 soror,
3500 1607 3558 1655 et
3610 1618 3733 1655 ma-

2042 1692 2146 1741 ter.
2174 1708 2200 1735 ››

2114 1791 2274 1844 Vens.
2312 1791 2388 1844 14.
2425 1820 2492 1831 -—
2523 1812 2549 1839 ‹‹
2582 1790 2735 1844 Tulit
2770 1790 2963 1861 igitur.
3009 1812 3031 1841 ι
3081 1793 3397 1863 Allcgorice
3452 1793 3738 1847 Abraham

2042 1877 2330 1948 signiﬁcat
2374 1879 2685 1949 Christum,
2715 1880 2851 1934 Sara
2909 1882 3233 1935 Ecclesiam.
3292 1883 3582 1936 Abraham
3630 1884 3736 1936 ho-

2043 1972 2278 2020 noratur
2324 1974 2557 2038 prapter
2602 1969 2754 2023 Sane
2810 1969 3318 2039 pulchritudinem,
3372 1976 3427 2024 et
3485 1970 3739 2026 Christus

2043 2060 2285 2125 propter
2342 2057 2673 2123 Ecclesiam;
2733 2058 2887 2111 unde
2933 2058 3077 2128 psal.
3124 2074 3267 2112 vau
3322 2075 3334 2112 :
3390 2079 3417 2108 ι(
3465 2060 3738 2114 Mirabilis

2044 2143 2191 2197 Deus
2245 2143 2302 2197 in
2359 2144 2566 2197 sanctis
2616 2145 2751 2198 suis.
2813 2166 2841 2193 ››
2903 2144 3308 2200 HabebatSara
3339 2147 3548 2214 virum,
3640 2148 3739 2202 sed

2042 2231 2291 2299 latebat;
2322 2231 2493 2285 habet
2524 2232 2769 2286 Ecclesia
2796 2233 3082 2288 Christum
3123 2234 3223 2304 qui
3252 2234 3314 2288 in
3363 2236 3571 2289 saeculo
3622 2252 3736 2290 non

2041 2320 2280 2381 videtur,
2318 2320 2375 2373 in
2408 2322 2549 2375 creto
2577 2326 2854 2392 receptus.

2112 2427 2274 2482 Vens.
2323 2431 2403 2482 15.
2456 2457 2525 2469 -
2581 2428 2986 2499 «Ubicunque
3043 2427 3223 2496 tibi,»
3282 2433 3387 2483 etc.
3455 2428 3563 2494 Qui
3630 2431 3732 2485 ali—

2044 2516 2275 2585 quando
2308 2520 2526 2569 terrore
2573 2515 2899 2587 principum
2943 2516 3173 2570 credere
3223 2516 3581 2584 distulerant,
3623 2520 3738 2573 eis-

2044 2602 2173 2656 dem
2199 2602 2538 2673 jubentibus
2568 2604 2637 2658 ad
2674 2604 2998 2671 Ecclesiam,
3032 2621 3161 2675 qua:
3210 2604 3418 2658 Christi
3469 2623 3631 2660 soror
3682 2612 3740 2661 et

2044 2708 2189 2745 uxor
2245 2696 2348 2758 est,
2394 2708 2515 2746 sese
2572 2694 2955 2759 contulerunt,
3015 2698 3072 2746 et
3121 2709 3224 2762 per
3278 2710 3478 2747 omnes
3536 2696 3737 2750 mundi

2044 2785 2233 2851 partes
2258 2781 2497 2850 gloriam
2530 2781 2735 2835 Christi
2767 2787 2825 2836 et
2860 2782 3117 2836 Ecclesiae
3140 2782 3538 2838 dilataveruut.

2113 2887 2273 2941 Vens.
2316 2888 2394 2940 l6.
2444 2916 2510 2926 —
2545 2908 2565 2936 ι
2623 2886 2770 2941 Mille
2833 2892 3157 2958 argenteos,
3194 2907 3219 2938 ι)
3274 2892 3379 2942 etc.
3436 2888 3607 2953 Quasi
3658 2891 3741 2959 jo-

2043 2976 2221 3029 cando
2255 2975 2508 3044 loquitur
2535 2991 2548 3029 :
2581 2976 2717 3046 quia
2745 2975 2843 3029 illa
2857 2975 2997 3030 dixit
3025 2977 3256 3030 fratrem
3299 2993 3469 3031 suum
3496 2993 3617 3031 esse
3639 2980 3737 3048 qui

2041 3062 2277 3116 maritus
2308 3067 2447 3128 erat,
2480 3068 2537 3117 et
2566 3063 2829 3117 hortatur
2856 3067 2920 3118 ut
2958 3063 3020 3117 in
3067 3069 3360 3134 posterum
3392 3066 3498 3120 hoc
3526 3069 3734 3120 memi-

2042 3149 2211 3215 nerit,
2242 3167 2313 3205 ne
2364 3151 2632 3223 deinceps
2661 3152 2847 3207 simile
2908 3151 3326 3223 improperium
3384 3154 3740 3225 deprehensa

2038 3239 2311 3294 incurrat.
2370 3240 2521 3295 Mille
2568 3241 2827 3312 argentei
2873 3241 3081 3296 dantur
3138 3242 3381 3308 Christo,
3442 3260 3571 3298 cum
3615 3247 3737 3298 elo-

2038 3334 2279 3398 quentes
2309 3328 2565 3383 doctores
2619 3330 2824 3384 mundi
2855 3331 2924 3384 de
2970 3329 3173 3400 gentili
3206 3332 3637 3385 conversatione
3668 3332 3737 3387 ad

2037 3413 2209 3469 ﬁdem
2250 3416 2463 3470 Christi
2493 3418 2801 3471 tenendam
2847 3422 2903 3470 et
2941 3418 3366 3488 praedicandam
3425 3436 3735 3474 assumun-

2035 3506 2149 3557 tur.
2182 3503 2534 3559 Millenarius
2573 3506 2729 3560 enim
2781 3522 2844 3559 ex
2887 3506 3122 3560 denario
3170 3507 3503 3577 quadratus,
3553 3508 3735 3562 stabi-

2037 3591 2149 3644 lem
2216 3596 2274 3646 et
2326 3593 2564 3648 solidam
2604 3594 2865 3665 designat
2912 3595 3250 3665 evangelica).
3313 3596 3739 3667 praedicationis

2037 3679 2357 3735 doctrinam
2368 3722 2380 3734 .

2108 3769 2270 3823 Vens.
2308 3773 2391 3823 17.
2427 3798 2497 3810 -
2542 3791 2563 3818 ι
2621 3769 2829 3824 Orante
2860 3775 3072 3827 autem.
3107 3794 3133 3821 ››
3195 3771 3403 3827 Orante
3447 3773 3587 3829 Filio
3626 3775 3735 3829 Pa-

2036 3860 2205 3924 trem,
2239 3864 2473 3911 sanatur
2518 3857 2898 3913 infecunditas
2947 3861 3389 3930 mundanorum,
3436 3868 3494 3917 et
3523 3863 3735 3934 princi-

2036 3960 2196 4015 pum,
2234 3950 2290 4000 et
2321 3945 2679 4001 subditorum
2707 3948 3073 4018 populorum.

2690 4088 2915 4143 CAPUT
2944 4089 3076 4143 XXI.

2106 4211 2265 4266 Vens.
2340 4214 2459 4268 1-3.
2521 4242 2590 4252 —
2648 4212 2909 4268 Visitavit
2990 4219 3183 4269 autem
3244 4215 3393 4271 Deus
3441 4216 3659 4287 Saram,
3700 4242 3729 4270 ››

212 4305 369 4377 quod
404 4321 437 4357 a
466 4305 584 4357 Deo
616 4301 883 4355 inviolata
925 4303 1266 4363 servaretur,
1290 4298 1436 4352 sicut
1456 4298 1605 4368 apud
1667 4299 1917 4352 Pharao-
1954 4292 1996 4347 Ι)
2035 4302 2140 4354 etc.
2191 4299 2647 4354 Circumcisionis
2706 4300 2893 4370 ﬁgura
2946 4301 3316 4357 multiformis
3363 4309 3464 4361 est.
3532 4306 3733 4378 Signa-

212 4410 372 4459 nem,
406 4397 540 4458 etc,
595 4406 763 4459 usque
818 4389 936 4443 ad«
987 4387 1169 4442 Nolite
1214 4404 1416 4442 vocare
1469 4392 1693 4459 patrem
1752 4403 1926 4459 super

214 4488 455 4545 terram,
509 4496 656 4533 unus
702 4482 787 4533 est
843 4477 997 4533 enim
1050 4478 1217 4531 Pater
1264 4481 1449 4532 vester
1499 4479 1597 4548 qui
1646 4477 1705 4531 in
1771 4478 1926 4532 caelis

216 4574 619 4725 e“dabitque,
654 4674 683 4701 η
708 4657 814 4707 etc.
862 4651 1039 4718 (Auc.)
1099 4649 1257 4713 Quod
1333 4650 1540 4704 dicitur
1593 4650 1925 4705 Abimelech

216 4763 323 4819 pro
355 4745 521 4811 Sara,
549 4764 576 4791 α
610 4742 675 4796 Et
710 4740 939 4811 peperci
966 4739 1065 4792 tibi
1099 4754 1170 4792 ne
1202 4754 1459 4809 peccares
1513 4738 1568 4792 in
1613 4756 1723 4806 me,
1759 4760 1786 4787 »
1817 4739 1921 4793 ad-

214 4832 559 4888 vertendum
590 4835 673 4884 est
703 4830 882 4883 Deum
914 4828 1132 4893 fecisse,
1167 4827 1397 4897 quando
1444 4826 1747 4882 admonuit
1787 4844 1923 4883 uxo-

214 4939 337 4977 rem
360 4936 487 4975 esse
516 4917 777 4983 Abrahae,
804 4917 974 4971 duam
1006 4914 1246 4986 putabat
1299 4930 1570 4970 sororem.
1630 4916 1695 4969 Et
1716 4920 1921 4970 notau-

214 5011 355 5066 dum
385 5009 542 5081 quod
573 5008 632 5061 in
660 5007 840 5061 Deum
870 5009 1157 5076 peccatur,
1190 5018 1319 5056 cum
1362 5003 1498 5057 talia
1550 5004 1922 5058 committun-

211 5107 305 5156 tur
334 5115 470 5172 quae
500 5100 707 5169 putant
731 5094 996 5148 homines
1040 5094 1128 5147 vel
1186 5109 1302 5147 non
1356 5109 1478 5147 esse
1537 5099 1788 5163 peccata,
1834 5096 1922 5150 vel

213 5189 359 5244 levia
388 5186 589 5242 haberi
610 5190 883 5254 tanquam
915 5181 970 5235 in
1002 5196 1171 5235 carne
1202 5185 1450 5250 peccata.

281 5279 454 5333 Vens.
490 5277 731 5329 7-11.-
761 5292 789 5320 α
842 5270 1036 5325 Orahit
1078 5285 1184 5340 pro
1232 5274 1307 5337 te,
1338 5290 1365 5319 »
1406 5273 1512 5324 etc.
1580 5269 1919 5339 (Cnnvsos'r.,

211 5369 353 5424 hom.
383 5368 454 5423 45
479 5368 537 5419 in
588 5363 754 5431 Gen.)
802 5360 956 5415 Scias
1005 5364 1196 5414 autem
1219 5359 1367 5431 quod
1406 5359 1560 5413 illius
1596 5374 1793 5430 preces
1818 5361 1923 5416 tibi

210 5459 384 5512 vitam
411 5452 779 5528 praebebunt.

280 5547 450 5601 Vsus.
492 5545 578 5598 t2.
608 5571 677 5581 —
705 5561 737 5590 α
788 5538 940 5593 Alias
968 5540 1332 5601 autemnetc.
1394 5536 1711 5607 (multum)
1763 5537 1921 5604 Quo-

2036 4390 2227 4442 culum
2261 4389 2413 4443 enim
2446 4394 2528 4443 est
2569 4391 2884 4445 secundum
2921 4393 3260 4463 Apostolum
3308 4393 3547 4464 justitiaa
3578 4395 3732 4459 ﬁdei,

2034 4477 2279 4531 Abrahae
2318 4483 2375 4531 et
2405 4478 2610 4533 semini
2660 4480 2804 4550 ejus,
2853 4484 2909 4534 et
2957 4480 3241 4552 judicium
3277 4482 3591 4553 castigandi
3636 4502 3732 4539 eos

2037 4565 2137 4635 qui
2168 4566 2237 4621 ad
2270 4567 2378 4620 hoc
2408 4583 2604 4621 semen
2635 4574 2690 4622 et
2719 4568 2889 4623 ﬁdem
2922 4569 3303 4640 pertinerent;
3340 4575 3395 4623 et
3428 4572 3731 4641 prophetia
3832 4596 3837 4599 η

2036 4654 2290 4709 nascitur
2320 4656 2387 4709 de
2418 4656 2526 4710 hoc
2557 4658 2772 4711 semine
2825 4657 3150 4727 Salvatoris,
3207 4660 3306 4729 qui
3364 4675 3465 4713 nos
3495 4660 3553 4713 in
3585 4677 3729 4731 pra!-

2034 4743 2180 4796 senti
2214 4759 2319 4813 per
2344 4743 2693 4815 baptismum
2723 4747 2793 4800 ab
2839 4746 2996 4800 omni
3035 4755 3268 4817 peccato
3323 4748 3645 4814 mundaret,
3677 4756 3731 4803 et

2033 4830 2093 4884 in
2138 4831 2331 4885 futuro
2388 4838 2517 4904 post
2573 4836 3046 4889 resurrectionem
3080 4837 3150 4889 ab
3185 4836 3341 4890 omni
3376 4838 3576 4891 mortis
3605 4854 3726 4892 cor-

2032 4920 2297 4991 ruptione
2350 4921 2639 4977 liberaret.
2690 4923 3022 4978 Octonarius
3053 4931 3245 4978 autem
3300 4927 3730 4981 resurrectionis

2034 5009 2233 5079 glorim
2263 5011 2526 5065 convenit
2569 5028 2582 5065 :
2630 5011 2904 5065 Dominus
2943 5011 3097 5065 enim
3151 5019 3348 5069 octavo
3395 5015 3506 5082 die,
3539 5015 3597 5069 id
3649 5022 3733 5071 est

2034 5103 2159 5169 post
2185 5099 2488 5169 septimam
2527 5099 2745 5154 sabbati
2786 5100 3152 5169 ressurrexit;
3210 5109 3268 5156 et
3326 5120 3428 5158 nos
3457 5110 3586 5174 post
3635 5120 3729 5159 sex

2033 5190 2228 5241 aetates
2306 5187 2477 5258 hujus
2528 5188 2736 5251 saeculi,
2815 5188 3112 5259 septimam
3186 5190 3429 5257 sabbati,
3497 5192 3554 5247 id
3622 5198 3725 5261 est,

2035 5274 2283 5345 quietem
2317 5277 2663 5341 animarum,
2691 5292 2819 5347 quae
2842 5276 3072 5330 interim
3105 5277 3163 5331 in
3195 5279 3308 5332 alia
3352 5279 3465 5333 vita
3489 5281 3725 5351 geritur,

2033 5363 2196 5433 quasi
2219 5370 2418 5417 octavo
2467 5368 2729 5433 tempore
2760 5381 3146 5436 resurgemus,
3179 5366 3250 5422 ab
3302 5368 3569 5423 omnibus
3611 5387 3732 5424 car-

2031 5451 2256 5506 nalibus
2302 5452 2775 5523 concupiscentiae
2836 5455 3301 5527 corruptionibus
3351 5462 3410 5512 et
3455 5457 3608 5513 vitiis
3645 5458 3727 5528 (in

2033 5540 2244 5611 quibus
2273 5540 2498 5597 luxuria
2519 5541 2764 5600 maxime
2783 5546 3002 5616 regnat)
3034 5544 3353 5617 exspoliati.
