4086 6190
353 301 451 353 135

964 297 1356 353 WALAFRIDI
1399 299 1642 354 STRABI
1688 297 1890 353 FULD.
1938 298 2100 354 MON.
2145 299 2295 354 OPP.
2341 299 2514 354 PARS
2555 300 2596 353 l.
2636 329 2705 337 -—-
2744 300 3206 356 THEOLOGICA.
3753 305 3854 357 136

420 422 580 475 Vsus.
637 424 688 474 li.
741 449 810 462 —
863 441 891 468 «
945 419 1308 475 Circumcidit
1361 442 1387 470 »
1449 425 1555 476 etc.
1619 421 1865 491 (Sume)
1927 420 2040 476 Cir-
2076 422 2120 476 A
2149 423 2286 492 quia
2315 422 2551 494 quidam
2581 423 2651 478 de
2681 425 2894 497 populo
2923 424 3028 480 sub
3056 425 3260 480 umbra
3291 426 3436 498 ligni
3483 427 3664 482 crucis
3701 429 3861 483 refu-

348 510 620 564 cumcisio
651 525 780 563 cum
838 508 909 563 ob
957 510 1166 564 multas
1196 526 1389 563 causas
1417 514 1702 580 prmeepta
1761 509 1852 576 sit,
1906 525 2040 580 spe-

347 598 568 652 cialiter
593 598 839 669 tiguram
872 597 1076 652 Christi
1122 598 1444 668 praetendit,
1505 597 1603 667 qui
1656 614 1761 652 nos
1813 614 1916 667 per
1948 600 2038 652 ba-

349 687 629 758 ptismum
659 686 838 742 veteri
886 687 1117 740 homine
1146 687 1320 752 exuit,
1371 691 1429 739 et
1465 686 1526 738 in
1574 685 1765 740 futuro
1793 691 1920 756 post
1951 703 2039 739 re-

349 775 761 830 surrectionem
811 774 1176 828 circumcidet
1238 789 1468 828 omnem
1524 774 1931 828 mortalitatem
1985 779 2041 828 et

345 864 792 934 corruptionem.
843 864 1006 927 Quod
1055 868 1246 916 autem
1293 866 1486 916 octavo
1535 862 1627 916 die
1679 863 2041 917 CiPCDmCisU>

346 958 430 1008 est
474 953 646 1014 Isaac,
705 951 1040 1022 designatur
1095 955 1290 1004 octava
1341 951 1534 1004 saeculi
1593 955 1749 1018 aetas,
1809 952 2041 1023 quando

346 1042 689 1113 generaliter
715 1039 1051 1094 resurrectio
1081 1043 1403 1093 sanctorum
1435 1039 1834 1094 celebrabitur.

414 1148 580 1201 Vnus.
641 1150 692 1202 8.
725 1176 793 1187 —
841 1167 863 1195 ι
930 1145 1114 1200 Crevit
1152 1145 1329 1216 igitur
1376 1161 1539 1216 puer,
1607 1167 1628 1194 ι
1676 1151 1781 1200 etc.
1808 1146 2036 1213 Crescit,

345 1235 446 1306 qui
493 1234 852 1288 ascensiones
921 1233 981 1287 in
1043 1235 1214 1289 corde
1284 1233 1612 1304 disponens,
1669 1235 1740 1289 ad
1789 1234 2034 1289 solidum

343 1323 615 1377 doctrinas
674 1323 865 1377 cibum
896 1321 1172 1394 pervenit.
1226 1324 1383 1377 Unde
1440 1339 1646 1390 cresce,
1693 1327 1752 1378 et
1787 1321 2039 1377 mandu-

344 1412 498 1465 cabis
519 1427 630 1466 me.

420 1539 442 1564 ι
473 1517 678 1581 Crevit,
740 1539 766 1564 »
815 1520 918 1570 etc.
951 1517 1141 1585 (Auc.)
1176 1517 1288 1570 Nec
1344 1516 1396 1569 in
1431 1516 1521 1571 die
1569 1515 1900 1579 nativitatis,
1933 1531 2039 1569 nec

346 1604 405 1658 in
426 1605 515 1659 die
545 1605 991 1659 circumcisionis
1022 1605 1125 1658 lilii
1165 1606 1268 1668 sui,
1321 1606 1415 1659 sed
1470 1604 1529 1658 in
1561 1605 1652 1658 die
1702 1604 2036 1658 ablactatio-

344 1693 434 1747 nis
455 1693 773 1746 convivium
804 1692 934 1746 fecit
969 1709 980 1746 :
1015 1693 1149 1763 quia
1195 1693 1364 1746 debet
1408 1708 1682 1761 magnum
1732 1709 1852 1746 esse
1896 1709 2033 1762 gau-
2080 1704 2120 1759 Β

344 1782 504 1836 dium
558 1781 869 1851 spiritualis
918 1782 1122 1847 aetatis,
1205 1781 1435 1851 quando
1492 1781 1624 1835 talis
1695 1781 1879 1834 factus
1952 1785 2036 1834 est

343 1870 517 1923 homo
573 1869 674 1940 qui
729 1873 994 1939 pascatur
1041 1869 1223 1923 solido
1281 1869 1427 1937 cibo,
1482 1869 1563 1922 eis
1607 1869 1793 1923 simile
1823 1869 2034 1940 quibus

345 1958 556 2013 dicitur
609 1959 628 2012 Ι
685 1958 808 2013 Cor.
865 1974 968 2013 in:
1034 1977 1062 2008 α
1111 1958 1217 2012 Lac
1255 1957 1414 2011 vobis
1441 1961 1641 2027 potum
1706 1955 1850 2021 dedi,
1918 1969 2034 2011 non

343 2064 527 2101 escam
537 2087 548 2100 ι
574 2068 602 2095 ))

415 2147 578 2199 Vens.
601 2147 658 2202 9.
689 2173 758 2184 —
787 2167 814 2193 ιι
845 2145 1103 2214 Cumque
1139 2143 1370 2197 vidisset
1420 2143 1573 2198 Sara.
1613 2165 1640 2192 »
1670 2146 1774 2197 etc.
1813 2144 2030 2214 (Hii-2n.)

345 2233 654 2305 Dupliciter
707 2233 811 2287 hoc
870 2233 1175 2303 exponitur
1241 2249 1254 2287 :
1308 2232 1396 2286 vel
1441 2232 1588 2303 quod
1647 2232 1814 2286 idolis
1869 2232 2033 2286 ludos

342 2322 541 2377 fecerit
576 2323 738 2393 juxta
791 2322 931 2376 illud
993 2322 1161 2375 Exod.
1233 2337 1431 2376 xxxii:
1495 2343 1522 2369 ‹‹
1576 2321 1734 2376 Sedit
1785 2322 2033 2392 populus

340 2412 685 2466 manducare
734 2416 792 2465 et
847 2411 1066 2479 bibere,
1097 2415 1154 2464 et
1191 2413 1562 2464 surrexerunt
1610 2409 1889 2462 ludere.»
1934 2409 2032 2463 Vel

339 2501 489 2572 quod
540 2501 842 2555 adversum
896 2501 1068 2565 Isaac,
1127 2499 1289 2569 quasi
1343 2497 1574 2568 majoris
1634 2497 1818 2551 etatis
1883 2498 2027 2562 loco,

339 2588 446 2642 sibi
506 2586 891 2658 primogenita
942 2585 1344 2640 vindicaverit:
1405 2584 1559 2655 quod
1617 2583 1756 2638 Sara
1794 2584 2030 2639 audiens

337 2692 452 2730 non
475 2676 624 2731 tulit.

408 2774 569 2828 Vens.
609 2775 692 2827 10.
731 2802 805 2814 -
839 2794 865 2820 ‹‹
921 2771 1069 2842 Ejice
1115 2771 1382 2825 ancillam
1411 2771 1578 2837 hanc,
1632 2792 1659 2818 ››
1693 2775 1798 2825 etc.
1849 2771 2026 2840 (Br-31).,

335 2877 380 2916 c.
417 2863 514 2928 2t;
547 2862 697 2928 1511).,
725 2879 772 2916 c.
810 2865 894 2922 l7,
928 2863 986 2914 in
1017 2861 1171 2928 Gen.)
1205 2861 1494 2926 Quazritur
1526 2875 1626 2913 cur
1685 2863 1854 2913 antea
1897 2860 2033 2915 Sara

333 2951 514 3004 voluit
542 2951 610 3004 de
631 2948 838 3003 ancilla
868 2948 1052 3002 ﬁlium
1085 2949 1390 3019 suscipere,
1428 2954 1525 3002 aut
1558 2963 1659 3001 cur
1688 2965 1817 3003 cum
1848 2954 2029 3003 matre

332 3055 463 3092 eum
488 3055 639 3092 nunc
662 3039 825 3108 jubet
851 3039 1096 3108 expelli?
1118 3037 1270 3102 Quod
1308 3053 1423 3090 non
1454 3036 1581 3091 facit
1607 3038 1726 3091 zelo
1769 3053 2026 3106 accensa,

331 3127 429 3180 sed
462 3127 780 3198 prophetiae
817 3125 1085 3195 mysterio
1139 3126 1452 3196 compulsa.
1496 3127 1648 3195 Agar
1703 3126 1879 3191 enim,
1939 3142 2026 3179 se-

332 3216 584 3269 cundum
615 3216 973 3284 Apostolum,
1008 3213 1068 3268 in
1121 3213 1452 3267 servitutem
1501 3214 1702 3283 genuit
1739 3214 2024 3268 carnalem

330 3305 655 3374 populum;
703 3302 840 3357 Sara
882 3318 1014 3357 vero
1068 3301 1424 3372 spiritualem
1482 3307 1538 3356 et
1593 3304 1862 3367 liberum,
1912 3320 2027 3373 qua

328 3390 590 3446 libertate
645 3390 900 3445 Christus
929 3407 1032 3445 nos
1063 3390 1346 3447 liberavit.
1395 3390 1833 3462 Signiﬁcabatur
1885 3408 2020 3461 ergo

328 3477 436 3531 hoc
480 3478 771 3548 mysterio,
816 3479 1069 3550 priorem
1117 3479 1396 3550 populum
1431 3479 1491 3534 in
1538 3479 1806 3534 servitute
1855 3495 2024 3550 gene—

328 3570 513 3620 ratum
546 3583 662 3621 non
693 3583 926 3622 manere
957 3569 1013 3622 in
1056 3567 1229 3622 domo
1268 3566 1444 3638 Sarae,
1497 3567 1555 3622 id
1611 3574 1696 3622 est
1734 3568 2014 3635 Ecclesiae,

328 3655 384 3709 in
433 3659 735 3721 internum,
767 3672 874 3710 nec
902 3672 1022 3711 esse
1047 3656 1331 3710 hazredem
1361 3656 1449 3709 vel
1489 3661 1810 3710 consortem
1867 3657 2022 3711 Chri-

323 3743 665 3811 stianorum,
702 3760 803 3798 nec
850 3761 980 3798 eum
1011 3745 1130 3800 ﬁlio
1183 3744 1382 3813 nobili,
1418 3744 1476 3799 id
1508 3750 1594 3799 est
1622 3746 1836 3816 populo
1867 3745 2019 3799 ﬁdeli

327 3847 570 3902 regnum
596 3833 795 3904 gloria:
818 3833 1122 3905 possidere.

396 3929 562 3984 Vsus.
632 3934 716 3996 11,
773 3934 857 3985 12.
905 3961 973 3971 —
1035 3931 1264 3986 «Dure
1335 3931 1570 4002 accepit,
1649 3935 1754 3986 etc.
1825 3933 2016 4003 (AUG.)

324 4017 614 4082 Quaeritur
642 4035 818 4089 quare
849 4019 1214 4074 contristatus
1255 4018 1327 4073 sit
1353 4019 1662 4084 Abraham,
1712 4035 1842 4072 cum
1896 4020 2018 4074 haec

323 4106 627 4176 prophetia
658 4107 850 4175 fuerit,
883 4124 1058 4178 quam
1101 4107 1225 4179 ipse
1271 4109 1454 4178 magis
1488 4123 1663 4178 quam
1730 4108 1866 4162 Sara
1919 4124 2010 4161 no-

323 4208 476 4247 scere
510 4193 706 4248 debuit
738 4211 750 4248 :
776 4196 873 4249 sed
906 4211 969 4249 ex
994 4196 1340 4249 revelatione
1373 4197 1478 4250 hoc
1505 4195 1646 4250 dixit
1673 4196 1830 4265 Sara,
1860 4197 2013 4266 quod

317 4281 424 4335 sibi
477 4282 635 4352 prius
700 4283 888 4338 fuerat
941 4284 1278 4337 revelatum.
1331 4283 1430 4338 Ille
1480 4300 1613 4338 vero
1648 4289 1888 4354 paterno
1936 4284 2016 4338 af—
2056 4277 2098 4332 D

319 4369 470 4425 fectu
496 4375 818 4425 commotus
855 4376 958 4438 est,
1015 4371 1108 4425 cui
1153 4371 1426 4425 Dominus
1469 4376 1668 4442 postea
1715 4372 2007 4429 revelavit.

320 4457 418 4511 Vel
457 4458 602 4512 forte
633 4457 800 4512 ambo
837 4457 997 4528 prius
1053 4457 1380 4512 nescierunt
1425 4457 1558 4529 quid
1619 4464 1784 4522 esset,
1817 4463 1873 4512 et
1913 4477 2015 4530 per

317 4545 516 4602 Saram
575 4546 924 4600 nescientem
984 4545 1441 4617 prophetizatum
1505 4552 1591 4600 est
1639 4563 1770 4601 cum
1815 4548 2013 4603 mulie-

319 4633 405 4688 bri
427 4635 619 4688 animo
648 4639 803 4688 mota
831 4639 912 4687 est
939 4640 1174 4705 propter
1199 4634 1420 4688 ancillae
1451 4634 1798 4704 superbiam.

386 4734 549 4788 Vens.
612 4734 696 4786 l3.
729 4760 798 4772 —
851 4730 1058 4795 «Quia
1112 4745 1307 4784 semen
1359 4733 1546 4785 tuum.
1578 4754 1604 4778 ››
1667 4732 1857 4801 (Αυθ.)
1909 4733 2013 4787 Νο-

323 4822 564 4876 tandum
591 4819 744 4891 quod
775 4824 832 4874 et
855 4819 1058 4874 lsmael
1100 4836 1133 4873 a
1161 4819 1276 4874 Deo
1310 4835 1506 4873 semen
1532 4819 1775 4874 Abrahaa
1829 4820 2013 4875 dictus

319 4914 422 4976 est,
471 4909 626 4980 quod
655 4909 956 4979 Apostolus
986 4909 1068 4962 ait
1117 4908 1283 4963 Rom.
1328 4924 1418 4962 ix:
1472 4908 1599 4962 Non
1651 4908 1756 4963 ﬁlii
1803 4909 2007 4973 carnis,

320 4997 418 5052 sed
447 4997 551 5052 filii
571 4997 968 5068 promissionis
1019 4997 1458 5052 aestimabuntur
1480 4996 1539 5050 in
1571 4997 1808 5052 semine.
1843 5020 1868 5046 ››
1903 4998 2011 5053 Sed

318 5086 426 5140 hoc
454 5085 685 5156 preprie
715 5085 787 5140 ad
818 5087 972 5141 Isaac
1008 5086 1272 5158 pertinet,
1327 5085 1424 5156 qui
1455 5101 1569 5140 non
1617 5085 1769 5140 ﬁlius
1803 5086 2008 5152 carnis,

317 5173 420 5229 sed
448 5173 866 5244 promissionis,
891 5180 945 5229 et
957 5191 1155 5230 semen
1185 5174 1478 5246 spirituale
1534 5190 1601 5228 ex
1629 5175 2011 5245 promissione

317 5266 403 5318 est
432 5277 548 5316 non
580 5277 644 5315 ex
671 5277 859 5316 carne.

389 5369 554 5424 Vsus.
613 5367 696 5422 14.
729 5396 799 5408 -
849 5387 877 5415 ‹‹
929 5367 1160 5422 Tollens
1211 5385 1504 5438 panem.»
1566 5372 1672 5425 etc.
1724 5370 1884 5435 (Δις.
1943 5388 2008 5424 sx

317 5459 486 5525 BBDA,
517 5472 564 5512 e.
593 5458 709 5526 2i.)
769 5455 912 5511 Cum
937 5471 1074 5526 ergo
1118 5457 1402 5512 Abraham
1433 5457 1663 5529 ejiceret
1691 5461 1861 5530 Agar,
1908 5461 2011 5514 tol-

315 5547 441 5602 lens
474 5561 706 5617 panem,
745 5543 877 5600 ideo
926 5544 1182 5600 humeris
1233 5546 1529 5618 imposuit,
1578 5553 1685 5604 etc.
1721 5563 1891 5618 usque
1933 5548 2010 5606 ad

2149 510 2310 581 gium
2339 512 2572 583 petituri
2604 518 2756 568 sunt.

2222 618 2251 648 α
2279 599 2531 670 Sumpsit
2559 616 2768 670 panem
2799 604 2854 654 et
2875 605 3060 655 utrem
3082 617 3266 673 aquae.
3301 623 3328 653 ν
3363 602 3522 670 (Auo.
3549 603 3610 670 Ο.
3634 607 3693 658 in
3716 606 3858 659 Gen.

2148 691 2289 742 tom.
2322 689 2441 758 Ill.)
2483 689 2766 752 Quaeritur
2824 690 3110 760 quomodo
3167 691 3442 760 imposuit
3480 691 3539 745 in
3599 693 3863 746 humeris

2152 791 2394 844 puerum
2421 782 2537 831 tam
2596 777 2918 848 grandem?
2970 780 3108 833 Nam
3163 779 3263 850 qui
3309 780 3493 833 fuerat
3543 785 3858 852 antequam

2149 869 2296 918 esset
2320 871 2486 919 natus
2542 866 2716 935 Isaac,
2770 867 3042 922 tredecim
3101 884 3391 922 annorum
3458 869 3854 935 circumcisus,

2148 970 2278 1008 cum
2308 958 2454 1010 esset
2484 955 2771 1009 Abraham
2821 956 3138 1026 nonaginta
3191 972 3414 1018 novem,
3476 962 3534 1011 et
3575 964 3740 1012 natus
3781 958 3865 1012 sit

2148 1043 2302 1096 Isaac
2339 1044 2660 1097 centenario
2690 1049 2850 1115 patre
2881 1061 2895 1110 ;
2938 1044 3172 1099 ludebat
3223 1051 3418 1099 autem
3488 1047 3688 1101 lsmael
3721 1064 3858 1101 cum

2148 1132 2298 1186 Isaac
2327 1132 2556 1203 quando
2582 1132 3019 1187 Saracommota
3077 1138 3181 1199 est,
3244 1134 3446 1205 utique
3492 1151 3623 1188 cum
3675 1153 3861 1204 puero

2149 1219 2573 1290 grandiuscula,
2601 1221 2699 1290 qui
2721 1221 2845 1291 jam
2866 1220 3055 1275 fuerat
3075 1222 3388 1276 ablactatus
3413 1240 3425 1276 :
3451 1224 3700 1293 profecto
3724 1225 3863 1294 plus

2149 1324 2323 1379 quam
2347 1309 2594 1363 sedecim
2615 1325 2894 1364 annorum
2918 1309 3029 1364 fuit
3048 1311 3280 1381 quando
3309 1327 3437 1366 cum
3464 1317 3641 1367 matre
3658 1314 3862 1384 expul-

2147 1412 2242 1450 sus
2264 1401 2363 1451 est.
2392 1397 2500 1451 Sed
2533 1401 2595 1451 ut
2615 1398 2724 1452 hoc
2743 1399 2898 1469 quod
2929 1415 3057 1452 cum
3089 1400 3328 1469 parvulo
3357 1400 3510 1466 lusit,
3545 1417 3649 1471 per
3694 1417 3858 1456 reca-

2147 1484 2542 1555 pitulationem
2594 1486 2808 1539 dictum
2873 1486 3235 1558 accipiamus,
3319 1494 3628 1559 antequam
3686 1489 3856 1543 abla-

2148 1578 2396 1628 ctaretur
2444 1575 2627 1640 lsaac;
2676 1574 2848 1628 etiam
2899 1576 2977 1630 sic
3031 1576 3277 1645 amplius
3334 1593 3510 1647 quam
3574 1579 3855 1633 tredecim

2149 1678 2429 1716 annorum
2455 1678 2597 1732 puer
2625 1663 2879 1716 humeris
2926 1665 3122 1717 matris
3174 1681 3286 1718 non
3349 1666 3535 1736 potuit
3580 1666 3798 1737 imponi
3837 1685 3853 1732 ;

2145 1752 2243 1805 sed
2292 1751 2753 1804 subaudiendum
2807 1757 2910 1819 est,
2975 1751 3132 1806 dedit
3201 1769 3447 1822 puerum
3515 1770 3702 1819 suum,
3735 1762 3850 1808 etc.

2220 1861 2242 1887 ι
2309 1839 2583 1909 Imposuit
2648 1840 2894 1908 scapulas
2970 1843 3111 1910 ejus.
3147 1861 3174 1892 »
3235 1843 3418 1908 (Hii-2a.
3472 1841 3528 1896 in
3563 1843 3625 1906 Ο.
3662 1843 3850 1908 Hebr.)

2144 1927 2382 1992 Quando
2441 1928 2594 1981 Isaac
2649 1933 2814 1982 natus
2871 1934 2955 1982 est
3045 1929 3320 1984 tredecim
3387 1947 3668 1985 annorum
3729 1937 3858 1985 erat

2143 2015 2363 2083 lsmael,
2395 2021 2451 2070 et
2475 2020 2603 2086 post
2622 2016 3056 2071 ablactationem
3093 2018 3215 2088 ejus
3249 2034 3381 2073 cum
3421 2024 3604 2073 matre
3653 2020 3852 2090 expel-

2143 2103 2303 2159 litur.
2342 2104 2508 2174 Apud
2541 2105 2806 2158 Hebraaos
2836 2106 2988 2158 varia
3012 2105 3206 2175 opinio
3253 2110 3354 2173 est,
3404 2107 3531 2161 aliis
3588 2123 3853 2163 asseren-

2143 2191 2296 2246 tibus
2320 2193 2522 2263 quinto
2555 2209 2705 2246 anno
2761 2193 3156 2247 ablactationis
3231 2182 3457 2265 tempus
3513 2196 3636 2266 ejus
3666 2201 3852 2251 statu-

2142 2285 2288 2347 tum,
2320 2281 2445 2334 aliis
2481 2281 2838 2336 duodecimo.
2875 2283 2985 2336 Nos
3040 2283 3232 2353 igitur,
3267 2289 3329 2338 ut
3374 2284 3688 2340 breviorem
3743 2288 3851 2340 eli-

2141 2386 2342 2440 gamus
2367 2374 2612 2436 aatatem,
2662 2375 2791 2440 post
2839 2370 3033 2426 decem
3065 2378 3120 2426 et
3167 2378 3292 2427 octo
3354 2389 3534 2428 annos
3575 2379 3855 2445 supputa-

2142 2473 2269 2512 mus
2295 2458 2594 2512 Ismaelem
2652 2459 2896 2529 ejectum
2925 2476 3054 2513 cum
3099 2467 3299 2529 matre,
3368 2479 3470 2516 nec
3535 2463 3849 2518 convenire

2135 2545 2255 2615 jam
2284 2545 2700 2599 adolescentem
2733 2546 2930 2600 matris
2974 2547 3184 2603 sedisse
3237 2549 3569 2603 cervicibus.
3633 2552 3847 2604 Verum

2140 2638 2226 2687 est
2254 2639 2444 2687 autem
2475 2633 2617 2688 illud
2654 2635 2902 2689 Hebraeae
2939 2635 3148 2706 linguae
3180 2637 3414 2704 idioma,
3448 2640 3604 2710 quod
3655 2641 3848 2694 omnis

2141 2719 2291 2774 filius
2321 2722 2392 2775 ad
2422 2724 2906 2793 comparationem
2939 2729 3246 2794 parentum
3277 2712 3466 2780 iiffans
3523 2733 3755 2782 vocetur
3783 2734 3848 2784 et

2141 2811 2427 2881 parvulus.
2490 2812 2688 2866 Romae
2738 2829 2968 2883 quoque
3033 2829 3212 2884 usque
3273 2815 3445 2870 hodie
3485 2832 3682 2871 omnes
3737 2815 3845 2871 filii

2142 2898 2391 2952 infantes
2423 2906 2718 2955 vocantur.

2069 2987 2109 3041 C
2208 2989 2370 3044 Vens.
2409 2991 2590 3043 15-21.
2648 3018 2718 3030 -
2753 3009 2779 3040 α
2835 2989 3053 3059 Abjeeit
3095 3006 3422 3060 puerum.»
3479 2999 3586 3046 etc.
3643 2995 3841 3061 (Ηιειι.)

2135 3076 2292 3140 Quod
2327 3077 2585 3148 sequitur
2617 3095 2630 3132 :
2667 3095 2694 3128 ‹‹
2738 3079 2802 3132 Et
2840 3079 3081 3148 projecit
3121 3096 3366 3150 puerum
3426 3081 3622 3135 subter
3663 3099 3841 3136 unam

2135 3165 2404 3232 abietem,
2423 3171 2480 3220 et
2508 3166 2703 3220 abiens
2734 3166 2880 3220 sedit
2909 3172 3107 3221 contra
3138 3169 3308 3239 longe
3340 3169 3506 3240 quasi
3534 3170 3720 3240 jactus
3749 3187 3838 3224 sa-

2135 3252 2364 3323 gitta.»
2434 3253 2585 3307 Dixit
2623 3254 2805 3308 enim:
2875 3255 2999 3308 Non
3045 3254 3250 3310 videbo
3317 3261 3560 3311 mortem
3618 3259 3841 3328 parvuli

2135 3341 2271 3410 mei,
2305 3346 2360 3395 et
2404 3341 2548 3396 sedit
2601 3347 2795 3396 contra
2839 3359 2971 3396 eum
3004 3367 3018 3411 ;
3053 3348 3110 3398 et
3168 3345 3358 3399 statim
3419 3345 3697 3416 jungitur.
3723 3346 3840 3400 Ex-

2131 3427 2510 3499 clamavitque
2530 3429 2752 3502 puerjet
2781 3429 2937 3485 ﬂevit
2965 3448 2978 3498 ;
3004 3437 3061 3486 et
3083 3433 3302 3487 audivit
3336 3434 3604 3488 Dominus
3640 3452 3837 3490 vocem

2131 3516 2295 3587 pueri
2323 3516 2392 3570 de
2423 3519 2585 3584 cmlo,
2647 3517 2743 3572 ubi
2799 3524 2938 3587 erat,
2965 3525 3022 3573 et
3077 3519 3220 3574 dixit
3258 3521 3496 3592 angelus
3535 3521 3603 3576 ad
3635 3526 3785 3592 Agar
3819 3538 3833 3576 :

2133 3605 2362 3659 Nullum
2394 3610 2636 3660 moveat.
2672 3607 2735 3660 In
2766 3608 3002 3662 Hebraeo
3034 3609 3190 3663 enim
3217 3610 3377 3680 prius
3403 3611 3510 3664 hoc
3555 3610 3833 3681 scriptum

2131 3699 2253 3746 est:
2290 3715 2311 3741 ι
2358 3694 2484 3747 Non
2512 3694 2712 3749 videbo
2756 3703 2999 3751 mortem
3051 3699 3214 3768 pueri
3252 3699 3438 3752 mei.»
3493 3700 3576 3753 Ita
3633 3714 3836 3752 conse-

2130 3786 2374 3852 quenter
2399 3782 2625 3853 legitur,
2651 3785 2805 3854 quod
2847 3788 3000 3856 Agar
3056 3787 3264 3842 sederit
3318 3793 3513 3841 contra
3561 3804 3833 3857 puerum,

2130 3877 2186 3924 et
2232 3871 2502 3925 levaverit
2547 3889 2764 3935 vocem,
2819 3879 2876 3928 et
2927 3875 3166 3942 ﬂeverit,
3199 3880 3258 3929 et
3311 3875 3631 3930 exaudierit
3688 3877 3837 3932 Deus

2129 3975 2322 4013 vocem
2348 3960 2596 4030 parvuli.
2654 3963 2844 4016 Flente
2907 3965 3058 4018 enim
3117 3968 3298 4018 matre
3357 3969 3414 4019 et
3454 3971 3701 4020 mortem
3731 3966 3835 4021 ﬁlii

2127 4048 2514 4118 praestolante,
2550 4052 2697 4104 Deus
2726 4051 3017 4106 exaudivit
3045 4069 3312 4122 puerum,
3345 4069 3518 4124 quam
3548 4055 3836 4124 pollicitus

2126 4143 2249 4192 erat
2270 4137 2527 4193 futurum
2561 4139 2621 4193 in
2669 4145 2900 4210 gentem
2951 4157 3242 4212 magnam.
3299 4143 3472 4196 Mater
3527 4143 3682 4196 enim
3713 4160 3834 4200 non

2124 4241 2286 4280 suam
2317 4231 2584 4293 mortem,
2609 4227 2703 4281 sed
2735 4227 2836 4281 lilii
2873 4227 3150 4299 deplorat.

2195 4316 2352 4380 (Anc.
2386 4313 2446 4380 ρ.
2499 4317 2558 4368 in
2607 4315 2766 4378 Gen.,
2823 4320 2962 4370 tom.
3015 4316 3139 4384 ΙΙΙ.)
3200 4315 3488 4380 Quaeritur
3541 4316 3832 4387 quomodo

2123 4409 2324 4468 mater,
2351 4407 2481 4469 etc.,
2511 4417 2680 4470 usque
2713 4402 2788 4456 ad
2836 4402 2982 4458 sicut
3045 4420 3196 4474 saepe
3251 4405 3469 4461 faciunt
3523 4398 3832 4477 cujuslibet

2122 4489 2305 4544 aetatis
2342 4491 2719 4545 ambulantes.

2195 4579 2349 4632 Vens.
2404 4583 2487 4633 l7.
2545 4598 2660 4630 -‹‹
2707 4579 3001 4634 Exaudivit
3058 4585 3268 4636 autem.
3312 4601 3340 4633 ι)
3401 4584 3553 4654 (Ben.
3611 4590 3667 4638 et
3697 4585 3826 4640 lsm.

2119 4666 2216 4720 ubi
2241 4669 2458 4738 supra.)
2500 4669 2647 4721 Puer
2703 4668 2980 4722 exclamat
3028 4669 3278 4740 plorans,
3335 4676 3393 4726 et
3458 4673 3605 4727 Deus
3655 4689 3826 4728 exau-

2120 4756 2385 4810 divit:et
2441 4761 2791 4812 monstrante
2842 4760 3044 4828 angelo
3107 4759 3206 4812 illa
3260 4760 3476 4814 fontem
3527 4762 3747 4833 aspicit,
3771 4768 3829 4818 et

2125 4860 2229 4914 pro
2262 4844 2376 4898 illis
2433 4844 2643 4899 dicitur
2672 4845 2774 4916 qui
2825 4845 2895 4900 ad
2956 4846 3245 4902 Christum
3294 4855 3725 4915 convertuntur,
3767 4857 3830 4906 et

2121 4931 2394 4986 deﬂentes
2442 4937 2673 5003 peccata
2726 4934 3136 5002 exaudiuntur,
3196 4937 3408 5007 apertis
3464 4939 3644 4993 oculis
3692 4956 3826 4994 cor-

2119 5019 2203 5074 dis
2256 5019 2454 5076 vident
2499 5021 2715 5076 fontem
2777 5039 2962 5094 aquae,
3022 5023 3210 5088 idest,
3264 5024 3574 5091 Christum,
3621 5025 3722 5097 qui
3750 5026 3832 5080 ait

2118 5108 2279 5162 Joan.
2314 5125 2391 5162 vn
2423 5125 2436 5163 :
2473 5128 2501 5160 α
2525 5109 2633 5174 Qui
2664 5110 2803 5179 sitit,
2835 5111 3030 5165 veniat
3071 5113 3142 5167 ad
3191 5128 3284 5167 me
3306 5119 3363 5168 et
3418 5115 3593 5170 bibat.
3628 5135 3656 5165 »
3705 5117 3829 5169 An-

2118 5196 2280 5266 gelus
2312 5196 2491 5252 Eliam
2523 5198 2827 5268 signiﬁcat,
2864 5215 2967 5270 par
3022 5216 3196 5271 quem
3220 5203 3468 5272 populus
3506 5203 3832 5259 crediturus

2121 5289 2224 5337 est.
2261 5284 2418 5340 Unde
2464 5286 2696 5341 Malach.
2762 5303 2842 5341 iv:
2905 5307 2932 5339 α
2990 5289 3127 5344 Ecce
3203 5305 3309 5361 ego
3374 5291 3597 5346 mittam
3671 5294 3832 5349 vobis

2121 5373 2322 5441 Eliam,
2352 5374 2453 5445 qui
2481 5380 2772 5430 convertat
2800 5377 2972 5432 corda
3001 5384 3230 5449 patrum
3251 5379 3311 5433 in
3341 5379 3507 5435 filios.
3557 5401 3585 5434 ιο
3827 5431 3832 5436 .

2192 5463 2494 5533 «Angelus
2518 5464 2766 5520 Domini.
2800 5484 2828 5516 η
2868 5466 3043 5537 (Ιεω.)
3084 5467 3241 5531 Quod
3293 5483 3427 5522 eum
3483 5469 3584 5541 qui
3640 5470 3829 5541 loqui-

2118 5553 2213 5604 tur
2243 5551 2310 5606 ad
2336 5555 2507 5623 Agar,
2539 5553 2701 5624 prius
2727 5553 3016 5625 angelum,
3059 5561 3258 5626 postea
3310 5557 3617 5613 Dominum
3673 5559 3829 5615 Scri-
