4050 6188
209 233 270 282 n7
1268 219 1516 274 GLOSSA
1557 215 1956 272 onomama.
1998 244 2064 251 —
2109 213 2239 268 Lm.
2278 213 2440 271 cna.
3508 190 3607 266 138

192 357 306 421 plura
326 345 643 418 pronuntiat,
679 342 890 398 Filium
946 342 1047 397 Dei
1099 341 1271 396 fuisse
1300 340 1648 395 credendum
1687 343 1788 405 est,
1819 343 1863 395 A
1901 337 2245 401 cumulatur,
2275 340 2332 390 et
2355 339 2628 406 paternus
2659 334 2892 389 affectus
2934 338 3195 387 movetur
3219 332 3278 387 in
3333 335 3616 388 memoria

193 440 254 508 qui
283 453 362 506 per
386 436 549 503 legem
584 439 636 486 et
673 433 981 502 prophetas
1026 431 1248 484 locutus
1295 435 1400 495 est,
1432 429 1530 500 qui
1554 444 1655 499 per
1675 428 1805 481 obe-
1912 424 2327 495 promissionis,
2362 425 2498 495 quia
2517 424 2729 478 dictum
2763 428 2877 476 est:
2916 445 2934 469 α
2994 423 3059 475 In
3119 422 3270 475 Isaac
3321 421 3616 476 vocabitur

192 527 388 582 dientiarn
414 527 655 593 paternas
698 520 1004 574 voluntatis
1029 520 1265 590 angelus
1309 524 1559 585 vocatur,
1594 531 1802 570 secun-
1911 513 2013 566 tibi
2037 529 2253 578 semen,
2287 533 2314 563 »
2348 518 2623 582 tanquam
2654 511 2701 564 si
2731 511 2826 566 ille
2887 510 3259 577 occideretur,
3319 514 3439 564 tota
3488 527 3615 581 spes

194 617 282 667 dum
306 617 536 666 naturam
569 611 741 663 Deus.
1913 602 2302 672 promissionis
2331 601 2721 656 frustraretur.

237 702 449 754 l'sas.22.
479 729 547 737 —
579 719 605 748 ‹‹
643 698 850 752 Eodem
895 701 1169 766 tempore.
1212 717 1233 743 ο
1274 696 1434 765 (Anc.
1477 693 1802 762 ubisupra.)
1991 714 2010 738 α
2045 691 2194 743 Vade
2246 689 2307 743 in
2358 695 2643 744 terram.»
2709 689 2872 759 (Hum
2948 689 3007 754 Ο.
3041 688 3222 754 Hebr.,
3277 691 3417 742 tom.
3505 688 3616 752 lli.)

195 789 322 854 Quaeri
355 792 516 858 potest
547 787 780 858 quando
832 802 960 840 cum
1019 785 1346 840 Abimelech
1414 788 1642 854 pactum
1676 780 1808 834 fecit
1914 777 2088 832 Aiunt
2116 779 2336 832 Hebraei
2367 779 2518 831 hunc
2551 782 2806 831 montem
2832 792 2954 830 esse
2985 776 3045 829 in
3092 792 3206 846 quo
3246 782 3443 846 postea
3472 781 3618 830 tem-

198 878 430 941 Abraham,
459 881 598 940 etc.,
629 891 799 945 usque
829 875 904 929 ad
923 891 1092 945 quem
1124 874 1219 926 illa
1241 872 1500 926 nesciret.
1916 868 2072 938 plum
2107 867 2451 921 aedificatum
2511 871 2596 920 est
2641 865 2700 919 in
2748 881 2881 918 area
2929 881 3085 918 orna:
3139 864 3402 919 Jebusasi.
3465 865 3618 919 Unde

238 968 360 1019 liras.
413 967 590 1018 25-30.
649 993 717 1004 —-
751 982 778 1012 ιι
833 964 968 1017 Jura
1009 978 1167 1032 ergo,
1221 981 1248 1012 ιθ
1307 966 1412 1014 etc.
1477 960 1638 1029 Saepe
1709 958 1808 1029 qui
1919 957 1989 1021 ll,
2024 957 2213 1009 Pamu
2247 971 2260 1009 :
2296 974 2325 1007 α
2385 955 2696 1024 Coeperunt
2756 953 3038 1008 aediﬁcare
3095 954 3376 1023 templum
3424 969 3622 1007 mense

195 1056 287 1108 toris
331 1059 462 1121 sunt,
506 1053 766 1107 ﬁdelium
822 1053 1251 1106 conversatione
1332 1049 1522 1103 induci
1594 1047 1808 1101 eisdem
1917 1044 2183 1110 secundo,
2214 1043 2462 1098 secunda
2490 1042 2581 1097 die
2605 1042 2835 1108 mensis,
2860 1042 2920 1095 in
2975 1047 3168 1095 monte
3229 1042 3424 1107 Moria,
3459 1061 3485 1093 ››
3520 1041 3620 1112 qui

190 1145 443 1196 desiderant
516 1143 742 1208 sociari,
828 1147 884 1195 et
964 1157 1163 1194 eorum
1221 1138 1495 1208 exemplis
1552 1137 1620 1190 ad
1686 1151 1810 1189 me—
1921 1132 2128 1186 idcirco
2186 1133 2503 1186 illuminans
2546 1131 2953 1201 interpretatur
3003 1136 3064 1183 et
3119 1131 3318 1194 lucens,
3374 1131 3510 1201 quia
3540 1130 3618 1183 ibi

191 1232 264 1284 lius
286 1230 570 1298 informari,
623 1234 688 1282 ut
737 1233 794 1282 et
837 1228 943 1281 sibi
993 1228 1290 1281 consulant
1318 1232 1370 1281 et
1419 1226 1810 1296 proximorum
1921 1227 2005 1274 est
2028 1221 2377 1291 olebit-(11:11),
2411 1221 2466 1274 id
2494 1226 2577 1273 est
2607 1220 2897 1273 oraculum
2965 1219 3084 1284 Dei,
3126 1224 3183 1273 et
3237 1219 3474 1289 spiritus
3522 1220 3621 1290 qui

185 1320 320 1372 ςειιηί,
1922 1309 2182 1362 homines
2211 1309 2375 1362 docet
2402 1308 2698 1362 veritatem
2729 1311 2784 1360 et
2811 1307 3144 1378 prophetias
3164 1306 3422 1377 inspirat.

235 1409 356 1460 Vens.
385 1409 458 1459 3|.
492 1409 578 1460 32.
622 1437 682 1446 —
716 1427 741 1456 (ι
788 1405 994 1460 ldcirco
1038 1409 1268 1458 vocatus
1321 1408 1424 1472 est,
1495 1407 1650 1456 nete.
1701 1403 1812 1455 Du-

2021 1397 2154 1449 'nns.
2190 1399 2240 1450 3.
2275 1426 2342 1436 —
2375 1415 2400 1446 α
2435 1395 2672 1449 Asinum
2705 1410 2872 1448 suum
2903 1395 3136 1456 ducens,
3181 1415 3204 1440 ι
3239 1399 3345 1448 etc.
3379 1394 3530 1464 (lsrn.
3564 1397 3620 1448 in

185 1495 272 1562 plex
293 1510 431 1547 causa
461 1498 544 1546 est,
575 1509 676 1546 cur
703 1493 1020 1563 appellatus
1074 1493 1146 1545 sit
1175 1491 1233 1545 in
1267 1492 1502 1546 Hebrum
1561 1489 1816 1544 Bersabee
1924 1487 2085 1553 σενι,
2116 1502 2164 1538 c.
2209 1484 2320 1553 18.)
2373 1485 2574 1539 Asinus
2641 1485 2990 1536 insensatam
3049 1481 3348 1536 stultitiam
3397 1482 3618 1536 Judaeu-

185 1584 242 1633 vel
265 1582 374 1650 quia
393 1586 601 1650 septem
649 1597 823 1651 agnas
880 1581 1098 1650 accepit
1131 1579 1460 1633 Abimelech
1512 1578 1580 1632 de
1637 1593 1808 1630 manu
1852 1642 1888 1651 _
1924 1589 2050 1627 rum
2086 1573 2386 1642 significat,
2446 1588 2573 1644 quae
2631 1571 2895 1643 portabat
2943 1569 3136 1624 omnia
3187 1576 3540 1624 sacramenta
3569 1575 3625 1623 et

184 1642 376 1724 Abram.
406 1642 628 1739 Septem
676 1642 828 1723 evnim
881 1642 1150 1723 dicuntur
1203 1668 1373 1731 sabee,
1400 1668 1487 1720 vel
1542 1666 1675 1737 quia
1729 1665 1809 1719 ibi
1851 1642 1891 1696 Β
1923 1659 2227 1713 nesciebat.

179 1761 455 1825 iuraverunt,
502 1758 676 1811 sabaa
734 1758 868 1820 3:311}
887 1757 1038 1810 enim
1091 1755 1374 1825 signiﬁcat
1413 1756 1806 1824 juramentum.
1989 1749 2152 1802 Vnus.
2184 1748 2235 1802 4.
2269 1777 2341 1788 -
2373 1767 2399 1798 α
2435 1747 2535 1801 Die
2563 1751 2752 1801 autem
2780 1746 2971 1800 tertio.
3008 1765 3037 1797 ν
3073 1747 3238 1801 HTE-1R.
3265 1747 3360 1800 ubi
3411 1749 3624 1815 supra.)

187 1846 221 1898 Si
243 1852 390 1898 autem
416 1845 558 1899 hanc
618 1861 847 1898 causam
909 1862 1080 1915 supra
1131 1845 1238 1898 hoc
1280 1859 1493 1897 nomen
1541 1843 1804 1912 legimus,
1922 1846 2242 1900 Notandum
2277 1846 2410 1915 quia
2440 1845 2509 1899 de
2542 1845 2765 1899 Geraris
2798 1860 2977 1914 usque
3005 1843 3073 1898 ad
3123 1849 3378 1898 montem
3431 1843 3624 1909 Moria,

185 1935 533 2003 perprolepsim
566 1934 777 1987 dictum
831 1933 1133 1998 est;sicut
1193 1932 1405 1998 Betbel,
1477 1935 1532 1984 et
1561 1931 1810 1999 Galgala,
1919 1933 1974 1986 id
2028 1939 2112 1986 est
2164 1933 2358 1986 sedem
2416 1933 2640 2002 templi,
2728 1933 2836 1986 iter
2884 1932 3060 1986 trium
3117 1933 3340 1987 dierum
3404 1932 3512 1986 sit:
3573 1938 3627 1986 et

191 2028 594 2093 queanteqnam
625 2023 1042 2076 haberenthmc
1107 2020 1400 2085 vocabula,
1459 2019 1621 2072 aliter
1647 2033 1811 2070 voca-
1920 2021 2207 2075 Abraham
2253 2021 2390 2075 illuc
2455 2023 2546 2075 die
2597 2021 2766 2075 tertio
2825 2021 3151 2091 pervenisse
3206 2021 3433 2075 dicitur.
3491 2022 3628 2076 Male

191 2109 350 2164 bantur.
402 2112 729 2164 Notandum
805 2128 870 2164 ex
930 2110 1219 2180 prioribus
1283 2114 1338 2162 et
1395 2106 1665 2178 praesenti
1690 2106 1814 2158 loco
1924 2126 2059 2178 ergo
2085 2114 2290 2179 putant
2327 2110 2613 2164 Abraham
2669 2109 2767 2162 illo
2828 2115 3088 2178 tempore
3146 2109 3430 2163 habitasse
3478 2109 3628 2179 apud

191 2199 289 2265 quod
314 2201 446 2252 lsaac
480 2216 597 2252 non
621 2200 694 2252 sit
727 2204 891 2252 natus
919 2199 984 2251 ad
1011 2213 1286 2268 quercum
1348 2195 1614 2250 Mambre.
1653 2195 1817 2256 (Αιοη
1923 2213 2199 2267 quercum
2233 2199 2502 2265 Mambre,
2536 2216 2666 2253 curn
2699 2200 2767 2253 ad
2809 2205 3069 2254 montem
3103 2199 3275 2253 Moria
3306 2199 3394 2251 vix
3453 2197 3626 2251 unius

185 2285 385 2339 Hebraice
409 2273 558 2349 εὗδε,
600 2287 792 2341 Latine
820 2290 1060 2355 quercus)
1139 2286 1286 2338 utin
1342 2285 1579 2339 Hebraeo
1639 2281 1819 2335 habe—
1925 2286 2039 2340 diei
2072 2286 2303 2357 plenum
2331 2287 2439 2341 iter
2468 2290 2559 2342 sit.
2607 2287 2880 2341 Triduum
2940 2304 3055 2358 quo
3104 2291 3380 2340 venerunt
3439 2286 3508 2339 ad
3542 2285 3626 2339 lo-

184 2381 259 2436 tur,
285 2375 362 2427 sed
389 2376 444 2428 in
485 2375 734 2442 Geraris,
789 2375 883 2428 ubi
933 2374 1202 2428 Bersabee
1232 2389 1411 2444 usque
1451 2372 1621 2426 hodie
1649 2370 1818 2441 oppi-
1927 2392 2054 2429 cum
2087 2376 2370 2444 sacriﬁcii,
2403 2382 2518 2430 tres
2547 2382 2738 2430 aetates
2785 2376 3087 2447 signiﬁcat,
3138 2382 3268 2429 ante
3314 2377 3520 2444 legem,
3555 2374 3627 2428 ab

181 2461 276 2515 dum
300 2469 387 2524 est,
414 2481 540 2535 quae
566 2464 866 2533 provincia
895 2469 1028 2516 ante
1084 2479 1197 2516 non
1225 2463 1437 2532 grande
1476 2466 1705 2530 tempus
1753 2475 1820 2513 ex
1928 2464 2214 2519 Abraham
2249 2466 2518 2537 usquead
2569 2467 2756 2520 Mosen
2787 2485 2802 2534 ;
2840 2465 2943 2519 sub
2989 2466 3131 2536 lege,
3167 2481 3196 2518 a
3255 2465 3404 2518 Mose
3449 2479 3631 2533 usque

191 2550 404 2605 divisione
447 2554 766 2622 praesidum
823 2551 1136 2606 Palaestinae
1185 2551 1456 2606 Salutaris
1534 2549 1682 2604 dicta
1739 2551 1824 2601 est
1929 2553 1997 2606 ad
2029 2553 2308 2607 Joannem
2345 2554 2517 2621 ;inde
2547 2571 2726 2624 usque
2756 2556 2823 2607 ad
2859 2555 3166 2607 Dominum
3202 2573 3217 2618 ;
3247 2559 3304 2606 et
3350 2552 3631 2623 quidquid

186 2637 290 2692 l'nde
310 2639 570 2695 habitavit
604 2642 889 2695 Abraham
952 2642 1011 2695 in
1033 2645 1184 2695 terra
1242 2639 1672 2695 Palmstinorum
1701 2636 1821 2692 die-
1933 2645 2124 2708 restat,
2156 2642 2354 2695 tertius
2377 2642 2496 2694 dies
2527 2648 2610 2695 est
2639 2642 2857 2710 gratias,
2882 2641 2942 2695 in
2976 2658 3087 2712 qua
3118 2640 3285 2694 tertia
3325 2645 3489 2693 aetate
3539 2656 3634 2693 sa-

184 2725 253 2777 llus
273 2731 460 2784 multis.
1935 2730 2214 2784 oriﬁcium
2242 2732 2590 2801 completum
2632 2735 2716 2784 est
2746 2730 2972 2784 Christi.

229 2814 350 2870 liras.
409 2819 494 2881 33,
553 2819 638 2871 δε.
685 2836 804 2867 -α
863 2817 1147 2870 Abraham
1207 2833 1422 2881 vero,»
1475 2820 1580 2871 etc.
1638 2814 1821 2885 (Αιτο.)
1985 2817 2149 2873 Vaas.
2209 2821 2325 2873 5-8.
2362 2847 2429 2858 —
2465 2842 2489 2864 α
2550 2819 2876 2888 Exspectate
2922 2816 3035 2885 hic,
3095 2837 3122 2864 η
3176 2821 3282 2869 etc.
3337 2817 3489 2884 (lsrn.
3539 2815 3635 2868 ubi

178 2901 397 2956 Abraham
427 2905 593 2974 (sicut
623 2905 947 2974 Stephanus
980 2905 1132 2970 dicit)
1201 2920 1314 2956 non
1370 2904 1667 2973 accdperat
1713 2905 1826 2957 haz-
1853 2927 1891 2982 ρ
1931 2909 2144 2982 supra.)
2194 2907 2343 2962 Audi
2400 2907 2736 2977 Apostolum
2770 2923 2783 2961 :
2820 2925 2848 2956 ει
2902 2905 3135 2959 Caecitas
3189 2920 3251 2957 ex
3301 2910 3460 2974 parte
3490 2919 3634 2956 con-

180 2988 414 3044 reditatem
445 2993 542 3052 ibi,
565 2993 695 3060 {nec
742 2992 990 3062 spatium
1045 2992 1226 3062 pedis.
1286 2992 1391 3046 Sed
1449 2991 1822 3061 intelligenda
1931 2997 2179 3070 tingitin
2205 2996 2400 3060 Israel,
2435 3016 2462 3043 η
2497 2995 2603 3048 hoc
2629 3000 2714 3048 est
2743 3016 2770 3043 ,ν
2804 3011 2933 3047 cum
2987 2993 3170 3057 asino,
3229 3014 3256 3040 η
3291 2997 3356 3045 ιιι
3385 3015 3409 3040 α
3441 2991 3633 3062 pleni-

180 3083 236 3127 est
257 3077 552 3143 hereditas,
606 3094 783 3149 quam
828 3079 974 3132 Deus
1014 3079 1187 3148 gratis
1243 3079 1476 3133 daturus
1532 3083 1672 3145 erat,
1705 3095 1778 3131 no

2038 3104 2070 3141 o
2092 3085 2348 3157 gentium
2387 3084 2644 3148 intraret,
2678 3103 2705 3134 ι)
2736 3083 2840 3136 hoc
2865 3088 2968 3145 est,
3022 3101 3050 3132 ς(
3082 3085 3384 3152 postquam
3435 3080 3633 3134 adora-

181 3165 315 3229 l'fctio
343 3172 526 3237 empta
587 3168 933 3238 intelligitur
980 3175 1172 3222 autem
1225 3169 1471 3238 Spatium
1512 3168 1660 3221 Circa
1715 3183 1823 3236 ριι-
1933 3175 2201 3231 verimus.
2246 3195 2265 3220 υ
2309 3171 2411 3227 Ubi
2441 3171 2782 3225 sacriﬁcium
2813 3171 2995 3225 crucis
3053 3186 3155 3240 per
3215 3175 3410 3239 gentes
3465 3169 3639 3222 fuerit

179 3269 290 3316 leum
319 3266 378 3318 ad
413 3266 547 3319 illud
583 3265 900 3335 emptionis
943 3267 1189 3336 spatium
1213 3281 1326 3336 quo
1356 3265 1581 3318 fuerant
1608 3268 1822 3334 septem
1934 3265 2331 3336 praedicatum,
2361 3261 2469 3314 hoc
2499 3265 2604 3326 est,
2640 3281 2668 3309 «
2699 3260 2796 3313 ubi
2827 3259 3120 3330 plenitudo
3151 3258 3409 3328 gentium
3459 3257 3637 3310 intra-

179 3363 296 3406 κατιεῖ
324 3353 478 3418 datae,
509 3354 752 3425 quando
803 3354 1131 3408 Abimelech
1163 3357 1219 3406 et
1257 3352 1540 3406 Abraham
1610 3352 1714 3405 sibi
1739 3354 1827 3422 ju-
1937 3354 2098 3418 verit,
2129 3354 2480 3404 revertemur
2528 3349 2593 3402 ad
2652 3365 2769 3414 vos,
2814 3365 2839 3400 α
2873 3349 2981 3401 hoc
3030 3351 3134 3414 est,
3171 3367 3196 3394 ι(
3228 3351 3283 3399 et
3321 3345 3399 3398 sic
3452 3344 3641 3398 omnis

178 3455 399 3500 raw-runt.
1937 3443 2109 3499 Israel
2140 3440 2325 3494 salvus
2356 3438 2473 3492 ﬁet.
2501 3457 2527 3488 ι)
2565 3439 2684 3492 Duo
2727 3437 2873 3491 servi
2930 3435 3170 3497 dimissi,
3223 3450 3327 3488 nec
3381 3434 3641 3504 perducti

834 3575 1059 3628 CAPUT
1088 3573 1253 3627 xx".
1938 3533 2007 3587 ad
2029 3531 2218 3628 locum
2249 3526 2530 3628 sacrificii,
2571 3525 2753 3628 iud-agi
2783 3529 2917 3579 sunt
2963 3523 3083 3628 qui,
3112 3521 3400 3628 serviliter
3449 3521 3640 3628 viven-

853 3609 945 3628 "“'
977 3609 1046 3628 ν’
1088 3609 1253 3627 ¹“⁴“¹’
1939 3627 2024 3677 tes
2055 3625 2111 3674 et
2139 3616 2442 3673 carnaliter
2463 3615 2768 3686 sapientes,
2828 3631 2943 3668 non
2992 3613 3400 3667 intellexerunt
3454 3609 3643 3664 humi-

223 3693 353 3749 V'sns.
389 3701 490 3750 1-
531 3721 557 3745 ιι
596 3699 738 3761 Quae
770 3702 1096 3768 postquam,
1140 3715 1166 3747 »
1213 3703 1318 3753 etc.
1387 3705 1566 3770 (Auc.,
1627 3701 1822 3764 Quaest.

2045 3714 2160 3762 tem
2193 3712 2248 3760 et
2269 3705 2589 3776 passionem
2639 3702 2869 3758 Christi.
2934 3704 3054 3756 Duo
3113 3701 3368 3772 quidem,
3423 3699 3556 3770 quia
3587 3699 3644 3751 in

175 3782 212 3833 in
237 3784 368 3847 Gen,
402 3793 544 3840 tom.
584 3787 983 3856 lil.)Jacobus
1018 3787 1154 3841 dicit
1175 3790 1326 3859 quod
1361 3789 1650 3843 neminem
1707 3791 1833 3840 ten-
1946 3798 2087 3852 duas
2143 3798 2332 3866 partes
2379 3791 2693 3856 dividendi,
2755 3790 2906 3861 quod
2975 3790 3186 3842 factum
3237 3794 3323 3842 est
3378 3791 3647 3857 peccante

171 3873 414 3941 tatDeus;
476 3876 579 3929 sed
655 3877 954 3942 usualiter,
1011 3881 1246 3938 tentare,
1285 3895 1390 3948 pro
1422 3895 1488 3932 eo
1546 3876 1698 3948 quod
1753 3879 1838 3929 est
1944 3884 2265 3947 Salomone,
2302 3878 2528 3949 quando
2568 3876 2780 3930 divisus
2829 3881 2914 3929 est
2971 3876 3217 3945 populus
3283 3876 3405 3928 loco
3462 3875 3649 3944 regni,

176 3958 384 4028 Probare,
444 3965 718 4018 dicimus.
777 3965 1014 4019 Iacobus
1090 3971 1280 4021 autem
1356 3969 1424 4021 de
1498 3983 1563 4019 ea
1647 3969 1838 4019 tenta-
1947 3987 2063 4026 non
2085 3983 2276 4024 errore
2302 3965 2636 4036 impietatis,
2685 3964 2891 4035 quibus
2951 3963 3157 4017 dicitur
3201 3965 3313 4018 Jer.
3350 3978 3503 4016 m:«
3549 3963 3646 4016 ad-

173 4046 310 4112 tione,
335 4067 438 4121 qua
467 4054 723 4123 quisque
752 4061 980 4122 peccato
1001 4052 1138 4125 [Αι.,
1167 4053 1446 4127 peccator]
1491 4055 1838 4125 implicatur.
1949 4057 2218 4115 versatrix
2243 4055 2435 4114 Israel,
2469 4058 2525 4106 et
2554 4053 2972 4123 prmvaricatrix
3005 4051 3173 4107 Iuda,
3216 4073 3243 4100 ››

178 4133 341 4192 [inde]
396 4141 598 4195 Thess.
632 4158 690 4194 ιε
730 4161 754 4190 ει
812 4141 888 4194 Ne
947 4142 1092 4195 forte
1162 4143 1464 4198 tentaverit
1515 4160 1613 4197 vos
1663 4142 1710 4196 is
1739 4141 1836 4213 qui
1879 4205 1912 4215 _
2026 4169 2053 4196 κ
2103 4147 2216 4215 Ego
2275 4149 2331 4197 et
2389 4157 2606 4213 puer,»
2667 4147 2770 4196 etc.
2821 4141 2997 4210 (Δια.)
3057 4141 3408 4195 lndubitanti
3460 4140 3653 4194 animo

172 4226 311 4278 tentet
338 4249 361 4274 ›
389 4229 537 4282 Alibi
571 4229 734 4282 enim
760 4229 1030 4300 scriptum
1067 4235 1149 4283 est
1175 4232 1334 4286 Deut.
1364 4248 1500 4286 xm:
1539 4252 1564 4279 ι(
1635 4205 1838 4283 Tentat
1879 4205 1920 4260 Ῐ)
1946 4205 2193 4292 ωδοῐθῖθ
2269 4205 2449 4286 tilium
2512 4205 2754 4285 volebat.
2831 4205 3177 4286 Laudandus
3236 4229 3297 4284 in
3341 4230 3658 4284 constantia

174 4313 395 4367 VOSDeus
422 4324 634 4380 vester,
676 4324 739 4370 ut
776 4318 914 4370 sciat
942 4318 987 4370 si
1017 4318 1269 4388 diligatis
1301 4335 1455 4380 eum,
1488 4319 1544 4372 id
1593 4324 1695 4383 est,
1740 4334 1838 4370 vos
1950 4321 2226 4379 offerendi
2256 4325 2313 4374 et
2361 4320 2420 4373 in
2471 4318 2584 4373 ﬁde
2625 4317 2955 4372 suscitandi.
3000 4318 3223 4373 Sciebat
3247 4317 3402 4372 enim
3460 4317 3654 4371 certis-

174 4401 281 4454 scire
307 4405 481 4460 faciat.
513 4429 534 4455 Ι
575 4407 744 4458 Vires
771 4407 921 4459 enim
952 4406 1270 4461 dilectionis
1309 4423 1425 4460 suae
1449 4408 1622 4460 homo
1668 4407 1837 4476 igno-
1952 4414 2092 4468 sime
2115 4412 2294 4465 Deum
2323 4409 2519 4463 fallere
2569 4424 2686 4461 non
2731 4423 2920 4478 posse,
2969 4412 3026 4461 ei
3081 4406 3211 4462 licet
3243 4422 3386 4477 puer
3442 4405 3657 4460 occide.

176 4494 252 4553 rat,
288 4493 382 4545 nisi
414 4495 819 4564 experimento
837 4499 1159 4562 cognoscat.
1953 4505 2132 4562 retur,
2166 4496 2606 4568 promissionem
2647 4499 2841 4550 tamen
2878 4495 2976 4550 Dei
3028 4496 3242 4549 salvam
3293 4509 3652 4565 permanere.

226 4579 531 4636 Vsas.‘2.—
598 4605 627 4628 ‹‹
683 4583 838 4635 Tolle
915 4582 1171 4646 tilium,»
1231 4588 1334 4637 etc.
1396 4586 1544 4651 (Anc.
1591 4585 1650 4636 in
1687 4583 1840 4646 Gem,
1958 4587 2114 4640 Unde
2145 4585 2444 4656 Apostolus
2467 4585 2634 4640 Hebr.
2663 4601 2714 4638 xl
2751 4602 2816 4640 τα
2865 4585 2998 4639 Fide
3050 4584 3337 4638 Abraham
3389 4599 3504 4637 non
3534 4583 3656 4636 hae-

179 4666 518 4737 tom.l.)Non
573 4671 772 4724 statim
825 4671 1017 4739 jussus
1068 4677 1151 4724 est
1207 4671 1489 4725 Abraham
1546 4673 1728 4725 tilium
1752 4687 1844 4725 oc-
1954 4674 2318 4738 sitavit,cum
2357 4673 2590 4728 unicum
2652 4673 2902 4743 offerret,
2960 4673 3019 4726 in
3070 4689 3184 4743 quo
3255 4677 3546 4741 acceperat
3574 4688 3660 4724 re-

177 4752 342 4823 cidere,
363 4759 458 4811 sed
492 4760 696 4812 triduo
728 4760 796 4812 ad
827 4759 1249 4814 immolandum
1277 4760 1500 4823 ducere,
1544 4766 1605 4814 ut
1662 4759 1847 4827 longi-
1957 4763 2422 4834 promissionem,
2454 4762 2686 4816 credens
2720 4762 2855 4833 quia
2905 4766 2960 4815 et
2990 4777 3022 4814 α
3075 4760 3317 4814 mortuis
3355 4764 3554 4829 potens
3578 4764 3662 4812 est

178 4841 335 4896 tudine
399 4846 690 4917 temporis
743 4849 982 4902 tentatio
1047 4853 1371 4917 augeretur.
1432 4850 1537 4902 Per
1587 4848 1849 4902 triduum
1961 4851 2236 4906 suscitare
2265 4851 2428 4906 Deus.
2463 4873 2491 4901 ω

179 4929 296 4986 enim
318 4937 709 4989 crescentibus
735 4937 904 5004 curis,
938 4943 1176 5007 paterna
1235 4937 1449 4991 viscera
1499 4937 1849 5002 cruciantur,
2036 4961 2065 4989 α
2112 4940 2266 4996 Dixit
2320 4941 2693 4996 Abraham.»
2755 4940 2901 5005 (lsrn.
2951 4937 3048 4992 ubi
3085 4938 3306 5006 supra.)
3358 4936 3665 5003 Abraham,

183 5022 220 5066 et
243 5023 439 5088 prolixo
466 5023 661 5094 spatio
704 5030 867 5092 pater
915 5024 1098 5079 ﬁlium
1146 5025 1421 5094 intuetur,
1484 5025 1674 5078 cibum
1723 5040 1850 5078 cum
1963 5028 2198 5083 unicum
2241 5030 2424 5083 ﬁlium
2483 5031 2692 5084 ducens
2715 5029 2784 5084 ad
2840 5027 3280 5093 immolandum,
3334 5028 3514 5080 Deum
3562 5028 3666 5080 Pa-

184 5112 426 5180 eosnmit,
453 5116 540 5166 tot
571 5113 847 5166 noctibus
877 5113 1088 5183 pendet
1118 5130 1261 5184 puer
1304 5113 1363 5166 in
1420 5115 1691 5184 amplexu
1750 5130 1853 5183 pa-
1966 5122 2111 5172 trem
2192 5117 2494 5188 signiﬁcat.
2569 5118 2857 5172 Abraham
2906 5132 3073 5170 senex
3145 5116 3326 5171 ﬁlium
3404 5115 3668 5186 suscepit,

186 5196 276 5255 tris.
317 5201 474 5254 cubat
529 5201 591 5254 in
643 5201 889 5271 gremio,
951 5207 1007 5254 et
1054 5219 1160 5272 per
1215 5203 1439 5273 singula
1486 5208 1775 5256 momenta
1799 5203 1857 5254 in
1971 5208 2116 5260 Deus
2146 5211 2338 5260 autem
2383 5221 2499 5259 non
2531 5205 2790 5272 senescit,
2840 5205 2935 5259 sed
2995 5205 3300 5276 promissio
3335 5205 3404 5260 de
3446 5203 3671 5260 Christo

191 5291 386 5352 paterno
419 5289 626 5344 affectu
659 5289 825 5345 dolor
845 5290 1137 5344 occidendi
1168 5291 1270 5345 ﬁlii
1299 5291 1642 5345 cumulatur.
1969 5292 2396 5363 quodammodo
2427 5294 2713 5357 senuerat,
2742 5293 2973 5362 quando
3026 5298 3192 5347 natus
3221 5297 3323 5346 est.
3384 5292 3676 5348 Inchoavit

243 5397 262 5417 ιι
288 5375 454 5438 Quem
477 5378 710 5448 diligis,
748 5398 773 5426 ι)
803 5383 908 5431 etc.
945 5378 1110 5447 (Bana
1139 5382 1196 5432 in
1223 5381 1384 5447 Gen.,
1416 5395 1462 5432 c.
1491 5382 1603 5448 22.)
1630 5380 1705 5432 De
1735 5379 1862 5432 cha-
1971 5380 2041 5433 ab
2070 5379 2269 5440 Adam.
2302 5379 2530 5449 quando
2566 5378 2780 5433 dictum
2812 5384 2933 5435 est:
2968 5399 2996 5432 α
3029 5381 3208 5435 Erunt
3251 5381 3364 5436 duo
3390 5381 3449 5434 in
3506 5395 3673 5432 carne

199 5461 340 5516 ritatis
359 5467 766 5521 admonitione
797 5471 854 5539 e_t
873 5466 1154 5539 inominis
1182 5467 1573 5522 recordatione
1623 5469 1862 5523 tentatio
1971 5484 2087 5522 una
2120 5467 2443 5535 »(Gen.n);
2500 5473 2556 5522 et
2610 5469 2893 5539 completa
2922 5473 3004 5522 est
3045 5473 3200 5523 sexta
3253 5473 3420 5522 astate
3462 5469 3674 5524 saeculi.

469 5541 759 5606 Paraoc.
815 5537 1024 5601 CXlll.
2742 5537 2756 5539 “
3288 5547 3324 5602 5

3015 5665 3041 5693 ρ
