4050 6188
411 235 509 286 139

404 351 674 406 Senectus
703 350 854 404 Sara:
882 349 943 403 in
973 348 1136 420 plebe
1170 349 1289 418 Dei,
1323 350 1431 404 hoc
1481 356 1586 419 est,
1621 351 1680 404 in
1740 351 2109 406 multitudine
2147 361 2185 412 Α

404 437 968 511 proplietarum,hoc
996 438 1147 493 idem
1171 438 1454 509 signiﬁcat
1509 438 1645 510 quia
1700 439 1756 492 in
1804 439 1917 493 ﬁne
1969 445 2108 494 tem-

403 545 610 600 porum
666 545 732 582 ex
812 528 980 598 plebe
1035 534 1359 580 sanctarum
1414 527 1737 580 animarum
1799 533 1963 582 natus
2022 534 2107 582 est

403 619 675 673 Christus.
707 616 984 672 Sterilitas
1015 618 1137 686 ejus
1167 616 1452 686 signiﬁcat
1482 616 1630 686 quod
1665 615 1723 669 in
1755 616 1860 670 hoc
1894 618 2101 671 steculo

403 723 500 777 spe
558 705 696 758 salvi
752 705 884 760 facti
943 721 1161 772 sumus,
1218 711 1274 758 et
1297 704 1355 757 in
1408 704 1650 769 Christo,
1713 710 1986 775 tanquam
2044 706 2102 760 in

403 797 570 860 Isaac,
617 811 814 848 omnes
867 792 984 847 nati
1041 809 1258 858 sumus,
1310 807 1481 862 quem
1535 797 1764 862 partum
1841 794 2101 848 Ecclesiae

406 883 545 955 [.4l.,
580 879 848 953 Ecclesia]
904 881 966 936 in
1006 882 1118 935 ﬁne
1176 887 1500 950 temporum
1558 896 1674 934 non
1723 886 1946 947 natura,
2002 883 2098 937 sed

400 975 581 1043 gratia
601 971 932 1043 procreavit.
983 970 1267 1024 Abraham
1318 985 1452 1040 ergo
1522 970 1703 1023 Deum
1763 971 1990 1025 Patrem
2023 971 2099 1024 si-

399 1067 650 1138 gniﬁcat,
676 1068 828 1120 Isaac
876 1065 1180 1120 Christum.
1243 1065 1394 1120 Sicut
1457 1065 1612 1120 enim
1671 1066 1961 1120 Abraham
1998 1066 2098 1120 uni

397 1181 528 1220 cum
560 1170 617 1218 et
669 1164 941 1217 dilectum
994 1163 1178 1217 ﬁlium
1227 1162 1515 1218 victimam
1575 1165 1688 1217 Deo
1756 1163 1988 1230 obtulit,
2019 1164 2099 1218 sic

399 1254 546 1308 Deus
591 1254 756 1308 Pater
799 1251 1166 1322 unigenitum
1213 1251 1418 1306 Filium
1480 1268 1585 1322 pro
1640 1252 1806 1306 nobis
1862 1252 2099 1307 tradidit

399 1343 463 1396 Et
514 1341 659 1396 sicut
710 1341 862 1394 Isaac
895 1341 1051 1410 ligna
1117 1340 1400 1410 portabat,
1452 1339 1664 1411 quibus
1713 1341 2097 1412 imponendus

403 1435 544 1498 erat,
578 1430 658 1484 sic
689 1429 941 1484 Christus
973 1444 1221 1494 crucem,
1255 1427 1315 1483 in
1355 1445 1468 1499 qua
1496 1428 1760 1499 figendus
1819 1435 1959 1484 erat.

466 1521 634 1574 Vitas.
694 1521 844 1573 9-H.
901 1547 972 1558 --
1003 1535 1029 1568 ‹‹
1086 1517 1342 1588 Cumque
1394 1518 1700 1587 alligasset,
1745 1535 1772 1568 η
1805 1523 1891 1571 etc
1941 1519 2092 1589 (Ism.

393 1609 490 1662 ubi
513 1608 726 1678 supra.)
756 1609 912 1699 Isaac
940 1606 1129 1699 ligatis
1160 1607 1404 1699 pedibus
1441 1606 1608 1699 altari
1665 1606 2092 1699 superponitur,
2138 1645 2175 1699 Β

394 1701 452 1751 et
481 1697 734 1751 Christus
761 1695 914 1748 cruci
957 1695 1229 1765 afﬁgitur.
1291 1694 1399 1749 Sed
1458 1695 1612 1766 quod
1670 1694 1979 1765 ﬁguratum
2011 1701 2098 1749 est

394 1801 498 1856 per
533 1786 700 1847 Isaac,
728 1785 1070 1838 translatum
1101 1788 1185 1836 est
1211 1783 1280 1836 ad
1323 1783 1579 1850 arietem,
1648 1783 1786 1854 quia
1842 1782 2098 1837 Christus

417 1873 559 1944 ovis.
587 1873 710 1942 Ipse
741 1871 896 1926 enim
921 1871 1092 1934 ﬁlius,
1129 1872 1266 1942 quia
1319 1877 1525 1936 natus;
1596 1871 1762 1939 aries,
1814 1871 1949 1943 quia
1986 1871 2089 1925 im-

393 1962 661 2015 molatus.
686 1962 750 2014 In
779 1959 1046 2030 vepribus
1075 1959 1258 2014 haeret
1289 1959 1450 2020 aries,
1480 1975 1615 2013 crux
1647 1976 1864 2014 cornua
1902 1959 2093 2014 habet.

393 2049 450 2104 Si
499 2050 652 2103 enim
706 2049 820 2103 duo
879 2049 1037 2119 ligna
1111 2047 1557 2119 compingantur
1639 2047 1820 2101 crucis
1884 2047 2099 2117 species

390 2138 674 2193 redditur.
738 2137 892 2192 Unde
950 2137 1154 2190 Habac.
1212 2153 1270 2190 in
1309 2155 1322 2203 ;
1367 2155 1393 2186 ‹‹
1442 2136 1664 2190 Cornua
1722 2135 1782 2188 in
1835 2135 2098 2189 manibus

393 2227 536 2297 ejus.
594 2248 615 2274 ι
649 2227 928 2281 Cornibus
1015 2225 1240 2279 hasrens
1318 2225 1486 2290 aries,
1582 2223 1838 2278 Christus
1909 2224 2099 2277 cruci-

390 2315 535 2370 ﬁxus
566 2318 670 2369 est.
705 2316 912 2385 Vepres
960 2320 1150 2368 autem
1201 2312 1380 2384 spinae
1457 2311 1633 2383 spina
1677 2311 1910 2382 iniquae,
1945 2328 2093 2382 qum,

395 2404 702 2459 Dominum
735 2403 1174 2474 suspenderunt.
1212 2403 1365 2454 Inter
1401 2401 1593 2470 spinas
1649 2401 1800 2453 enim
1835 2406 2096 2470 peccato-

391 2509 522 2548 rum
549 2509 856 2563 suspensus
895 2497 996 2546 est.
1031 2489 1188 2545 Unde
1218 2491 1366 2544 Jer.:
1402 2508 1430 2540 α
1486 2488 1677 2558 Spinis
1729 2494 2094 2559 peccatorum

394 2595 628 2633 suorum
659 2578 1036 2632 circumdedit
1068 2593 1158 2632 me
1189 2578 1436 2646 populus
1475 2578 1567 2630 hic
1609 2578 1753 2645 (Jer.
1785 2580 2039 2647 xxxvm.)
2065 2599 2090 2625 η

392 2666 504 2720 Alii
533 2667 684 2720 hunc
712 2665 946 2719 arietem
981 2666 1037 2719 in
1058 2666 1326 2735 vepribus
1348 2666 1611 2736 ligatum,
1639 2667 1924 2721 Christum
1961 2671 2092 2720 ante

391 2755 849 2809 immolationem
882 2754 1061 2825 spinis
1112 2761 1447 2808 coronatum
1495 2755 1846 2825 intelligunt.

465 2844 630 2898 Vens.
685 2847 770 2898 l2.
830 2873 899 2883 —
955 2843 1077 2896 Non
1135 2844 1478 2914 peperceris,
1561 2863 1589 2895 n
1634 2848 1739 2898 etc.
1802 2843 2096 2912 (Aumubi

394 2934 609 3002 supra.)
666 2931 935 3002 Nunquid
990 2948 1104 2985 non
1161 2932 1416 3003 pepercit
1469 2931 1755 2986 Abraham
1814 2931 1934 2986 ﬁlio
1991 2948 2094 2988 suo
2128 2931 2167 2985 C

391 3027 629 3092 propter
683 3021 952 3090 angelum
986 3020 1142 3075 ?Sed
1194 3021 1256 3074 in
1304 3023 1507 3092 angelo
1557 3021 1833 3091 figuratus
1865 3025 1949 3074 est
1983 3022 2090 3074 Do-

395 3111 608 3175 minus,
628 3111 729 3180 qui
761 3111 910 3163 Deus
939 3113 1023 3162 est
1053 3114 1108 3162 et
1138 3109 1333 3180 magni
1387 3109 1612 3163 consilii
1665 3109 1921 3180 angelus.
1965 3110 2096 3164 Erat

396 3200 548 3252 enim
581 3197 637 3252 in
661 3199 867 3268 angelo
886 3199 1051 3265 Deus,
1094 3202 1153 3251 et
1181 3215 1244 3251 ex
1277 3199 1399 3268 ejus
1456 3215 1700 3268 persona
1731 3197 2088 3268 loquebatur.

401 3289 512 3342 Hoc
559 3286 740 3356 magis
760 3287 820 3340 in
875 3286 1244 3356 sequentibus
1301 3286 1618 3355 apparebit,
1661 3301 1792 3339 cum
1838 3285 2089 3340 dicitur:

397 3376 466 3429 Et
512 3374 728 3428 vocavit
785 3375 1023 3443 angelus
1091 3373 1317 3427 Domini
1391 3373 1680 3428 Abraham
1735 3375 1984 3428 secundo
2023 3374 2092 3428 de

397 3465 558 3530 cmlo,
593 3463 820 3517 dicens:
856 3464 960 3516 Per
1014 3462 1418 3532 memetipsum
1461 3461 1672 3532 juravi,
1719 3462 1853 3516 dicit
1907 3462 2094 3516 Domi-

398 3570 574 3608 nus.»
617 3553 737 3606 Non
772 3551 924 3604 enim
956 3550 1118 3604 facile
1177 3550 1467 3604 invenitur
1521 3551 1806 3604 Christum
1868 3553 2092 3605 Patrem

391 3642 579 3696 dicere
607 3646 878 3711 tanquam
931 3639 1266 3704 Dominum,
1315 3639 1636 3710 praesertim
1687 3644 1817 3693 ante
1861 3639 2091 3693 incana-

390 3730 629 3784 tionem.
655 3730 794 3783 Nam
848 3727 1157 3782 secundum
1218 3743 1446 3781 carnem
1493 3727 1601 3781 hoc
1647 3743 1898 3798 congrue
1953 3727 2090 3781 dici-

388 3824 501 3883 tur,
521 3817 834 3872 secundum
861 3833 1035 3888 quam
1059 3815 1116 3869 in
1142 3801 1365 3886 psalmo
1423 3833 1460 3870 ιι
1483 3815 1690 3869 dicitur
1720 3832 1734 3869 :
1764 3839 1783 3866 σ
1816 3817 2090 3871 Dominus

387 3907 527 3961 dixit
556 3907 625 3961 ad
651 3923 764 3972 me,
797 3925 824 3957 »
876 3910 980 3959 etc.
1015 3905 1176 3969 Quod
1229 3910 1416 3959 autem
1449 3905 1660 3959 dictum
1711 3911 1796 3959 est
1851 3905 2087 3972 ibidem,

386 4013 431 4051 c.
467 3998 526 4049 9:
564 4016 591 4046 α
622 3996 773 4049 Dixit
829 3993 1102 4047 Dominus
1160 3993 1402 4047 Domino
1448 4010 1594 4054 meo,
1621 4013 1646 4043 ν
1681 3998 1811 4057 etc.,
1865 3994 1932 4046 ad
1965 4010 2088 4064 pro-

384 4088 614 4155 phetam
631 4086 734 4138 hoc
769 4084 1010 4136 refertur
1043 4083 1140 4153 qui
1174 4072 1466 4152 loquitur;
1492 4082 1636 4135 sicut
1665 4083 1805 4136 illud
1836 4097 1850 4135 :
1876 4103 1902 4130 «
1937 4083 2090 4136 Plnit

386 4173 657 4228 Dominus
687 4190 720 4225 a
751 4173 1016 4238 Domino,
1050 4190 1076 4220 »
1112 4170 1167 4224 id
1198 4176 1299 4236 est,
1327 4171 1602 4224 Dominus
1630 4176 1838 4239 uoster,
1873 4172 2083 4226 scilicet
2113 4210 2155 4264 Β

385 4262 578 4323 Filius,
600 4279 630 4315 a
658 4261 902 4320 Domino
935 4266 1153 4327 nostro,
1203 4261 1365 4312 Patre
1409 4260 1639 4312 scilicet.

453 4352 610 4403 Vsus.
675 4353 756 4402 l3.
796 4379 853 4388 -—
919 4371 944 4396 ‹‹
995 4349 1265 4402 Arietem.
1303 4368 1330 4398 »
1365 4349 1534 4417 (Δια.)
1577 4351 1859 4403 Historice.
1920 4349 2078 4402 Aries

379 4440 477 4510 qui
511 4455 610 4508 pro
670 4439 823 4491 Isaac
875 4438 1208 4490 immolatus
1235 4442 1340 4502 est,
1396 4453 1506 4489 non
1572 4435 1916 4506 putavimus,
1979 4436 2078 4490 sed

378 4544 540 4582 verus
570 4533 672 4580 est.
699 4527 829 4580 ldeo
853 4527 1030 4596 magis
1062 4532 1296 4596 putatur
1339 4525 1606 4594 angelum
1664 4541 1796 4578 eum
1848 4525 2076 4578 aliunde

376 4616 628 4670 attulisse
661 4630 833 4685 quam
875 4614 952 4666 ibi
999 4614 1068 4671 de
1113 4619 1262 4666 terra
1308 4618 1436 4682 post
1484 4630 1577 4667 sex
1656 4613 1879 4667 dierum
1903 4630 2076 4685 opera

378 4704 680 4759 Dominum
717 4717 1058 4774 procreasse.
1881 4772 1886 4776 ἡ

448 4793 746 4846 «Arietem
807 4790 957 4844 inter
1002 4805 1218 4860 vepres,
1278 4809 1304 4840 ιο
1355 4795 1460 4844 etc.
1522 4791 1696 4858 (IIIRR.
1750 4792 1808 4842 in
1869 4791 2070 4856 Qzuest.

372 4882 568 4952 Hebr.)
616 4882 820 4951 Aquila
873 4895 1086 4948 veprem
1154 4879 1239 4932 vel
1289 4881 1580 4948 Spiitetum,
1651 4878 1860 4950 posuit,
1940 4883 2070 4947 etc.,

370 4986 539 5038 usque
569 4971 643 5023 ad
672 4969 826 5039 quod
853 4969 932 5022 ita
955 4968 1222 5022 Hebraicc
1249 4967 1474 5021 dicitur.

442 5060 600 5112 Vens.
663 5059 825 5111 14-19
897 5085 964 5097 -
1025 5076 1052 5106 (ι
1114 5056 1546 5127 Appellavitque
1603 5071 1834 5121 nomen,
1882 5075 1909 5104 u
1959 5060 2066 5110 etc.

368 5146 669 5219 (Hiemubi
713 5146 926 5214 supra.)
978 5147 1085 5200 Pro
1139 5162 1206 5200 eo
1253 5145 1403 5216 quod
1460 5143 1551 5198 hic
1608 5145 1874 5213 habetur,
1931 5149 2019 5198 etc
2052 5184 2064 5198 .

365 5251 535 5304 usque
563 5233 638 5287 ad
668 5250 769 5304 per
798 5233 1253 5288 incarnationem
1278 5233 1516 5290 scilicet.

437 5324 599 5376 Vens.
655 5323 843 5376 20-24.
902 5351 967 5360 -
992 5344 1010 5369 ι
1038 5321 1270 5376 Melcha.
1307 5340 1332 5370 ι)
1385 5323 1560 5390 (Ηιειι.
1598 5321 1692 5375 ubi
1729 5321 1942 5392 supra.)
1988 5321 2066 5376 De

367 5412 580 5466 Melcha
609 5425 780 5464 uxore
833 5408 1072 5478 Nachor,
1105 5415 1235 5477 etc.,
1281 5425 1450 5479 usque
1489 5410 1564 5464 ad
1614 5409 1760 5465 etin
1809 5409 1934 5482 ipso
1966 5426 2066 5466 no-

366 5500 519 5556 mine
536 5496 747 5570 legitur
775 5497 834 5554 in
868 5497 1029 5554 Isaia.

1033 232 1428 286 WAI.AFR|DI
1469 231 1711 288 STRABI
1754 233 1954 288 FULD.
2001 233 2159 288 MON.
2199 234 2349 289 OPP.
2394 235 2568 290 PARS
2608 235 2650 290 I.
2694 265 2761 273 —
2800 235 3255 296 TIIEOLOGICA.

3815 243 3918 296 MO

2834 357 3059 414 CAPUT
3111 361 3295 417 XXIII.

2318 462 2476 516 Vens.
2535 465 2648 516 1-6.
2703 482 2827 514 -α
2887 463 3036 518 Vixit
3089 472 3280 521 autem
3357 467 3560 532 Sara,»
3617 475 3725 526 etc.
3787 491 3816 522 α
3853 474 3922 527 Et

2218 555 2443 604 mortua
2471 555 2556 605 est
2585 554 2643 605 in
2672 551 2893 606 civitate
2913 553 3115 618 Arbee,
3151 574 3178 607 ιο
3233 560 3336 610 est.
3389 557 3572 626 (Hum.
3600 558 3659 612 in
3712 560 3916 626 Quest.

2213 637 2416 710 Hebr.)
2443 639 2578 704 Quae
2610 645 2693 694 est
2725 641 2784 694 in
2809 643 2948 696 valle
2982 659 2994 696 :
3031 644 3134 696 hoc
3163 643 3222 698 in
3243 645 3584 700 authenticis
3611 647 3768 702 libris
3800 665 3920 703 non

2213 727 2474 796 habetur,
2505 734 2637 795 etc.,
2662 745 2831 800 usque
2871 730 2947 785 ad
2999 730 3145 786 sicut
3193 732 3255 786 in
3313 733 3458 788 libro
3515 735 3686 789 Josue
3716 743 3915 806 aperte

2213 816 2655 872 demonstratur.

2286 906 2605 960 νωθῆ-15.
2656 936 2724 944 --
2761 928 2779 954 ι
2845 907 3104 962 Surrexit
3153 908 3461 978 Abraham,
3496 930 3523 961 ι)
3584 916 3688 966 etc.
3721 913 3911 982 (AUG.,

2211 994 2404 1068 Qumst.
2438 996 2498 1048 in
2524 995 2684 1064 Gen.)
2715 994 2999 1059 Quzeritur
3028 998 3318 1068 quomodo
3375 1000 3663 1072 Abraham
3710 1003 3912 1056 adora-

2213 1082 2290 1136 vit
2334 1083 2612 1152 populum
2663 1090 2848 1152 terrae,
2898 1088 3029 1151 etc.,
3061 1101 3230 1155 usque
3287 1087 3362 1141 ad
3391 1093 3448 1142 et
3488 1087 3616 1142 ideo
3644 1089 3918 1144 adorator

2210 1171 2588 1241 corrigendus
2631 1177 2772 1225 erat.

2280 1259 2436 1312 Vens.
2475 1261 2556 1312 16.
2591 1290 2656 1298 ——
2687 1281 2714 1308 ››
2749 1259 2912 1324 Quod
2963 1276 3092 1315 cum
3151 1261 3424 1330 audisset,
3458 1282 3486 1312 )›
3539 1268 3643 1318 etc.
3705 1265 3916 1336 (3188.,

2207 1347 2272 1401 de
2317 1348 2445 1401 locis
2497 1348 2706 1416 Hebr.)
2763 1349 2824 1402 In
2880 1350 3133 1418 Hebraeo,
3193 1351 3340 1404 sicut
3385 1353 3702 1422 posuimus,
3768 1361 3906 1424 etc.,

2206 1451 2375 1504 usque
2403 1436 2478 1490 ad
2505 1453 2632 1490 cum
2667 1437 2862 1492 etiam!
2895 1439 3370 1509 reprehendatur,
3421 1441 3522 1513 qui
3577 1442 3791 1498 invitus
3815 1460 3910 1499 ac-

2206 1524 2436 1594 ceperit.

2276 1615 2437 1668 Vaas.
2477 1618 2652 1670 l7-20.
2680 1647 2744 1655 —
2777 1636 2802 1667 α
2853 1617 3346 1689 Contirmatusque
3407 1625 3492 1674 est
3546 1637 3702 1692 ager,
3736 1643 3762 1673 υ
3795 1629 3905 1677 etc.

2207 1704 2398 1768 Cum,
2445 1703 2544 1756 lib.
2585 1721 2635 1757 v1
2690 1706 2908 1772 Moral.,
2963 1721 3013 1759 c.
3045 1707 3153 1774 25.)
3215 1706 3403 1761 Inuuit
3451 1712 3778 1780 sepulcrum
3827 1712 3910 1765 du

2205 1794 2354 1864 plex,
2376 1800 2507 1857 etc.,
2541 1809 2709 1862 usque
2735 1795 2810 1848 ad
2839 1797 2922 1848 vel
2948 1802 3180 1867 propter
3198 1799 3550 1868 operationis
3572 1802 3909 1857 instantiam

2207 1883 2647 1953 contemplanda
2677 1884 2992 1954 postponit.

2281 1991 2304 2020 ι
2363 1971 2726 2042 Spelunca.»
2781 1973 2844 2027 Et
2889 1973 3036 2027 circa
3106 1990 3234 2028 eam
3293 1991 3428 2045 ager
3480 1977 3782 2032 arborosus
3838 1982 3912 2033 ad

2205 2062 2588 2130 sepeliendam
2647 2061 2844 2116 Saram
2900 2063 3338 2133 quadringentis
3366 2064 3515 2119 siclis
3544 2067 3768 2137 argenti
3798 2084 3910 2136 per

2205 2149 2642 2218 patriarchama
2693 2150 2940 2204 dominis
2995 2157 3162 2206 teme
3211 2153 3460 2207 emitur:
3521 2156 3655 2225 quia
3703 2156 3773 2210 ad
3807 2173 3904 2210 va-

2204 2237 2450 2291 candum
2481 2239 2774 2308 sapientiae
2816 2245 2874 2293 et
2929 2240 3274 2295 studendum
3323 2242 3553 2309 actioni,
3605 2244 3709 2298 sub
3748 2245 3912 2299 foliis

2206 2327 2573 2396 mysticorum
2634 2328 2955 2393 verborum,
3009 2335 3282 2399 tanquam
3338 2331 3443 2385 sub
3483 2332 3792 2387 fructuosis
3817 2351 3912 2388 ar—

2206 2415 2462 2484 boribus,
2488 2433 2601 2470 non
2634 2416 2801 2470 aliter
2849 2417 3320 2486 prmdicatoribus
3373 2421 3602 2491 quietus
3629 2423 3792 2476 locus
3822 2437 3914 2475 ac-

2205 2504 2471 2573 quiritur,
2527 2504 2636 2558 nisi
2675 2520 2778 2573 per
2836 2506 3217 2574 evangelicam
3286 2507 3623 2575 doctrinam,
3677 2511 3914 2580 argenti

2205 2601 2389 2656 nitore
2443 2602 2780 2673 fulgentem,
2841 2603 3084 2657 terrenis
3164 2605 3543 2673 potestatibus
3617 2607 3688 2660 ab
3768 2607 3914 2678 ipsis

2203 2699 2417 2744 aeterna
2466 2689 2756 2745 beatitudo
2813 2691 3136 2745 suadentur.
3195 2693 3332 2756 Quae
3365 2694 3510 2747 bene
3575 2695 3912 2748 centenario

2203 2782 2406 2847 quater
2425 2778 2592 2832 ducto
2616 2778 2910 2850 ﬁguratur,
2928 2779 3059 2850 quia
3093 2796 3124 2833 a
3153 2780 3292 2834 laeva
3315 2781 3372 2835 in
3405 2782 3662 2836 dextram
3711 2789 3911 2838 trans-

2209 2864 2411 2920 fertur.

2839 2956 3063 3029 CAPUT
3093 2975 3272 3028 xxxv.

2273 3095 2438 3149 Vens.
2473 3099 2520 3163 1,
2548 3099 2600 3151 2.
2634 3124 2702 3137 —
2731 3115 2758 3146 α
2820 3097 2951 3151 Erat
2998 3103 3191 3153 autem
3247 3097 3531 3153 Abraham
3590 3115 3760 3154 senex

2206 3202 2233 3232 (ι
2269 3183 2528 3254 Dixitque
2559 3185 2627 3240 ad
2657 3202 2881 3240 servum
2910 3186 3191 3241 seniorem
3225 3203 3236 3240 :
3273 3188 3428 3242 Pone
3445 3204 3700 3256 manum,
3737 3209 3764 3239 ιι
3793 3196 3907 3246 etc.

2203 3273 2417 3342 (Gneo)
2453 3275 2678 3328 Manum
2758 3274 2862 3328 sub
2921 3275 3137 3330 femore
3182 3276 3352 3346 jubet
3406 3293 3640 3348 ponere,
3689 3284 3745 3332 et
3802 3296 3914 3349 per

2205 3361 2382 3414 Deum
2415 3361 2936 3434 caalijurare,quia
2987 3364 3142 3418 illius
3202 3381 3332 3418 caro
3375 3381 3478 3435 per
3543 3366 3683 3422 illud
3727 3383 3911 3422 mem-

2203 3450 2368 3503 brum
2416 3451 2754 3506 descensura
2795 3456 2936 3519 erat,
3006 3453 3107 3523 qui
3163 3453 3316 3507 ﬁlius
3359 3455 3599 3508 Abrahae
3652 3461 3797 3508 esset
3835 3472 3907 3510 ex

2203 3548 2580 3616 humanitate,
2621 3553 2677 3602 et
2731 3549 2956 3604 divinus
2977 3566 3041 3603 ex
3099 3549 3396 3605 divinitate
3432 3568 3445 3618 ;
3505 3552 3666 3621 quasi
3699 3551 3851 3607 dicat
3891 3573 3906 3608 :

2201 3639 2391 3706 Tange
2425 3637 2630 3691 Filium
2653 3653 2866 3704 meum,
2898 3643 2956 3692 et
2975 3639 3107 3708 jura
3155 3655 3260 3708 per
3323 3641 3502 3693 Deum
3554 3655 3763 3695 meum.
3801 3641 3905 3697 Ve.

2202 3731 2525 3780 rumtamen
2580 3742 2694 3780 non
2746 3743 2918 3798 super
2975 3727 3182 3795 femur,
3233 3727 3330 3782 sed
3386 3727 3600 3783 femore
3661 3745 3905 3785 manum

2202 3831 2415 3885 ponere
2441 3815 2620 3885 jubet,
2652 3816 2784 3886 quia
2818 3815 2951 3870 inde
2982 3816 3356 3870 descensurus
3386 3823 3526 3883 erat,
3559 3817 3656 3888 qui
3701 3818 3904 3885 homo,

2201 3903 2294 3958 sed
2325 3919 2494 3974 super
2522 3903 2786 3957 homines
2813 3909 2960 3958 esset
2988 3905 3180 3971 ;unde
3237 3904 3478 3974 dignum
3531 3922 3647 3960 non
3697 3906 3807 3961 fuit
3839 3915 3909 3962 ut

2202 4007 2434 4046 manum
2465 4008 2637 4062 super
2664 3991 2852 4046 femur
2879 3997 3136 4064 poneret,
3169 3993 3304 4065 quia
3332 3995 3490 4048 nulla
3538 4011 3670 4049 caro
3724 4013 3909 4067 super

2199 4080 2354 4134 illam
2386 4085 2491 4134 est.

2262 4169 2417 4223 Vens.
2447 4171 2556 4222 3-8.
2613 4199 2680 4208 -—
2712 4188 2740 4218 α
2782 4169 2850 4224 Ut
2904 4184 3020 4223 non
3082 4168 3344 4240 accipias.
3381 4187 3412 4222 ι)
3468 4171 3685 4242 (Gneo)
3741 4173 3905 4227 Alle-

2191 4261 2389 4325 gorice.
2423 4259 2573 4311 Isaac
2603 4257 2671 4311 de
2701 4257 2925 4312 ﬁliabus
2981 4258 3438 4312 Chananmorum
3497 4275 3641 4314 uxor
3695 4262 3903 4331 prohi-

2189 4346 2374 4413 betur,
2401 4346 2537 4416 quia
2575 4346 2796 4400 Christo
2849 4347 3022 4400 nullae
3075 4347 3452 4416 reproborum
3501 4352 3708 4402 animae
3755 4365 3902 4405 con-

2182 4435 2522 4506 junguntur.
2559 4436 2636 4488 De
2665 4435 3005 4505 cognatione
3037 4451 3181 4489 uxor
3213 4435 3343 4490 duci
3363 4437 3713 4508 praecipitur,
3755 4439 3903 4507 quia

2185 4524 2306 4578 sola
2369 4525 2676 4578 electorum
2756 4524 3001 4578 Ecclesia
3066 4525 3290 4579 Christo
3346 4526 3669 4596 copulanda
3745 4533 3896 4590 erat,

2186 4629 2359 4684 quam
2411 4614 2532 4684 ipse
2589 4613 2922 4682 Unigenitus
2965 4629 3028 4667 ex
3086 4613 3587 4685 prmdest-inatione
3640 4619 3696 4668 et
3739 4631 3900 4684 prae-

2185 4702 2418 4756 scientia
2441 4703 2559 4771 jam
2609 4706 2934 4756 extraneum
2987 4719 3100 4756 non
3158 4703 3422 4757 habebat.
3476 4703 3624 4758 Puer
3677 4704 3778 4774 qui
3816 4706 3898 4759 ad

2185 4806 2417 4846 uxorem
2448 4789 2839 4846 deducendam
2873 4790 3138 4859 mittitur,
3192 4791 3606 4862 prophetarum
3652 4800 3708 4846 et
3748 4809 3898 4863 apo-

2184 4881 2479 4945 stolorum,
2513 4879 2888 4950 omniumque
2921 4879 3222 4934 doctorum
3256 4880 3396 4935 ordo
3445 4886 3526 4934 est
3560 4880 3699 4952 ;qui
3747 4882 3900 4938 dum

2182 4968 2415 5022 verbum
2459 4968 2880 5038 praedicationis
2907 4967 3145 5037 faciunt,
3179 4969 3457 5041 cujusque
3487 4970 3694 5024 anima:
3723 4974 3901 5041 quasi

2181 5055 2594 5126 conjungendae
2622 5054 2918 5126 unigenito
2948 5056 3089 5110 Filio
3120 5057 3440 5128 provisores
3470 5056 3635 5112 ﬁunt.

2251 5145 2407 5199 Vens.
2442 5145 2501 5200 9.
2530 5175 2600 5183 —
2626 5163 2653 5195 ‹‹
2687 5144 2884 5199 Posuit
2935 5161 3090 5216 ergo,
3115 5165 3142 5196 ιο
3201 5150 3306 5200 etc.
3340 5147 3523 5216 (Ilias.
3579 5149 3639 5200 in
3677 5147 3899 5213 Quaest.

2178 5232 2355 5301 Hebr.)
2386 5231 2641 5288 Tradunt
2693 5232 2915 5288 Hebraei
2973 5233 3109 5304 quia
3160 5233 3221 5288 in
3255 5233 3702 5289 sanctiﬁcatione
3738 5235 3897 5304 ejus,

2176 5326 2308 5386 etc.,
2340 5336 2508 5390 usque
2538 5321 2611 5375 ad
2637 5325 2694 5376 et
2721 5322 2953 5392 pondus
2971 5323 3358 5377 tribulationis
3399 5322 3621 5378 fortiter
3675 5322 3897 5393 ferant,

2175 5410 2325 5482 quod
2354 5409 2559 5465 cameli
2589 5410 2932 5481 significant.

2246 5499 2406 5553 Vens.
2443 5500 2524 5553 Η).
2557 5527 2615 5540 -
2655 5522 2674 5547 ι
2713 5499 2787 5554 Ex
2816 5499 3084 5555 omnibus
3107 5498 3273 5554 bonis
3299 5499 3438 5571 eju=,
3459 5519 3485 5552 η
3515 5507 3620 5555 etc.
3657 5499 3894 5583 (Gnaeus
