4086 6190
214 308 279 360 lit

206 424 317 488 Quia
340 422 417 476 his
448 437 566 493 quire
596 420 666 475 de
701 419 942 475 Domino
1000 419 1337 491 loquuntur,
1395 418 1454 473 in
1506 418 1830 489 semetipsis
1869 419 1915 476 A

210 516 433 565 virtutum
478 508 697 563 divitias
748 509 1075 577 ostendunt,
1106 514 1172 562 ut
1218 511 1378 562 tanto
1409 508 1576 562 citius
1631 508 1703 561 ad
1753 524 1839 561 se-

206 598 450 670 quendum
481 598 653 651 Deum
683 596 945 661 invitent,
977 602 1191 668 quanto
1223 596 1338 650 suis
1367 595 1726 651 auditoribus
1778 595 1839 651 in

208 688 364 759 seipsis
390 690 700 740 monstrant
726 701 855 756 quae
886 690 1137 739 narrant.

259 776 396 830 Vsus.
437 776 614 829 tt-t3.
649 803 719 813 —
751 793 779 823 (ι
835 772 1000 827 Juxta
1055 776 1317 843 puteum.
1348 791 1377 823 η
1415 772 1632 842 (Gneo)
1677 772 1842 826 Juxta

209 868 377 918 fontem
409 862 574 928 stetit,
608 867 665 916 et
699 878 763 915 ex
801 860 1034 931 praeﬁxa
1062 860 1359 921 sententia,
1410 876 1538 931 quae
1570 864 1717 915 esset
1745 858 1841 913 eli-

203 952 351 1021 genda
412 950 729 1021 proposuit,
805 949 939 1019 quia
986 947 1164 1003 sancti
1218 947 1620 1019 praedicatores
1670 946 1844 1001 verba

206 1040 393 1094 fluentia
420 1039 797 1092 considerant.
846 1037 999 1092 Unde
1025 1037 1298 1107 colligunt
1318 1052 1489 1108 quem
1520 1036 1606 1090 vel
1634 1034 1842 1106 quibus

203 1127 510 1183 auditoribus
540 1126 808 1181 ﬁduciam
840 1125 1196 1179 certitudinis
1226 1127 1537 1179 assumant.

257 1215 393 1268 Vens.
430 1214 611 1267 14-16.
642 1243 711 1254 -
753 1232 781 1263 α
846 1211 1029 1282 Igitur
1075 1212 1286 1282 puella,
1341 1230 1367 1264 ι
1403 1215 1509 1265 etc.
1560 1211 1746 1281 (Auc.,
1777 1210 1837 1277 Ο.

205 1307 243 1354 in
284 1303 411 1367 Gen.)
435 1300 815 1364 Quaerendum
848 1303 931 1353 est
970 1298 1110 1370 quid
1137 1297 1401 1352 differant
1428 1297 1639 1352 illicitae
1668 1312 1844 1367 augu-

205 1391 406 1443 rationes
433 1407 463 1442 a
494 1388 772 1459 petitione
818 1388 923 1442 hac
962 1393 1091 1450 etc.,
1130 1402 1299 1456 usque
1341 1385 1415 1441 ad
1470 1401 1584 1457 quo
1622 1388 1844 1440 tentare

206 1482 345 1532 Deum
371 1476 718 1548 prohibetur.

255 1588 277 1615 ι
306 1567 502 1620 lnclina
532 1566 794 1636 bydriam
826 1569 1002 1619 tuam.
1041 1583 1070 1615 η
1103 1562 1352 1618 Humilia
1382 1563 1711 1617 saecularem
1762 1562 1843 1617 fa-

201 1656 419 1709 .undiam
462 1654 527 1708 ad
558 1654 940 1708 hauriendum
971 1654 1368 1725 propheticum
1393 1668 1736 1720 sermonem,
1779 1660 1842 1707 ut

205 1744 503 1798 voluntatem
536 1748 695 1796 tuam
726 1740 1079 1813 persuasioni
1121 1756 1262 1793 meae
1283 1738 1576 1799 inclinem.

258 1833 398 1885 Vsus.
451 1834 628 1886 l7o2l.
692 1860 759 1871 —
805 1830 1172 1899 Occurritque
1225 1828 1276 1881 ei
1333 1844 1549 1896 servus,
1606 1830 1660 1880 et
1718 1826 1840 1881 ait:

204 1945 221 1965 μ
250 1920 559 1984 Pauxillum,
605 1942 633 1967 ››
658 1924 763 1973 etc.
797 1918 1025 1988 (Conon)
1058 1918 1374 1985 Allegorice.
1415 1916 1613 1972 Omnis
1644 1914 1847 1986 praedi-

202 2014 324 2060 cator
370 2008 621 2061 animam
679 2006 955 2060 auditoris
1005 2005 1143 2071 sitit,
1221 2006 1350 2059 ideo
1433 2021 1627 2059 servus
1683 2004 1846 2075 petit,

208 2096 411 2150 Rebecca
434 2101 638 2166 potum
673 2094 905 2148 tribuit:
951 2093 1086 2164 quia
1112 2093 1414 2147 electorem
1476 2092 1721 2148 Ecclesia
1750 2093 1846 2146 de-

209 2184 372 2238 siderio
400 2184 843 2256 praedicatorum
878 2199 940 2236 ex
981 2182 1187 2237 virtute
1218 2199 1332 2236 sua:
1364 2182 1496 2237 ﬁdei
1552 2180 1843 2235 satisfacit.

205 2272 307 2337 Quae
334 2274 474 2327 enim
508 2274 715 2339 Deum,
736 2288 906 2343 quem
931 2270 1107 2334 audit,
1134 2271 1456 2336 conﬁtetur,
1483 2267 1847 2341 praedicatori

199 2377 361 2431 aquam
398 2361 730 2416 refectionis
786 2366 841 2413 et
888 2359 1170 2430 refrigerii
1214 2359 1398 2413 oﬁ‘ert.
1433 2360 1496 2413 Et
1535 2356 1848 2413 notandum

199 2457 316 2525 quod
344 2456 605 2527 hydriam
641 2456 712 2511 ab
744 2457 984 2511 humero
1014 2456 1291 2509 inclinans
1332 2455 1539 2526 posuit,
1568 2454 1704 2525 quia
1751 2453 1849 2507 illa

195 2545 428 2599 confessio
456 2547 687 2617 placida
739 2551 823 2600 est
877 2562 1007 2616 qua!
1061 2563 1093 2599 a
1148 2544 1298 2598 bono
1355 2560 1526 2614 opere
1571 2542 1844 2615 procedit.

197 2632 267 2685 Vel
282 2650 469 2705 aquam
485 2634 760 2705 pr‘wbuit,
785 2634 917 2704 quia
939 2649 1054 2686 non
1070 2632 1125 2685 in
1146 2649 1214 2684 eo
1227 2632 1379 2704 quod
1393 2631 1655 2691 credidit,
1674 2646 1849 2684 vacua

197 2739 282 2775 non
317 2723 607 2777 remansit.
641 2724 762 2778 Mox
822 2722 974 2775 enim
1032 2720 1361 2792 prmdicavit
1407 2719 1555 2791 quod
1607 2718 1844 2785 audivit,

195 2810 465 2865 etdicendo
495 2812 716 2865 multos
746 2827 809 2863 ex
860 2826 918 2863 se
947 2808 1346 2879 prmdicatores
1385 2808 1645 2879 protulit.
1688 2809 1849 2877 Aqua

193 2900 314 2951 enim
349 2900 401 2953 in
446 2900 679 2969 hydria,
736 2896 969 2951 scientia
1002 2895 1425 2967 praedicationis
1456 2895 1514 2949 in
1560 2910 1846 2948 mensura.

191 2984 352 3039 Studet
388 2988 538 3041 enim
578 3002 694 3039 non
746 2986 874 3055 plus
912 3000 1108 3055 sapere
1161 3000 1334 3055 quam
1375 2988 1602 3055 Oportet
1624 2999 1839 3052 sapere.
1882 2988 1921 3045 C

192 3074 362 3142 Hydria
408 3076 462 3128 in
507 3076 675 3141 ulna,
733 3089 1003 3127 mensura
1048 3071 1471 3143 praedicationis
1536 3071 1596 3125 in
1654 3087 1848 3142 opere.

193 3163 278 3215 Nec
303 3166 472 3218 solum
506 3163 784 3217 omnibus
829 3161 1128 3215 comitibus
1183 3162 1326 3231 ejus,
1379 3161 1473 3214 sed
1506 3166 1562 3214 et
1618 3159 1854 3213 camelis

190 3255 347 3320 potum
379 3252 623 3323 praebet,
653 3250 792 3322 quia
821 3250 1055 3303 verbum
1082 3249 1210 3303 vitae
1242 3265 1353 3303 non
1386 3249 1570 3303 solum
1602 3247 1854 3318 pruden-

189 3336 323 3403 tibus,
353 3340 447 3393 sed
478 3338 659 3393 etiam
692 3337 877 3391 stultis
910 3336 1278 3407 prmdicatur.
1346 3336 1507 3390 Rom.
1540 3352 1555 3388 ι
1595 3352 1606 3388 :
1660 3357 1686 3383 ‹‹
1748 3335 1849 3389 Sa-

190 3423 435 3493 pientibus
481 3433 537 3482 et
572 3425 982 3497 insipientibus
1033 3425 1257 3479 debitor
1312 3441 1458 3479 sum.
1491 3446 1518 3474 »
1553 3425 1651 3479 Vel
1704 3439 1854 3495 aqua

190 3513 326 3568 etiam
350 3517 630 3585 jumentis
682 3516 868 3582 datur,
897 3530 1024 3567 cum
1066 3530 1201 3567 cura
1244 3514 1429 3567 carnis
1457 3513 1748 3583 quomodo
1780 3511 1854 3566 sit

190 3599 404 3658 habenda
436 3604 791 3675 disponitur,
826 3608 974 3656 utex
1011 3602 1298 3671 voluptate
1318 3617 1431 3655 non
1457 3601 1856 3669 impendatur,

191 3698 235 3744 et
278 3709 337 3746 ex
396 3693 741 3748 necessitate
800 3707 915 3745 non
987 3694 1257 3761 negetur;
1313 3688 1461 3742 unde
1521 3689 1685 3743 Rom.
1720 3704 1856 3741 xui:

198 3801 213 3825 ι
264 3781 441 3834 Carnis
502 3795 704 3834 curam
761 3794 835 3833 ne
885 3778 1133 3832 feceritis
1188 3777 1247 3830 in
1331 3776 1658 3842 desideriis;
1728 3797 1750 3825 ι
1808 3780 1861 3829 et

195 3869 346 3936 Ephes
402 3886 432 3922 v
465 3886 477 3923 :
512 3892 533 3919 ι
576 3869 761 3923 Nemo
801 3866 955 3921 enim
983 3882 1241 3937 unquam
1282 3880 1515 3920 caanem
1544 3880 1704 3918 suam
1736 3864 1862 3919 odio

193 3954 379 4010 habuit.
414 3978 435 4004 ι

250 4045 393 4099 Vns.
441 4045 641 4099 22-24.
702 4072 771 4082 —-
833 4063 855 4090 ι
918 4040 1158 4095 Protulit
1212 4040 1317 4106 vir,
1376 4061 1403 4091 »
1472 4045 1576 4095 etc.
1656 4039 1863 4111 (Ηιεη.)

198 4132 309 4186 Beku
338 4134 518 4219 (πει),
563 4132 723 4204 quod
775 4131 863 4185 hic
883 4146 986 4202 pro
1044 4129 1439 4219 didrachmate
1480 4129 1735 4219 ponitur,
1784 4146 1866 4219 se:

193 4204 413 4276 miuncia
464 4228 608 4276 est:
652 4220 868 4276 Schekel
920 4234 1054 4273 vero
1096 4204 1286 4305 (ἦρξέ),
1346 4217 1445 4288 qui
1496 4217 1710 4283 Latine,
1768 4216 1862 4271 sed

191 4316 445 4381 corrupte,
487 4312 661 4365 siclus
705 4309 934 4376 dicitur,
963 4307 1148 4361 uncia.
1198 4306 1418 4377 (Gesch)
1450 4306 1592 4371 Quia
1657 4305 1861 4376 pracdi-

190 4403 323 4453 cator
364 4400 635 4454 auditum
680 4397 938 4452 Ecclesiae
970 4412 1074 4467 per
1129 4394 1534 4458 obedientiam,
1568 4398 1626 4448 et
1662 4410 1865 4447 manus

192 4500 276 4553 per
292 4489 693 4559 operationem
732 4490 990 4540 exornat.
1024 4486 1258 4539 Inaures
1288 4484 1535 4539 duorum
1594 4482 1864 4537 siclorum

192 4581 317 4641 sunt,
350 4576 595 4631 armillas
625 4575 846 4640 decem,
879 4572 1015 4645 quia
1060 4572 1245 4643 prima
1290 4571 1470 4626 virtus
1527 4570 1865 4625 obedientiaa

194 4659 238 4713 in
263 4662 529 4716 charitate
572 4666 679 4727 est,
703 4677 831 4732 quae
864 4659 1093 4714 dilectio
1144 4658 1242 4713 Dei
1271 4662 1326 4711 et
1370 4657 1618 4728 proximi
1652 4661 1764 4723 est;
1812 4662 1868 4712 et

192 4748 380 4805 bonum
401 4767 551 4822 opus
580 4748 838 4820 decalogi
868 4746 1249 4819 completione
1279 4746 1589 4818 perﬁcitur,
1629 4749 1695 4800 ut
1737 4761 1865 4799 cum

192 4838 317 4893 bona
344 4842 437 4912 agi
460 4839 765 4911 coeperint,
799 4839 951 4894 mala
973 4838 1131 4893 nulla
1161 4841 1422 4907 agantur.

247 4928 396 4985 Vsus.
434 4931 641 4984 25-28.
670 4957 737 4970 —
779 4947 804 4979 α
839 4926 1138 4981 Palearum
1196 4940 1445 4996 quoque.
1480 4943 1507 4975 η
1565 4923 1709 4989 Quia
1767 4924 1870 4978 Ec-

192 5015 336 5070 clesia
384 5016 681 5088 recipiens
753 5014 1091 5086 spiritualia,
1163 5013 1351 5068 reddit
1406 5012 1870 5084 praedicatoribus

195 5107 393 5161 terrena
411 5106 737 5179 stipendia;
773 5104 922 5158 unde
953 5104 974 5158 ῐ
1001 5104 1127 5159 Cor.
1156 5119 1205 5156 ix
1243 5118 1257 5156 :
1300 5122 1327 5151 (ι
1381 5101 1436 5155 Si
1494 5099 1651 5154 vobis
1698 5099 1869 5170 spiri-

193 5195 347 5249 tualia
373 5195 815 5261 seminavimus,
841 5207 1115 5264 magnum
1148 5196 1233 5245 est
1267 5190 1314 5244 si
1354 5207 1456 5244 nos
1499 5188 1748 5244 carnalia
1778 5205 1868 5242 ve-

196 5286 288 5337 stra
314 5290 636 5340 metamus.

249 5392 273 5417 α
296 5372 473 5428 Locus
503 5372 818 5445 spatiosus.
838 5389 867 5422 ι
898 5370 945 5424 Α
970 5368 1163 5441 priore
1188 5368 1406 5440 populo
1438 5372 1655 5421 natura
1684 5367 1873 5436 legem

198 5472 244 5510 se
294 5461 540 5515 Ecclesia
591 5458 814 5514 novisse
877 5457 1238 5523 monstravit,
1299 5460 1356 5509 et
1406 5454 1871 5526 praedicationem

201 5549 362 5619 amplo
390 5549 696 5606 charitatis
731 5545 953 5619 gremio
987 5545 1234 5616 suscepit
1262 5561 1275 5598 :
1310 5543 1529 5600 doctori
1559 5543 1711 5597 enim
1752 5560 1876 5615 spa-

1306 297 1559 354 GLOSSA
1598 298 1999 355 ORDINARIA.
2040 329 2107 338 —
2150 300 2277 355 LIB.
2319 300 2476 356 GEN.

1903 4268 1946 4324 ι)

3542 308 3644 361 142

1947 420 2089 475 tiosa
2142 422 2362 476 mansio
2392 427 2496 489 est,
2560 422 2618 476 in
2654 423 2823 477 corde
2868 423 3149 478 auditoris
3180 424 3423 481 latitudo
3466 427 3646 482 chari-

1952 511 2111 575 tatis;
2152 510 2306 563 unde
2355 509 2618 564 secunda:
2670 509 2922 566 Corinth.
2972 516 3168 566 sexto:
3233 533 3255 561 ι
3314 513 3438 566 Νοη
3472 529 3647 584 angu-

1951 597 2205 651 stiamini
2229 598 2290 651 in
2324 598 2507 660 nobis,
2548 598 2642 653 sed
2696 597 2758 652 in
2788 599 3094 654 visceribus
3124 600 3363 667 vestris;
3401 620 3427 653 ι
3483 603 3647 673 quasi

1950 686 2324 757 suscipiendas
2349 687 2623 741 doctrinae
2654 687 2838 742 locum
2890 688 3099 743 mentis
3150 688 3401 757 dilatate,
3451 690 3519 744 ad
3553 706 3647 745 co-

1950 774 2181 844 gitanda
2209 774 2455 828 carnalia
2477 780 2776 831 coarctate.

2019 864 2177 918 Vens.
2237 865 2426 919 29-32.
2468 894 2535 903 ——
2586 885 2613 913 «
2665 863 2940 931 Habebat,
2975 887 3001 916 ι
3034 872 3140 921 etc.
3197 866 3342 933 Quia
3397 868 3647 921 carnales

1952 950 2217 1006 ﬁdelibus
2242 952 2550 1023 conjuncti,
2586 952 2725 1007 dum
2745 953 3063 1025 spiritualia
3093 955 3243 1010 dona
3269 955 3647 1027 conspiciunt,

1952 1037 2330 1091 admiratione
2361 1038 2643 1109 suspensi,
2676 1040 2723 1093 si
2763 1056 2879 1094 non
2911 1057 3092 1112 usque
3126 1043 3197 1097 ad
3225 1060 3419 1114 opera,
3456 1050 3648 1098 tamen

1952 1141 2131 1196 usque
2162 1126 2229 1180 ad
2260 1126 2431 1180 ﬁdem
2465 1127 2885 1197 suscipiendam
2920 1130 3381 1201 praedicationem
3441 1133 3647 1187 admit-

1950 1218 2079 1267 tunt
2121 1231 2136 1269 :
2184 1216 2320 1269 dum
2353 1216 2509 1269 enim
2551 1216 2732 1270 bonos
2785 1218 3075 1272 miraculis
3123 1219 3342 1289 fulgere
3389 1220 3649 1275 conside—

1952 1307 2097 1363 rant,
2133 1318 2261 1373 qum
2289 1304 2357 1358 de
2377 1304 2697 1359 aeternitate
2723 1305 2965 1359 audiunt
2996 1322 3109 1361 non
3135 1314 3421 1374 recusant,
3453 1325 3654 1380 quam-

1952 1389 2036 1442 vis
2083 1392 2382 1445 Ecclesium
2449 1391 2709 1447 moribus
2768 1409 2883 1447 non
2936 1402 3257 1465 sequentes,
3314 1396 3372 1450 in
3440 1397 3653 1450 carnali

1953 1478 2287 1547 operatione
2316 1486 2667 1536 remaneant.

2029 1587 2055 1614 ‹‹
2110 1567 2362 1622 Habebat
2392 1573 2606 1623 autem.
2635 1589 2662 1620 ι»
2706 1569 2850 1635 Quia
2906 1575 3039 1624 sunt
3087 1572 3340 1625 carnales
3387 1571 3654 1628 ﬁdelibus

1955 1654 2267 1725 conjuncti,
2304 1671 2547 1726 quorum
2581 1657 2964 1712 familiaritate
2989 1658 3296 1730 aliquando
3325 1659 3397 1714 ad
3425 1660 3657 1715 audien-

1955 1743 2092 1797 dum
2143 1744 2379 1798 verbum
2413 1745 2717 1815 prodeunt,
2751 1751 2806 1799 et
2835 1747 3087 1801 videntes
3121 1748 3272 1801 dona
3313 1749 3413 1803 Dei
3451 1750 3656 1804 collata

1953 1833 2217 1889 ﬁdelibus
2252 1835 2555 1902 mirantur,
2587 1839 2643 1889 et
2674 1836 2908 1891 verbum
2941 1837 3105 1892 corde
3137 1837 3482 1910 percipiunt,
3500 1842 3656 1911 quod

1954 1921 2119 1975 bonis
2151 1923 2407 1976 moribus
2447 1924 2688 1994 implere
2706 1942 2821 1978 non
2855 1929 3141 1995 satagunt.

2028 2011 2185 2064 Vens.
2249 2014 2439 2066 33-36.
2483 2042 2551 2050 —
2612 2013 2736 2065 Non
2768 2013 3082 2069 comedam.
3120 2035 3147 2061 ››
3194 2013 3335 2078 Quia
3388 2020 3521 2070 sunt
3559 2017 3657 2088 qui

1955 2097 2218 2153 doctores
2259 2116 2323 2153 ex
2380 2102 2791 2171 temporalibus
2843 2102 3144 2173 stipendiis
3184 2104 3433 2159 retinere
3476 2107 3659 2176 parati

1956 2191 2089 2240 sunt
2120 2203 2133 2241 :
2159 2188 2252 2241 sed
2286 2188 2368 2242 illi
2409 2189 2518 2243 nisi
2551 2189 2710 2259 prius
2765 2189 3063 2244 obtineant
3116 2196 3352 2257 aeterna,
3408 2192 3658 2264 recipere

1956 2276 2178 2330 nolunt.
2206 2276 2262 2331 Si
2294 2278 2449 2331 enim
2482 2278 2540 2331 in
2573 2278 2874 2332 animabus
2905 2279 3152 2333 fructum
3187 2295 3301 2333 non
3334 2281 3656 2349 inveniunt,

1957 2379 2181 2418 sumere
2211 2365 2497 2437 stipendia
2527 2367 2867 2438 corporibus
2889 2374 3269 2422 contemnunt
3294 2388 3308 2435 ;
3338 2370 3512 2440 pedes
3541 2387 3657 2425 non

1955 2450 2165 2520 lavant,
2191 2454 2327 2525 quia
2355 2453 2563 2508 laboris
2607 2454 2886 2510 desideria
2933 2456 3091 2510 nulla
3146 2458 3534 2512 consolatione
3566 2475 3660 2513 re-

1957 2541 2165 2595 levant.

2028 2630 2189 2683 Vsus.
2249 2632 2429 2685 37-“.
2479 2660 2547 2671 —
2583 2653 2606 2680 ι
2654 2632 2718 2686 Et
2766 2630 3065 2700 adjuravit,
3134 2654 3153 2677 ιι
3190 2637 3295 2686 etc.
3354 2634 3516 2697 (Anu.
3566 2635 3662 2687 ubi

1957 2719 2168 2786 supra.)
2197 2718 2490 2773 Sententia
2542 2724 2626 2774 est
2671 2720 2893 2787 eadem,
2943 2720 3113 2773 verba
3154 2736 3271 2773 non
3303 2722 3519 2787 omnia,
3571 2723 3659 2776 vel

1962 2805 2105 2876 ipsa,
2139 2805 2224 2858 vel
2256 2804 2334 2858 ita
2358 2805 2507 2859 dicta
2540 2811 2703 2872 sunt;
2740 2807 2891 2877 quod
2923 2811 3156 2877 propter
3186 2824 3283 2861 eos
3329 2807 3657 2875 dicendum,

1958 2893 2057 2965 qui
2078 2894 2457 2963 evangelistas
2477 2894 2907 2948 calumniantur
2923 2896 3076 2966 quod
3094 2896 3148 2949 in
3169 2895 3454 2967 aliquibus
3474 2897 3661 2951 verbis

1964 2999 2075 3035 non
2100 2982 2337 3036 omnino
2369 2982 2743 3043 conveniunt.
2777 3000 2906 3036 cum
2932 2999 3019 3036 res
3052 2986 3402 3039 etsententia
3422 2987 3659 3053 eadem;

1964 3070 2113 3127 hunc
2172 3070 2325 3124 enim
2382 3072 2593 3125 librum
2646 3087 2792 3127 unus
2824 3072 3070 3143 scripsit,
3101 3073 3199 3143 qui
3232 3090 3297 3127 ea
3328 3090 3457 3145 quia
3489 3092 3661 3147 supra

1966 3160 2125 3226 dixit,
2177 3174 2305 3213 cum
2363 3160 2661 3213 mandaret
2689 3160 2998 3225 Abraham,
3050 3163 3133 3215 vel
3177 3161 3399 3234 reliqua
3450 3180 3663 3234 ponere

1966 3248 2175 3319 potuit,
2203 3247 2250 3301 si
2280 3247 2348 3302 ad
2405 3264 2525 3301 rem
2579 3248 2864 3318 pertinere
2913 3247 3238 3318 judicaret:
3295 3265 3425 3303 cum
3458 3250 3665 3304 veritas

1968 3334 2310 3388 narrationis
2351 3352 2465 3389 non
2513 3336 2707 3406 exigit,
2745 3335 2851 3389 nisi
2901 3341 2964 3390 ut
2995 3352 3186 3390 rerum
3225 3336 3667 3392 sententiarum-

1969 3439 2079 3493 que
2109 3423 2317 3477 veritas
2365 3425 2458 3490 sit,
2510 3424 2718 3495 quibus
2753 3424 3016 3478 voluntas
3045 3423 3304 3496 (propter
3329 3441 3501 3497 quam
3532 3426 3662 3481 inti-

1972 3511 2237 3565 mandam
2260 3511 2430 3565 verba
2452 3512 2623 3582 ﬁunt)
2658 3511 2791 3566 satis
2820 3518 3111 3583 appareat.

2041 3601 2212 3654 Vens.
2245 3602 2434 3655 42-52.
2470 3632 2537 3640 —
2573 3623 2594 3650 ι
2622 3600 2758 3656 Veni
2792 3617 2927 3672 ergo
2949 3600 3138 3667 hodie,
3166 3622 3192 3652 u
3224 3606 3329 3656 etc.
3365 3602 3664 3672 (Ηιειιοκ.)

1971 3688 2031 3741 In
2080 3688 2317 3742 Hebraeo
2377 3689 2650 3760 scriptum
2686 3694 2791 3756 est,
2852 3694 2984 3755 etc.,
3042 3705 3212 3758 usque
3250 3690 3325 3744 ad
3369 3692 3673 3746 ostendant

1972 3776 2147 3846 igitur
2168 3776 2349 3831 Judmi
2373 3776 2582 3832 alicubi
2610 3778 2859 3847 positum
2882 3778 3044 3842 alma,
3072 3776 3171 3832 ubi
3193 3778 3669 3835 adolescentulam

1973 3871 2029 3919 et
2055 3881 2165 3918 non
2201 3864 2485 3934 virginem
2507 3873 2687 3917 sonet.

2045 3954 2201 4007 Vsus.
2244 3955 2433 4007 53-58.
2474 3982 2542 3992 —
2603 3972 2628 4003 α
2690 3952 3061 4023 Prolatisque,
3114 3972 3141 4003 ι)
3201 3958 3306 4007 etc.
3342 3956 3536 4021 (Gneo.
3578 3958 3676 4012 ubi

1974 4044 2190 4110 supra.)
2224 4042 2531 4112 Postquam
2551 4040 2803 4110 conjugii
2828 4057 3054 4095 causam
3077 4057 3221 4111 puer
3245 4042 3512 4112 obtinuit,
3539 4053 3623 4101 etc
3656 4090 3669 4113 ,

1976 4144 2145 4198 usque
2172 4129 2246 4182 ad
2279 4150 2301 4177 ι
2340 4128 2505 4182 Dedit
2536 4144 2596 4181 ea
2628 4128 2913 4183 Rebeccaz.
2947 4150 2973 4177 ››
3014 4129 3260 4183 Rebecca
3288 4147 3405 4185 non
3434 4139 3672 4189 ornatur

1977 4233 2117 4284 auro
2149 4216 2456 4281 Batliuelis,
2495 4216 2630 4287 quia
2670 4232 2785 4270 non
2815 4220 2947 4270 sunt
2972 4216 3147 4287 digna
3173 4224 3510 4275 ornamenta
3539 4220 3670 4275 bar-

1976 4304 2095 4357 bari
2152 4310 2207 4358 et
2265 4303 2532 4376 imperiti.
2595 4305 2671 4359 De
2724 4304 2896 4358 domo
2941 4304 3185 4360 Abrahae
3234 4307 3438 4379 accipit
3503 4324 3670 4363 orna-

1977 4397 2189 4460 menta,
2220 4392 2355 4465 quia
2378 4393 2656 4464 patientia
2686 4393 2755 4448 de
2782 4392 2957 4448 domo
2989 4394 3287 4466 sapientim
3332 4401 3607 4464 ornatur;
3640 4413 3671 4451 a

1974 4498 2155 4552 puero
2175 4481 2415 4537 Abrahae
2446 4481 2680 4553 suscipit
2708 4481 2960 4548 inaures,
3010 4482 3067 4538 id
3118 4490 3223 4551 est,
3268 4501 3439 4539 aurea
3468 4486 3526 4540 in
3570 4502 3669 4540 au-

1974 4570 2133 4624 ribus
2162 4571 2335 4624 verba
2364 4587 2378 4637 ;
2442 4574 2498 4625 et
2526 4570 2820 4633 brachilia,
2854 4571 2911 4625 id
2962 4576 3047 4626 est
3078 4588 3251 4626 aurea
3303 4572 3361 4627 in
3410 4574 3671 4627 manibus

1976 4674 2170 4729 opera,
2210 4664 2268 4713 et
2303 4659 2415 4714 alia
2462 4663 2830 4726 ornamenta;
2864 4660 3074 4731 quibus
3104 4660 3425 4730 ﬁgurantur
3454 4661 3674 4716 diversa

1976 4750 2249 4803 virtutum
2282 4764 2513 4819 genera.

2047 4838 2208 4893 Vsus.
2243 4840 2430 4893 59—60.
2467 4869 2535 4877 —
2564 4859 2584 4886 ι
2645 4839 2709 4892 Et
2745 4836 3024 4892 nutricem
3059 4836 3230 4892 illius.
3267 4858 3295 4885 ι)
3357 4838 3669 4893 Honestum

1978 4930 2099 4981 erat
2140 4929 2205 4980 ut
2241 4926 2312 4980 ad
2362 4925 2593 4998 nuptias
2644 4925 2856 4997 absque
2887 4924 3227 4997 parentibus
3265 4924 3426 4996 virgo
3454 4926 3675 4997 proﬁci-

1977 5030 2157 5083 scens,
2189 5015 2424 5069 nutricis
2454 5014 2653 5069 solatio
2686 5015 2988 5069 foveretur.

2052 5103 2213 5157 Vsus.
2248 5106 2335 5158 61.
2366 5134 2427 5144 -
2459 5123 2484 5154 α
2516 5103 2697 5174 Igitur
2726 5102 3002 5168 Rebecea,
3040 5124 3066 5151 »
3116 5106 3221 5156 etc.
3277 5103 3497 5174 (Caram)
3532 5104 3676 5168 Quia

1980 5190 2226 5245 Ecclesia
2268 5191 2442 5245 habet
2493 5206 2683 5245 secum
2739 5189 2980 5244 minoris
3037 5189 3227 5245 meriti
3258 5191 3492 5257 animas,
3546 5209 3674 5264 quae

1982 5279 2167 5349 ipsam
2226 5279 2485 5333 moribus
2534 5283 2897 5349 sequuntur:
2942 5279 3038 5334 sed
3071 5279 3139 5334 ad
3180 5280 3677 5351 contemplationis

1983 5368 2215 5422 thorum
2242 5383 2358 5421 non
2393 5366 2809 5437 provehantur.
2870 5368 3088 5422 Pueros
3131 5384 3363 5439 quoque
3400 5370 3674 5440 quosdam

1985 5454 2184 5509 habuit
2210 5454 2269 5509 in
2298 5454 2595 5521 comitatu,
2634 5452 2769 5524 quia
2816 5471 2945 5511 cum
2975 5456 3274 5527 prophetis
3317 5457 3547 5511 fuerunt
3578 5458 3676 5528 qui

1983 5543 2129 5598 bene
2151 5541 2564 5615 viverent.:etsi
2584 5543 2900 5614 prophetiae
2924 5543 3186 5617 spiritum
3215 5560 3332 5600 non
3358 5545 3637 5601 haberent
3661 5562 3675 5603 :
