4064 6186
366 342 464 396 143

963 343 1358 398 WALAFRIDI
1397 343 1644 399 STRABI
1688 305 1883 400 FULD.
1929 345 2087 399 MON.
2141 344 2298 400 OPP.
2345 344 2518 399 PARS
2565 345 2608 399 Ι.
2651 373 2720 380 --
2758 342 3211 399 Tl-lEOLOGICA.

3756 343 3855 396 144

362 466 418 517 et
442 479 570 517 cum
594 462 866 534 apostolis
894 466 948 516 et
975 463 1323 528 doctoribus,
1375 462 1472 533 qui
1521 463 1694 516 vitam
1746 480 1945 517 eorum
1976 469 2054 517 te-
2095 464 2141 518 A
2245 465 2404 518 Vsus.
2442 468 2530 518 67.
2567 494 2634 504 —
2675 483 2704 514 α
2735 463 2841 528 Qui
2883 463 3203 517 introduxit
3262 477 3411 530 eam,
3444 481 3472 514 υ
3530 467 3638 517 etc.
3672 461 3864 532 (Gaza.

362 555 585 617 nerent,
628 556 684 605 et
713 555 906 604 tamen
941 567 1053 604 non
1083 551 1478 622 pradicarent.

434 660 462 688 «
494 640 600 703 Qui
631 639 886 702 festinus,
919 659 945 689 η
1000 644 1104 692 etc.
1167 638 1426 694 Festinus
1455 655 1600 708 puer
1655 639 1723 693 ad
1757 639 2055 694 dominum

364 728 530 793 redit,
566 729 702 798 quia
727 727 1130 798 pradicatores
1163 742 1292 780 cum
1343 727 1668 781 auditorum
1701 729 1872 782 vitam
1904 730 2058 782 obti-

365 820 524 882 nent,
561 817 696 885 Deo,
729 816 799 870 de
832 817 996 886 cujus
1050 831 1290 869 munere
1335 815 1445 869 hoc
1500 814 1730 882 habent,
1776 815 1892 874 non
1951 817 2059 871 sibi

363 905 640 975 prabent.
1566 906 1568 908 ’

435 994 598 1046 Vnus.
656 994 740 1046 62.
800 1022 868 1032 —
931 1012 956 1042 «
1018 993 1094 1046 Eo
1151 996 1408 1062 tempore
1462 992 1700 1056 Isaac,»
1735 997 1838 1047 etc.
1866 994 2053 1063 (Gneo.

362 1082 458 1134 ubi
484 1095 654 1149 supra
680 1078 696 1149 )
730 1079 931 1132 Vivens
954 1085 1010 1133 et
1038 1079 1236 1133 videns
1277 1079 1551 1134 Dominus
1581 1085 1684 1147 est,
1720 1087 1849 1147 etc.,
1890 1098 2060 1151 usque

365 1168 440 1222 ad
471 1168 635 1221 modo
661 1167 919 1238 spineam
965 1183 1257 1231 coronam,
1310 1167 1480 1221 modo
1513 1184 1736 1222 crucem
1770 1168 2054 1223 sustinuit.

439 1279 460 1305 σ
518 1256 833 1322 llabitabat,
887 1275 913 1306 ν
956 1260 1062 1309 etc.
1118 1258 1400 1325 (PATERIUS
1461 1259 1520 1310 in
1587 1251 1713 1311 Gen.
1771 1273 1840 1310 ex
1894 1257 2058 1311 dictis

365 1344 555 1414 Greg.)
614 1345 788 1412 Isaac,
840 1343 1094 1398 Rebecca
1144 1343 1428 1409 veniente,
1462 1343 1754 1398 habitabat
1801 1343 1858 1397 in
1907 1349 2057 1398 terra

363 1431 614 1498 australi,
647 1431 802 1503 tquia
849 1432 1124 1496 Christus,
1161 1432 1423 1486 veniente
1475 1433 1542 1486 ad
1577 1449 1634 1485 se
1690 1432 1951 1500 Ecclesia,
1997 1432 2057 1486 in

363 1521 595 1574 illorum
627 1519 917 1574 mentibus
947 1520 1161 1574 mansit
1207 1537 1350 1591 quos
1380 1536 1498 1574 non
1558 1520 1814 1591 corporis
1851 1520 2053 1589 frigus,

366 1607 461 1662 sed
496 1608 685 1662 fervor
709 1607 997 1661 charitatis
1046 1608 1276 1662 tenuit:
1327 1609 1510 1679 qualis
1566 1614 1688 1662 erat
1733 1612 1912 1676 Anna,
1963 1610 2056 1664 Si-

364 1711 556 1762 meon,
593 1701 650 1749 et
675 1694 854 1766 aliqui
879 1696 947 1749 de
979 1696 1194 1766 populo
1224 1697 1572 1750 Judaorum.

436 1783 597 1838 Vens.
631 1787 713 1838 63.
749 1813 818 1822 —
876 1802 901 1834 α
962 1784 1024 1837 Et
1070 1799 1330 1854 egressus
1368 1784 1578 1849 fuerat,
1627 1805 1646 1832 ι
1685 1787 1791 1838 etc.
1844 1784 2054 1854 (Iliam)

363 1872 474 1926 Per
503 1877 714 1926 terram
745 1872 1070 1936 australem,
1107 1873 1373 1927 Geraram
1427 1872 1726 1942 signiﬁcat,
1780 1873 1931 1926 unde
1985 1873 2052 1927 ad

363 1960 779 2014 immolandum
810 1959 1093 2014 adductus
1122 1960 1324 2014 fuerat.
1367 1961 1632 2030 Egressus
1664 1966 1768 2027 est,
1800 1966 1860 2014 ut
1888 1977 2054 2015 exer—

363 2053 586 2102 ceretur
612 2047 670 2101 in
703 2064 925 2118 campo.
956 2049 1019 2103 In
1054 2048 1288 2102 Hebrao
1313 2048 1520 2119 legitur
1549 2065 1562 2102 :
1612 2067 1638 2098 α
1674 2049 1941 2118 Egressus
1971 2054 2055 2103 est

361 2135 535 2202 Isaac,
594 2140 659 2190 ut
704 2136 1036 2206 loqueretur
1086 2135 1148 2188 in
1197 2151 1420 2205 agrum,
1476 2136 1750 2190 inclinata
1792 2137 1909 2206 jam
1958 2153 2052 2192 ve-

363 2240 564 2294 spera;
601 2243 627 2275 »
657 2223 751 2278 ubi
783 2223 1137 2296 signiﬁcatur
1165 2223 1312 2294 quod
1346 2224 1620 2278 Dominus
1675 2224 1828 2277 solus
1859 2224 2054 2278 orabat

361 2313 422 2366 in
455 2317 668 2379 monte,
697 2318 755 2368 et
783 2314 955 2379 Isaac,
1000 2312 1097 2382 qui
1131 2317 1298 2382 typus
1330 2311 1556 2365 Domini
1577 2311 1704 2379 fuit,
1736 2311 1803 2366 ad
1839 2312 2052 2367 oratio-

359 2417 492 2456 nem
548 2402 711 2474 quasi
764 2402 950 2455 virum
1000 2402 1220 2471 justum
1263 2417 1294 2454 a
1350 2400 1521 2455 domo
1551 2416 1844 2471 egressum
1902 2417 2052 2455 nona

359 2490 521 2558 hora,
563 2491 651 2544 vel
699 2495 831 2544 ante
879 2489 1014 2543 solis
1055 2476 1354 2554 occasum,
1415 2489 1738 2560 spirituales
1797 2488 2054 2544 victimas

359 2578 474 2630 Deo
506 2576 801 2631 obtulisse.

430 2665 621 2731 (Gage.
646 2666 741 2719 ubi
776 2663 989 2735 supra.)
1040 2667 1190 2735 Ager
1216 2665 1462 2719 mundus
1492 2669 1596 2728 est,
1628 2681 1740 2736 quo
1794 2666 2052 2721 Christus

358 2765 619 2821 egressus
643 2757 744 2818 est,
776 2752 910 2822 quia
953 2752 1252 2806 visibiliter
1278 2769 1554 2824 apparere
1580 2753 1844 2824 dignatus
1874 2759 1976 2810 est.

431 2842 587 2896 Unde
621 2842 826 2896 llabac.
857 2856 920 2895 ιιι
957 2857 970 2894 :
1018 2860 1045 2892 «
1090 2842 1356 2912 Egressus
1400 2859 1459 2895 es
1489 2840 1547 2896 in
1579 2835 1820 2897 salutem
1850 2842 2053 2915 populi

358 2928 464 2983 tui.
498 2951 525 2978 »
557 2929 712 2982 Isaac
741 2929 806 2983 ad
841 2929 1230 2983 meditandum
1264 2929 1323 2984 in
1355 2946 1491 3000 agro
1522 2929 1678 2998 exiit,
1713 2932 1850 3001 quia
1888 2932 2048 2987 Chri-

2167 557 2227 605 ut
2255 552 2468 622 supra.)
2504 553 2656 606 Hanc
2686 552 2838 605 Isaac
2865 551 2922 605 in
2952 551 3319 605 tabernaculo
3367 550 3567 604 matris
3616 567 3734 605 sua
3774 551 3863 605 in-

2167 643 2439 706 troduxit,
2465 647 2519 694 et
2557 658 2788 696 uxorem
2837 641 3072 711 accepit,
3107 641 3243 712 quia
3273 641 3331 694 in
3367 641 3484 698 loco
3520 641 3866 711 Synagoga,

2168 728 2238 783 de
2269 745 2383 800 qua
2414 733 2578 782 natus
2607 733 2692 781 est
2714 728 2987 794 Christus,
3023 727 3327 782 Ecclesium
3357 727 3546 798 diligit
3579 742 3591 783 :
3626 733 3691 781 ut
3730 744 3862 798 qua

2166 817 2525 887 cognatione,
2566 816 2738 870 idest
2785 815 3307 887 pradastinatione,
3351 815 3612 886 proxima
3650 816 3858 883 fuerat,

2166 921 2363 961 amore
2388 906 2694 974 conjuncta
2714 921 2857 958 uxor
2886 904 3005 957 fiat.

2239 995 2354 1048 «Et
2398 993 2684 1048 intentum
2734 993 2934 1047 dilexit
3011 1007 3158 1058 eam,
3227 997 3330 1046 etc.
3391 991 3590 1061 (Gneo.
3655 997 3716 1046 ut
3771 1008 3860 1048 su-

2163 1082 2313 1153 pra.)
2347 1082 2489 1147 Quia
2540 1098 2604 1135 ex
2658 1083 2812 1134 lucro
2857 1080 3115 1135 Ecclesia
3172 1080 3426 1134 Christus
3464 1079 3755 1134 tristitiam
3787 1097 3856 1134 ex

2165 1170 2484 1241 perditione
2548 1156 2863 1240 Syhagoga
2921 1168 3173 1234 detersit,
3229 1168 3364 1239 quia
3423 1167 3561 1222 dum
3608 1167 3860 1222 Ecclesia

2166 1275 2229 1311 ex
2261 1258 2577 1330 gentilitate
2633 1258 2867 1312 veniens
2926 1273 3105 1328 usque
3153 1257 3218 1311 ad
3252 1258 3484 1310 thorum
3509 1259 3856 1325 contempla-

2165 1346 2336 1400 tionis
2393 1345 2740 1416 perducitur,
2788 1345 2986 1402 Judaa
3043 1361 3146 1416 pro
3209 1344 3388 1398 nihilo
3433 1343 3675 1398 habetur
3705 1345 3862 1399 Isaac

2166 1451 2395 1505 quoque
2427 1438 2594 1499 risus,
2628 1434 2876 1488 Rebecca
2922 1450 3055 1488 vero
3096 1435 3369 1503 patientia
3422 1432 3629 1487 dicitur
3661 1450 3674 1487 :
3710 1433 3860 1487 risus

2162 1539 2295 1577 vero
2327 1539 2394 1577 ex
2425 1523 2640 1587 latitia,
2691 1522 2966 1592 patientia
3005 1537 3072 1576 ex
3114 1521 3511 1576 tribulatione.
3557 1522 3622 1575 Et
3650 1538 3858 1592 quam-

2163 1611 2248 1664 vis
2279 1611 2516 1666 Ecclesia
2543 1611 2662 1680 jam
2720 1611 2793 1665 sit
2836 1610 3078 1664 calestis
3123 1609 3317 1680 gaudii
3369 1609 3860 1678 contemplatione

2167 1715 2459 1770 suspensa,
2492 1699 2662 1753 habet
2691 1703 2879 1752 tamen
2909 1699 2966 1752 in
2997 1714 3054 1751 se
3087 1699 3240 1769 quod
3272 1697 3340 1751 de
3372 1697 3556 1752 carnis
3601 1697 3858 1767 pondere

2169 1789 2378 1842 doleat.
2413 1789 2566 1842 Isaac
2594 1804 2727 1842 vero
2750 1794 2806 1841 et
2829 1787 3080 1842 Rebecca
3105 1787 3452 1857 junguntur,
3484 1785 3543 1840 id
3575 1791 3678 1852 est,
3712 1786 3860 1839 risus

2167 1881 2224 1932 et
2251 1876 2546 1948 patientia,
2595 1877 2908 1930 secundum
2942 1875 3081 1929 illud
3115 1876 3279 1930 Rom.
3330 1891 3405 1928 xu
3442 1890 3454 1928 :
3493 1895 3520 1921 «
3550 1874 3658 1945 Spe
3716 1889 3858 1944 gau-

2166 1965 2382 2029 dentes,
2417 1964 2475 2018 in
2525 1963 2895 2018 tribulatione
2950 1963 3301 2033 patientes,»
3357 1967 3424 2014 ut
3453 1977 3723 2032 prospera
3767 1961 3857 2016 la-

2163 2053 2382 2108 tiﬁcent
2428 2053 2498 2107 de
2527 2051 3033 2123 contemplatione,
3100 2049 3335 2104 adversa
3382 2049 3451 2104 de
3485 2049 3856 2104 tribulatione

2163 2141 2518 2213 perturbent.

2797 2267 3022 2322 CAPUT
3067 2267 3215 2322 XXV.

2233 2395 2399 2450 Vsus.
2431 2396 2480 2458 l,
2507 2395 2559 2447 2.
2584 2422 2653 2434 —
2685 2411 2712 2443 ι(
2759 2392 3047 2447 Abraham
3081 2407 3215 2446 vero
3267 2391 3440 2446 aliam
3489 2392 3653 2446 duxit
3709 2408 3854 2446 uxo-

2165 2499 2428 2545 «rem,»
2486 2487 2591 2536 etc.
2631 2481 2806 2552 (1511).)
2853 2482 3174 2548 Allegorice.
3235 2481 3449 2535 Mortua
3497 2479 3632 2534 Sara
3693 2479 3858 2534 duxit

2159 2571 2448 2625 Abraham
2493 2570 2777 2624 Ceturam.
2836 2569 2962 2623 Non
3039 2573 3278 2640 propter
3348 2568 3853 2636 incontinentiam,

2161 2659 2295 2732 quia
2319 2659 2438 2729 jam
2483 2657 2824 2728 grandavus
2859 2674 2872 2712 :
2909 2673 3011 2711 nec
3070 2663 3305 2728 propter
3360 2658 3608 2711 filiorum
3643 2673 3853 2728 procu-

2160 2748 2460 2808 rationem,
2491 2747 2626 2818 quia
2655 2747 2736 2800 illi
2767 2763 2961 2800 semen
3011 2748 3173 2818 quasi
3203 2745 3380 2800 stella
3421 2745 3548 2800 cali
3604 2762 3666 2799 ex
3702 2747 3858 2799 Isaac

2160 2836 2506 2905 promissum
2554 2840 2690 2889 erat.
2749 2835 2860 2890 Sed
2893 2835 3038 2889 sicut
3092 2837 3242 2906 Agar
3284 2842 3340 2888 et
3384 2834 3590 2889 Ismael
3646 2833 3858 2904 ﬁgura-

2158 2929 2362 2978 verunt
2416 2924 2667 2977 carnales
2705 2923 2924 2978 Veteris
2980 2923 3348 2988 Testamenti,
3410 2923 3489 2975 sic
3545 2923 3747 2977 Cetura
3798 2926 3858 2976 et

352 3021 473 3070 stus
503 3016 743 3072 formam
773 3017 1114 3072 humilitatis
1147 3020 1428 3088 prabens,
1464 3019 1795 3073 exercitium
1843 3019 2043 3091 longa-
2081 3020 2124 3076 C
2164 3013 2267 3067 ﬁlii
2296 3016 2418 3083 ejus
2472 3013 2789 3079 hiﬁreticos.
2819 3013 2918 3083 qui
2950 3028 3008 3065 50
3061 3012 3130 3066 ad
3177 3013 3603 3066 Testamentum
3635 3013 3856 3065 Νονιιω

353 3105 652 3173 nimitatis,
697 3106 998 3176 passionis,
1039 3111 1095 3160 et
1124 3107 1414 3178 patientia
1446 3109 1705 3178 exempla
1762 3114 2046 3164 monstra-

354 3194 452 3259 vit,
486 3194 626 3248 sicut
659 3196 842 3248 solent
867 3195 1104 3264 juvenes
1123 3195 1415 3249 exercitati
1449 3212 1738 3251 armorum
1791 3213 1898 3252 usu
1925 3214 2046 3252 me-

353 3281 541 3337 ditari.
589 3285 893 3336 Armorum
938 3282 1235 3337 meditatio
1287 3287 1371 3337 est
1421 3284 1698 3353 passionis
1727 3285 2048 3356 frequenta-

354 3370 453 3423 tio.
497 3369 604 3434 Qui
633 3370 784 3424 enim
836 3371 1094 3437 verbera,
1149 3375 1338 3441 sputa,
1395 3371 1651 3426 lanceam
1704 3388 2046 3444 crucemque

353 3459 609 3527 pertulit,
641 3457 964 3527 passionem
995 3474 1176 3529 usque
1206 3458 1274 3512 ad
1308 3464 1553 3513 mortem
1585 3459 1644 3513 in
1683 3475 1740 3514 se
1771 3461 2047 3532 frequen-

352 3545 460 3599 tari
488 3546 768 3617 permisit.
824 3546 1120 3600 Passiones
1167 3563 1325 3601 arma
1355 3547 1618 3617 dicimus,
1654 3549 1788 3620 quia
1819 3566 1923 3620 per
1960 3549 2046 3621 ip-

352 3649 443 3687 sas
463 3633 532 3688 ab
561 3633 898 3690 adversariis
949 3634 1294 3703 liberamur;
1338 3636 1489 3690 unde
1539 3637 1670 3691 Luc.
1721 3654 1855 3692 xxx:
1905 3657 1932 3690 «ι
1983 3640 2043 3693 In

351 3723 627 3796 patientia
648 3729 835 3777 vestra
861 3723 1228 3794 possidebitis
1268 3724 1490 3778 animas
1515 3731 1750 3780 vestras.
1778 3745 1804 3777 »

427 3828 453 3858 (ι
514 3808 813 3874 lnclinata,
858 3830 884 3856 ››
965 3813 1070 3862 etc.
1144 3807 1284 3872 Quia
1371 3809 1702 3880 passionum
1781 3809 2048 3864 exercitia

343 3896 507 3966 juxta
524 3897 697 3951 ﬁnem
726 3896 929 3950 mundi
960 3897 1235 3967 suscepit;
1267 3897 1420 3952 unde
1448 3898 1588 3968 psal.
1624 3915 1722 3952 cxr.
1753 3914 1765 3952 :
1791 3921 1817 3949 ››
1853 3900 2044 3954 Eleva-

349 3987 429 4040 tio
455 4001 730 4040 manuum
762 4001 1023 4040 mearum
1067 3986 1405 4041 sacriﬁcium
1429 3988 1810 4059 vespertinum
1874 4011 1902 4037 ››

417 4074 580 4129 Vsus.
617 4077 704 4128 64.
744 4103 812 4116 —
843 4097 864 4124 ι
913 4074 1207 4129 Descendit
1227 4074 1296 4129 de
1322 4076 1559 4142 camelo,
1598 4095 1624 4129 ››
1685 4083 1788 4131 etc.
1825 4078 2040 4147 (Gai-20..

348 4163 448 4218 lib.
493 4175 528 4231 r,
581 4164 800 4224 Moral.,
833 4178 880 4217 c.
929 4163 1039 4232 14.)
1094 4163 1348 4218 Rebecca
1394 4165 1464 4218 ad
1514 4166 1667 4219 Isaac
1721 4166 1781 4219 in
1825 4167 2042 4220 camelo

345 4251 663 4319 deducitur,
698 4258 827 4318 etc.,
860 4267 1028 4320 usque
1057 4252 1132 4306 ad
1161 4268 1334 4323 super
1380 4257 1635 4307 tortuosa
1691 4256 2036 4310 camelorum

347 4339 515 4396 dorsa
545 4339 770 4394 divitias
801 4345 1049 4409 portant.

416 4429 576 4482 Vsus.
633 4428 721 4492 65,
769 4429 856 4480 66.
908 4457 975 4465 —
1019 4445 1047 4476 ι(
1109 4427 1245 4491 Quis
1297 4431 1383 4481 est
1455 4427 1548 4481 ille
1599 4427 1795 4495 homo,
1848 4447 1876 4480 η
1934 4435 2039 4485 etc.

347 4515 538 4583 (Gneo.
579 4512 731 4582 apud
767 4513 1089 4580 Paterium.)
1122 4513 1374 4567 Rebecca
1403 4513 1522 4567 viso
1569 4515 1738 4582 Isaac,
1769 4515 1898 4586 quis
1948 4515 2040 4582 sit,

345 4601 620 4673 requisito
650 4617 853 4672 puero,
911 4601 1238 4670 cognoscit:
1290 4601 1424 4671 quia
1472 4602 1713 4656 Ecclesia
1759 4620 1864 4673 per
1918 4621 2044 4676 pro-

345 4691 645 4762 phetarum
689 4694 743 4744 et
775 4689 1167 4759 apostolorum
1201 4688 1368 4753 dicta,
1407 4690 1544 4760 quid
1581 4690 1648 4743 de
1682 4690 1898 4745 Christo
1930 4708 2044 4746 cre-

345 4779 479 4833 dere
509 4777 734 4845 debeat,
770 4777 1061 4848 intelligit.
1103 4776 1241 4841 Qua
1273 4794 1330 4831 se
1363 4795 1496 4831 mox
1520 4778 1694 4849 pallio
1726 4780 2041 4850 cooperuit,

346 4867 481 4938 quia
503 4871 717 4938 quanto
748 4867 955 4921 Christi
1001 4866 1271 4936 mysteria
1327 4872 1606 4938 penetrat,
1641 4873 1798 4922 tanto
1839 4868 1908 4922 de
1941 4885 2044 4924 an-

343 4959 529 5009 teacta
558 4955 672 5008 vita
704 4954 1096 5009 confunditur.
1138 4954 1701 5010 Undeinﬁrmitatem
1726 4972 1884 5010 suam
1927 4957 2044 5028 pal-

342 5042 421 5097 lio
454 5043 681 5113 operire
737 5043 982 5110 nititur;
1027 5048 1080 5097 et
1115 5059 1243 5114 qua
1287 5044 1446 5114 prius
1492 5042 1550 5096 in
1601 5044 1818 5097 camelo
1863 5045 2038 5100 libere

341 5133 610 5198 gestetur,
655 5129 1008 5184 descendens
1061 5130 1404 5185 verecundia
1458 5131 1694 5202 tegitur,
1749 5131 1840 5185 cui
1872 5136 2037 5203 quasi

339 5217 715 5272 verecundius
743 5219 989 5274 dicitur:
1049 5219 1228 5284 Quem
1286 5220 1438 5274 enim
1479 5220 1727 5274 fructum
1786 5219 2037 5276 habuisti

339 5312 472 5361 tunc
493 5305 550 5360 in
581 5305 692 5360 illis
729 5306 790 5360 in
820 5308 1026 5377 quibus
1069 5325 1220 5362 nunc
1249 5309 1573 5363 erubescis?

413 5416 440 5447 (ι
490 5400 561 5450 At
614 5396 730 5462 illa,
791 5417 818 5445 »
878 5401 981 5450 etc.
1049 5395 1324 5468 (HIERON.)
1373 5398 1500 5452 Alia
1551 5397 1744 5466 editio,
1808 5419 1835 5446 ε
1907 5397 2034 5452 teri-

2158 3102 2487 3156 existimant
2534 3101 2847 3172 pertinere.
2889 3100 2995 3156 Sed
3042 3105 3282 3171 utraque
3337 3100 3674 3165 concubina,
3733 3101 3855 3153 sola

2155 3191 2292 3245 Sara
2344 3206 2509 3257 uxor;
2569 3190 2720 3243 unde
2773 3189 2932 3244 Cant.
2985 3205 3038 3243 v1
3095 3205 3108 3243 :
3185 3209 3211 3237 «
3269 3188 3388 3243 Una
3455 3193 3540 3242 est
3583 3188 3855 3243 columba

2158 3293 2304 3343 mea,
2335 3298 2362 3325 ι)
2398 3284 2503 3331 etc.

2227 3366 2545 3432 Allcgorice.
2606 3365 2733 3418 Post
2780 3363 3230 3434 assumptionem
3273 3363 3530 3418 Ecclesia
3598 3363 3857 3418 adhase-

2155 3458 2291 3507 runt
2341 3454 2562 3508 Christo
2596 3455 2790 3507 multa
2847 3453 3054 3507 anima
3097 3452 3363 3524 haretica
3393 3452 3668 3523 pravitate
3697 3454 3853 3507 dece-

2154 3547 2291 3613 pta,
2341 3559 2469 3613 qua
2509 3558 2624 3595 non
2679 3541 3008 3606 catholicos,
3072 3541 3164 3595 sed
3213 3541 3597 3595 schismaticos
3648 3557 3855 3612 genue-

2153 3638 2310 3697 runt,
2344 3632 2443 3702 qui
2476 3631 2755 3684 uuitatem
2809 3631 3066 3685 Ecclesia
3094 3630 3408 3685 diviserunt
3435 3646 3448 3684 :
3504 3645 3647 3701 quos
3677 3630 3854 3700 signi-

2154 3721 2326 3775 ﬁcant
2351 3721 2710 3785 tiliiCetura,
2744 3720 2842 3791 qui
2871 3718 3107 3773 inferius
3139 3724 3531 3773 numerantur.

2227 3811 2432 3878 ("ll-311.,
2480 3812 2537 3863 in
2597 3810 2662 3874 Q.
2710 3809 2900 3876 Hebr.)
2941 3810 3165 3874 Cetura,
3231 3807 3522 3877 Hebraice,
3571 3808 3849 3876 copulata,

2153 3905 2283 3965 etc.,
2316 3913 2486 3967 usque
2537 3897 2612 3950 ad
2661 3901 2874 3967 quanto
2919 3896 3074 3949 enim
3105 3895 3233 3966 quis
3279 3901 3364 3950 est
3421 3911 3591 3950 carne
3643 3895 3849 3964 fessus,

2153 3992 2313 4042 tanto
2331 3986 2536 4057 spiritu
2567 3986 2832 4039 robustus
2858 3990 2915 4038 et
2932 3983 3224 4055 sapientia
3244 3983 3632 4054 complexibus
3658 3989 3847 4054 aptus.

2216 4076 2371 4128 Vsus.
2427 4076 2480 4139 3,
2521 4076 2573 4128 4.
2606 4101 2678 4117 -
2737 4094 2763 4121 ι(
2827 4072 2950 4126 Filii
2990 4072 3182 4126 Dadan
3216 4071 3450 4126 fuerunt
3478 4073 3748 4133 Assurim,
3793 4078 3852 4126 et

2155 4187 2182 4212 ‹‹
2217 4163 2532 4227 Lathusim,
2579 4167 2636 4215 et
2675 4160 2950 4214 Laomim.
2981 4163 3052 4214 At
3073 4176 3205 4213 vero
3235 4175 3300 4213 ex
3333 4159 3550 4213 Madian
3585 4165 3742 4213 ortus
3765 4167 3855 4215 est

2154 4271 2179 4302 «
2225 4251 2380 4321 Epha
2404 4255 2461 4304 et
2491 4249 2682 4320 Opher
2710 4254 2764 4302 et
2798 4250 2988 4302 Henoc
3013 4251 3070 4302 et
3095 4247 3295 4302 Abida.
3341 4267 3368 4299 ι)
3425 4246 3641 4318 (Ηιεῐι.)
3671 4253 3853 4303 Assu-

2153 4339 2261 4392 rim
2312 4339 2368 4391 in
2428 4340 2784 4404 negotiatores
2817 4336 3109 4391 transferri
3140 4341 3361 4408 putant,
3395 4343 3498 4390 etc.
3506 4379 3528 4405 ,
3556 4352 3724 4405 usque
3775 4337 3853 4391 ad

2154 4432 2210 4479 et
2270 4443 2301 4478 a
2348 4425 2639 4498 plerisque
2696 4424 2830 4480 ﬁliis
2871 4425 3112 4480 Abraha
3160 4441 3222 4480 ex
3285 4425 3491 4480 Cetura
3548 4429 3852 4495 occupatas

2153 4513 2331 4567 ludia
2354 4513 2636 4582 regiones.
3840 4511 3848 4517 ’

2224 4602 2392 4656 Vens.
2430 4605 2524 4656 5-7
2583 4632 2650 4642 —
2697 4624 2723 4651 ‹‹
2757 4601 3034 4670 Deditque
3090 4601 3458 4665 Abraham,»
3515 4606 3621 4655 etc.
3674 4601 3850 4670 (1510.)

2154 4689 2301 4755 Quia
2351 4690 2558 4744 dantur
2604 4705 2845 4743 munera
2903 4688 3036 4743 ﬁliis
3111 4688 3580 4754 concubinarum,
3650 4689 3704 4743 id
3765 4697 3855 4742 est

2153 4779 2468 4833 carnalium
2501 4794 2514 4844 ;
2548 4777 2645 4831 sed
2679 4793 2795 4831 non
2831 4777 3171 4848 perveniunt
3215 4777 3280 4830 ad
3311 4793 3551 4847 regnum
3600 4779 3852 4847 promis-

2157 4884 2282 4922 sum
2332 4866 2607 4934 haretici,
2656 4866 2741 4919 vel
2788 4865 2989 4931 Judai,
3043 4865 3175 4937 quia
3229 4864 3479 4919 carnalia
3546 4865 3702 4919 lucra
3758 4881 3852 4919 se-

2150 4961 2438 5027 quuntur;
2468 4955 2619 5009 solus
2650 4955 2803 5008 Isaac
2833 4959 2917 5008 est
2945 4953 3147 5020 hares,
3182 4954 3318 5025 quia
3365 4970 3476 5007 non
3527 4953 3630 5008 ﬁlii
3661 4953 3854 5007 carnis

2152 5044 2554 5098 existimantur
2575 5044 2631 5096 in
2668 5043 2905 5108 semine,
2938 5043 3035 5097 sed
3060 5043 3479 5114 promissionis.

2216 5134 2378 5187 Vens.
2417 5134 2572 5186 8-H.
2613 5161 2682 5171 -—
2720 5153 2747 5179 «
2793 5132 2855 5186 Et
2883 5131 3150 5185 deﬁciens
3199 5136 3460 5185 mortuus
3509 5137 3593 5186 est
3649 5131 3711 5184 in
3768 5147 3857 5184 se-

2147 5242 2174 5270 ‹‹
2207 5225 2430 5275 nectute
2453 5221 2623 5284 bona,
2658 5219 3340 5291 provectaqueatatis,et
3361 5220 3564 5289 plenus
3597 5219 3852 5285 dierum,

2147 5331 2174 5358 ‹‹
2204 5315 2698 5380 congregatusque
2728 5314 2813 5362 est
2842 5309 2908 5363 ad
2940 5309 3225 5380 populum
3256 5325 3444 5362 suum.
3488 5310 3555 5363 Et
3605 5309 3856 5379 sepelie-

2145 5422 2172 5447 ‹‹
2207 5403 2343 5453 runt
2387 5414 2542 5466 eum,
2579 5421 2605 5447 ››
2649 5403 2756 5452 etc.
2792 5398 3072 5467 (Ηιειιοκ.)
3113 5399 3262 5452 male
3320 5397 3378 5451 in
3411 5397 3535 5452 LXX
3585 5397 3851 5453 additum

339 5489 542 5554 strum,
578 5485 783 5556 «quod
830 5484 1003 5538 etiam
1035 5500 1187 5538 nunc
1227 5501 1409 5555 genus
1454 5491 1539 5540 est
1585 5485 1809 5540 Arabici
1855 5485 2032 5540 vesti-
2138 5490 2269 5540 est:
2305 5508 2332 5535 ‹‹
2365 5487 2641 5541 Deﬁciens
2689 5491 2946 5541 mortuus
3003 5491 3085 5540 est
3132 5485 3498 5553 Abraham,»
3531 5485 3666 5558 quia
3730 5502 3855 5540 non

339 5573 518 5628 ruenti
550 5590 664 5646 quo
687 5573 954 5629 mulieres
979 5573 1282 5645 provincia
1305 5574 1455 5628 illius
1490 5575 1765 5629 velantur.

2138 5576 2409 5630 convenit
2439 5575 2685 5630 Abralia
2743 5575 2984 5630 deﬁcere
3027 5576 3111 5630 vel
3147 5575 3351 5630 minui.
3409 5575 3555 5629 illud
3615 5591 3857 5647 quoque
