4064 6186
234 252 311 304 ηδ
560 206 563 207 ν
1333 251 1587 307 GLOSSA
1624 253 2033 310 ORDINARIA.
2079 286 2144 296 —-
2187 258 2319 313 LIB.
2361 260 2519 316 GEN.

3579 270 3678 325 146

234 371 371 463 quod
398 368 684 463 posuimus
717 369 849 463 {in
879 373 1169 463 senectute
1202 371 1355 427 bona
1389 389 1559 427 senex
1603 395 1630 423 ››
1673 379 1729 428 et
1757 375 1875 446 ple-
1908 376 1952 428 A
1992 379 2064 433 cti
2101 381 2316 434 orando
2348 382 2621 449 efﬁciunt,
2655 388 2783 449 etc.,
2840 399 3006 454 usque
3061 387 3135 440 ad
3172 390 3217 440 is
3274 388 3448 457 enim,
3482 389 3541 444 in
3569 408 3684 463 quo
3746 432 3749 435 ν

230 461 333 515 nius
359 459 413 513 in
429 458 626 513 Graecis
646 459 938 513 codicibus
978 460 1230 531 ponitur,
1267 484 1288 511 ι
1320 463 1521 533 plenus
1554 464 1813 529 dierum;
1847 484 1873 513 »

230 548 354 621 quod
389 564 511 601 cum
561 563 790 602 sensum
830 549 1092 603 videatur
1121 566 1428 619 exponere,
1462 567 1528 605 eo
1560 552 1709 622 quod
1751 552 1875 606 luce

228 644 269 691 et
313 636 414 691 diei
469 636 734 706 operibus
789 638 991 708 plenus
1037 639 1389 703 occubuerit,
1448 640 1629 710 magis
1685 644 1875 693 tamen

227 726 280 780 ad
306 740 583 793 anagogen
618 724 772 789 facit,
803 724 849 777 si
879 724 1213 795 simpliciter
1242 731 1488 796 ponatur
1518 745 1544 776 α
1578 726 1824 796 plenius.
1849 747 1870 773 ι

284 815 479 877 (Glossa
524 814 755 882 Greca.)
825 814 961 867 Ecce
1016 814 1193 867 Moses
1256 816 1428 868 vitam
1495 814 1719 867 venturi
1773 831 1875 867 sa:-

226 899 317 954 culi
364 898 527 966 novit,
580 914 749 953 nemo
807 900 959 954 enim
1007 901 1095 955 his
1154 902 1251 974 Qui
1303 918 1417 955 non
1471 905 1623 968 sunt,
1667 902 1878 973 apponi

226 993 396 1060 potest.

282 1078 406 1131 Vsus
438 1077 523 1130 13.
561 1106 631 1116 -
689 1096 714 1124 α
774 1078 870 1131 Hm
926 1083 1058 1132 sunt
1122 1078 1542 1149 generationes,
1595 1100 1622 1131 ιο
1673 1084 1777 1134 etc.
1816 1081 1880 1135 Hi

225 1165 392 1237 pepuli
438 1172 563 1219 ante
598 1166 748 1220 ﬁlios
806 1168 956 1220 Isaac
994 1171 1420 1237 computantur,
1453 1167 1550 1238 qui
1605 1184 1733 1222 cum
1766 1168 1881 1223 sint

226 1253 280 1307 de
314 1253 515 1307 semine
566 1254 831 1320 Abrahae,
864 1272 978 1309 non
1007 1260 1202 1309 tamen
1255 1261 1664 1325 computantur
1710 1256 1768 1309 in
1801 1272 1880 1309 se-

226 1343 371 1405 mine,
398 1343 529 1412 quia
562 1342 721 1413 prius
752 1348 835 1398 est
865 1343 1017 1414 quod
1075 1344 1322 1398 animale
1355 1348 1457 1409 est,
1488 1344 1693 1398 deinde
1729 1345 1878 1415 quod

223 1432 494 1503 spirituale.
578 1433 737 1487 Unde
814 1438 944 1504 post
1010 1434 1503 1503 computationem
1564 1434 1879 1487 carnalium

224 1520 419 1591 ponitur
477 1521 819 1591 genealogia
879 1522 1053 1588 Isaac,
1108 1522 1175 1575 de
1226 1539 1340 1593 quo
1418 1522 1565 1577 facta
1621 1527 1705 1577 est
1757 1538 1883 1593 pro-

222 1606 404 1671 missio,
434 1613 487 1661 et
516 1610 828 1663 electorum
862 1611 1228 1681 propaganda
1257 1612 1557 1667 successio.

278 1697 427 1750 Vsus.
463 1700 655 1752 13-13.
679 1728 747 1738 —
779 1720 799 1747 ι
840 1699 899 1751 Et
941 1699 1062 1753 hac
1102 1699 1338 1753 nomina
1381 1700 1631 1755 ﬁliorum
1666 1701 1788 1771 ejus
1818 1699 1880 1754 in

222 1806 243 1835 ι
287 1784 551 1838 vocabulis
622 1790 681 1838 et
728 1786 1193 1856 generationibus
1256 1789 1391 1842 suis.
1456 1788 1879 1859 Primogenitus

224 1894 243 1923 ι
272 1873 504 1926 Ismaelis
537 1874 842 1944 Nabajoth,
874 1874 1079 1928 deinde
1112 1876 1309 1937 Cedar.
1368 1881 1425 1930 et
1476 1877 1639 1941 Abel,
1684 1898 1710 1927 υ
1771 1881 1875 1931 etc.

223 1962 458 2029 (HIERON.)
494 1962 809 2016 Duodecim
865 1964 968 2017 ﬁlii
1017 1970 1326 2018 nascuntur
1370 1965 1614 2031 Ismaeli,
1664 1964 1877 2035 primo-

225 2048 410 2117 genitus
454 2048 819 2119 Nabajoth,a
877 2066 989 2120 quo
1043 2051 1229 2104 omnis
1257 2051 1414 2119 regio
1470 2052 1539 2105 ab
1597 2051 1880 2122 Euphrate

228 2152 369 2205 usque
395 2136 461 2190 ad
492 2153 653 2190 mare
687 2138 942 2191 Rubrum
984 2139 1278 2192 Nabathaa
1311 2139 1538 2204 dicitur,
1588 2156 1716 2210 quae
1748 2156 1880 2209 pars

222 2225 406 2279 Arabia:
439 2229 541 2279 est.
582 2227 723 2279 Nam
766 2227 996 2281 familiae
1037 2227 1292 2297 ipsorum
1339 2228 1571 2298 oppida,
1634 2228 1769 2298 pagi
1826 2232 1882 2282 et

222 2313 383 2375 tribus,
417 2313 628 2369 horum
690 2316 1067 2385 appellatione
1100 2317 1477 2371 celebrantur.
1537 2317 1620 2370 Ab
1654 2333 1764 2369 uno
1812 2333 1879 2369 ex

220 2399 304 2465 his,
334 2401 505 2455 Cedar
532 2402 597 2455 in
624 2403 867 2469 deserto,
902 2408 959 2457 et
989 2405 1170 2457 Duma
1200 2405 1311 2457 alia
1359 2404 1538 2473 regio,
1580 2410 1637 2458 et
1664 2406 1879 2459 Thema

218 2490 270 2542 ad
297 2494 562 2559 austrum,
600 2495 655 2543 et
684 2491 953 2555 Chedma,
982 2492 1117 2544 alias
1140 2492 1436 2555 Chethma,
1461 2497 1515 2546 et
1544 2494 1878 2547 orientalem

216 2578 407 2647 plagam
465 2578 699 2632 dicitur.
752 2579 908 2643 Quod
963 2580 1021 2633 in
1080 2587 1335 2635 extremo
1404 2580 1633 2651 capitali
1711 2580 1877 2651 juxta

219 2667 319 2722 LXX
371 2667 636 2737 legimus,
718 2687 742 2718 ‹‹
801 2672 1000 2721 contra
1068 2668 1264 2721 faciem
1294 2670 1555 2723 omnium
1635 2669 1877 2723 fratrum

216 2770 417 2808 suorum
468 2755 789 2820 habitabat,
855 2776 881 2805 ιο
942 2756 1128 2809 verius
1180 2762 1265 2810 est
1330 2758 1483 2827 quod
1562 2757 1877 2827 posuimus,

216 2862 235 2891 α
263 2860 432 2897 coram
455 2844 732 2898 omnibus
764 2844 1031 2899 fratribus
1063 2846 1178 2898 suis
1210 2845 1493 2909 occubuit,
1529 2865 1557 2896 »
1600 2845 1655 2899 id
1681 2849 1779 2908 est,
1818 2845 1876 2899 in

214 2934 445 2986 manibus
477 2934 734 2987 ﬁliorum
774 2951 1009 2988 suorum
1042 2941 1299 2989 mortuus
1342 2940 1442 3002 est,
1478 2936 1877 3007 superstitibus
1907 2948 1946 3003 ο

212 3018 367 3073 adhuc
396 3019 618 3074 liberis.
663 3021 885 3075 Fratres
917 3021 1071 3076 enim
1131 3023 1237 3076 ﬁlii
1268 3024 1671 3092 appellantur:
1730 3023 1881 3076 unde

212 3107 353 3161 Iacob
394 3125 406 3161 :
443 3130 469 3155 ‹‹
505 3111 763 3163 Ponatur
790 3125 981 3162 coram
1014 3109 1284 3163 fratribus
1320 3111 1477 3171 meis,
1512 3116 1569 3164 et.
1612 3111 1881 3164 fratribus

213 3194 323 3261 tuis,
369 3200 421 3248 et
449 3196 775 3266 dijudicent
802 3196 949 3250 inter
977 3213 1105 3250 nos.
1150 3217 1177 3248 υ
1204 3198 1323 3251 Non
1346 3197 1498 3250 enim
1531 3197 1879 3251 credendum

214 3299 282 3345 est
306 3293 446 3363 quod
477 3294 675 3359 Jacob,
708 3294 954 3365 exceptis
1009 3293 1201 3348 liberis
1232 3293 1369 3361 suis,
1420 3294 1643 3366 aliquos
1674 3294 1879 3349 fratres

213 3396 373 3437 secum
402 3382 693 3437 habuerit.

269 3470 414 3525 Vens.
467 3474 678 3539 16,17.
716 3499 783 3509 -
841 3490 863 3518 ι
922 3469 1231 3524 Duodecim
1288 3470 1575 3542 principes
1621 3470 1877 3525 tribuum

216 3572 496 3611 usuarum.
559 3559 629 3612 Et.
683 3556 814 3611 facti
870 3562 1007 3611 sunt
1054 3556 1190 3611 anni
1244 3557 1371 3611 vita:
1424 3558 1647 3623 Ismael,
1686 3581 1706 3605 ι
1768 3562 1874 3611 etc.

213 3643 601 3707 Duodenarius,
667 3645 813 3698 sicut
865 3649 1114 3698 sacratus
1162 3650 1246 3698 est
1303 3644 1359 3698 in
1408 3644 1681 3716 apostolis
1732 3650 1788 3698 et
1818 3642 1875 3698 in

211 3731 510 3800 apostolicis
554 3732 715 3797 viris,
772 3732 851 3786 sic
928 3732 1284 3786 exsecrabilis
1360 3738 1415 3787 et
1484 3734 1544 3787 in
1618 3732 1877 3804 reprobis

210 3824 382 3873 contra
416 3821 595 3875 ﬁdem
647 3821 938 3876 Trinitatis
986 3827 1043 3875 et
1095 3823 1465 3893 Evangelium
1503 3840 1606 3894 per
1632 3828 1878 3895 quatuor

213 3908 385 3961 mundi
412 3915 608 3980 partes
641 3909 907 3963 dilatatis.

270 3996 414 4049 Vens.
461 4000 548 4057 18.
588 4000 669 4052 19.
700 4028 768 4038 -
812 4018 838 4049 ιι
874 3997 1157 4053 Habitavit
1211 4002 1401 4051 autem
1459 3997 1527 4051 ab
1563 3998 1753 4051 Hevila
1782 4014 1875 4051 us-

214 4100 235 4132 ι
263 4100 361 4153 que
381 4085 507 4153 Sur,
544 4102 675 4155 quae
707 4085 1278 4157 respicitIEgyptum,
1313 4105 1339 4135 υ
1367 4090 1473 4138 etc.
1503 4085 1680 4155 Regio
1703 4101 1876 4156 quam

1986 473 2136 525 Deus
2178 474 2556 543 multiplicare
2611 490 2806 527 semen
2860 475 3103 530 Abrahae
3158 476 3683 548 praedestinaverat,

1985 560 2241 615 oratione
2270 562 2515 615 obtinuit
2542 567 2602 615 ut
2635 562 2783 616 filios
2814 562 3067 617 haberet.

2060 668 2081 695 ι
2118 647 2221 711 Qui
2255 649 2544 702 exaudivit
2591 665 2743 703 eam.
2787 670 2813 700 ι)
2848 651 3196 724 (Cunrsosr.)
3230 653 3306 707 Ne
3338 656 3504 723 putes
3534 670 3563 708 e
3596 670 3681 708 ve-

1985 734 2152 804 stigio
2216 741 2273 789 et
2322 736 2584 806 protinus
2650 743 2971 792 assecutum
3038 756 3156 793 esse
3214 742 3365 811 quod
3396 743 3683 812 optabat:

1986 838 2117 875 nam
2149 823 2350 893 viginti
2380 824 2544 877 annis
2577 826 2785 879 mansit
2815 843 2986 879 orans
3030 834 3086 879 et.
3137 828 3444 897 deprecans
3480 830 3675 885 Deum.

1987 909 2128 962 Nam
2174 910 2319 963 sicut
2368 910 2557 964 docuit
2607 929 2707 965 nos
2760 920 2899 983 quot
2956 930 3137 967 annos
3194 916 3394 970 habuit
3449 919 3677 987 quando

1984 996 2143 1051 duxit
2184 998 2494 1051 Rebeccam
2541 1000 2771 1069 (nempe
2826 1001 3251 1071 quadraginta),
3304 1003 3381 1057 ita
3416 1005 3676 1075 assigna-

1987 1086 2065 1140 vit
2093 1085 2257 1139 nobis
2314 1087 2466 1157 quod
2508 1102 2790 1141 annorum
2845 1089 3019 1143 fuerit
3063 1091 3233 1155 Isaac,
3287 1094 3514 1162 quando
3561 1094 3677 1149 nati

1986 1178 2118 1227 sunt
2147 1173 2199 1227 ei
2234 1174 2359 1229 ﬁlii.
2408 1193 2435 1225 α
2495 1176 2928 1245 Sexagenarius,
2990 1177 3195 1247 inquit,
3257 1184 3376 1233 erat
3443 1182 3675 1252 quando

1987 1262 2104 1316 nati
2132 1269 2264 1315 sunt
2288 1262 2533 1332 parvuli.
2576 1284 2596 1311 ι

2060 1374 2086 1400 α
2156 1354 2518 1425 Perrexitque
2566 1359 2699 1419 etc.,
2732 1354 2921 1424 (Ana,
2981 1354 3179 1417 Quaest.
3214 1358 3273 1409 in
3331 1357 3491 1426 Gem,
3523 1360 3640 1410 tom

1990 1441 2110 1509 Ill.)
2143 1442 2427 1505 Qmeritur
2478 1460 2590 1514 quo
2640 1443 2792 1510 ierit,
2823 1459 2951 1495 cum
3001 1444 3256 1497 nondum
3311 1449 3497 1497 essent
3547 1460 3676 1514 pro-

1990 1530 2173 1600 pheta:
2228 1532 2313 1583 vel
2374 1532 2689 1585 sacerdotes
2742 1530 3092 1584 tabernaculi
3158 1535 3255 1584 aut
3311 1531 3509 1602 templi
3564 1532 3675 1585 Do-

1994 1618 2135 1671 mini
2164 1620 2192 1671 ‘?
2223 1619 2476 1673 Forsitan
2507 1619 2578 1672 ad
2618 1620 2803 1673 locum
2833 1617 2931 1671 ubi
2961 1634 3119 1671 aram
3149 1618 3442 1671 constituit
3496 1618 3673 1672 Abra-

1991 1706 2143 1761 ham.
2169 1707 2275 1761 Sed
2310 1707 2599 1778 quomodo
2626 1707 2703 1761 ibi
2734 1722 3003 1776 responsa
3032 1706 3321 1771 darentur,
3358 1711 3501 1760 tacet
3527 1705 3673 1759 Scri-

1989 1798 2190 1864 ptura;
2240 1811 2311 1847 an
2363 1811 2466 1865 per
2516 1794 2766 1863 aliquem
2800 1793 3149 1847 sacerdotem
3179 1794 3207 1846 ‘?
3239 1809 3409 1863 quem
3468 1792 3679 1847 mirum

1988 1887 2091 1944 est,
2124 1882 2168 1935 si
2216 1887 2355 1945 erat,
2390 1898 2505 1935 non
2553 1882 2725 1936 fuisse
2778 1881 3158 1947 nominatum,
3216 1887 3274 1934 et
3327 1882 3541 1935 nullam
3593 1898 3679 1933 sa-

1988 1971 2284 2025 cerdotum
2341 1972 2544 2024 factam
2602 1970 2947 2023 mentionem
3028 1986 3168 2024 esse.
3248 1970 3501 2023 Forsitan
3574 1968 3675 2035 ibi,

1986 2076 2116 2113 cum
2148 2060 2363 2115 orando
2425 2061 2764 2130 allegassent
2795 2059 3079 2115 desideria
3138 2076 3264 2127 sua,
3299 2059 3679 2125 dormiebant,

1986 2154 2049 2203 ut
2078 2166 2181 2219 per
2210 2166 2474 2203 somnum
2500 2157 2871 2206 monerentur
2907 2168 2920 2207 :
2957 2152 3041 2206 vel
3075 2151 3261 2205 adhuc
3289 2150 3509 2205 vivebat
3540 2151 3679 2205 Mel-

1987 2238 2308 2307 chisedech,
2361 2240 2523 2310 cujus
2561 2244 2721 2293 tanta
2776 2240 2882 2294 fuit
2924 2241 3279 2308 excellentia,
3338 2245 3401 2293 ut
3451 2240 3675 2293 dubita—

1988 2330 2143 2379 retur
2174 2331 2365 2380 ntrum
2399 2327 2572 2381 homo
2603 2344 2676 2381 an
2711 2328 2946 2398 angelus
2974 2328 3162 2381 fuerit.
3200 2328 3294 2380 Vel
3325 2327 3472 2381 forte
3501 2328 3677 2381 etiam

1987 2413 2086 2468 illo
2138 2419 2392 2486 tempore
2446 2420 2607 2469 erant
2656 2416 2919 2470 homines
2979 2416 3098 2482 Dei,
3154 2416 3212 2469 in
3263 2416 3471 2486 quibus
3532 2417 3680 2470 Deus

1987 2509 2179 2575 posset
2208 2503 2566 2573 interrogari.
2617 2503 2906 2574 Quidquid
2958 2504 3185 2561 horum.
3221 2505 3305 2557 Vel
3339 2504 3483 2558 forte
3520 2504 3677 2558 aliud

1985 2591 2178 2658 fuerit,
2210 2592 2462 2647 Rebecca
2504 2599 2697 2646 tamen
2756 2592 3068 2646 secundum
3103 2592 3454 2662 Scripturam
3483 2591 3675 2647 Domi-

1986 2696 2125 2735 num
2153 2680 2546 2751 interrogavit.
2582 2684 2637 2733 et
2665 2696 3006 2751 responsum
3045 2681 3167 2751 ejus
3198 2680 3429 2734 meruit.

2058 2771 2219 2823 Vens.
2262 2772 2348 2824 23.
2384 2799 2451 2807 ——
2486 2789 2512 2817 ‹‹
2545 2768 2650 2833 Qui
2677 2767 3028 2838 respondens
3066 2768 3143 2821 ait
3180 2785 3192 2821 :
3230 2770 3363 2822 Duae
3395 2773 3614 2839 gentes,
3650 2788 3675 2817 ι›

1985 2865 2090 2912 etc.
2127 2860 2314 2925 (Auo.)
2374 2857 2647 2912 Historica
2690 2856 3039 2927 proprietate
3073 2873 3409 2927 responsum
3452 2856 3676 2909 inveni-

1988 2952 2082 3000 tur
2138 2948 2507 3015 completum,
2558 2962 2708 3011 cum,
2749 2950 2983 3016 propter
3015 2946 3207 3011 Israel,
3234 2945 3291 2999 id
3322 2950 3425 3009 est,
3480 2944 3669 3008 Jacob,

1991 3034 2180 3089 minor
2201 3035 2352 3088 ﬁlius
2378 3034 2667 3103 superavit
2696 3034 2999 3099 Idumaeos,
3033 3033 3089 3087 id
3131 3038 3216 3087 est
3245 3038 3473 3103 gentem
3501 3047 3673 3102 quam

1990 3122 2329 3194 propagavit
2368 3124 2533 3186 Esau,
2567 3137 2778 3192 eosque
2810 3137 2912 3192 per
2944 3120 3116 3174 David
3150 3120 3479 3173 tributarios
3512 3118 3675 3185 fecit;

1989 3211 2142 3282 quod
2174 3211 2270 3263 diu
2320 3211 2551 3263 fuerunt
2582 3225 2762 3280 usque
2819 3208 2888 3262 ad
2935 3224 3129 3279 regem
3183 3210 3371 3261 Joram
3419 3209 3518 3277 (ιγ
3549 3210 3675 3272 Reg.

1988 3301 2102 3368 vn).
2149 3301 2305 3353 Tunc
2357 3297 2509 3351 enim
2570 3297 2807 3350 Idumaei
2862 3296 3304 3359 rebellaverunt,
3357 3300 3413 3348 et
3471 3294 3676 3363 jugum

1986 3388 2055 3442 de
2115 3387 2329 3441 cervice
2389 3390 2776 3450 excusserunt,
2833 3384 2977 3438 sicut
3020 3383 3437 3455 prophetizavit
3506 3384 3675 3445 Isaac,

1986 3476 2212 3545 quando
2247 3475 2524 3529 minorem
2558 3490 2659 3544 pro
2689 3474 2904 3543 majore
2963 3473 3274 3537 benedixit,
3306 3476 3361 3526 et
3390 3472 3497 3525 hoc
3527 3471 3677 3524 idem

1986 3564 2125 3618 dixit
2165 3563 2388 3631 majori,
2414 3578 2542 3615 cum
2585 3562 2773 3633 ipsum
2804 3567 3002 3633 postea
3034 3560 3339 3616 benedixit.

2057 3653 2220 3707 Vens.
2250 3654 2439 3705 24-26.
2472 3682 2539 3690 —
2577 3669 2601 3702 ε
2651 3652 2773 3705 Jam
2806 3656 3053 3719 tempus,
3088 3669 3113 3701 ι)
3150 3652 3253 3704 etc.
3309 3647 3510 3715 (Ηιειι.)
3575 3645 3676 3699 Ubi

1984 3753 2091 3791 nos
2125 3760 2145 3785 ι
2171 3737 2419 3807 pilosum
2453 3757 2479 3786 »
2527 3738 2843 3806 posuimus,
2892 3737 2951 3791 in
3008 3736 3243 3791 Hebraeo
3280 3734 3523 3788 habetur
3557 3747 3681 3801 styr

1986 3825 2158 3895 (vri?)
2188 3845 2202 3892 ;
2232 3824 2383 3878 unde
2423 3825 2586 3894 Esau,
2644 3826 2790 3878 sicut
2844 3825 2981 3879 alibi
3010 3825 3277 3895 legimus,
3322 3838 3459 3889 segr,
3496 3821 3553 3875 id
3598 3826 3681 3874 est

1985 3911 2201 3983 pilosus
2228 3911 2411 3965 dictus
2442 3916 2544 3965 est.

2059 4019 2085 4047 «
2116 3998 2382 4052 Protinus
2408 3999 2626 4057 alter.»
2682 4002 2787 4051 etc.
2847 3997 3028 4066 (Isin.)
3091 3998 3203 4050 Hoc
3254 3995 3571 4065 ﬁguraliter
3597 3993 3677 4047 fa-

1985 4089 2138 4138 ctum
2195 4085 2366 4138 etiam
2424 4084 2632 4138 Iudaeis
2692 4100 2809 4137 non
2865 4083 3225 4137 credentibus
3278 4087 3478 4135 notum
3534 4086 3673 4135 est:

209 4170 502 4226 circumivit
534 4174 745 4228 Phison
796 4173 864 4227 ab
896 4174 1108 4241 Hevila,
1161 4180 1365 4245 nepote
1399 4176 1533 4238 Noe,
1576 4175 1655 4228 sic
1684 4182 1880 4228 vocata
1921 4231 1956 4245 λ
1985 4174 2227 4245 qualiter
2258 4173 2504 4245 populus
2537 4172 2798 4226 Ecclesiae
2846 4174 3123 4244 populum
3164 4172 3476 4242 Synagogaa
3510 4185 3675 4240 supe-

210 4262 298 4323 est,
326 4263 378 4312 et
423 4265 507 4313 est
558 4260 807 4314 solitudo
840 4264 1037 4314 contra
1068 4260 1268 4314 faciem
1299 4262 1542 4332 {Egyptt
1595 4261 1704 4315 Sur
1735 4277 1876 4332 quo-

211 4363 304 4415 qLe
344 4353 428 4401 est
478 4349 729 4402 solitudo
787 4349 938 4403 inter
980 4348 1153 4403 Cades
1210 4353 1267 4402 et
1325 4349 1525 4414 Barad,
1568 4349 1879 4402 extendens

209 4436 476 4490 desertum
517 4453 700 4507 usque
730 4437 802 4491 ad
851 4453 1008 4491 mare
1041 4436 1296 4491 Rubrum
1350 4441 1408 4490 et
1462 4436 1687 4507 A'lgypti
1752 4452 1881 4489 con-

207 4522 343 4578 ﬁnia.

267 4613 417 4665 Vsus.
449 4616 541 4667 20.
586 4644 653 4652 —
685 4631 711 4663 α
747 4613 825 4667 De
853 4612 1263 4682 Mesopotamia
1292 4614 1553 4666 Sororem
1608 4611 1812 4666 Laban.
1849 4632 1876 4662 ν

208 4696 364 4769 Regio
421 4699 651 4767 sterilis,
703 4717 829 4771 quas
868 4701 945 4754 sic
1002 4702 1192 4756 Graece
1240 4705 1486 4773 vocatur,
1508 4700 1643 4772 quia
1693 4700 1881 4755 media

207 4782 340 4839 inter
366 4788 478 4841 duo
519 4787 759 4842 ﬂumina
805 4788 1019 4858 Tigrim
1052 4794 1109 4842 et
1153 4788 1519 4859 Euphratem.
1554 4790 1692 4843 Nam
1722 4793 1877 4861 μέσος

204 4874 411 4941 medius,
443 4880 676 4948 ποταμὸς
707 4879 903 4945 ﬂuvius
961 4876 1206 4944 dicitur;
1266 4877 1399 4931 hinc
1441 4876 1880 4949 hippopotamos

208 4960 254 5013 id
280 4968 377 5030 est,
415 4965 664 5018 fluvialis
687 4982 883 5036 equus.

267 5051 419 5106 Vsus.
476 5055 568 5117 2f,
600 5057 688 5107 22.
735 5082 807 5095 —
866 5076 885 5101 α
925 5055 1449 5125 Deprecatusque..,
1500 5054 1596 5107 sed
1643 5054 1878 5109 collide—

209 5158 230 5181 α
258 5136 457 5192 bantur
499 5140 560 5192 in
586 5145 745 5194 utero
788 5140 1027 5210 parvuli,
1079 5161 1105 5191 ι)
1139 5146 1244 5196 etc.
1283 5144 1482 5211 (HIER.)
1518 5143 1878 5197 Promotione

205 5225 277 5279 vel
330 5228 623 5283 collisione
710 5230 832 5283 LXX
898 5236 1233 5300 posuerunt,
1293 5252 1320 5280 (ι
1378 5231 1651 5286 ludebant
1710 5255 1730 5279 ι
1793 5234 1876 5287 vel

212 5334 234 5359 «
276 5317 749 5371 recalcitrabant:
822 5340 842 5365 ι
904 5318 1128 5389 Aquila,
1166 5338 1193 5370 α
1239 5319 1620 5391 conﬂigebant
1673 5320 1774 5374 ﬁlii
1819 5321 1877 5375 in

210 5405 353 5456 utero
384 5404 527 5472 ejus.
567 5427 592 5453 ι
624 5404 1015 5473 Symmachus,
1051 5428 1078 5453 «
1107 5406 1165 5460 in
1198 5407 1573 5462 similitudine
1632 5408 1790 5462 navis
1821 5408 1878 5463 in

213 5492 492 5559 superﬁcie
514 5492 861 5547 ferebantur.
898 5515 922 5541 ›ι
987 5496 1192 5563 (Gaza,
1228 5496 1376 5549 Dial.
1422 5513 1459 5560 1,
1488 5495 1563 5565 8.)
1596 5498 1875 5561 Qumsan-

1988 4262 2149 4326 ravit,
2181 4266 2237 4315 et
2274 4262 2433 4332 plebs
2490 4261 2838 4327 Judaaorum,
2886 4264 3143 4331 tempore
3204 4259 3405 4330 major,
3450 4258 3679 4312 servivit

1989 4349 2196 4404 minori
2226 4350 2441 4420 populo
2475 4348 2947 4403 Christianorum.

2059 4439 2207 4506 (Ben.
2238 4441 2297 4491 in
2327 4439 2419 4491 hoc
2450 4453 2593 4507 cap.,
2650 4440 2788 4490 tom.
2823 4437 2911 4505 II.)
2949 4436 3011 4490 In
3041 4436 3281 4508 singulis
3312 4451 3542 4507 quoque
3571 4434 3679 4489 hoc

1989 4523 2099 4577 dici
2130 4528 2335 4593 potest.
2362 4546 2382 4571 ι
2420 4526 2553 4578 Duae
2588 4528 2786 4595 gentes
2817 4529 2872 4577 et
2909 4525 3021 4578 duo
3066 4524 3266 4596 populi
3299 4544 3326 4573 a
3375 4523 3525 4577 intra
3551 4538 3673 4588 nos,

1988 4617 2143 4680 sunt,
2176 4611 2386 4666 scilicet
2411 4612 2679 4667 vitiorum
2738 4617 2793 4667 et
2823 4613 3133 4680 virtutum;
3195 4613 3300 4667 iste
3343 4613 3551 4677 minor,
3584 4612 3675 4665 ille

1986 4701 2173 4771 major
2205 4716 2217 4754 :
2253 4702 2446 4771 plures
2475 4701 2626 4755 enim
2660 4707 2792 4755 sunt
2823 4702 2956 4756 mali
3011 4718 3182 4773 quam
3235 4700 3391 4769 boni,
3447 4704 3502 4753 et
3542 4699 3676 4752 vitia

1986 4789 2152 4859 plura
2180 4788 2504 4843 virtutibus.
2534 4790 2643 4843 Sed
2676 4795 2869 4843 tamen
2913 4789 3159 4859 populus
3185 4788 3462 4859 populum
3506 4803 3671 4857 supe-

1987 4882 2093 4943 rat,
2126 4897 2152 4927 c
2186 4882 2244 4931 et
2293 4877 2477 4948 major
2507 4876 2713 4931 serviet
2769 4877 2997 4940 minori,
3036 4899 3062 4926 ι
3114 4893 3244 4930 caro
3301 4875 3516 4930 scilicet
3561 4874 3674 4946 spi-

1986 4966 2145 5035 ritui,
2176 4970 2233 5019 et
2281 4964 2416 5019 vitia
2466 4964 2789 5019 virtutibus.
2844 4962 3112 5018 Praecedit
3166 4964 3326 5029 Esau,
3386 4962 3568 5029 rufus,
3622 4967 3679 5016 et

1987 5058 2138 5108 totus
2170 5058 2231 5107 ut
2271 5052 2436 5124 pellis
2469 5052 2765 5123 hispidus:
2826 5051 3032 5106 deinde
3086 5052 3200 5106 exit
3258 5052 3429 5106 Jacob
3480 5056 3676 5105 tenens

1986 5145 2243 5215 plantam
2286 5142 2511 5197 fratris:
2561 5140 2719 5210 prior
2766 5140 2918 5193 enim
2954 5141 3223 5212 populus,
3266 5142 3674 5213 prophetarum

1988 5236 2045 5286 et
2090 5231 2297 5287 Christi
2353 5228 2631 5299 sanguine
2685 5229 2955 5299 pollutus,
3022 5229 3235 5299 peccati
3294 5234 3350 5282 et
3407 5228 3675 5300 nequities

1986 5322 2248 5392 squalore
2288 5319 2671 5373 circumdatus
2702 5334 2716 5371 :
2758 5318 2919 5388 cujus
2951 5318 3140 5371 minor
3171 5319 3423 5389 plantam
3472 5318 3671 5385 tenuit,

1988 5408 2122 5480 quia
2152 5406 2427 5477 majorem
2457 5406 2736 5478 populum
2761 5406 2950 5461 minor
2980 5408 3285 5479 superavit.

2063 5498 2222 5551 Vens.
2258 5499 2345 5562 27,
2377 5500 2465 5550 28.
2498 5527 2563 5535 —
2612 5516 2637 5548 α
2675 5497 2870 5550 Factus
2900 5501 2984 5549 est
3014 5498 3177 5563 Esau,
3214 5517 3241 5546 »
3299 5502 3401 5552 etc.
3455 5499 3677 5566 (Gneo.)

2876 5688 2901 5722 ς
