4064 6186
248 277 351 334 li?

889 274 1277 331 “'ALAFRIDI
1317 273 1564 331 STRABI
1605 231 1801 330 FULD.
1846 272 2007 329 MON.
2050 233 2202 330 Ol’l’.
2247 270 2420 326 l'AltS
2469 269 2510 324 I.
2553 295 2620 305 —-
2659 264 3118 323 TllEOLOGlCA.
3665 262 3762 316 liS

250 401 460 456 Eorum
487 399 661 455 vitam
711 396 1023 470 signiﬁcat,
1077 395 1180 468 qui
1228 395 1610 451 exterioribus
1658 395 1958 467 voluptati-
1989 397 2033 450 A
2068 398 2404 449 cunctarum
2454 390 2514 446 in
2567 389 2667 446 illo
2723 389 3036 444 ostendisse
3088 387 3364 458 virtutum
3413 386 3760 460 multiplica—

248 488 354 542 bus
382 485 490 541 lusi
547 499 778 540 carnem
810 483 1150 554 sequuntur.
1203 482 1466 552 Agricola
1523 497 1755 554 quoque
1811 481 1950 538 dici-

249 578 342 628 tur
396 574 533 644 quia
585 577 874 626 amatores
927 570 1121 624 saeculi
1193 575 1353 624 tanto
1418 571 1614 626 colunt
1670 569 1950 625 exteriora

140 651 143 654 ’
251 667 466 732 quanto
494 660 774 714 interiora
792 675 894 712 sua
924 659 1137 712 inculta
1165 658 1522 729 relinquunt.

325 769 351 801 ot
401 750 674 820 Simplex.
755 769 782 796 α
845 748 1062 818 (Casa)
1143 745 1288 812 Quia
1353 747 1506 800 curis
1577 746 1952 801 exterioribus

253 838 444 909 spargi
486 835 782 908 refugiunt
821 835 1128 904 simplices,
1160 834 1507 905 cogitatione
1553 841 1610 889 et
1661 834 1950 889 conscien-

256 929 348 983 tia
404 923 761 981 habitatione
807 924 1144 976 consistunt.
1204 922 1429 977 Habitat
1483 921 1635 976 enim
1667 923 1726 976 in
1764 923 1950 978 taber-

255 1013 494 1081 naculis,
518 1011 616 1083 qui
648 1027 706 1064 se
736 1009 886 1063 intra
932 1009 1142 1064 mentis
1200 1015 1416 1063 secreta
1455 1009 1822 1081 constringit,
1884 1028 1953 1065 ne

253 1104 387 1158 dum
423 1102 491 1156 ad
519 1101 700 1154 multa
733 1098 869 1152 foris
921 1098 1126 1165 inhiat,
1161 1114 1192 1152 a
1227 1097 1411 1168 seipse
1445 1099 1785 1169 cogitatione
1814 1101 1950 1155 alie—

257 1196 426 1244 natus
455 1188 702 1242 recedat.

328 1278 491 1331 Vens.
525 1278 616 1343 29,
648 1277 738 1330 30.
769 1303 836 1314 —
863 1297 884 1322 ι
919 1273 1079 1328 Coxit
1109 1277 1300 1327 autem
1339 1273 1529 1336 Jacob,
1588 1293 1614 1324 ι)
1651 1279 1754 1329 etc.
1807 1276 1953 1342 (H11;-

259 1382 364 1419 uoN
393 1365 409 1435 )
452 1364 691 1419 Bubeum
725 1363 836 1415 'vel
885 1363 1100 1429 fulvum
1133 1377 1146 1414 :
1185 1361 1454 1415 Hebraice
1505 1363 1674 1417 Edam
1706 1363 1950 1417 dicitur:

258 1454 328 1507 ab
379 1470 448 1507 eo
503 1457 695 1505 autem
757 1449 916 1521 quod
969 1451 1150 1503 rubeo
1209 1450 1336 1502 cibo
1383 1450 1521 1503 Esau
1569 1451 1954 1520 primogenita

258 1541 532 1606 vendidit,
567 1539 727 1602 fulvi,
755 1537 811 1592 id
832 1540 916 1591 est
944 1537 1112 1592 Edam
1147 1552 1356 1590 nomen
1390 1537 1623 1607 accepit.

336 1631 497 1684 Vens.
555 1631 642 1694 3t,
703 1629 794 1681 32.
855 1645 882 1676 α
926 1625 1029 1681 Cui
1079 1624 1222 1678 dixit
1269 1626 1456 1690 Iacob,
1521 1645 1548 1676 ν
1611 1635 1714 1680 etc.
1777 1628 1952 1696 (1511).)

260 1717 424 1784 Quod
456 1717 596 1771 Esau
631 1713 1013 1784 primogenita
1042 1717 1275 1783 propter
1303 1729 1487 1766 escam
1545 1713 1704 1768 fratri
1746 1715 1954 1768 minori

262 1805 531 1868 vendidit,
580 1808 635 1856 et
688 1807 890 1872 postea
931 1806 1167 1871 paterna
1221 1801 1620 1856 benedictione
1675 1802 1782 1857 sibi
1827 1819 1955 1873 pro-

263 1892 435 1946 missa
489 1891 739 1960 privatus
791 1894 874 1942 est
922 1888 1221 1942 .ludaicum
1282 1888 1561 1960 populum
1619 1889 1948 1959 signiﬁcat:

267 1981 366 2052 qui
398 1981 451 2033 in
485 1979 673 2032 Exodo
707 1977 1126 2048 primogenitus
1160 1977 1259 2032 Dei
1315 1976 1468 2031 filius
1520 1978 1862 2048 appellatur,
1897 1984 1956 2033 et

267 2071 503 2139 propter
531 2063 722 2119 saculi
747 2064 916 2130 ,lucra
963 2079 1076 2116 non
1128 2063 1313 2116 solum
1344 2062 1622 2132 primatus
1654 2064 1743 2117 sui
1772 2065 1951 2118 hono-

268 2170 388 2208 rem
418 2153 631 2218 amisit,
679 2151 775 2207 sed
825 2155 880 2205 et
909 2149 1148 2205 calestis
1181 2150 1344 2220 regni
1397 2151 1702 2220 pramium
1733 2166 1952 2221 prapa-

268 2248 452 2296 ratum
483 2241 721 2311 adipisci
775 2254 887 2295 non
922 2239 1150 2292 meruit.
1209 2239 1364 2295 Unde
1422 2256 1524 2310 per
1573 2240 1957 2310 exprobratio-

269 2345 399 2383 nem
428 2328 637 2384 dicitur
658 2329 852 2384 Matth.
884 2345 959 2382 x11
989 2344 1000 2382 :
1040 2349 1062 2376 ι
1087 2328 1202 2382 Aul
1220 2333 1392 2383 retur
1420 2344 1453 2382 a
1500 2327 1662 2382 vobis
1714 2344 1955 2398 regnum

271 2417 368 2472 Dei
398 2422 453 2472 et
481 2417 712 2472 dabitur
739 2418 1027 2488 gentibus,
1065 2438 1086 2465 ι
1133 2421 1238 2471 etc.
1275 2417 1733 2486 Primogenitura
1763 2422 1953 2470 autem

268 2504 435 2559 vestis
481 2509 604 2558 erat
655 2504 1043 2568 sacerdotalis,
1103 2519 1218 2574 quo
1274 2503 1463 2558 induti
1531 2504 1776 2573 majores
1819 2509 1955 2556 natu

266 2608 396 2647 cum
450 2592 847 2646 benedictione
882 2591 1059 2662 patris
1114 2591 1370 2645 victimas
1402 2593 1534 2657 Deo,
1568 2593 1717 2644 velut
1761 2591 1951 2661 ponti-

268 2681 418 2747 tices,
447 2679 802 2734 offerebant:
853 2679 961 2733 hoc
1009 2679 1178 2744 dono,
1219 2678 1432 2733 terreni
1489 2677 1698 2732 amoris
1729 2677 1954 2732 deside-

268 2770 373 2831 rio,
406 2775 714 2822 caruerunt
741 2767 942 2829 Judai,
964 2783 1092 2822 cum
1115 2767 1298 2838 gloria
1321 2767 1500 2821 futuri
1532 2766 1714 2838 regni.

340 2856 498 2909 Vens.
533 2858 622 2921 33,
661 2855 755 2908 3i.
795 2885 858 2894 —
894 2875 921 2903 κ
955 2854 1174 2908 Iuravit
1209 2855 1370 2919 Esau,
1401 2874 1427 2905 ››
1461 2860 1565 2907 etc.
1605 2854 1821 2924 (61156.,
1853 2853 1952 2907 lib.

2061 482 2308 537 tionem.

2132 572 2297 625 Vens.
2359 571 2548 624 14-16.
2604 597 2671 607 -
2727 586 2755 618 α
2811 565 2896 621 Ob
2957 565 3080 620 hac
3150 563 3494 628 invidentes,
3551 583 3579 614 ι)
3652 567 3760 618 etc.

2062 661 2236 731 (Ism.)
2297 660 2469 724 Isaac,
2510 655 2784 719 Christus,
2820 653 2919 726 qui
2972 653 3226 724 primum
3256 654 3379 707 vult
3406 652 3602 706 fodere
3646 668 3763 722 pu-

2060 751 2200 814 teos,
2235 751 2339 800 etc.
2376 761 2541 815 usque
2571 745 2645 795 ιι]
2675 762 2700 794 α
2733 743 2961 796 ibimus.
2999 763 3023 792 ››

2135 857 2157 884 ι
2222 837 2424 889 Puteos
2462 839 2518 888 et
2547 835 2971 896 obstruxerunt,
3007 852 3032 879 ››
3097 835 3201 884 etc.
3262 828 3468 896 (Gai-:0.)
3525 829 3760 882 Morali-

2061 928 2158 976 ter.
2195 924 2355 993 Sape
2389 938 2519 976 cum
2550 921 2732 976 verbis
2756 920 2962 975 divinis
3019 917 3398 986 intendimus,
3420 917 3754 971 damonum

2059 1011 2295 1065 insidias
2341 1009 2570 1081 gravius
2599 1010 2943 1074 toleramus;
2974 1023 3104 1077 qua
3155 1006 3334 1060 menti
3373 1010 3584 1059 nostra
3631 1009 3752 1059 ter-

2062 1115 2331 1153 renarum
2363 1097 2773 1168 cogitationum
2807 1097 3097 1167 pulverem
3159 1098 3487 1165 aspergunt,
3546 1097 3609 1147 ut
3663 1094 3754 1146 in-

2060 1187 2333 1242 tentionis
2364 1187 2557 1240 oculos
2605 1203 2639 1239 a
2697 1187 2817 1238 luce
2876 1183 3094 1237 intima
3141 1181 3372 1235 visionis
3427 1181 3756 1235 obscurent.

2063 1277 2173 1330 Nos
2233 1275 2388 1330 enim
2447 1281 2643 1346 puteos
2726 1273 2994 1339 fodimus,
3047 1287 3177 1324 cuni
3253 1271 3557 1339 Scriptura
3643 1271 3762 1323 alta

2061 1368 2446 1434 penetramus,
2503 1377 2645 1432 quos
2700 1360 2917 1414 occulte
2970 1356 3218 1427 Allopyli
3277 1357 3560 1426 replent:
3621 1355 3762 1426 quia

2061 1455 2316 1506 terrenas
2361 1448 2733 1520 cogitationes
2805 1447 3076 1518 ingerunt
3143 1451 3200 1498 et
3246 1444 3452 1499 divina
3504 1443 3758 1498 scientia

2061 1555 2268 1610 aquam
2301 1539 2527 1603 tollunt,
2567 1537 2718 1591 unde
2747 1535 2883 1606 psal.
2919 1532 3128 1588 cxvuP:
3180 1553 3207 1583 «
3238 1532 3527 1587 Declinate
3581 1550 3616 1587 a
3666 1548 3762 1587 me

2065 1627 2324 1698 maligni,
2355 1633 2411 1679 et
2441 1625 2739 1679 scrutabor
2771 1623 3036 1677 mandata
3079 1621 3321 1676 Domini.
3354 1641 3381 1672 ιο
3745 1688 3751 1693 ¹

2138 1717 2304 1769 Vens.
2349 1718 2427 1768 l7.
2463 1744 2529 1752 —
2563 1733 2588 1764 α
2647 1714 2708 1766 Et
2754 1713 2848 1766 ille
2901 1712 3218 1775 discedens,
3253 1729 3278 1759 »
3338 1714 3445 1763 etc.
3476 1708 3761 1778 (Hieaox.)

2068 1804 2132 1857 Et
2162 1801 2300 1856 abiit
2329 1802 2462 1855 inde
2494 1803 2664 1868 Isaac,
2717 1804 2774 1853 et
2803 1798 2958 1852 venit
2986 1797 3045 1852 in
3097 1799 3364 1852 Geraram
3423 1797 3648 1863 vallem,
3700 1801 3763 1851 et

2065 1890 2341 1944 habitavit
2367 1890 2464 1944 ibi.
2498 1891 2604 1943 Pro
2644 1890 2805 1954 valle,
2842 1892 3126 1941 torrentem
3172 1885 3385 1940 habent
3406 1884 3461 1938 in
3494 1884 3757 1940 Hebrao.

2065 1979 2368 2050 Nunquam
2402 1977 2556 2032 enim
2591 1978 2762 2037 Isaac.
2813 1980 3114 2046 postquam
3149 1991 3389 2042 magnus
3436 1972 3612 2026 factus
3647 1978 3758 2038 est,

2063 2066 2322 2121 habitare
2367 2066 2557 2137 potuit
2604 2065 2664 2118 in
2709 2065 2870 2130 valle,
2933 2065 3026 2118 sed
3061 2064 3120 2116 in
3175 2067 3447 2117 torrente.
3509 2063 3582 2115 De
3641 2077 3760 2132 quo

2064 2153 2339 2226 scriptum
2369 2158 2455 2208 est
2484 2155 2627 2225 psal.
2654 2170 2740 2208 c1x
2770 2170 2782 2206 :
2820 2172 2847 2204 «
2880 2154 2956 2207 De
3005 2157 3257 2206 torrente
3303 2151 3362 2205 in
3397 2151 3482 2203 via
3515 2150 3690 2203 bibet.
3729 2170 3759 2200 ι)

2069 2243 2143 2296 De
2173 2258 2287 2314 quo
2328 2241 2472 2296 Elias
2501 2242 2560 2296 in
2590 2247 2848 2311 tempore
2875 2240 3041 2294 famis
3084 2238 3267 2306 bibit;
3301 2240 3398 2293 sed
3447 2238 3585 2310 quia
3639 2253 3759 2292 non

2065 2330 2510 2401 erat,perfectus
2529 2334 2592 2384 ut
2621 2329 2897 2397 Christus,
2933 2334 3159 2383 torrens
3188 2327 3242 2382 ei
3280 2326 3449 2382 aruit.
3493 2325 3758 2382 Christus

2063 2436 2198 2474 vero
2227 2420 2400 2474 etiam
2433 2420 2490 2473 in
2525 2423 2778 2474 torrente
2833 2417 3072 2472 traditus
3129 2421 3234 2483 est,
3282 2416 3548 2470 dedicans
3603 2431 3764 2484 rege-

2067 2508 2425 2562 nerationem
2457 2512 2714 2561 nostram
2743 2513 2800 2560 et
2828 2506 3091 2576 baptismi
3127 2509 3576 2559 sacramentum.

2136 2597 2300 2650 Vens.
2339 2598 2424 2663 18,
2475 2599 2557 2650 19.
2606 2623 2679 2635 -
2709 2617 2730 2643 α
2791 2594 2952 2649 Fodit
2983 2594 3124 2648 alios
3168 2599 3426 2664 puteos,»
3469 2597 3556 2645 etc
3604 2592 3756 2661 (Ism.

2065 2699 2132 2738 ea:
2160 2684 2344 2752 Greg.)
2373 2684 2524 2737 Isaac
2558 2683 2709 2752 apud
2741 2680 3125 2752 alienigenam
3175 2685 3402 2751 gentem
3436 2684 3637 2749 puteos
3671 2679 3764 2732 fo-

2067 2772 2153 2826 dit
2185 2788 2198 2825 :
2234 2771 2295 2825 in
2325 2787 2439 2842 quo
2496 2786 2795 2825 monemur
2829 2777 2894 2824 ut
2927 2770 2985 2823 in
3040 2770 3145 2823 hac
3173 2768 3635 2839 peregrinatione
3665 2784 3762 2821 co-

2066 2859 2411 2931 gitationum
2443 2859 2725 2928 profunda
2754 2863 3136 2930 penetremus,
3185 2862 3241 2910 et
3280 2872 3577 2928 quousque
3611 2871 3762 2908 vera

269 2945 634 3010 xxx,Moral.,
676 2959 724 2996 c.
765 2944 870 3012 l3.)
901 2943 1206 2997 Sciendum
1241 2948 1434 2995 autem
1465 2941 1618 3012 quod
1662 2958 1762 2994 nos
1795 2941 1956 3012 quin-
1987 2972 2028 3029 ρ
2068 2947 2463 3018 intelligentia
2511 2963 2660 3018 aqua
2716 2947 2928 3012 redeat,
2993 2945 3382 3016 inquisitionis
3439 2961 3642 2998 manus
3690 2944 3763 2998 ad

269 3049 378 3103 que
407 3032 593 3086 modis
616 3032 766 3103 gula
786 3031 985 3084 vitium
1011 3036 1205 3094 tentat,
1263 3042 1349 3084 etc
1381 3073 1396 3098 ,
1428 3046 1596 3100 usque
1641 3030 1717 3084 ad
1755 3035 1812 3085 et
1839 3046 1956 3084 non

267 3137 397 3190 qua
417 3119 623 3174 edendi
641 3119 829 3198 libido
861 3119 1136 3189 suggerit.

871 3260 1096 3315 CAPUT
1148 3260 1323 3315 XXVI.

339 3385 499 3439 Vens.
541 3388 644 3439 1-7.
677 3415 744 3424 —
793 3404 819 3434 α
849 3384 983 3439 Orta
1028 3388 1218 3437 autem
1268 3383 1416 3437 fame
1443 3400 1613 3455 super
1661 3388 1892 3439 terram.
1933 3406 1954 3432 ι

268 3477 373 3529 etc.
426 3475 613 3541 (Ana,
687 3473 882 3539 Quaest.
945 3475 1003 3526 in
1066 3473 1223 3537 Gen,
1293 3476 1434 3525 tom.
1497 3472 1616 3536 Ill.)
1675 3471 1961 3536 Quaritur

268 3560 496 3629 quando
518 3559 626 3614 hoc
675 3560 888 3614 factum
928 3560 1122 3626 fuerit,
1158 3559 1310 3631 quod
1360 3561 1512 3614 Isaac
1554 3560 1695 3614 abiit
1749 3561 1809 3615 in
1859 3563 1960 3617 Ge-

269 3663 416 3714 rara,
449 3653 578 3714 etc.,
621 3664 787 3717 usque
814 3649 889 3702 ad
918 3653 980 3703 ut
1021 3648 1409 3719 intelligamus
1463 3649 1802 3720 temporalia
1856 3667 1961 3705 nec

267 3736 392 3791 dari
437 3753 625 3808 posse,
685 3753 788 3790 nec
819 3737 1144 3808 prosperari
1175 3738 1402 3804 debere,
1437 3737 1542 3791 nisi
1569 3738 1641 3792 ab
1671 3755 1786 3794 uno
1821 3741 1955 3795 Deo.

341 3825 497 3879 Vens.
560 3827 812 3880 8-ll.—
845 3843 875 3878 α
940 3825 1199 3897 Cumque
1249 3825 1701 3897 pertradsissent,
1760 3848 1788 3876 ››
1848 3835 1955 3883 etc.

267 3912 445 3985 (1311).)
469 3916 514 3967 A
544 3918 803 3984 tempore
843 3913 1050 3968 Christi
1081 3930 1260 3985 usque
1298 3914 1366 3969 ad
1409 3914 1766 3969 Constantini
1814 3920 1958 3969 tem-

267 4017 408 4072 pora
437 4017 554 4056 non
593 4002 650 4055 iu
685 4005 972 4056 conventu
999 4003 1367 4073 populorum,
1402 4003 1498 4058 sed
1529 4009 1802 4075 tanquam
1857 4020 1960 4074 per

268 4089 514 4145 latebras
569 4091 989 4161 pradicabatur
1044 4091 1207 4160 iides,
1264 4091 1324 4145 in
1380 4098 1598 4146 secreto
1650 4107 1956 4162 congrega-

268 4179 476 4234 bantur
501 4179 846 4234 Christiani:
879 4179 1110 4233 tandem
1164 4179 1417 4234 videntes
1452 4179 1757 4234 Christiani
1804 4180 1957 4251 prin-

2069 3036 2453 3091 exhaurienda
2481 3035 2669 3090 cordis
2724 3039 2952 3090 terrena
2989 3050 3104 3088 non
3140 3038 3442 3103 torpeseat.
3477 3031 3764 3103 Allophyli

2067 3123 2404 3179 insidiantes
2449 3123 2922 3194 puteos'replent,
2992 3121 3129 3193 quia
3158 3120 3445 3175 immundi
3502 3121 3762 3190 spiritus,

2067 3228 2198 3266 cum
2255 3227 2359 3266 nos
2429 3211 2676 3266 studiose
2765 3210 2956 3264 fodere
3021 3209 3402 3280 conspiciunt,
3470 3207 3765 3262 molestias

2067 3299 2448 3354 tentationum
2477 3297 2921 3369 cogitationibus
2952 3297 3240 3368 ingerunt.

2139 3389 2302 3444 Vens.
2341 3390 2431 3454 20,
2470 3390 2560 3442 2t.
2604 3415 2677 3427 —
2710 3405 2739 3438 α
2767 3386 3051 3440 Adversus
3081 3391 3356 3457 pastores,
3391 3405 3418 3437 ››
3451 3389 3563 3440 etc.
3605 3386 3764 3455 (H15-

2071 3477 2229 3548 aos.)
2259 3477 2466 3548 Aquila
2511 3480 2568 3531 et
2595 3475 2989 3547 Symmachus,
3027 3494 3052 3527 ι
3093 3476 3396 3530 adversum
3443 3479 3499 3530 et
3532 3480 3758 3529 contra-

2068 3563 2240 3633 rium,
2273 3585 2301 3615 »
2335 3565 2772 3632 transtulerunt,
2815 3565 2910 3620 sed
2953 3564 3013 3618 in
3060 3565 3294 3619 Hebrao
3326 3563 3568 3618 habetur
3599 3583 3625 3615 α
3655 3564 3756 3618 Sa-

2067 3660 2232 3720 tana;
2285 3675 2313 3704 »
2361 3655 2509 3709 unde
2568 3657 2725 3725 patet
2773 3654 3041 3709 Satanam
3093 3655 3427 3708 contrarium
3483 3652 3766 3722 interpre-

2068 3742 2196 3797 tari.

2137 3831 2297 3885 Vens.
2346 3833 2533 3885 22-25.
2576 3859 2646 3871 —
2692 3849 2718 3881 α
2757 3828 3031 3884 Latitudo.
3065 3849 3092 3879 υ
3140 3829 3202 3882 In
3233 3829 3470 3884 Hebrao
3529 3829 3764 3884 Βενιοὸοι

2068 3923 2312 3985 (mam),
2347 3919 2687 3974 latitudines.
2723 3919 2883 3973 Unde
2913 3918 3187 3990 probatur
3213 3917 3358 3972 illud
3402 3917 3558 3988 quod
3586 3933 3761 3988 supra

2065 4023 2186 4079 cap.
2230 4023 2266 4061 x
2318 4007 2534 4062 dictum
2581 4012 2712 4062 est:
2765 4029 2788 4056 ι
2823 4008 2975 4077 "Ipse
3033 4005 3332 4061 aediﬁcavit
3365 4005 3654 4060 Ninivenn
3701 4011 3754 4060 et

2063 4096 2308 4162 rabooth,
2341 4095 2397 4150 id
2420 4099 2522 4164 est,
2554 4097 2771 4166 plateas
2801 4095 2942 4164 ejus.

2137 4202 2166 4235 α
2202 4185 2360 4238 Nunc
2393 4183 2667 4246 dilatavit,
2701 4201 2732 4236 ι)
2782 4188 2886 4238 etc.
2923 4183 3194 4237 Dilatatus
3225 4187 3309 4236 est
3350 4183 3522 4250 Isaac,
3558 4189 3616 4238 et
3667 4199 3756 4236 re-

265 4267 418 4338 cipes
465 4267 659 4321 saculi
703 4283 807 4338 per
859 4267 1135 4321 miracula
1187 4267 1391 4322 Christi
1433 4269 1788 4338 majestatem
1827 4284 1957 4322 con-
1996 4262 2040 4318 D
2071 4271 2248 4342 plevit
2277 4287 2504 4326 omnem
2536 4275 2749 4324 terram
2787 4269 3022 4324 scientia
3046 4269 3338 4324 Trinitatis
3369 4287 3382 4324 :
3417 4273 3473 4324 et
3527 4271 3585 4324 in
3633 4276 3756 4325 toto

267 4361 644 4426 temperatam
674 4355 942 4409 humana
969 4355 1309 4422 inﬁrmitati,
1363 4362 1425 4408 ut
1468 4356 1687 4426 possint
1733 4356 1957 4424 sociari,

268 4449 324 4498 et
370 4460 495 4498 esse
547 4463 574 4494 α
623 4443 736 4498 duo
781 4443 841 4497 in
881 4460 1051 4498 carne
1108 4460 1243 4513 una,
1276 4465 1303 4493 »
1359 4444 1484 4514 jam
1545 4444 1605 4498 in
1657 4444 1958 4499 manifesto

265 4531 474 4589 Christi
538 4536 593 4586 et
671 4531 932 4586 Ecclesia
999 4537 1410 4586 sacramentum
1481 4532 1780 4603 pradicari
1832 4549 1960 4605 per-

267 4621 566 4688 miserunt,
596 4623 652 4675 et
681 4620 778 4676 diu
818 4619 992 4674 fuisse
1026 4621 1420 4676 absconditum
1452 4621 1778 4677 doluerunt.

338 4729 365 4760 α
420 4709 571 4764 Vidit
628 4725 763 4764 eum
832 4709 1140 4779 jocantem,
1201 4730 1228 4758 »
1282 4715 1388 4764 etc.
1420 4711 1606 4780 (Ana)
1652 4711 1798 4776 Quid
1851 4711 1959 4766 sibi

265 4799 418 4866 velit,
451 4800 513 4854 in
542 4803 897 4854 sacramento
953 4797 1159 4854 Christi
1191 4804 1245 4855 et
1296 4799 1553 4854 Ecclesia
1605 4805 1737 4868 etc.,
1791 4816 1960 4870 usque

263 4887 339 4941 ad
370 4908 396 4937 α
427 4893 492 4942 ut
514 4887 798 4942 habitaret
823 4888 882 4942 in
913 4887 1092 4942 nobis.
1130 4907 1156 4939 n

335 4976 496 5030 Vens.
535 4979 724 5038 12,13.
768 5008 825 5020 —
875 4996 901 5028 ει
932 4977 1247 5033 Seminavit
1296 4983 1488 5032 autem
1532 4979 1684 5033 Isaac
1722 4977 1781 5032 in
1808 4983 1960 5033 terra

266 5085 294 5113 ι(
325 5063 444 5131 illa,
478 5083 504 5115 ››
538 5069 648 5121 etc.
693 5066 975 5137 (Ηιειιοκ.)
1005 5065 1157 5122 Licet
1206 5066 1265 5120 in
1296 5066 1484 5121 aliena
1534 5072 1686 5121 terra
1711 5067 1957 5122 semina-

264 5152 404 5206 verit
432 5153 603 5218 lsaac,
639 5169 755 5208 non
802 5160 942 5224 puto
988 5157 1140 5226 quod
1171 5160 1327 5211 tanta
1377 5156 1430 5210 ei
1460 5155 1663 5211 hordei
1694 5156 1958 5211 fertilitas

266 5242 456 5298 fuerit.
491 5243 648 5298 Unde
683 5242 887 5296 melius
934 5244 1184 5299 arbitror
1238 5244 1394 5316 quod
1446 5244 1691 5299 habetur
1740 5244 1800 5298 in
1855 5246 1958 5299 lle-

266 5329 441 5400 brao,
473 5336 531 5397 et
580 5331 734 5402 quod
792 5331 995 5404 Aquila
1030 5333 1365 5388 transtulit:
1421 5356 1442 5383 ι
1503 5333 1726 5389 Invenit
1767 5334 1828 5388 in
1860 5333 1958 5388 illo

262 5435 411 5473 anno
442 5420 773 5490 centuplum
823 5420 1182 5474 astimatum.
1243 5442 1269 5472 ιι
1326 5423 1536 5477 Taceizs
1581 5430 1773 5477 autem
1821 5421 1959 5477 Scri-

261 5512 427 5578 plura
481 5524 658 5580 genus
708 5509 936 5579 frugum
971 5509 1121 5580 quod
1197 5511 1677 5580 centuplicaverit,
1735 5511 1960 5566 videtur

2069 4360 2204 4415 orbe
2234 4359 2600 4414 latitudinem
2633 4359 2895 4413 Ecclesia
2925 4359 3240 4424 collocavit,
3273 4359 3432 4429 prius
3462 4363 3652 4413 tamen
3697 4360 3757 4413 in

2065 4451 2260 4504 Judaa
2316 4453 2506 4515 notus,
2566 4453 2622 4502 et
2665 4448 2725 4502 in
2766 4449 2938 4503 Israel
2993 4447 3324 4502 nominatus
3375 4464 3387 4476 ’
3412 4452 3610 4517 postea
3643 4448 3757 4502 «in

2068 4553 2300 4592 onmem
2352 4543 2564 4591 terram
2624 4536 2796 4591 exivit
2850 4553 3024 4591 sonus
3073 4552 3269 4591 eorum
3305 4537 3473 4603 (Psal.
3522 4538 3699 4607 XVIII),
3727 4555 3755 4587 ι)

2066 4626 2122 4681 id
2181 4631 2266 4681 est
2297 4626 2706 4698 apostolorum,
2741 4626 2842 4698 qui
2870 4641 2974 4697 per
2999 4625 3329 4680 universum
3377 4625 3571 4678 orbem
3605 4626 3757 4680 fode-

2067 4719 2203 4769 runt
2258 4720 2484 4786 puteos,
2539 4719 2598 4769 et
2653 4731 2803 4785 aqua
2857 4713 3123 4768 omnibus
3156 4713 3532 4767 ostenderunt
3574 4713 3758 4784 bapti-

2066 4807 2257 4857 zantes
2295 4818 2493 4857 omnes
2539 4808 2737 4874 gentes
2776 4797 2837 4856 in
2869 4802 3104 4856 nomine
3158 4800 3356 4865 Patris,
3410 4805 3468 4856 et
3521 4801 3647 4863 Filii
3704 4806 3762 4855 et

2065 4891 2312 4962 Spiritus
2366 4891 2546 4945 sancti
2599 4891 2819 4960 (Matth.
2874 4889 3049 4961 xvui).
3115 4909 3142 4940 ι)
3199 4890 3405 4945 Puteos
3447 4889 3758 4952 Abraham,

2067 4996 2213 5052 quos
2243 4979 2529 5052 apperuit,
2579 4980 2659 5034 sic
2708 4979 2927 5033 vocavit
2965 4979 3111 5033 sicut
3155 4983 3316 5050 pater
3359 4979 3518 5049 ejus:
3576 4979 3761 5034 Moses

2068 5067 2224 5122 enim
2254 5073 2310 5122 et
2344 5067 2640 5140 propheta
2669 5067 2822 5137 apud
2859 5082 2960 5120 nos
3015 5065 3132 5120 suis
3184 5065 3513 5120 nominibus
3562 5066 3761 5135 appel-

2067 5157 2278 5218 lantur,
2315 5172 2420 5210 nec
2447 5157 2652 5210 horum
2681 5160 2982 5210 mutantur
3005 5155 3279 5209 vocabula
3306 5159 3632 5225 puteorum.

2136 5245 2298 5298 Vens.
2331 5246 2520 5299 26-31.
2542 5273 2614 5284 —
2645 5263 2672 5293 α
2705 5244 2789 5298 Ad
2817 5259 2989 5316 quem
3020 5243 3230 5311 locum,
3274 5263 3301 5291 »
3334 5247 3440 5296 etc.
3475 5243 3761 5312 (ΗιειιοΝ.)

2066 5332 2395 5387 Abimelech
2425 5347 2542 5387 non
2567 5348 2793 5402 semper
2822 5347 3020 5402 pacem
3051 5332 3223 5385 habet
3259 5346 3388 5384 cum
3422 5331 3594 5395 Isaac,
3624 5334 3713 5385 etc
3743 5372 3757 5396 ,

2068 5438 2235 5492 usque
2259 5423 2332 5477 ad
2352 5426 2407 5476 et
2437 5421 2546 5476 alia
2575 5423 2740 5493 plura
2781 5427 2914 5476 sunt
2946 5421 3008 5475 in
3057 5421 3264 5493 quibus
3295 5420 3588 5475 nobiscum
3629 5421 3756 5491 phi-

2065 5510 2233 5582 sophi
2254 5510 2554 5575 dissident,
2582 5512 2666 5565 vel
2689 5510 3049 5565 concordant.
