4064 6186
219 319 323 373 153

1389 313 1640 369 GLOSSA
1679 308 2082 367 ORDINARIA.
2128 337 2194 349 —
2236 310 2362 364 LIB.
2404 307 2561 363 GEN.

3636 304 3738 356 154

212 435 453 490 Idumaei
483 450 553 488 ne
571 438 761 488 essent
780 432 1063 488 subJuda.
1098 452 1125 483 ι
1148 434 1510 504 Tempusque
1538 432 1742 494 veniet,
1766 436 1914 483 «etc.
1958 433 1999 485 Α
2032 427 2127 484 lib.
2164 448 2193 483 v
2226 431 2440 497 Moral.,
2474 444 2521 483 c.
2560 431 2643 494 ll,
2678 430 2811 480 tom.
2853 425 2913 494 ι.)
2946 425 3011 479 In
3043 422 3245 478 itinere
3274 421 3544 489 dormire,
3601 425 3690 475 etc
3720 463 3733 487 ,

212 524 382 589 Quasi
413 541 427 578 :
454 523 724 579 Iudaicus
760 522 1009 593 populus
1055 538 1089 575 a
1128 522 1403 577 servitute
1456 520 1669 591 peccati
1720 520 1778 572 in
1809 519 1921 572 line

212 612 577 675 liberabitur,
601 616 665 664 ut
693 627 826 664 cum
856 629 882 661 αι
941 610 1241 681 plenitudo
1298 609 1556 682 gentium
1606 608 1919 673 intraverit,

215 700 402 753 omnis
436 700 609 753 Israel
642 699 828 752 salvus
859 698 959 751 liet
999 701 1167 769 (Rom.
1203 699 1300 765 ιιι).
1335 718 1361 747 ι)

282 787 454 839 Vens.
513 787 608 841 41.
675 815 737 825 -
777 808 798 832 ι
855 784 1117 856 Dixitque
1175 784 1235 838 in
1269 784 1439 838 corde
1503 800 1626 836 suo.
1700 802 1725 832 ι)
1785 783 1923 837 Cum

210 876 507 944 Scriptura
535 874 702 938 dicat,
754 874 897 928 Esau
948 873 1008 927 iu
1042 873 1208 927 corde
1266 873 1452 927 suode
1504 877 1688 926 morte
1740 870 1926 925 fratris

214 967 511 1025 tractasse,
566 962 856 1033 quomodo
910 962 1054 1015 vela
1110 978 1222 1032 quo
1280 968 1413 1015 sunt
1487 961 1607 1015 haec
1665 961 1929 1014 nuntiata

216 1060 529 1115 Rebeccae?
559 1058 667 1114 Sed
690 1059 859 1113 datur
887 1058 1129 1129 intelligi
1152 1060 1307 1129 quod
1339 1060 1391 1113 ei
1425 1059 1696 1115 divinitus
1738 1059 1930 1113 omnia

214 1148 639 1203 revelabantur.
679 1148 918 1219 Propter
945 1147 1261 1202 insanabile
1317 1148 1514 1203 odium
1574 1150 1926 1219 Iudaeorum,

214 1254 319 1307 per
378 1237 649 1307 spiritum
696 1236 922 1290 consilii
984 1242 1334 1308 praeceptum
1378 1243 1461 1291 est
1524 1239 1789 1309 apostolis
1848 1246 1929 1308 ut,

214 1326 420 1380 relicta
450 1324 663 1389 Judaza,
690 1324 998 1380 transirent
1019 1326 1089 1381 ad
1140 1332 1359 1397 gentes.

294 1434 315 1461 ι
353 1411 597 1465 Venient
650 1411 771 1465 dies
818 1412 1025 1476 luctus,
1058 1431 1084 1463 ν
1138 1418 1244 1466 etc.
1316 1414 1555 1469 Nolebat
1607 1414 1762 1470 enim
1823 1415 1932 1469 hoc

216 1503 407 1557 facere
432 1500 655 1553 vivente
716 1504 893 1571 patre,
939 1517 1010 1555 ne
1050 1500 1366 1557 incurreret
1420 1504 1616 1557 odium
1695 1504 1846 1574 ejus,
1879 1508 1934 1557 et

219 1590 671 1645 malediceretur
702 1590 772 1644 ab
802 1606 889 1643 eo.

2033 536 2202 591 usque
2230 520 2304 574 ad
2335 538 2361 570 α
2394 518 2665 590 quoniam
2696 514 2883 569 suavis
2941 518 3026 568 est
3082 512 3373 567 Dominus.
3408 532 3435 560 »

2108 631 2266 683 Vens.
2326 630 2408 681 ll.
2460 654 2518 666 -
2554 643 2581 675 «ι
2632 623 2788 678 Tulit
2844 623 2914 676 de
2972 619 3275 692 lapidibus,
3330 637 3356 668 ι)
3398 622 3504 671 etc.
3564 617 3741 686 ([510.)

2039 718 2314 772 Dormilio
2368 714 2630 770 Jacohin
2686 712 2907 773 itinere,
2969 725 3121 764 mors
3172 706 3381 762 Christi
3434 703 3494 758 in
3539 720 3731 757 cruce.

2039 807 2201 877 Lapis
2228 804 2400 875 capiti
2422 802 2769 873 suppositus,
2811 800 3063 855 Christus
3114 802 3199 852 est
3258 795 3572 849 secundum
3638 792 3743 845 hu-

2038 896 2395 957 manitatem,
2425 907 2595 961 quem
2624 889 2792 944 Jacob
2825 889 3003 952 unxit,
3054 892 3113 941 ut
3173 885 3432 940 Christus
3485 881 3737 951 signare-

2036 986 2148 1049 fur,
2178 988 2399 1056 χρίστος
2423 981 2572 1035 enim
2597 982 2809 1046 Graece,
2836 982 3026 1031 unctus
3088 974 3296 1030 Latine.
3334 973 3514 1041 Caput
3546 973 3738 1022 autem

2038 1073 2293 1128 Christus
2321 1073 2483 1125 Deus.
2542 1069 2706 1140 Lapis
2765 1084 2900 1137 ergo
2944 1063 3114 1135 capiti
3162 1061 3332 1116 Jacob
3391 1057 3738 1127 suppositus,

2039 1164 2227 1232 signat
2256 1160 2669 1214 humanitatem
2698 1152 2701 1153 ⁷
2734 1154 2942 1210 Christi
2992 1154 3353 1220 conjunctam
3414 1148 3527 1200 Deo
3581 1160 3741 1198 assu-

2042 1251 2239 1305 menti.
2276 1268 2304 1299 «
2365 1250 2545 1318 Caput
2600 1246 2753 1301 enim
2810 1244 2914 1297 viri
2963 1240 3241 1302 Christus,
3305 1242 3477 1307 caput
3525 1234 3741 1288 Chrisri

2045 1342 2194 1395 Deus
2236 1339 2280 1409 (Ι
2316 1339 2437 1394 Cor.
2470 1338 2570 1406 ιιι.)

2116 1447 2275 1500 Vens.
2332 1448 2415 1499 l2.
2449 1473 2516 1485 —
2552 1466 2573 1491 ι
2634 1440 2895 1510 Viditque
2958 1438 3016 1490 in
3077 1433 3313 1500 somnis,
3367 1434 3473 1483 etc.
3512 1428 3742 1494 (Curam,

2042 1536 2244 1600 Regist.
2278 1534 2314 1587 l.
2351 1551 2387 1588 1.
2438 1532 2660 1602 611.24.)
2716 1528 2885 1583 Jacob
2956 1524 3353 1596 praedicatores
3407 1517 3595 1587 signat
3646 1516 3745 1585 qui

2044 1640 2160 1677 non
2186 1622 2369 1675 solum
2400 1626 2570 1690 caput
2617 1618 2898 1681 Ecclesiae,
2948 1615 3005 1668 id
3039 1617 3125 1666 est
3161 1609 3450 1665 Christum
3495 1608 3742 1657 contem-

290 1679 510 1781 (9‘09')
546 1678 704 1776 0³οᾳ
759 1684 950 1781 Sate?)
971 1678 1258 1781 ﬁcriptum
1298 1685 1407 1781 θεῖ’
1444 1680 1645 1781 id?“
1694 1682 1836 1734 E53"
1872 1680 1931 1734 in
1963 1715 2003 1769 Β
2040 1710 2251 1781 plaudo
2319 1678 2613 1779 appetunt,
2684 1705 2783 1758 sed
2822 1678 2895 1757 ad
2954 1700 3192 1756 menbra
3223 1696 3355 1751 illus
3416 1691 3745 1781 miserando

217 1768 394 1821 corde
423 1783 549 1831 suo,
588 1789 607 1813 ι
644 1766 931 1836 signiﬁcat
971 1767 1114 1821 Esau
1166 1773 1411 1823 mortem
1466 1769 1656 1824 fratris
1689 1786 1806 1824 non
1834 1787 1933 1823 su-

215 1854 340 1909 bita
368 1854 480 1919 ira,
505 1853 604 1907 sed
636 1853 891 1924 perfecto
924 1855 1129 1909 mentis
1159 1872 1436 1911 consensu
1495 1863 1807 1928 exoptasse.

292 1942 460 1996 Vsas.
494 1943 584 1996 42.
616 1972 685 1981 -
709 1960 737 1993 α
770 1942 1040 1996 Nuntiata
1073 1948 1207 1997 sunt
1248 1944 1369 1998 haec
1426 1945 1715 2014 Rebeccae,
1770 1965 1798 1997 ι)
1827 1948 1932 1998 etc.

220 2031 322 2085 Hic
360 2034 790 2100 consequenter
844 2031 1079 2101 ponitur
1132 2033 1331 2087 matris
1381 2033 1655 2103 obviatio,
1704 2048 1835 2089 cum
1859 2034 1939 2089 di-

223 2119 390 2184 citur,
434 2138 461 2168 ι
535 2118 803 2173 Nuntiata
848 2123 982 2172 sunt
1010 2120 1149 2174 hac.
1207 2140 1235 2171 ν
1269 2122 1342 2175 Ex
1390 2138 1505 2192 quo
1561 2127 1719 2193 patet
1784 2122 1939 2195 quod

227 2206 373 2260 Esau
441 2205 780 2276 praedictam
830 2206 1313 2263 machinationem
1364 2225 1483 2263 non
1535 2210 1615 2264 sic
1652 2210 1857 2265 celavit
1878 2210 1938 2265 in

223 2294 395 2347 corde
428 2310 553 2360 suo,
577 2294 719 2365 quin
741 2300 1043 2364 appareret
1068 2296 1317 2351 exterius
1356 2298 1416 2351 in
1438 2298 1617 2369 signis
1648 2303 1704 2353 et
1731 2298 1938 2353 verbis.

296 2403 323 2429 α
347 2381 494 2445 Quae
528 2383 757 2435 mittens
787 2388 841 2436 et
874 2400 1076 2438 vocans
1124 2385 1317 2451 Iacob,
1352 2405 1379 2437 ιι
1431 2393 1535 2441 etc.
1570 2388 1636 2442 Ut
1702 2387 1941 2442 induce-

224 2475 310 2523 ret
345 2486 486 2523 eum
519 2470 588 2524 ad
646 2471 900 2525 dandum
948 2472 1139 2526 locum
1194 2474 1295 2528 irai
1328 2478 1383 2529 et
1431 2476 1812 2531 recedendum
1869 2476 1941 2530 ad

226 2564 490 2627 tempus.
518 2558 819 2629 Sequitur:

298 2666 326 2696 α
353 2647 472 2701 Cur
505 2650 746 2717 utroque
778 2648 1023 2703 orbabor
1039 2649 1156 2703 tilio
1184 2649 1211 2702 τ
1241 2673 1268 2699 ››
1303 2656 1404 2705 etc.
1442 2653 1520 2705 Ac
1580 2652 1626 2705 si
1683 2652 1897 2706 diceret
1928 2670 1941 2707 :

226 2735 283 2791 Si
310 2735 556 2790 invadat
585 2740 659 2801 te,
711 2737 920 2807 poterit
974 2754 1095 2792 esse
1147 2740 1299 2810 quod
1356 2741 1524 2795 ambo
1578 2740 1735 2794 eritis
1776 2740 1948 2794 inter-

228 2823 389 2891 fecti,
424 2824 512 2878 vel
533 2823 580 2877 si
613 2841 761 2879 unus
826 2831 1139 2894 remaneat,
1196 2828 1482 2898 oportebit
1526 2829 1679 2900 quod
1727 2828 1802 2883 sit
1853 2828 1945 2881 fu-

228 2913 449 2981 gitivus
478 2928 516 2965 a
545 2928 653 2966 me.

307 3000 521 3053 «Dixit
569 3017 798 3072 quoque
853 3002 1126 3074 Rebecca,
1158 3023 1186 3055 ι)
1243 3009 1349 3059 etc.
1403 3005 1546 3070 Quia
1608 3004 1777 3060 Jacoh
1830 3020 1943 3058 non
1981 2999 2018 3052 C

229 3093 468 3159 poterat
498 3089 905 3143 convenienter
933 3091 1196 3145 recedere
1228 3092 1350 3145 sine
1373 3092 1513 3146 scitu
1556 3092 1754 3162 patris,
1818 3091 1948 3145 ideo

233 3175 495 3229 Rebecca
526 3176 803 3229 convertit
831 3193 888 3230 se
920 3178 990 3231 ad
1027 3178 1415 3233 inducendum
1446 3180 1598 3233 Isaac
1632 3184 1693 3233 ut
1750 3179 1949 3233 mitte-

234 3270 321 3317 ret
349 3263 529 3318 Jacob
585 3264 765 3319 tilium
808 3282 976 3320 suum
1034 3267 1104 3321 ad
1172 3268 1377 3335 Laban,
1438 3273 1501 3322 ut
1543 3267 1623 3321 ibi
1670 3262 1955 3339 acciperet

237 3368 482 3406 uxorem
518 3351 729 3408 dicens.

313 3461 336 3487 ι
371 3439 573 3493 Taedet
619 3455 728 3507 me,
755 3457 785 3492 ιι
817 3445 923 3494 etc.
976 3441 1036 3495 Id
1096 3444 1183 3495 est
1221 3446 1456 3513 propter
1508 3458 1709 3497 uxores
1759 3442 1946 3496 Esau:

239 3544 355 3581 non
388 3533 588 3582 autem
618 3528 758 3582 dixit
788 3530 894 3599 ipsi
914 3531 1068 3584 Isaac
1114 3530 1285 3584 aliam
1343 3548 1593 3599 causam,
1647 3530 1860 3586 scilicet
1880 3530 1951 3585 de

240 3614 674 3669 machinatione
705 3616 846 3670 Esau
878 3617 937 3670 in
971 3624 1212 3672 mortem
1233 3620 1430 3688 Iacob,
1460 3636 1531 3674 ne
1562 3621 1622 3674 in
1666 3624 1952 3674 senectute

240 3719 347 3757 sua
378 3702 553 3756 nimis
575 3703 946 3774 alﬂigeretur.

312 3812 340 3842 ει
374 3792 436 3847 Si
463 3795 748 3863 acceperit
775 3795 942 3849 Iacob
968 3812 1225 3863 uxorem,
1259 3816 1285 3846 ιο
1312 3801 1416 3850 etc.
1464 3798 1541 3851 Ac
1586 3796 1632 3850 si
1696 3797 1947 3852 diceret:

243 3880 299 3935 Si
323 3880 525 3952 diligis
560 3880 733 3935 vitam
772 3898 956 3936 meam
1010 3882 1171 3936 mitte
1200 3900 1331 3937 eum
1385 3884 1452 3937 ad
1498 3884 1732 3938 domum
1765 3884 1954 3939 fratris

246 3968 384 4034 mei,
416 3973 483 4021 ut
512 3968 593 4022 ibi
626 3968 1130 4041 accipiatuxorem.

881 4149 1106 4204 CAPUT
1136 4150 1368 4205 XXVIII.

321 4328 494 4381 Vitas.
536 4330 737 4382 l-9.—
769 4346 797 4379 α
830 4327 1058 4383 Vocavit
1089 4328 1284 4400 itaque
1343 4330 1517 4399 Isaac,
1555 4351 1577 4379 ι
1628 4338 1732 4387 etc.
1770 4333 1951 4399 (Ana,

249 4415 317 4479 ρ.
366 4417 429 4469 in
454 4414 617 4484 Gen.)
651 4414 812 4479 Quod
852 4416 1063 4472 habent
1120 4416 1301 4471 Latini
1330 4419 1551 4473 codices
1584 4437 1596 4474 :
1662 4442 1684 4469 ε
1722 4421 1870 4475 Vade
1902 4422 1959 4475 in

250 4504 729 4574 Mesopotamiam
795 4502 854 4558 in
912 4504 1147 4560 domum
1227 4506 1481 4572 Bathuel,
1524 4528 1551 4556 »
1608 4513 1737 4572 etc.,
1783 4510 1958 4564 Graeci

251 4592 519 4647 habent:
548 4615 569 4641 ι
600 4593 750 4663 Fuge
792 4593 854 4647 in
912 4594 1399 4664 Mesopotamiam,
1433 4615 1461 4647 η
1524 4601 1657 4665 etc.,
1680 4602 1743 4650 ut
1799 4598 1959 4651 intel-

252 4681 475 4751 ligatur
495 4682 669 4735 etiam
696 4682 845 4735 Isaac
889 4681 1233 4739 intellexisse
1277 4684 1428 4755 quod
1475 4686 1619 4739 Esau
1659 4686 1727 4739 de
1780 4691 1959 4740 morte

251 4770 453 4825 fratris
482 4770 771 4841 cogitavit.

332 4880 357 4908 ο
423 4859 719 4914 Profectus
774 4876 930 4916 vero.
962 4880 990 4913 ιο
1053 4860 1221 4931 (1510.)
1294 4862 1463 4918 Iacob
1524 4864 1746 4935 fugiens
1802 4863 1962 4919 dolos

255 4947 476 5014 fratris,
509 4946 707 5002 relicta
755 4949 927 5003 domo
972 4950 1175 5021 patria,
1231 4955 1289 5005 et
1333 4952 1691 5022 parentibus,
1732 4953 1879 5008 vadit
1906 4953 1961 5008 in

256 5035 562 5105 regionem
587 5035 977 5106 longinquam,
1002 5042 1064 5092 ut
1093 5038 1331 5109 accipiat
1385 5055 1643 5095 uxorem.
1691 5039 1965 5095 Similiter

256 5124 542 5191 Christus,
607 5124 816 5179 relictis
873 5126 1205 5197 parentibus
1255 5128 1573 5183 secundum
1622 5145 1872 5195 carnem,
1906 5130 1965 5184 id

259 5217 349 5267 est
374 5213 613 5280 Iudaeis,
647 5220 704 5267 et
732 5214 935 5284 patria,
969 5215 1026 5270 id
1048 5219 1133 5269 est
1170 5216 1575 5287 Hierosolyma,
1611 5222 1667 5270 et
1698 5218 1965 5273 omnibus

258 5301 479 5356 Iudaee
508 5301 861 5372 regionibus,
911 5304 1051 5358 abiit
1098 5304 1159 5358 in
1208 5309 1428 5374 gentes,
1451 5310 1514 5359 ut
1542 5306 1825 5376 acciperet
1858 5307 1964 5363 sibi

263 5390 594 5453 Ecclesiam,
651 5392 963 5447 secundum
1003 5394 1143 5449 illud
1202 5395 1361 5450 Osca:
1391 5410 1430 5448 ιι
1469 5411 1523 5450 τι
1590 5396 1808 5451 Vocabo
1848 5414 1965 5452 non

261 5480 496 5551 plebem
525 5496 740 5548 meam,
770 5500 798 5533 »
830 5486 935 5537 etc.

340 5570 504 5626 Vens.
539 5573 599 5624 l0
646 5602 710 5609 —
739 5593 760 5619 ι
821 5570 1003 5641 Igitur
1058 5588 1318 5644 egressus
1370 5573 1715 5640 Jacob,-etc.
1755 5574 1964 5642 (Caeca,

2046 1780 2436 1855 descendunt:
2492 1795 2647 1868 quod
2704 1791 2895 1863 angeli
2952 1788 3316 1844 ascendentes
3399 1780 3746 1837 descenden-

2044 1893 2243 1959 tesque
2272 1887 2685 1942 demonstrant.
2724 1884 2862 1937 lliuc
2908 1881 3087 1934 Moses
3142 1875 3342 1931 crebro
3403 1871 3741 1927 tabernacu-

2044 1978 2166 2032 lum
2187 1976 2377 2040 intrat,
2403 1980 2461 2029 et
2481 1974 2633 2039 exit;
2678 1976 2733 2027 et
2776 1971 2879 2042 qui
2899 1970 3064 2023 intus
3081 1966 3151 2020 ad
3201 1959 3749 2031 contemplationem

2045 2066 2286 2137 rapitur,
2319 2064 2457 2119 foris
2512 2061 2934 2116 inﬁrmantium
2986 2053 3233 2127 negotiis
3288 2055 3560 2121 urgetur;
3592 2047 3750 2101 intus

2047 2170 2252 2209 arcana
2304 2152 2643 2217 considerat,
2715 2148 2853 2203 foris
2923 2162 3099 2202 onera
3146 2140 3461 2198 carnalium
3535 2139 3747 2208 portat.

2048 2243 2152 2307 Qui
2209 2242 2279 2296 de
2335 2239 2525 2295 dubiis
2588 2252 2814 2308 semper
2866 2236 2934 2291 ad
2987 2230 3417 2288 tabernaculum
3486 2222 3747 2288 recurrit,

2049 2346 2240 2386 coram
2286 2326 2612 2383 testamenti
2665 2341 2796 2380 arca
2867 2321 3178 2377 Dominum
3233 2314 3498 2379 consulit,
3556 2325 3747 2365 exem-

2049 2421 2213 2491 plum
2252 2417 2565 2473 rectoribus
2614 2415 2901 2487 praebens,
2963 2415 3027 2465 ut
3076 2423 3207 2463 cum
3250 2404 3389 2460 foris
3449 2399 3752 2491 ambigunt

2050 2487 2191 2579 quid
2222 2508 2546 2578 disponant,
2575 2505 2649 2558 ad
2705 2506 2960 2557 mentem
3012 2494 3276 2585 quasigad
3319 2487 3750 2585 tabernaculum

2053 2598 2309 2663 redeant,
2355 2599 2410 2650 et
2431 2594 2585 2649 velut
2626 2608 2818 2647 coram
2875 2584 3199 2644 testamenti
3252 2597 3381 2637 arca
3444 2581 3749 2634 Dominum

2054 2686 2372 2752 consulant,
2408 2684 2478 2738 de
2533 2682 2740 2753 quibus
2777 2678 3057 2743 dubitant,
3109 2672 3260 2744 apud
3289 2686 3349 2724 se
3388 2668 3544 2722 intus
3608 2663 3752 2717 sacri

2054 2772 2267 2845 eloquii
2288 2771 2527 2844 paginas
2556 2768 2938 2840 requirentes.

2129 2879 2438 2933 .Iloralitm'.
2484 2877 2545 2929 In
2600 2874 2804 2927 itinere
2854 2868 3106 2926 dormire
3173 2870 3260 2920 est
3317 2863 3377 2917 in
3433 2862 3526 2914 via
3582 2858 3755 2929 hujus

2058 2968 2250 3022 saeculi
2277 2967 2345 3020 ab
2377 2963 2786 3035 impedimento
2839 2960 3130 3013 actionum
3168 2950 3529 3009 saecularium
3586 2947 3756 3019 quie-

2059 3072 2231 3111 scere.
2258 3054 2429 3110 Jacob
2455 3052 2746 3108 dormiens
2764 3049 2998 3119 angelos
3041 3045 3182 3098 vidit
3208 3058 3219 3095 :
3257 3040 3393 3113 quia
3422 3037 3504 3092 illi
3562 3036 3755 3091 divina

2058 3144 2431 3215 conspiciunt,
2497 3141 2597 3213 qui
2654 3141 2725 3193 ab
2783 3136 3039 3209 appetitu
3099 3128 3503 3201 temporalium
3560 3139 3754 3221 rerum

2060 3233 2254 3288 oculos
2275 3231 2546 3287 claudunt
2577 3246 2591 3284 :
2622 3244 2766 3300 quos
2796 3228 2940 3281 bene
2957 3226 3178 3279 clausos
3216 3219 3479 3274 diabolus
3534 3218 3758 3284 aperuit

2058 3321 2282 3376 dicens:
2318 3338 2345 3370 α
2379 3322 2444 3373 In
2475 3332 2815 3390 quacunque
2858 3314 2949 3369 die
2992 3308 3374 3377 comederitis,
3429 3303 3758 3376 aperientur

2060 3410 2212 3465 oculi
2242 3409 2411 3463 vestri
2440 3410 2594 3478 (Gen.
2632 3409 2730 3473 ιιι).
2754 3426 2781 3457 ι)

2134 3517 2316 3570 «Vidit
2344 3516 2405 3569 in
2429 3514 2664 3581 somnis,
2700 3533 2727 3563 »
2762 3518 2868 3566 etc.
2928 3511 3055 3581 (lsw
3084 3510 3103 3578 )
3153 3504 3358 3576 Angeli
3409 3517 3513 3574 per
3550 3496 3759 3553 scalam

2062 3607 2433 3659 ascendentes
2494 3608 2547 3657 et
2596 3601 3023 3665 descendentes,
3088 3594 3449 3666 evangelista
3506 3593 3641 3643 sunt
3704 3590 3762 3639 et

2060 3693 2466 3765 praedicatores
2519 3691 2748 3757 Christi,
2804 3689 3169 3743 ascendentes
3219 3684 3288 3737 ad
3329 3675 3760 3773 intelligendam

2066 3782 2428 3837 Divinitatem
2456 3798 2469 3849 ;
2502 3796 2729 3835 omnem
2782 3783 3100 3832 creaturam
3153 3772 3505 3829 excedentes.
3572 3769 3634 3819 ut
3672 3769 3761 3817 iu-

2064 3862 2293 3925 veniant
2320 3870 2378 3923 in
2400 3869 2683 3939 principio
2716 3867 2959 3920 Verbum
2992 3863 3141 3935 apud
3198 3863 3396 3923 Deum,
3458 3870 3561 3926 per
3589 3866 3761 3924 quem

2065 3960 2260 4015 omnia
2289 3959 2435 4012 facta
2491 3963 2641 4010 sunt.
2704 3954 3114 4009 Descendentes
3149 3953 3209 4002 ut
3262 3945 3554 4001 inveniant
3605 3956 3760 4006 eum,

2068 4070 2096 4098 «
2126 4049 2338 4103 factum
2360 4063 2427 4100 ex
2457 4046 2715 4111 muliere,
2758 4043 2967 4096 factum
2999 4038 3102 4092 sub
3157 4038 3300 4107 lege,
3334 4054 3360 4084 ι)
3410 4047 3515 4086 etc.
3574 4032 3638 4085 In
3668 4029 3765 4085 illa

2064 4136 2237 4191 etiam
2269 4135 2416 4189 scala
2442 4150 2476 4188 a
2504 4138 2654 4188 terra
2704 4146 2880 4201 usque
2914 4128 2986 4181 ad
3037 4125 3262 4188 ccelum,
3298 4140 3329 4177 a
3359 4136 3527 4175 carne
3582 4133 3765 4189 usque

2066 4225 2139 4281 ad
2164 4225 2429 4296 spiritum
2456 4241 2468 4278 :
2494 4223 2625 4293 quia
2654 4221 2713 4275 in
2740 4220 2837 4273 illa
2874 4218 3128 4271 carnales
3183 4210 3554 4285 proﬁciendo,
3602 4208 3767 4306 quasi

2068 4312 2421 4369 ascendendo
2454 4312 2773 4383 spirituales
2808 4310 2971 4363 liuut.
3006 4307 3086 4361 Ad
3144 4319 3285 4376 quos
3317 4304 3453 4354 lacte
3504 4304 3764 4353 nutrien-

2069 4403 2172 4458 dos
2232 4402 2556 4472 spirituales
2605 4400 2975 4462 descendunt,
3030 4395 3165 4467 quia
3220 4409 3334 4447 non
3400 4394 3635 4462 possunt
3686 4387 3768 4441 eis

2071 4492 2230 4564 loqui
2262 4490 2422 4562 quasi
2452 4488 2862 4562 spiritualibus,
2887 4486 2985 4539 sed
3027 4482 3190 4555 quasi
3236 4479 3577 4535 carnalibus.
3639 4479 3767 4546 Ipse

2070 4584 2156 4634 est
2185 4595 2410 4634 sursum
2435 4579 2495 4633 in
2521 4578 2726 4650 capite,
2760 4577 2881 4648 ipse
2913 4574 3179 4629 deorsum
3203 4570 3262 4624 in
3286 4584 3524 4638 corpore
3556 4583 3675 4629 suo,
3711 4564 3769 4619 id

2071 4673 2156 4722 est
2182 4668 2469 4733 Ecclesia;
2522 4668 2643 4737 ipse
2713 4666 2881 4731 scala,
2933 4662 3033 4735 qui
3111 4660 3192 4715 ait
3222 4660 3383 4713 Joan.
3430 4672 3602 4710 xivm
3653 4655 3767 4724 Ego

2070 4772 2195 4810 sum
2228 4756 2337 4821 via,
2368 4777 2390 4805 ι
2425 4759 2528 4810 etc.
2579 4755 2661 4810 Ad
2710 4754 2899 4825 ipsum
2956 4748 3299 4810 ascenditur,
3360 4746 3509 4800 utin
3540 4742 3770 4797 excelsis

2071 4844 2463 4916 intelligatur:
2498 4849 2554 4898 et
2601 4842 3058 4905 descenditur,ut
3089 4838 3147 4892 in
3194 4834 3467 4891 membris
3522 4832 3769 4904 parvulis

2075 4933 2362 4988 nutriatur
2393 4950 2406 5000 ;
2440 4949 2545 5003 per
2582 4933 2745 4988 illum
2765 4948 2823 4984 se
2856 4930 3106 4998 erigunt,
3139 4930 3201 4979 ut
3227 4924 3532 4978 sublimem
3575 4937 3768 4992 exspe-

2074 5028 2228 5078 ctent
2256 5039 2268 5077 :
2304 5029 2359 5076 et
2380 5022 2707 5087 humiliant,
2736 5026 2798 5074 ut
2826 5033 2959 5073 eum
2982 5013 3304 5070 sublimiter
3334 5018 3391 5066 et
3443 5016 3767 5082 temperan-

2074 5116 2160 5165 ter
2188 5111 2546 5165 annuntient.

2145 5218 2305 5271 Vrsas.
2344 5219 2523 5270 l3-l5.
2558 5246 2625 5255 —
2650 5236 2677 5264 «
2739 5216 2852 5285 Ego
2896 5229 3023 5267 sum
3057 5211 3333 5267 Dominus
3391 5212 3538 5266 Deus
3595 5209 3772 5264 Abra-

2080 5327 2107 5355 ‹‹
2138 5305 2293 5371 ham,
2333 5328 2354 5355 ι
2384 5311 2490 5359 etc.
2523 5303 2748 5375 Mystice
2803 5303 3064 5374 designat
3115 5302 3449 5357 mandatum
3508 5299 3771 5355 divinita-

2075 5396 2150 5449 tis
2188 5395 2254 5449 ad
2296 5394 2712 5448 humanitatem
2764 5392 2975 5449 Christi
3026 5393 3327 5455 directum.
3378 5390 3469 5445 cui
3516 5395 3689 5454 terra,
3713 5388 3771 5441 id

2076 5490 2183 5551 est,
2210 5482 2467 5547 Ecclesia,
2530 5482 2928 5556 promittitur;
2975 5487 3031 5536 et
3080 5481 3296 5535 semine
3345 5481 3512 5540 illitis,
3582 5478 3639 5531 id
3689 5482 3775 5530 est

2076 5573 2398 5629 Christiano
2434 5574 2665 5644 populo.
2702 5573 2862 5629 Unde
2893 5572 3091 5644 psalm.
3126 5588 3162 5625 ιι
3198 5586 3210 5624 :
3244 5592 3271 5620 «
3320 5571 3545 5642 pestula
3577 5582 3609 5619 a
3658 5583 3771 5629 me,
