4064 6186
308 346 407 398 155

919 344 1312 400 WALAFRIDI
1352 345 1599 400 STRABI
1642 345 1835 402 FULD.
1882 345 2042 401 MON.
2083 344 2236 403 OPP.
2281 346 2456 402 PARS
2495 346 2536 401 Ι.
2579 373 2646 383 -
2685 343 3140 400 THEOLOCICA.
3710 343 3806 394 t56

285 472 344 524 et
372 468 518 524 dabo
547 467 651 523 tibi
674 473 873 540 gentes
929 468 1316 524 hereditatem
1362 472 1538 537 tuam,
1571 472 1628 524 et
1681 467 1990 541 possessio-
2028 471 2068 526 Α
2101 469 2352 524 ctorinns
2395 472 2610 540 martyr
2670 467 2874 524 Rachel
2948 470 3005 521 et
3057 465 3213 522 Liam
3253 466 3312 521 in
3367 465 3804 521 similitudinem

291 571 424 610 nem
449 560 608 611 tuam
630 556 907 610 terminos
923 562 1109 618 terrae,
1137 575 1164 607 »

362 645 521 698 Vens.
596 647 680 705 t6.
725 648 806 698 l7.
863 675 931 684 -—
984 666 1004 693 ι
1075 645 1332 714 Cumque
1386 642 1728 713 evigilasset,
1790 662 1819 694 »
1877 648 1985 700 etc.

288 732 555 804 Quisquis
585 738 713 803 post
752 738 1045 804 torporem
1097 731 1315 785 inertia:
1364 731 1734 800 evigilaverit,
1767 735 1824 786 et
1888 747 1992 802 per

287 819 619 874 exercitium
650 819 785 875 boni
814 819 1002 889 operis
1021 835 1150 872 vere
1203 818 1603 880 exsurrexerit.
1626 818 1685 873 in
1748 819 1988 874 Ecclesia

287 908 813 978 supereminentem
879 908 1122 979 gratiam
1182 906 1283 962 Dei
1340 912 1398 960 et
1456 908 1755 963 introitum
1827 908 1992 980 regni

285 997 528 1052 caelestis
551 997 852 1067 intelliget.

360 1087 518 1140 Vens.
562 1088 642 1140 18.
671 1114 742 1125 -
773 1105 794 1133 ι
859 1085 1112 1152 Surgens
1165 1100 1323 1155 ergo,
1357 1104 1384 1134 ι»
1438 1089 1543 1138 etc.
1587 1082 1770 1154 (Auo.,
1818 1086 1882 1151 Q.
1932 1087 1991 1140 in

289 1177 450 1244 Gen.,
501 1179 638 1228 tom.
684 1174 796 1240 lll.)
849 1173 1009 1237 Quod
1061 1194 1086 1221 ‹‹
1132 1173 1357 1227 erexit:
1407 1173 1603 1242 Iacob,
1651 1195 1672 1222 ι
1739 1173 1989 1244 lapidem

288 1279 462 1332 quem
492 1261 664 1332 capiti
685 1267 1060 1332 supposuerat
1091 1284 1118 1309 ››
1168 1261 1228 1315 in
1281 1261 1531 1328 titulum,
1564 1265 1621 1316 et
1673 1260 1992 1332 superfudit

289 1352 501 1411 oleum.
537 1350 679 1404 nihil
736 1351 871 1404 fecit
923 1349 1261 1404 idololatriae
1308 1350 1533 1404 simile:
1565 1349 1700 1420 quia
1753 1365 1869 1404 non
1900 1350 1985 1404 vel

288 1448 421 1492 tunc
453 1441 536 1493 vel
582 1445 775 1511 postea
834 1438 1224 1509 frequentavit
1261 1437 1506 1510 lapidem
1565 1438 1858 1492 adorando
1889 1442 1988 1492 aut

287 1529 338 1581 ei
369 1527 738 1582 sacriﬁcando
769 1543 784 1595 ;
816 1527 912 1580 sed
943 1525 1172 1596 signum
1237 1525 1348 1580 fuit
1393 1532 1450 1580 et
1497 1527 1802 1598 prophetia
1851 1542 1988 1598 per-

289 1616 477 1669 tinens
498 1616 568 1669 ad
592 1614 938 1680 unctionem,
961 1615 1112 1668 unde
1143 1614 1399 1670 Christus
1424 1615 1649 1669 dicitur.

361 1706 524 1758 Vens.
588 1707 771 1758 l9-2t.
823 1733 893 1744 —
949 1723 978 1754 ι
1046 1703 1478 1774 Appellavitque
1552 1719 1765 1758 nomen
1831 1702 1990 1760 urbis

292 1791 553 1856 «Bethel,
612 1812 639 1842 υ
687 1795 800 1846 etc.
869 1791 1054 1858 Hii-23.,
1117 1792 1182 1846 de
1237 1792 1364 1847 locis
1403 1792 1733 1859 Hebraicis.)
1789 1793 1871 1846 Ab
1921 1809 1988 1847 eo

287 1880 443 1952 quod
474 1881 690 1934 dictum
713 1883 816 1946 est,
844 1901 871 1928 κ
891 1895 1063 1951 quam
1086 1879 1356 1935 terribilis
1376 1886 1462 1934 est
1482 1882 1638 1934 locus
1660 1881 1785 1947 iste,
1807 1902 1834 1930 ››
1856 1885 1987 1944 etc.,

289 1969 414 2022 loco
449 1983 660 2022 nomen
690 1968 934 2039 imponit
968 1969 1180 2033 Bethel,
1213 1969 1267 2023 id
1324 1973 1408 2023 est
1463 1969 1679 2024 domum
1734 1971 1856 2035 Dei,
1890 1969 1990 2040 qui

288 2063 420 2110 ante
485 2057 631 2111 Luza
708 2056 1034 2122 vocabatur,
1081 2056 1141 2111 id
1202 2061 1304 2121 est,
1363 2073 1480 2112 nua:
1509 2058 1592 2111 vel
1613 2057 1986 2127 amygdalum.

294 2144 449 2199 Unde
481 2145 717 2200 ridicule
747 2144 980 2217 quidam
1020 2145 1257 2200 verbum
1307 2144 1642 2200 Hebraicum
1693 2147 1854 2210 alam,
1889 2161 1989 2200 no-

293 2249 425 2287 men
460 2234 615 2288 urbis
637 2249 757 2288 esse
782 2237 988 2305 putant
1012 2249 1026 2288 :
1048 2249 1178 2287 cum
1201 2234 1348 2288 utam
1395 2233 1986 2304 interpretetur-prius.

294 2323 444 2378 Ordo
468 2339 605 2393 ergo
643 2323 748 2378 iste
805 2329 892 2376 est
933 2321 1224 2376 lectionis:
1289 2323 1518 2376 Vocavit
1573 2339 1781 2377 nomen
1837 2323 1992 2376 illius

290 2411 400 2464 loci
437 2411 643 2474 Bethel,
681 2414 738 2464 et
765 2411 925 2482 prius
984 2411 1130 2465 Luza
1173 2410 1514 2464 vocabulum
1575 2411 1838 2465 civitatis.
1873 2415 1992 2464 An-

294 2500 468 2570 tiquae
513 2500 947 2570 veroscripturaa
976 2499 1149 2553 verbo
1172 2500 1320 2553 utam
1348 2499 1433 2552 vel
1461 2499 1604 2553 alam
1623 2483 1777 2559 73351
1807 2499 1993 2569 plenae

291 2594 446 2653 sunt,
471 2589 624 2660 quod
655 2588 797 2643 nihil
817 2586 1101 2658 signiﬁcat
1131 2586 1240 2640 nisi
1266 2589 1421 2656 prius
1447 2587 1530 2641 vel
1577 2592 1703 2641 ante
1750 2587 1992 2642 vestibu-

290 2679 418 2740 tum,
457 2679 542 2731 vel
575 2678 1011 2747 superliminare,
1046 2676 1130 2729 vel
1161 2679 1360 2744 postes,
1420 2679 1527 2729 etc.

364 2767 524 2820 Vi-zas.
585 2770 674 2820 2‘2.
715 2795 776 2807 -—
833 2787 860 2813 κ
915 2765 979 2818 Et
1035 2763 1181 2834 lapis
1255 2763 1383 2832 iste,
1444 2761 1740 2817 vocabitur
1786 2763 1993 2818 domus

292 2874 320 2906 α
354 2855 453 2909 Dei
487 2877 513 2904 ››
546 2861 633 2909 etc
679 2853 988 2925 Prophetia
1026 2858 1111 2908 est
1153 2853 1360 2908 domus
1392 2851 1492 2906 Dei
1514 2851 1596 2906 ibi
1651 2854 1877 2917 futuras,
1912 2850 1991 2906 ibi

290 2949 350 2998 et
372 2943 492 3014 ipse
524 2943 751 2997 rediens
773 2944 888 2997 Deo
909 2940 1264 2996 sacrillcavit.

970 3081 1195 3138 CAPUT
1225 3081 1394 3138 XXIX.

364 3208 524 3262 Vsas.
544 3210 694 3262 1-10.
730 3236 789 3247 -
829 3228 850 3254 ι
883 3205 1172 3260 Profectus
1199 3220 1336 3275 ergo
1363 3203 1554 3270 Jacob,
1579 3224 1606 3256 υ
1631 3208 1737 3259 etc.
1786 3225 1814 3254 »
1847 3203 1994 3258 Vidit

295 3301 578 3367 aputeum
609 3295 672 3349 in
703 3310 862 3366 agro,
898 3313 927 3345 ιι
969 3299 1075 3348 etc.
1111 3296 1268 3363 Aqua
1299 3292 1457 3361 putei
1514 3293 1752 3347 scientia
1780 3291 1990 3346 Veteris

291 3381 634 3439 Testamenti
660 3398 672 3436 :
705 3397 879 3452 quam
908 3379 1053 3451 lapis
1084 3380 1399 3442 claudebat,
1449 3379 1584 3450 quia
1613 3380 1804 3434 littera
1850 3378 1994 3450 legis

288 3470 648 3543 spiritualem
701 3485 935 3523 sensum
987 3467 1046 3522 in
1100 3484 1168 3522 eo
1220 3467 1512 3534 celabat,;
1560 3468 1656 3522 sed
1721 3467 1988 3523 veniente

288 3557 512 3614 Christo
542 3555 688 3628 lapis
745 3561 996 3610 remotus
1026 3560 1134 3621 est,
1183 3569 1314 3608 cum
1363 3570 1466 3626 per
1514 3553 1986 3626 praedicationem

289 3647 433 3702 Novi
487 3644 834 3702 Testamenti
917 3644 1121 3700 umbra
1193 3642 1335 3714 legis
1395 3644 1618 3698 exclusa
1663 3649 1720 3698 et
1784 3643 1993 3700 veritas

290 3734 583 3806 Evangelii
620 3733 896 3806 patefacta
928 3737 1030 3788 est.

361 3825 680 3890 Allegorire.
759 3823 864 3876 Per
936 3826 1174 3893 puteum
1229 3820 1566 3892 baptismus.
1620 3835 1726 3892 per
1791 3836 1994 3891 agrum

291 3913 539 3968 mundus
565 3910 904 3983 exprimitur
933 3926 945 3965 :
976 3926 1078 3981 per
1127 3914 1242 3965 tres
1289 3924 1490 3981 greges
1524 3909 1689 3979 juxta
1751 3913 1993 3979 puteum

288 4002 650 4065 accubantes,
708 3999 1012 4071 signantur
1065 3998 1151 4053 illi
1209 3998 1307 4070 qui
1339 3998 1413 4053 ad
1473 3998 1646 4053 ﬁdem
1701 3996 1994 4052 Trinitatis

288 4089 626 4162 capiendam
657 4088 968 4159 pertinent,
1026 4087 1086 4141 in
1135 4087 1456 4142 humilitate
1509 4091 1839 4158 expetentes
1893 4086 1992 4141 ba-

290 4178 488 4249 ptismi
519 4177 781 4248 gratiam.

361 4265 715 4336 «Lapidem.
763 4284 790 4314 ι)
854 4263 1071 4318 Duritia
1123 4262 1499 4330 inﬁdelitatis,
1576 4280 1690 4334 qua
1753 4263 1990 4334 abjecta,

290 4353 607 4426 percipitur
627 4352 944 4424 baptismus
974 4351 1122 4406 vitae.
1159 4353 1420 4407 Pastores
1465 4355 1658 4406 autem
1685 4357 1817 4407 sunt
1841 4368 1986 4423 pra:-

289 4443 394 4500 lati
439 4441 717 4506 Ecclesiae,
743 4440 864 4511 qui.
894 4445 1083 4495 amoto
1115 4441 1325 4510 lapide,
1358 4456 1462 4511 per
1493 4439 1667 4495 Jacob
1705 4440 1990 4512 adaquare

289 4548 492 4605 greges
513 4530 784 4602 cupiunt:
841 4527 976 4600 quia
1007 4528 1227 4583 Christo
1268 4529 1562 4583 auferente
1595 4527 1991 4583 inﬁdelitatem

289 4623 359 4675 al.
388 4635 590 4675 eorum
644 4617 910 4672 cordibus
961 4633 1106 4688 quos
1174 4615 1599 4687 praedestinavit
1651 4615 1722 4670 ad
1799 4632 1991 4671 sacra—

291 4715 550 4765 mentum
575 4705 864 4779 baptismi,
883 4705 1195 4760 abluuntur
1225 4705 1380 4760 unda
1430 4704 1866 4776 puriﬁcationis.

362 4799 712 4853 Vaale-l9.
745 4824 814 4836 --
843 4817 870 4845 «
899 4795 1194 4850 Osculatus
1236 4797 1320 4847 est
1350 4810 1496 4848 eam.
1526 4813 1552 4844 υ
1607 4793 1793 4863 (Ana)
1848 4793 1992 4848 Con-

293 4884 613 4939 suetudinis
641 4883 751 4940 fuit
778 4883 1024 4938 maxime
1056 4882 1116 4936 in
1167 4881 1267 4936 illa
1317 4881 1679 4952 simplicitate
1735 4880 1996 4951 antiquo-

299 4989 444 5038 rum,
481 4978 542 5026 ut
564 4972 875 5044 propinqui
905 4970 1259 5042 propinquos
1289 4969 1699 5035 oscularentur,
1731 4974 1789 5023 et
1820 4969 1993 5024 hodie

297 5063 363 5117 ﬁt
383 5061 440 5116 id
471 5060 668 5114 multis
720 5061 880 5115 locis.
937 5059 1045 5116 Sed
1083 5059 1266 5132 quaeri
1315 5061 1503 5130 potest
1557 5057 1844 5130 quomodo
1899 5057 1997 5111 illa

298 5151 369 5205 ab
399 5148 595 5219 ignoto
617 5148 874 5202 osculum
919 5148 1221 5218 acceperit,
1256 5147 1302 5201 si
1326 5151 1522 5219 postea
1539 5145 1808 5200 indicavit
1827 5145 1996 5201 Jacob

298 5235 787 5310 propinquitatem
809 5237 838 5290 ?
860 5237 1002 5308 Ergo
1025 5235 1463 5306 intelligendum
1494 5239 1582 5290 est
1612 5251 1626 5289 :
1660 5237 1760 5288 aut
1810 5234 1996 5297 illum,

296 5327 398 5400 qui
453 5323 940 5396 propinquitatem
1008 5329 1261 5391 noverat,
1329 5324 1570 5380 ﬁdenter
1621 5323 1681 5378 in
1739 5323 1999 5378 osculum

299 5414 554 5481 irruisse,
578 5417 677 5468 aut
706 5415 903 5484 postea
930 5412 1280 5485 Scripturam
1348 5429 1607 5468 narrasse
1637 5428 1743 5484 per
1779 5413 1998 5483 recapi-

298 5501 654 5562 tulationem.
689 5515 820 5554 cum
841 5499 1096 5570 primum
1124 5489 1292 5554 Iacob
1323 5500 1658 5554 indicaverit
1687 5499 1814 5571 quis
1831 5503 1995 5553 esset.

373 5593 536 5646 Vens.
577 5593 757 5645 ili-I9.
791 5618 859 5629 —
894 5608 920 5640 α
985 5589 1201 5643 Nomen
1242 5589 1474 5658 majoris
1528 5589 1642 5652 Lia,
1685 5609 1712 5640 υ
1745 5593 1849 5643 etc.
1915 5589 2002 5642 Vi-

2099 559 2358 612 Ecclesiae
2379 563 2436 613 et
2456 559 2773 628 Synagogaa
2822 555 3230 626 interpretatus
3293 559 3396 610 est.
3473 554 3629 609 Liam
3686 569 3808 607 ma-

2093 648 2284 719 jorem
2323 652 2462 701 natu
2521 645 2884 717 Synagogam
2930 643 3251 715 signiﬁcare
3307 637 3614 708 existimat,
3671 641 3808 714 quia

2099 741 2258 812 prior
2285 741 2565 813 populum
2600 740 2697 795 Dei
2728 739 2928 810 genuit
2961 755 2972 793 :
3010 754 3140 809 qua:
3177 737 3354 791 oculis
3385 736 3546 806 lippa
3575 732 3805 788 dicitur‘

2099 829 2237 901 quia
2268 831 2354 884 lex
2375 844 2479 901 per
2533 829 2726 883 Mosen
2769 827 2900 882 data
2949 830 3251 896 cooperata
3305 829 3389 879 est
3435 829 3493 878 et
3558 822 3804 894 signata.

2099 918 2308 973 Rachel
2339 917 2530 972 minor
2561 923 2618 971 et
2638 916 2894 986 pulchra,
2930 915 3090 985 prius
3121 912 3330 968 sterilis
3363 916 3490 983 post
3538 908 3804 973 fecunda,

2098 1005 2400 1060 Ecclesiam
2431 1004 2636 1075 signat,
2672 1020 2801 1075 quae
2831 1008 3089 1073 tempore
3137 999 3439 1072 posterior.
3483 997 3580 1052 sed
3611 1000 3808 1050 sancta

2096 1110 2330 1165 corpore
2351 1099 2407 1149 et
2441 1093 2666 1164 spiritu.
2699 1091 2848 1146 Oculi
2878 1093 3000 1162 ejus
3019 1090 3230 1155 decori,
3256 1088 3395 1160 quia
3418 1085 3798 1157 Evangelium

2096 1183 2288 1238 videre
2321 1185 2672 1237 meruerunt.
2732 1181 2838 1236 Sed
2897 1181 2994 1234 diu
3034 1179 3242 1232 sterilis
3302 1177 3438 1231 dum
3497 1176 3806 1245 Syuagoga

2097 1273 2374 1342 populum
2428 1269 2735 1341 generavit.
2793 1271 2898 1323 Pro
2958 1267 3163 1322 Rachel
3215 1266 3385 1321 Jacob
3453 1262 3700 1328 servivit,
3749 1271 3808 1316 et

2099 1359 2442 1431 supponitur
2467 1359 2517 1412 ei
2551 1359 2690 1412 Lia:
2742 1357 2876 1429 quia
2926 1356 3179 1411 Christus
3226 1361 3288 1408 ut
3335 1352 3635 1408 Ecclesiam
3695 1352 3805 1404 sibi

2099 1453 2431 1514 assumeret,
2475 1447 2630 1518 prius
2649 1446 2755 1500 sibi
2789 1446 3152 1517 Synagogam
3182 1442 3494 1513 conjunxit.

2170 1537 2330 1591 Vens.
2361 1539 2553 1592 20-33.
2584 1565 2640 1576 —
2675 1557 2700 1585 ‹‹
2749 1534 2986 1590 Servivit
3043 1549 3178 1604 ergo
3230 1532 3403 1587 Jacob
3459 1545 3562 1601 pro
3597 1527 3806 1582 Ral-liel

2101 1646 2128 1676 «
2163 1632 2377 1696 septem
2409 1625 2590 1678 annis.
2629 1643 2654 1675 ι)
2707 1623 2956 1679 Servitus
3008 1623 3178 1677 Jacob
3241 1625 3458 1692 septem
3518 1633 3807 1672 annorum

2017 1751 2059 1807 Β
2099 1729 2203 1784 pro
2231 1713 2452 1767 duabus
2482 1712 2773 1779 uxoribus,
2803 1710 3103 1782 praesentis
3133 1709 3262 1763 vita),
3311 1713 3538 1778 tempus
3592 1705 3808 1776 signat,

2101 1802 2253 1873 quod
2285 1806 2501 1872 septem
2532 1801 2732 1856 diebus
2763 1799 3046 1866 volvitur;
3089 1799 3148 1852 in
3206 1814 3318 1869 quo
3370 1795 3645 1850 Dominus
3691 1794 3806 1847 for-

2101 1909 2254 1947 mam
2286 1891 2430 1948 servi
2461 1892 2699 1963 accepit,
2736 1890 3006 1944 obediens
3029 1889 3181 1944 Patri
3213 1902 3393 1958 usque
3437 1886 3504 1940 ad
3538 1889 3804 1938 mortem.

2097 1982 2270 2036 Jacob
2326 1980 2568 2047 servivit,
2637 1980 2772 2050 quia
2804 1999 2831 2030 a
2871 1978 3022 2032 ﬁlius
3057 1977 3307 2031 hominis
3363 1992 3478 2029 non
3510 1975 3660 2029 venit
3696 1973 3806 2026 mi-

2101 2068 2350 2135 nistrari,
2411 2068 2508 2122 sed
2589 2067 2912 2121 ministrare
2997 2065 3222 2135 (Matth.
3284 2079 3462 2118 xx»:
3526 2063 3624 2115 Ille
3669 2078 3807 2114 oves

2101 2158 2272 2230 pavit,
2307 2163 2364 2211 et
2389 2157 2645 2212 Christus
2675 2155 2808 2210 dixit
2844 2155 3032 2225 (Joan.
3062 2154 3116 2224 x)
3143 2169 3156 2206 :
3187 2174 3214 2200 ‹‹
3259 2153 3372 2222 Ego
3419 2167 3546 2206 sum
3608 2155 3801 2220 pastor

2098 2246 2303 2300 bonus.
2348 2265 2376 2297 ιο
2420 2245 2518 2299 Ille
2557 2260 2659 2316 pro
2683 2243 2941 2298 mercede
2971 2242 3188 2296 varium
3221 2257 3390 2311 pecus
3419 2239 3523 2293 sibi
3546 2239 3801 2292 abstulit:

2101 2334 2354 2389 Christus
2403 2333 2758 2388 diversarum
2811 2329 3070 2402 gentium
3119 2330 3454 2383 varietatem
3502 2327 3608 2382 sibi
3664 2343 3802 2380 con-

2101 2420 2378 2492 gregavit.
2438 2420 2537 2475 llle
2582 2424 2695 2474 tres
2743 2417 2930 2489 virgas
3004 2416 3316 2488 amputatis
3385 2416 3690 2470 corticibus
3737 2415 3802 2468 in

2101 2508 2272 2564 alveis
2316 2523 2595 2580 aquarum
2654 2507 2864 2579 posuit,
2913 2511 2975 2560 ut
3036 2521 3234 2559 carum
3319 2503 3804 2574 contemplatione

2099 2595 2809 2666 multiplicareuturoves:
2845 2599 2902 2647 et
2952 2593 3230 2648 Dominus
3285 2598 3478 2646 noster
3536 2592 3596 2644 in
3651 2606 3801 2660 aqua

2102 2683 2462 2756 baptismatis
2510 2683 2686 2737 trium
2765 2697 3142 2753 personarum
3201 2680 3438 2735 nomina
3494 2678 3694 2745 Patris,
3745 2682 3806 2731 et

2105 2772 2252 2838 Filii,
2284 2777 2340 2827 et
2368 2771 2602 2843 spiritus
2645 2770 2850 2837 sancti,
2900 2770 3115 2840 populo
3161 2769 3314 2823 fideli
3375 2765 3694 2838 proposuit,
3738 2771 3806 2820 ut

2102 2860 2202 2933 qui
2222 2860 2329 2914 hoc
2347 2860 2515 2932 pleno
2573 2859 2738 2914 corde
2778 2859 3151 2930 prospexerit,
3187 2856 3465 2912 efﬁciatur
3506 2855 3642 2909 ovis
3680 2854 3801 2909 Dei.

2177 2969 2204 3001 α
2241 2951 2305 3004 Et
2341 2949 2682 3004 videbantur
2746 2947 2831 3002 illi
2878 2945 3045 3016 pauci
3077 2946 3218 3012 dies,
3250 2965 3278 2997 ιι
3332 2949 3438 2999 etc.
3502 2941 3805 3009 Quomodo

2026 3031 2066 3087 C
2102 3037 2212 3092 hoc
2241 3037 2453 3092 dictum
2477 3036 2546 3090 sit
2568 3036 2942 3108 quaerendum
2965 3039 3050 3089 est
3075 3050 3206 3089 cum
3236 3037 3288 3088 et
3353 3033 3523 3088 breve
3578 3036 3805 3101 tempus

2102 3127 2342 3197 longum
2373 3126 2632 3180 videatur
2669 3123 3042 3180 amantibus?
3094 3123 3315 3177 Dictum
3381 3125 3464 3175 est
3499 3137 3636 3190 ergo
3681 3137 3803 3190 pro-

2105 3219 2232 3283 pter
2260 3213 2516 3267 laborem
2549 3211 2856 3276 servitutis,
2880 3227 3050 3281 quem
3086 3209 3309 3263 facilem
3350 3209 3590 3263 faciebat
3613 3223 3798 3262 amor.

2176 3300 2361 3371 (Auc.,
2397 3299 2496 3354 lib.
2530 3315 2641 3353 xxn
2697 3302 2894 3352 contra
2939 3298 3258 3367 Faustum.)
3293 3298 3397 3352 Pro
3438 3295 3657 3371 ingenti
3689 3295 3801 3348 cri-

2103 3370 2259 3443 mine
2321 3387 2670 3458 objiciuntur
2732 3385 2903 3441 Jacob
2942 3390 3188 3457 quatuor
3230 3370 3451 3440 uxores;
3505 3383 3613 3438 Sed
3655 3400 3800 3454 quo-

2103 3475 2258 3530 niam
2287 3481 2424 3530 tunc
2453 3491 2574 3529 mos
2595 3478 2736 3540 erat,
2763 3473 2979 3528 crimen
3038 3489 3156 3528 non
3211 3477 3366 3541 erat;
3409 3487 3560 3526 nunc
3606 3476 3801 3526 autem

2102 3563 2320 3618 crimen
2341 3567 2448 3631 est,
2480 3561 2612 3634 quia
2657 3578 2783 3616 mos
2838 3577 2957 3616 non
3005 3565 3109 3626 est,
3159 3564 3290 3629 etc.,
3340 3576 3507 3631 usque
3559 3559 3634 3614 ad
3691 3558 3803 3613 nisi

2101 3651 2578 3722 concupiscentiae
2607 3649 2851 3712 carnalis
2881 3648 3200 3721 ﬂagrantia.
3279 3709 3284 3712 ,

2176 3743 2347 3808 (Isin,
2379 3743 2439 3795 in
2478 3741 2636 3807 Gem,
2684 3745 2824 3793 tom.
2877 3737 2964 3808 V)
3025 3739 3159 3792 Duae
3207 3741 3340 3791 sunt
3390 3752 3525 3806 ergo
3597 3750 3804 3788 uxores

2102 3829 2274 3885 Iacob
2333 3829 2548 3896 liberie,
2596 3828 2781 3882 ambas
2829 3825 2982 3880 enim
3064 3824 3198 3880 ﬁlia:
3255 3817 3606 3878 remissionis
3664 3839 3806 3892 pec-

2103 3926 2382 3984 catorum,
2419 3922 2550 3983 etc.,
2593 3931 2764 3986 usque
2812 3915 2887 3970 ad
2944 3917 3000 3968 et
3052 3913 3195 3968 vidit
3233 3913 3292 3966 in
3328 3911 3609 3983 principio
3667 3912 3804 3964 Ver-

2103 4007 2242 4063 bum
2265 4006 2416 4078 apud
2448 4007 2644 4066 Deum,
2676 4009 2733 4060 et
2758 4004 3114 4074 vultparere,
3143 4013 3198 4056 et
3254 4017 3372 4055 non
3429 4004 3633 4072 potest,
3666 3999 3806 4071 quia

2107 4118 2134 4145 ‹‹
2157 4095 2588 4167 generationem
2619 4093 2743 4164 ejus
2785 4091 2916 4164 quis
2946 4091 3278 4147 enarrabit?
3303 4112 3330 4142 υ
3351 4091 3490 4160 (Act.
3527 4089 3668 4158 vui.)

2175 4183 2350 4253 (1510.)
2386 4185 2521 4238 Duae
2559 4182 2754 4238 liberae
2802 4196 3008 4235 uxores
3052 4179 3248 4247 Jacob,
3299 4178 3433 4250 quia
3483 4177 3613 4232 duae
3670 4177 3807 4231 vitae

2104 4272 2348 4329 nobisin
2379 4287 2616 4342 corpore
2643 4271 2772 4325 Jesu
2794 4267 3002 4324 Christi
3031 4267 3433 4338 praedicantur,
3467 4270 3597 4334 etc.,
3634 4280 3806 4334 usque

2105 4359 2308 4415 adSed
2333 4359 2442 4412 hoc
2472 4373 2588 4412 non
2629 4360 2815 4428 potest
2870 4355 2932 4410 in
2995 4359 3148 4410 terra
3201 4354 3590 4420 morientium,
3619 4352 3800 4424 .quod

2099 4447 2188 4503 his
2213 4446 2399 4501 verbis
2429 4445 2800 4516 signiﬁcatur.

2170 4536 2330 4590 Vens.
2362 4537 2451 4589 26°
2487 4563 2554 4574 —
2587 4552 2615 4584 α
2671 4533 2792 4586 Non
2823 4535 2908 4586 est
2938 4531 2995 4587 in
3058 4531 3180 4586 loco
3239 4532 3432 4584 nostro
3489 4534 3800 4583 consuetu-

2106 4645 2133 4674 «
2165 4623 2384 4692 diuis,»
2413 4625 2518 4678 etc.
2556 4621 2678 4692 (In.,
2711 4621 2870 4690 ibid.)
2917 4619 3094 4690 Major
3123 4619 3441 4690 appellatur
3497 4633 3628 4688 quae
3657 4621 3801 4670 tem-

2104 4727 2242 4784 pore
2267 4711 2425 4783 prior
2454 4714 2556 4772 est,
2599 4714 2730 4774 etc.,
2753 4724 2924 4777 usque
2948 4708 3015 4761 ab
3038 4707 3109 4762 ad
3162 4722 3338 4759 unum
3395 4721 3533 4776 ergo
3560 4703 3802 4759 tenden-

2104 4801 2263 4864 dum,
2297 4801 2394 4852 sed
2422 4803 2658 4869 propter
2688 4798 2796 4851 hoc
2827 4799 3004 4850 multa
3030 4795 3283 4850 ferenda.

2175 4889 2234 4942 In
2268 4927 2282 4954 ,
2309 4885 2470 4954 ibid.)
2509 4883 2753 4939 Proinde
2791 4883 2903 4937 vita
2957 4899 3086 4955 qua:
3128 4882 3308 4936 studio
3366 4879 3808 4952 contemplatio-

2105 4976 2195 5031 nis
2249 4974 2542 5045 competit,
2599 4977 2739 5038 etc.,
2772 4988 2941 5043 usque
2995 4972 3070 5026 ad
3092 4972 3242 5026 unde
3295 4969 3446 5025 infra
3482 4985 3587 5025 xxx
3629 4970 3808 5022 :«Ze-

2105 5063 2258 5120 labat
2285 5063 2491 5119 Rachel
2522 5077 2776 5116 sororem
2811 5077 2991 5116 suam.
3029 5081 3055 5110 »

2178 5154 2310 5223 )ῐυ.,
2341 5152 2502 5222 ibid.)
2533 5150 2779 5206 Proinde
2831 5150 2967 5222 quia
3009 5164 3188 5221 purus
3237 5147 3563 5202 intellectus
3613 5146 3682 5202 de
3713 5146 3814 5201 illa

2110 5241 2303 5297 divina
2323 5240 2660 5308 substantia,
2707 5244 2836 5306 etc.,
2894 5254 3064 5307 usque
3105 5237 3180 5291 ad
3243 5252 3360 5291 non
3398 5236 3535 5308 quia
3572 5251 3809 5290 numen.

2799 5381 3025 5436 CAPUT
3045 5380 3189 5434 XXX.

2181 5499 2344 5553 Vens.
2377 5499 2558 5554 υνδε.
2599 5525 2651 5538 -
2683 5518 2709 5548 ς
2772 5498 3043 5567 Egressus
3099 5497 3291 5547 autem
3334 5491 3559 5559 Ruben,
3616 5510 3646 5542 io
3703 5495 3809 5546 etc.

2115 5590 2300 5656 (Ana,
2329 5587 2426 5642 lib.
2459 5591 2786 5641 xxucontra
2853 5582 3160 5648 Faustum.)
3200 5583 3386 5646 Quare
3438 5597 3558 5634 rem
3593 5585 3812 5650 gestam
