4064 6186
183 332 240 383 15

211 332 271 379 57
1350 327 1601 385 GLOSSA
1642 328 2045 385 0RD|NAltlA.
2090 356 2154 366 -
2200 327 2327 383 LIB.
2369 326 2522 382 GEN.
3600 327 3693 379 158

175 450 473 522 Scriptura
495 467 610 506 non
642 449 840 517 tacuit,
877 456 1006 512 etc.,
1053 466 1223 523 usque
1258 450 1333 505 ad
1378 455 1433 506 et
1479 449 1757 523 quidquid
1806 450 1875 505 de
1916 454 1957 507 Δ
1988 449 2195 503 Galaad
2227 464 2357 504 cum
2387 448 2579 503 furore
2608 446 2759 502 idola
2793 447 3116 519 requirens,
3152 462 3255 501 nec
3294 445 3523 518 reperit.
3581 446 3689 500 La-

177 541 274 594 hac
311 541 408 612 pie
442 544 497 594 et
545 540 837 611 sapienter
886 541 1114 607 dicitur,
1155 541 1272 594 sine
1316 541 1709 611 phantasmate
1754 557 1874 594 car-

180 630 317 682 nalis
349 629 716 699 cogitationis
746 630 1052 683 salubriter
1083 630 1168 683 vel
1194 646 1259 683 ex
1294 634 1453 699 parte
1481 629 1755 700 capiatur.

245 741 270 761 ‹‹
310 720 585 787 Egressus
616 724 811 771 autem
861 719 1082 783 Ruben,
1132 725 1300 771 etc.»
1355 719 1541 788 (Aea)
1590 719 1874 772 Historiae.

181 808 252 858 De
311 806 420 859 hoc
475 812 664 858 autem
713 821 923 875 genere
968 805 1192 876 opinari
1241 805 1515 877 quosdam
1561 805 1675 858 seio
1722 804 1873 875 quod

178 897 477 962 acceptum
516 893 573 945 in
623 908 805 945 escam
856 892 1142 945 sterilibus
1183 891 1414 946 feminis
1447 891 1870 946 fecunditatem.

178 981 381 1050 pariat,
448 986 503 1034 et
552 980 679 1033 ideo
727 980 997 1034 institisse
1038 981 1245 1035 Rachel
1294 986 1359 1034 ut
1403 981 1509 1034 hoc
1574 980 1873 1051 acciperet,

175 1069 329 1139 quod
376 1086 487 1139 ego
536 1086 647 1123 non
710 1070 978 1133 arbitror,
1034 1085 1134 1122 nec
1188 1069 1266 1122 sic
1312 1073 1448 1122 tunc
1502 1069 1870 1139 concepisset.

176 1162 336 1213 Nunc
390 1176 522 1212 vero
564 1176 690 1213 cum
739 1166 864 1229 post
907 1159 1049 1212 duos
1104 1158 1214 1212 [ἰδέ
1258 1159 1397 1211 alios
1442 1159 1509 1212 ab
1566 1158 1661 1211 illa
1714 1164 1875 1212 nocte

172 1256 392 1316 partus,
433 1247 704 1301 Dominus
734 1264 858 1301 eam
890 1248 1048 1317 prole
1078 1247 1393 1313 donaverit,
1431 1246 1569 1300 nihil
1608 1252 1689 1300 est
1721 1248 1871 1318 quod

172 1338 238 1390 de
290 1336 681 1405 mandragora
727 1337 839 1390 tale
895 1335 1109 1405 aliquid
1153 1335 1527 1405 suspicemur,
1588 1336 1755 1406 quale
1812 1335 1875 1388 in

174 1426 332 1479 nulla
375 1425 593 1477 femina
645 1423 863 1492 experti
912 1440 1126 1477 sumus.
1177 1424 1317 1477 Cum
1366 1423 1519 1476 enim
1561 1424 1710 1476 mala
1754 1424 1871 1477 haec

171 1515 290 1582 ipse
339 1512 629 1577 vidissem,
674 1519 730 1565 et
782 1517 1015 1583 propter
1060 1513 1210 1566 hunc
1259 1528 1431 1564 saera:
1481 1511 1736 1564 lectionis
1784 1513 1871 1563 lo-

169 1618 300 1655 cum
351 1600 496 1654 mihi
542 1600 810 1669 obtigisse
842 1601 1162 1669 gratularer
1203 1599 1352 1668 (rara
1400 1598 1554 1652 enim
1600 1615 1690 1651 res
1739 1604 1868 1666 est),

170 1690 439 1737 naturam
492 1699 692 1738 eorum
742 1688 1022 1753 quantum
1072 1682 1232 1753 potui
1284 1687 1665 1752 perscrutatus
1722 1698 1868 1747 sum,

1987 538 2097 591 ban
2139 542 2331 592 autem
2368 538 2428 591 in
2458 537 2564 591 hoc
2591 538 2709 591 loco
2740 536 2954 591 diaboli
2996 542 3193 607 typum
3212 536 3378 607 gerit.
3406 537 3685 606 Interpre-

1984 630 2137 680 tatur
2171 626 2327 680 enim
2380 625 2671 680 dealbatio.
2728 625 2991 680 Diabolus
3042 641 3193 689 vero,
3229 641 3361 679 cum
3416 624 3683 677 tenebro-

1983 729 2077 767 sus
2104 714 2195 781 sit,
2231 735 2258 761 ι(
2312 713 2678 784 transﬁgurat
2723 729 2782 767 se
2830 712 2888 767 in
2946 714 3216 783 angelum
3264 711 3424 765 lucis.
3461 733 3487 759 ››
3543 710 3682 764 Huic

1984 800 2212 856 servivit
2264 802 2454 867 Iacob,
2506 801 2565 855 id
2614 807 2723 867 est,
2770 800 3037 856 Iudaicus
3087 800 3334 871 pepulus
3386 815 3453 853 ex
3526 803 3683 870 parte

1984 890 2384 961 reproborum,
2438 891 2507 944 de
2551 907 2663 961 quo
2713 896 2881 943 natus
2926 896 3008 943 est
3054 889 3307 944 Christus
3370 889 3682 942 secundum

1981 995 2230 1033 carnem.
3664 1011 3691 1031 ο

2054 1068 2211 1121 Vens.
2264 1070 2451 1121 32-39.
2493 1095 2583 1119 —.
2630 1105 2642 1119 .
2690 1106 2703 1119 .
2749 1108 2761 1120 .
2809 1106 2821 1120 .
2862 1087 2887 1112 ‹‹
2923 1064 3222 1136 lgnorabat
3266 1064 3421 1136 quod
3474 1065 3683 1119 Rachel

1986 1156 2227 1208 «furata
2257 1161 2402 1208 esset
2434 1155 2605 1209 idola.
2644 1178 2667 1201 υ
2708 1155 2980 1225 (Ηιεειοκ.)
3034 1154 3135 1207 Ubi
3179 1170 3279 1207 nos
3324 1173 3349 1203 (ί
3387 1153 3538 1207 idola
3605 1154 3681 1205 le-

1982 1244 2189 1313 gimus,
2248 1245 2307 1297 in
2361 1243 2594 1297 Hebraeo
2639 1245 2946 1312 Memphim
2975 1254 3171 1303 Dtmn
3215 1243 3492 1313 scriptum
3545 1248 3628 1294 est
3668 1259 3678 1293 :

1982 1332 2133 1403 quod
2158 1332 2363 1404 Aquila
2402 1353 2426 1379 ‹‹
2461 1332 2690 1402 figuras,
2722 1354 2747 1379 η
2800 1332 2885 1385 vel
2936 1354 2961 1379 ι(
2997 1332 3274 1401 imagines
3308 1354 3331 1378 ››
3390 1330 3681 1400 interpre-

1984 1424 2151 1473 tatur.
2192 1420 2303 1473 Hoc
2327 1424 2518 1472 autem
2552 1419 2678 1472 ideo
2724 1419 2850 1473 dico
2892 1424 2952 1472 ut
2997 1420 3243 1473 sciamus
3287 1418 3426 1489 quid
3480 1417 3541 1471 in
3589 1419 3679 1471 Iu-

1982 1506 2173 1561 dicum
2204 1507 2347 1561 libro
2370 1508 2675 1575 theraphim
2706 1512 2887 1560 sonet.

2053 1615 2079 1645 α
2114 1596 2321 1649 Contra
2385 1601 2639 1649 montem
2719 1595 2946 1656 Galaad,
2985 1616 3005 1644 ι
3074 1599 3176 1649 etc.
3251 1596 3375 1650 Non
3416 1595 3569 1666 quod
3616 1611 3680 1647 eo

1983 1687 2237 1753 tempore
2270 1699 2433 1737 mons
2470 1684 2676 1738 Galaad
2724 1684 3029 1749 diceretur,
3082 1684 3178 1737 sed
3247 1699 3353 1755 per
3408 1682 3683 1752 anticipa-

170 1788 283 1825 non
328 1772 532 1843 aliqua
575 1789 609 1826 a
658 1771 951 1825 communi
1006 1786 1176 1823 sensu
1239 1770 1542 1824 remotiore
1610 1771 1867 1839 scientia,
1913 1742 1951 1796 Β
1985 1771 2198 1826 tionem
2244 1770 2341 1825 illo
2390 1771 2623 1825 nomine
2656 1777 2900 1837 vocatur,
2936 1788 3050 1844 quo
3080 1777 3275 1843 postea
3318 1780 3681 1842 nuncupatus

170 1877 298 1930 quae
320 1861 491 1914 docet
521 1860 757 1914 virtutes
788 1859 1045 1913 radicum
1091 1863 1149 1913 et
1195 1864 1500 1930 potestates
1539 1859 1869 1924 herbarum,

171 1948 263 2000 sed
325 1952 615 2019 quantum
676 1948 971 2001 renuntiat
1027 1949 1197 2018 visus,
1247 1949 1483 2002 olfactus
1536 1954 1591 2002 et
1649 1952 1869 2017 gustus,

173 2053 285 2090 rem
338 2037 605 2107 comperi
638 2037 953 2105 pulchram,
1000 2054 1167 2092 suave
1210 2038 1457 2092 olentem
1522 2053 1721 2109 sapore
1777 2052 1873 2090 au-

178 2130 279 2178 tem
310 2125 587 2195 iusipido.
620 2126 733 2181 Cur
764 2142 901 2196 ergo
926 2142 1050 2180 eam
1092 2127 1298 2180 mulier
1327 2132 1622 2197 tantopere
1676 2124 1872 2195 cupie-

178 2214 241 2266 rit
268 2214 489 2278 nescio,
521 2214 629 2267 nisi
661 2214 807 2268 forte
846 2219 1083 2284 propter
1112 2214 1270 2285 pomi
1303 2214 1591 2267 raritatem
1630 2220 1686 2268 et
1732 2214 1868 2268 odo-

172 2303 242 2355 ris
268 2302 726 2373 jucunditatem.

240 2393 405 2445 Vens.
482 2392 675 2446 32-43.
744 2421 813 2430 —
874 2393 1077 2461 «Gyra
1135 2407 1335 2445 omnes
1394 2408 1599 2462 greges
1657 2396 1805 2457 tuos,
1840 2414 1865 2439 ››

169 2484 266 2532 etc.
317 2479 535 2547 (Ruga,
582 2478 642 2533 in
675 2478 875 2543 Quaest.
920 2479 1102 2542 Hebr.)
1147 2480 1384 2533 Multum
1429 2480 1581 2550 apud
1628 2480 1866 2550 Septua-

168 2570 318 2635 ginta
348 2567 626 2620 confusus
655 2571 737 2621 est
788 2582 1006 2633 sensus,
1044 2573 1174 2633 etc.,
1208 2584 1376 2638 usque
1405 2570 1478 2623 ad
1525 2569 1743 2622 vicinus
1789 2572 1872 2622 est

173 2656 312 2710 linis.

230 2743 418 2811 (Δις.)
468 2744 583 2796 Cur
622 2742 788 2798 Iacob
836 2741 1054 2796 fraudis
1102 2742 1161 2797 in
1203 2742 1310 2797 hoc
1351 2744 1472 2798 loco
1510 2760 1627 2797 non
1675 2742 1868 2815 argui-

171 2836 269 2890 tur,
308 2832 421 2883 hoc
454 2832 580 2884 sine
614 2830 785 2884 dubio
832 2837 895 2885 ut
941 2831 1223 2902 propheta
1278 2832 1423 2894 fecit,
1478 2849 1579 2885 nec
1625 2832 1868 2886 creden-

168 2918 296 2972 dum
328 2924 418 2973 est
448 2936 585 2973 cum
616 2920 809 2973 fecisse
840 2920 963 2974 sine
994 2920 1279 2988 spirituali
1307 2922 1665 2976 revelatioue.

810 3061 1035 3116 CAPUT
1056 3063 1230 3117 XXXI.

234 3186 375 3238 Vens
474 3186 623 3238 l-tl.
690 3214 749 3224 —
836 3186 1197 3256 «Postquam
1276 3160 1474 3241 autem
1549 3186 1862 3254 audivit,»

166 3278 262 3328 etc.
308 3315 321 3326 .
373 3312 388 3327 .
434 3314 444 3324 .
495 3313 509 3326 .
546 3292 573 3323 (ι
611 3273 839 3328 Mutavit
894 3276 1292 3340 mercedem,»
1350 3282 1451 3330 etc.
1510 3276 1753 3347 (Hieaov.
1808 3277 1865 3331 in

166 3365 358 3429 Ouzst.
430 3362 623 3428 Hebr.)
701 3364 806 3417 Pro
871 3380 936 3416 eo
1005 3365 1155 3435 quod
1232 3365 1547 3433 posuimus,
1630 3367 1868 3421 mutavit

166 3452 489 3505 mercedem
536 3466 722 3504 meam
770 3451 965 3505 decem
1010 3452 1299 3518 vicibus,»
1333 3453 1727 3525 ιδιθριιιειείῐιῐει
1776 3472 1868 3526 po-

163 3544 403 3591 suerunt
436 3558 461 3587 α
499 3538 694 3591 decem
752 3539 915 3593 anuis
950 3557 963 3605 ;
998 3563 1025 3589 ››
1073 3558 1201 3595 cum
1248 3542 1481 3597 verbum
1527 3543 1865 3598 Hebraicum

165 3629 354 3679 monim
380 3637 546 3685 cur:
578 3642 881 3680 numerum
916 3629 1095 3699 magis
1121 3646 1293 3699 quam
1344 3646 1525 3684 annos
1566 3636 1760 3698 sonat;
1810 3639 1867 3687 et

163 3729 219 3766 ex
253 3712 639 3784 sequentibus
689 3712 736 3765 is
795 3730 992 3767 sensus
1042 3716 1332 3785 probatur,
1386 3716 1542 3787 quod
1600 3735 1703 3789 per
1741 3718 1882 3773 sin-

160 3803 319 3871 gulos
346 3803 502 3855 fetus
531 3817 703 3870 super
751 3802 938 3855 Laban
989 3804 1377 3857 conditionem
1430 3808 1754 3862 mutaverit.
1808 3808 1864 3862 Si

164 3890 388 3944 videbat
450 3889 670 3944 varium
737 3890 890 3943 nasci
948 3906 1139 3961 pecus,
1203 3892 1467 3947 dicebat:
1518 3894 1653 3948 Volo
1696 3901 1758 3949 ut
1805 3896 1863 3952 in

164 3980 353 4033 futuro
401 3984 711 4032 nascantur
749 3978 893 4033 mihi
943 3980 1117 4046 varia,
1166 3984 1299 4033 tunc
1335 3980 1507 4035 Iacob
1558 3981 1742 4052 virgas
1805 3982 1862 4037 in

166 4067 466 4120 canalibus
499 4082 613 4121 non
639 4067 906 4136 ponebat,
932 4074 997 4122 ut
1027 4068 1172 4122 fetus
1202 4069 1456 4123 unicolor
1493 4076 1819 4125 nasceretur
1848 4090 1859 4126 :

167 4171 279 4226 quo
324 4155 478 4210 facto
524 4154 709 4209 Laban
757 4170 821 4210 ea
873 4173 1077 4228 pecora
1122 4174 1238 4212 sua:
1291 4158 1436 4228 parti
1478 4158 1603 4213 ﬁeri
1656 4160 1863 4215 debere

166 4245 427 4309 dicebat;
463 4243 544 4297 sic
575 4260 755 4317 usque
775 4246 860 4316 [ad
894 4246 1088 4301 decem
1146 4248 1290 4300 vices
1334 4252 1548 4301 mutata
1596 4256 1677 4301 est.
1726 4266 1859 4303 eou-

165 4334 304 4386 ditio
344 4351 358 4387 :
391 4337 447 4386 et
488 4333 887 4405 quodcumque
914 4340 1291 4405 proposuerat
1326 4337 1509 4391 Laban
1543 4342 1605 4392 ut
1626 4338 1730 4391 sibi
1766 4356 1868 4392 na-

165 4428 438 4490 sceretur,
490 4422 570 4491 lin
616 4422 965 4476 contrarium
1006 4424 1254 4477 colorem
1307 4425 1649 4479 vertebatur.
1709 4426 1867 4478 Nunc

166 4515 357 4564 autem
380 4510 439 4564 in
472 4527 569 4563 sex
595 4510 763 4564 annis
811 4512 1008 4565 decem
1056 4514 1317 4583 pariendi
1370 4514 1515 4567 vices
1558 4512 1863 4568 incredibi-

167 4596 241 4651 les
269 4599 605 4653 viderentur
641 4616 653 4653 :
686 4600 781 4654 sed
820 4601 939 4672 lege
966 4602 1286 4672 Virgilium,
1340 4602 1399 4657 in
1446 4620 1559 4674 quo
1611 4602 1859 4658 dicitur:

168 4705 191 4733 ι
231 4687 317 4740 Bis
352 4686 609 4758 gravidas
669 4690 991 4759 pecudes.»
1043 4691 1252 4744 Natura
1298 4698 1488 4745 autem
1541 4692 1862 4746 Italicarum

165 4776 353 4829 ovium
390 4780 449 4828 et
486 4776 903 4846 Mesopotamiae
934 4777 1133 4832 eadem
1161 4796 1279 4833 esse
1300 4779 1525 4833 dicitur.

233 4866 399 4920 Vens.
453 4867 535 4918 l2.
591 4893 664 4905 —
712 4865 893 4920 «Vidi
936 4866 1088 4920 enim
1143 4867 1355 4931 omnia,
1390 4890 1416 4915 ››
1470 4872 1574 4921 etc.
1639 4869 1707 4923 Ex
1758 4869 1864 4923 hoc

167 4953 433 5006 discimus
484 4954 638 5023 quod
678 4954 850 5007 Iacob
895 4956 1055 5008 nullo
1091 4959 1238 5010 malo
1270 4957 1402 5010 dolo
1436 4958 1587 5025 fecit,
1621 4959 1719 5012 sed
1770 4959 1859 5013 di-

168 5040 285 5094 vina
318 5041 699 5113 dispositione
737 5044 824 5096 vel
855 5043 987 5115 quia
1017 5043 1209 5097 omnia
1251 5044 1307 5098 in
1354 5045 1535 5115 ﬁgura
1585 5047 1859 5116 gereban-

171 5133 269 5182 tur.
306 5130 470 5185 L'nde
504 5130 761 5201 angelica
791 5131 1006 5186 visione
1039 5132 1247 5186 meruit
1276 5134 1608 5188 confortari.
1846 5130 1847 5133 “

230 5219 391 5273 Vens.
468 5222 647 5274 l3-3l.
707 5251 777 5259 —
855 5222 1074 5276 «Nunc
1136 5239 1272 5293 ergo
1318 5240 1506 5293 surge.
1546 5246 1572 5272 ››
1636 5224 1858 5295 (ϐιαία,

176 5308 349 5361 Horat.
398 5326 527 5375 xxx,
596 5312 701 5377 16.)
756 5312 886 5363 Post
953 5312 1174 5375 longam
1226 5312 1554 5366 servitutem
1590 5314 1860 5383 praecepit

178 5396 432 5452 Dominus
481 5398 654 5452 Iacob
714 5404 779 5452 ut
828 5405 1208 5454 reverteretur
1257 5401 1316 5454 in
1369 5402 1649 5473 patriam:
1700 5406 1855 5471 tunc,

176 5485 460 5554 ignorante
508 5503 732 5553 socero,
782 5504 910 5542 cum
964 5489 1233 5543 uxoribus
1282 5494 1337 5543 et
1361 5491 1634 5544 comitatu
1659 5508 1858 5563 prope-

178 5575 340 5629 tabat.
383 5578 578 5631 Laban
621 5581 817 5631 autem
860 5584 1195 5633 consecutus
1235 5585 1321 5634 est
1366 5597 1499 5635 eum
1554 5580 1609 5633 in
1667 5587 1857 5636 monte

1982 1866 2085 1914 est.

2057 1988 2081 2013 (ι
2115 1967 2238 2031 Qui,
2272 1969 2577 2038 assumptis
2615 1968 2886 2024 fratribus
2930 1969 3063 2029 suis,
3110 1972 3463 2040 persecutus,
3495 1987 3520 2017 ι)
3571 1972 3678 2021 etc.

1985 2054 2538 2123 (Gneo.,)Historice.
2590 2059 2779 2112 Potest
2818 2075 2919 2129 per
2970 2058 3156 2112 Laban
3188 2056 3439 2111 mundus
3492 2055 3681 2126 expri-

1983 2144 2062 2196 mi
2097 2159 2110 2197 :
2145 2143 2244 2214 qui
2288 2160 2416 2198 cum
2468 2146 2660 2200 furore
2710 2147 2878 2201 Iacob
2932 2146 3208 2216 sequitur,
3262 2146 3398 2216 quia
3446 2145 3678 2211 electos,

1982 2230 2083 2301 qui
2134 2237 2267 2285 sunt
2324 2234 2585 2288 membra
2628 2235 2861 2303 Christi,
2905 2234 3232 2305 opprimere
3282 2238 3538 2287 conatur.
3591 2232 3679 2287 Fi-

1980 2320 2115 2373 liam
2175 2321 2374 2375 mundi
2436 2323 2521 2376 vel
2585 2322 2797 2377 diaboli
2842 2324 3012 2378 Iacob
3073 2323 3327 2383 abstulit,
3381 2338 3512 2375 cum
3570 2321 3679 2376 sibi

1980 2409 2235 2462 Christus
2292 2411 2594 2465 Ecclesium
2642 2427 2706 2465 ex
2753 2412 3021 2483 gentibus
3066 2411 3381 2482 conjunxit,
3439 2410 3529 2464 cui
3575 2425 3677 2481 per

1980 2507 2320 2575 prophetam
2369 2508 2576 2562 dicitur
2620 2510 2761 2580 psal.
2823 2525 2981 2563 XLIV:
3034 2508 3431 2562 «Obliviscere
3499 2524 3675 2577 popu-

1982 2592 2097 2646 lum
2130 2599 2315 2661 tuum,
2350 2614 2375 2645 η
2410 2600 2516 2649 etc.
2551 2597 2611 2649 in
2642 2596 2811 2650 idolis
2842 2596 3081 2651 avaritia
3115 2596 3393 2665 signatur,
3426 2614 3555 2665 quas
3590 2602 3676 2648 est

1980 2681 2267 2737 idolorum
2314 2683 2573 2737 servitus.
2622 2684 2809 2739 Laban
2844 2685 3076 2738 veniens
3124 2685 3276 2754 apud
3325 2683 3494 2737 Iacob
3553 2683 3679 2737 ido-

1980 2770 2099 2823 lum
2134 2786 2246 2824 non
2287 2772 2516 2842 reperit,
2567 2772 2721 2843 quia,
2768 2774 3009 2825 ostensis
3054 2771 3256 2825 mundi
3303 2770 3513 2825 divitiis
3563 2771 3667 2824 Re-

1980 2860 2265 2929 demptori
2310 2865 2521 2927 nostro,
2574 2860 2831 2915 diabolus
2888 2860 3126 2931 vestigia
3202 2859 3675 2929 concupiscentia:

1980 2963 2097 3000 non
2128 2948 2358 3017 reperit.
2394 2948 2502 3002 Sed
2533 2964 2661 3019 quae
2700 2950 2872 3003 Iacob
2908 2965 3020 3003 non
3062 2948 3283 3012 habuit,
3333 2947 3542 3002 Rachel
3590 2963 3673 3000 se-

1979 3036 2163 3090 dendo
2194 3036 2437 3107 operuit,
2471 3053 2599 3107 quae
2644 3037 3053 3109 interpretatur
3088 3039 3221 3100 ovis,
3274 3042 3331 3091 et
3372 3035 3675 3090 Ecclesiam

1978 3125 2280 3195 significat.
2336 3125 2540 3180 Sedere
2582 3132 2774 3180 autem
2823 3131 2907 3180 est
2953 3125 3337 3180 humilitatem
3390 3123 3673 3196 pmniten-

1978 3213 2071 3266 tim
2115 3217 2403 3285 appetere.
2460 3214 2619 3268 Unde
2664 3216 2823 3284 [psal.
2893 3231 3046 3269 cxxvr
3082 3231 3095 3268 :
3131 3236 3157 3261 ‹‹
3222 3213 3445 3285 Surgite
3510 3216 3671 3284 post-

1978 3320 2149 3373 quam
2180 3304 2455 3359 sederitis.
2497 3326 2517 3353 ι
2555 3306 2759 3359 Rachel
2790 3305 2942 3359 idola
2991 3304 3240 3359 sedendo
3289 3303 3493 3374 operit,
3540 3303 3675 3374 quia

1980 3393 2221 3446 Ecclesia
2252 3392 2537 3446 Christum
2571 3409 2815 3464 sequens
2857 3392 3055 3447 vitium
3107 3398 3347 3446 terrenae
3399 3391 3674 3461 concupi-

1975 3480 2204 3534 scentiae
2236 3497 2338 3550 per
2367 3480 2750 3534 humilitatem
2777 3481 3128 3551 paenitentia:
3155 3479 3474 3550 cooperuit.
3517 3479 3673 3536 Unde

1975 3570 2115 3638 psal.
2158 3586 2252 3622 xui
2288 3586 2301 3622 :
2338 3578 2348 3627 ζ
2389 3587 2417 3621 e
2457 3570 2607 3624 Beati
2660 3585 2905 3640 quorum
2951 3569 3181 3623 remisse
3232 3573 3361 3622 sunt
3399 3566 3673 3638 iniquita-

1975 3665 2079 3722 tes,
2101 3662 2155 3711 et
2186 3674 2431 3729 quorum
2464 3663 2608 3712 tecta
2642 3664 2774 3712 sunt
2822 3663 3071 3727 peccata.
3108 3680 3135 3708 ι
3189 3658 3296 3712 Nos
3336 3656 3515 3727 igitur
3557 3657 3672 3710 Ra-

1973 3747 2095 3799 cliel
2128 3745 2430 3817 significat,
2466 3746 2565 3817 qui
2594 3746 2748 3801 idola
2785 3746 3033 3800 sedendo
3077 3744 3412 3816 premimus,
3462 3744 3507 3797 si
3554 3744 3671 3797 cul-

1978 3851 2075 3905 pas
2131 3834 2385 3888 avaritia:
2435 3834 2764 3904 paenitendo
2828 3835 3200 3900 damnamus;
3251 3848 3380 3904 quin
3421 3831 3672 3886 avaritim

1976 3922 2344 3977 immunditia
2375 3939 2487 3976 non
2514 3922 2753 3976 viriliter
2795 3928 3085 3976 currentes
3134 3921 3393 3992 impedit,
3447 3920 3543 3973 sed
3598 3921 3673 3973 et'-

1976 4011 2241 4065 feminate
2287 4011 2612 4081 gradientes
2666 4027 2770 4082 per
2820 4010 3207 4065 blandimenta
3262 4008 3453 4063 saeculi
3490 4008 3671 4063 resol-

1978 4106 2210 4167 vuntur,
2256 4099 2409 4169 quod
2454 4099 2541 4153 his
2586 4099 2771 4152 verbis
2813 4099 3208 4169 significatur:
3266 4116 3291 4148 tl
3323 4098 3490 4151 quta
3530 4112 3670 4149 cou-

1975 4187 2338 4241 suetudinem
2384 4187 2731 4241 feminarum
2777 4187 2978 4241 accidit
3018 4186 3181 4241 mihi.
3212 4208 3239 4236 ››
3290 4184 3462 4249 Quasi
3518 4184 3671 4237 enim

1984 4276 2283 4331 muliebria
2313 4276 2433 4345 pati
2461 4293 2519 4329 se
2551 4276 2821 4331 innotuit.

2051 4404 2073 4431 ι
2108 4383 2178 4436 Ut
2208 4383 2495 4436 oscularer
2542 4382 2691 4437 filios
2738 4399 2894 4437 meos
2946 4400 3009 4438 ac
3051 4383 3214 4438 tilias.
3251 4400 3277 4435 ι
3323 4382 3472 4437 More
3520 4380 3671 4436 Scri-

1974 4476 2159 4542 pturaa
2188 4470 2338 4524 filios
2359 4487 2422 4524 ac
2454 4471 2596 4525 ﬁlias
2625 4472 2812 4536 Iacob,
2844 4488 2977 4525 suos
3025 4472 3291 4543 appellat,
3344 4487 3474 4542 quas
3522 4468 3669 4524 filios

1972 4560 2059 4614 vel
2088 4560 2289 4613 fratres
2328 4565 2600 4630 cognatos
2628 4561 2914 4631 appellat;
2948 4562 3101 4615 unde
3146 4560 3206 4615 in
3250 4558 3619 4631 sequentibus
3654 4574 3667 4611 :

1976 4669 1999 4695 ιι
2048 4646 2308 4717 Dixitque
2350 4646 2522 4701 Iacob
2564 4647 2832 4701 fratribus
2878 4648 2993 4701 suis
3035 4665 3047 4701 :
3110 4648 3317 4703 Aﬁ‘erte
3364 4646 3605 4717 lapides,
3639 4666 3666 4696 ι)

1972 4737 2031 4789 lu
2066 4734 2370 4804 Evangelia
2397 4750 2630 4805 quoque
2660 4735 2764 4790 filii
2793 4736 2999 4800 Mariae,
3049 4741 3367 4790 matertera:
3419 4733 3666 4799 Domini,

1972 4823 2173 4878 fratres
2198 4824 2321 4893 ejus
2353 4828 2627 4879 vocantur
2656 4825 2905 4879 Matthzei
2933 4842 3032 4880 xu.

2044 4948 2071 4981 α
2103 4928 2291 4982 Timui
2338 4944 2409 4983 ne
2484 4930 2758 4984 violenter
2821 4932 3071 4985 auferres
3124 4930 3271 4985 tilias
3319 4934 3463 4993 tuas,
3511 4931 3664 5002 quod

1973 5036 1999 5067 ‹(
2035 5022 2229 5071 autem
2250 5017 2385 5071 furti
2440 5034 2529 5072 me
2550 5020 2761 5089 arguis.
2796 5040 2823 5070 ιι
2872 5026 2977 5075 etc.
3029 5019 3201 5084 Quasi
3248 5018 3374 5073 ideo
3418 5036 3529 5074 non
3563 5018 3667 5073 tibi

1971 5105 2343 5170 manifestavi,
2415 5123 2484 5160 ne
2558 5107 2861 5162 acerbitate
2905 5108 3318 5178 persecutionis
3368 5123 3669 5179 superares

1970 5194 2188 5248 animas
2220 5194 2499 5260 infirmas,
2530 5195 2755 5250 noviter
2783 5196 2884 5250 tibi
2916 5202 3159 5266 ereptas.

2042 5303 2203 5357 γης.
2236 5303 2416 5356 40-45.
2476 5332 2544 5341 —-
2608 5321 2636 5353 α
2670 5302 2769 5356 Die
2837 5312 3121 5374 noctuque
3178 5308 3315 5357 testu
3350 5304 3576 5366 urebar,
3611 5311 3667 5359 et

1972 5409 1997 5440 α
2031 5390 2181 5460 gelu.
2217 5388 2490 5460 Fugiebat
2515 5405 2748 5443 somnus
2770 5391 2842 5445 ab
2864 5391 3041 5445 oculis
3073 5392 3232 5446 meis.
3268 5414 3296 5442 »
3332 5393 3488 5446 Unus
3526 5393 3663 5448 effe-

1968 5484 2090 5532 ctus
2121 5482 2203 5531 est
2233 5478 2434 5531 caloris
2464 5485 2520 5534 et
2550 5479 2798 5549 frigoris.

2040 5585 2200 5638 Vens.
2262 5586 2448 5640 46-52.
2510 5616 2577 5625 -—
2632 5587 2842 5643 Alferte
2898 5588 3132 5659 lapides,
3190 5592 3349 5642 «etc.
3428 5590 3666 5651 HIERON:
