4064 6186
388 294 487 348 159

1021 293 1418 349 WALAFRIDI
1459 293 1705 350 STRABI
1747 295 1946 351 FULD.
1993 295 2152 352 MON.
2192 295 2344 352 OPP.
2387 297 2563 352 PARS
2603 295 2640 351 I.
2683 325 2751 335 -——
2789 296 3243 354 THEOLOGICA.

3771 303 3866 356 160

356 411 422 466 de
471 413 593 467 Loc.
636 413 822 484 Hebr.)
867 416 1113 469 Acervus
1154 414 1354 486 lingua
1393 414 1649 481 Hebraea,
1705 417 1840 489 etc.,
1883 429 2052 483 usque
2081 417 2122 469 Α
2163 418 2265 487 qui
2295 418 2466 471 Israel
2497 416 2687 487 ipsum
2713 416 2952 483 vocavit,
2989 417 3322 472 auctoritate
3353 417 3640 484 ducimur,
3691 432 3865 489 quam

361 499 436 553 ad
463 499 523 553 in
551 516 665 572 qua
692 501 991 557 habitabat
1019 519 1284 559 sermone
1316 506 1653 561 mutaverat.

431 589 613 656 (ISID.)
667 593 910 658 Mystice.
971 591 1126 646 Inter
1163 591 1382 661 ﬁdeles,
1421 596 1539 645 tam
1590 589 1819 646 Iudaeos
1881 603 2055 659 quam

360 677 618 747 gentiles,
678 681 838 734 testis
879 685 964 735 est
1011 680 1154 750 lapis
1191 680 1450 735 eminens
1502 679 1564 734 in
1620 678 2055 734 similitudinem

364 765 606 832 Christi;
640 772 697 821 et
732 783 965 823 acervus
997 768 1276 838 lapidum,
1317 768 1416 840 qui
1457 772 1542 823 est
1585 767 1892 823 multitudo
1935 783 2056 822 cre-

365 854 643 909 dentium.

377 1006 401 1025 .
439 944 594 998 Vens.
653 944 832 1000 53-54.
893 975 960 986 —
1018 945 1292 1000 «Iuravit
1345 945 1535 1013 Iacob,
1569 965 1596 997 ι)
1657 949 1769 1000 etc.
1834 947 1940 1000 Per
1988 945 2058 998 ti-

370 1047 586 1086 morem
612 1033 821 1086 scilicet
849 1049 962 1104 quo
1013 1033 1249 1087 timebat
1293 1035 1494 1101 Deum,
1545 1049 1718 1105 quem
1761 1048 2058 1088 commen-

367 1121 521 1173 davit
549 1136 742 1191 supra,
775 1120 988 1177 dicens.
1019 1142 1047 1170 «
1081 1123 1144 1176 Et
1171 1121 1363 1189 timor,
1395 1143 1424 1170 »
1454 1126 1561 1176 etc.

438 1210 600 1262 Vens.
635 1211 723 1263 55.
775 1241 843 1248 —
893 1211 1133 1264 «Labau
1184 1227 1316 1264 vero
1365 1211 1433 1265 de
1483 1214 1660 1270 nocte.
1716 1214 1873 1263 etc.»
1918 1208 2062 1273 Quia

368 1297 554 1350 Laban
585 1302 640 1350 et
686 1297 858 1351 Iacob
911 1301 1069 1351 trans
1116 1297 1354 1352 [luvium
1399 1302 1792 1368 perrexerunt,
1841 1296 2062 1368 signiti-

366 1401 493 1438 care
537 1388 723 1456 potest
759 1385 900 1439 duos
938 1387 1182 1456 populos
1241 1401 1343 1456 per
1383 1385 1730 1457 baptismum
1765 1386 1836 1440 ad
1877 1386 2063 1440 Eccle-

365 1473 510 1528 siam
542 1473 852 1528 venientes.
901 1474 1011 1530 Sed
1064 1475 1234 1529 Iacob
1285 1476 1430 1530 ultra
1479 1475 1904 1546 progrediente,
1959 1475 2064 1530 La-

369 1562 482 1616 ban
514 1579 771 1617 reversus
802 1567 904 1629 est,
945 1563 1080 1634 quia
1126 1562 1259 1617 tiliis
1299 1563 1438 1618 lucis
1487 1562 1546 1618 in
1585 1563 1840 1634 profectu
1879 1563 2061 1616 virtu-

2161 502 2470 572 cujuslibet
2488 503 2831 574 eloquentiae
2861 502 3165 558 saecularis.

2232 591 2395 646 Vens.
2458 593 2636 646 30-32.
2691 623 2758 632 —
2801 613 2828 641 ‹‹
2876 591 3213 662 Vocavitque
3254 591 3448 656 Iacob,
3479 613 3505 638 »
3554 594 3661 646 etc.
3717 591 3860 646 lllud

2161 694 2391 750 quoque
2419 680 2567 750 quod
2599 679 2877 750 sequitur,
2923 700 2951 728 ‹‹
2978 684 3036 734 et
3081 678 3374 733 benedixit
3411 694 3565 744 eum,
3610 678 3860 732 vocavit-

2163 782 2276 836 que
2302 767 2470 821 Iacob
2516 784 2726 821 nomen
2769 767 2876 821 loci
2921 767 3076 822 illius
3121 767 3395 831 Phanuel,
3447 766 3710 835 dicens,»
3752 771 3857 822 etc.

2163 855 2227 908 In
2286 855 2524 909 Hebraeo
2576 855 2788 910 dicitur
2835 856 3170 921 «Phanuel,
3203 877 3230 904 n
3285 859 3346 908 ut
3387 855 3630 909 sciamus
3675 855 3860 926 ipsum

2165 958 2283 996 esse
2331 943 2521 997 locum
2580 948 2678 1015 qui
2734 943 2794 998 in
2843 943 3060 998 caeteris
3115 944 3423 1014 Scripturas
3475 943 3862 998 voluminibus

2166 1030 2480 1085 secundum
2514 1032 2799 1096 Hebraeos,
2835 1035 3075 1087 Phanuel
3106 1033 3335 1103 legitur.

2241 1119 2451 1189 (Gnec.,
2480 1120 2578 1175 lib.
2605 1137 2656 1174 iv
2689 1123 2904 1188 Moral.,
2949 1138 3074 1192 cap.
3127 1122 3206 1186 6.)
3250 1120 3712 1188 Quaeritur,cum
3762 1113 3862 1177 Ve.-

2172 1207 2304 1262 ritas
2361 1208 2553 1263 dicat:
2608 1230 2635 1256 ‹‹
2673 1211 2848 1263 Nemo
2901 1209 3110 1263 videbit
3168 1209 3370 1263 faciem
3413 1225 3632 1277 meam;
3667 1231 3693 1257 η
3752 1211 3861 1265 Et:

2173 1296 2413 1349 «Deum
2466 1312 2634 1350 nemo
2707 1297 2847 1350 vidit
2890 1313 3226 1368 unquam,»
3280 1296 3570 1368 quomodo
3627 1301 3868 1351 testatur

2168 1384 2338 1439 Iacob
2370 1401 2382 1438 :
2421 1406 2448 1435 «
2480 1385 2603 1440 Vidi
2637 1386 2944 1439 Dominum
2993 1385 3133 1438 facie
3179 1385 3249 1439 ad
3299 1384 3540 1439 faciem?
3580 1407 3606 1433 ››
3661 1385 3869 1440 Huma-

2171 1489 2261 1527 naa
2290 1473 2444 1527 enim
2477 1481 2696 1527 mentes
2724 1475 2888 1528 oculo
2918 1473 3180 1527 interiori
3222 1479 3490 1545 purgato,
3528 1479 3657 1542 etc.,
3697 1489 3868 1545 usque

2170 1561 2246 1616 ad
2276 1562 2426 1615 unde
2455 1563 2476 1616 Ι
2509 1562 2619 1616 Cor
2676 1579 2768 1616 xm
2809 1579 2823 1616 :
2875 1585 2900 1610 ‹‹
2932 1563 3086 1616 'I‘unc
3117 1579 3454 1633 cognoscam
3491 1563 3636 1618 sicut
3686 1570 3742 1617 et
3779 1581 3872 1618 co-

367 1658 491 1707 tum
521 1657 654 1722 post
683 1652 1028 1724 baptismum
1060 1653 1404 1720 meantibus,
1435 1652 1666 1724 reprobi
1695 1653 1764 1708 de
1796 1655 2065 1724 percepta
2096 1693 2136 1748 Β
2175 1651 2369 1723 gnitus
2399 1667 2546 1704 sum.
2582 1674 2608 1698 ››

369 1739 644 1812 dignitate
677 1745 804 1811 post
831 1740 1096 1796 Satanam
1131 1741 1191 1795 in
1221 1741 1563 1812 apostasiam
1587 1741 1849 1796 redeunt.

985 1881 1211 1936 CAPUT
1251 1882 1451 1936 XXXII.

445 2006 602 2058 Vens.
635 2006 747 2058 2-6.
777 2034 844 2042 ——
877 2027 903 2053 «
934 2006 1126 2058 Castra
1168 2004 1267 2060 Dei
1297 2009 1431 2060 sunt
1474 2004 1616 2059 ha'c.
1651 2023 1678 2055 η
1734 2003 1840 2060 Ubi
1886 2008 2069 2059 castra

372 2092 554 2163 posita
593 2097 747 2157 sunt,
796 2091 857 2146 in
905 2093 1141 2147 Hebraeo
1189 2095 1503 2148 mahanaim
1547 2103 1781 2158 num-.3;
1828 2097 1893 2146 ut
1933 2092 2067 2146 scia-

372 2197 522 2248 mus,
551 2179 598 2234 si
628 2181 858 2253 quando
907 2181 1349 2252 interpretatum
1391 2182 1450 2236 in
1489 2182 1600 2236 alio
1644 2181 1765 2236 loco
1812 2181 2068 2252 ponitur,

374 2285 546 2340 quem
578 2270 766 2324 locum
815 2269 1119 2342 signiticet.
1173 2273 1235 2326 Et
1283 2270 1518 2341 pulchre
1569 2270 1639 2324 ad
1685 2270 1918 2324 fratrem
1959 2270 2069 2322 ini-

376 2357 588 2412 micum
622 2358 827 2419 iturus,
873 2358 1210 2430 angelorum
1255 2359 1654 2414 comitantium
1706 2375 1834 2413 eum
1882 2357 2071 2412 choris

374 2446 672 2516 excipitur.

445 2535 606 2589 Vens.
639 2538 758 2590 7-9.
795 2564 864 2574 —
900 2553 927 2585 α
954 2534 1168 2589 Timuit
1194 2536 1383 2602 Iacob,
1419 2558 1446 2585 ››
1476 2541 1581 2590 etc.
1637 2537 1818 2605 (Αι·ο.,
1867 2536 2068 2600 Quwst.

375 2625 432 2676 in
481 2620 637 2689 Gen.)
694 2622 884 2687 Quaeri
912 2627 1099 2692 potest
1139 2624 1428 2694 quomodo
1471 2623 1643 2678 tidem
1693 2622 1893 2677 habuit
1937 2638 2072 2692 pro-

378 2709 591 2765 misssis
623 2711 738 2779 Dei,
773 2711 925 2781 quod
955 2712 1062 2765 hoc
1086 2711 1247 2766 dixit.
1275 2712 1384 2768 Sed
1413 2711 1538 2766 ﬁeri
1567 2712 1760 2783 potuit
1803 2716 1864 2764 ut
1913 2726 2071 2764 ever-

375 2805 522 2854 teret
549 2803 731 2854 castra
765 2801 889 2870 ejus
933 2800 1096 2868 Esau,
1153 2805 1206 2854 et
1256 2805 1391 2854 tunc
1433 2806 1562 2870 post
1615 2800 1771 2855 illam
1815 2799 2070 2854 afﬂictio-

377 2904 507 2942 nem
535 2888 774 2952 adesset,
809 2893 866 2942 et
895 2905 1068 2960 quem
1115 2889 1400 2960 promisit,
1451 2889 1734 2961 impleret.
1781 2889 1846 2944 Et
1887 2889 2074 2942 admo-

2775 1740 2999 1794 CAPU'I‘
3035 1741 3264 1795 XXXIII.

2245 1829 2411 1883 Vens.
2452 1830 2566 1882 1—9.
2599 1857 2666 1868 ——
2699 1847 2727 1875 ‹‹
2758 1827 2990 1881 Elevans
3022 1834 3216 1883 autem
3258 1828 3428 1884 Iacob
3477 1830 3689 1883 oculos.
3734 1872 3746 1883 .
3792 1869 3804 1883 .
3850 1871 3862 1882 .

2175 1916 2480 1988 divisitque
2512 1915 2660 1969 filios
2692 1915 2802 1970 Liee
2834 1922 2892 1970 et
2949 1916 3182 1982 Rachel,
3219 1939 3247 1966 ››
3300 1920 3405 1970 etc.
3454 1917 3662 1989 Aquila
3706 1917 3868 1972 dimi-

2173 2006 2367 2066 diavit.
2429 2009 2493 2058 ut
2544 2020 2724 2059 unum
2777 2020 3023 2059 cuneum
3070 2004 3280 2058 faceret
3334 2004 3670 2059 ancillarum
3741 2021 3870 2059 cum

2176 2092 2427 2166 parvulis
2457 2092 2592 2156 suis,
2626 2097 2681 2147 et
2711 2093 2955 2148 alterum
2997 2092 3310 2148 liberarum
3350 2109 3481 2147 cum
3529 2093 3661 2147 liliis
3714 2093 3871 2160 suis;

2178 2182 2506 2254 primasque
2538 2181 2790 2237 mitteret
2817 2182 3071 2248 ancillas,
3123 2181 3398 2236 secundas
3447 2181 3656 2236 liberas
3688 2198 3702 2235 :
3751 2181 3875 2252 ipse

2177 2277 2308 2326 ante
2339 2286 2538 2325 omnes
2569 2271 2799 2324 fratrem
2833 2271 3173 2324 adoraturus
3201 2274 3542 2325 occurreret.

2249 2361 2412 2414 Vens.
2450 2361 2625 2414 l0-l3.
2659 2388 2731 2398 —
2763 2380 2790 2408 ‹‹
2831 2358 2920 2414 Sic
2963 2359 3119 2412 enim
3162 2357 3297 2421 vidi,
3331 2380 3358 2408 ››
3413 2363 3514 2412 etc.
3561 2356 3747 2426 (AUG.,
3808 2358 3871 2424 Ο.

2176 2450 2235 2502 in
2265 2449 2394 2503 Gen.
2418 2452 2557 2500 tom.
2593 2447 2708 2515 ΙΙΙ.)
2746 2447 2942 2501 Utrum
2992 2446 3250 2516 paventis
3291 2450 3347 2500 et
3393 2446 3713 2516 perturbati
3741 2446 3874 2500 ani-

2179 2553 2273 2590 ma
2303 2535 2494 2603 verba,
2535 2540 2664 2600 etc.,
2696 2550 2865 2604 usque
2897 2535 2970 2589 ad
3018 2534 3116 2606 qui
3154 2535 3410 2590 Graecum
3460 2534 3653 2590 audire
3701 2539 3755 2589 et
3794 2535 3876 2588 in-

2177 2624 2434 2694 telligere
2465 2624 2668 2677 solent.

2249 2713 2420 2767 Vens.
2457 2713 2540 2766 14.
2569 2741 2643 2752 -
2675 2713 2790 2766 «Et
2831 2728 2936 2782 ego
2983 2727 3207 2783 sequar,
3240 2734 3268 2761 ››
3321 2717 3425 2766 etc.
3476 2712 3660 2782 (Αυθ.)
3710 2711 3876 2776 Qua:-

2181 2801 2326 2856 ritur
2380 2800 2428 2854 si
2486 2801 2845 2854 mendacium
2905 2801 3067 2855 fratri
3112 2801 3462 2872 promiserit.
3516 2803 3629 2856 Hoc
3696 2801 3877 2862 enim.

2181 2890 2326 2944 sicut
2376 2888 2666 2958 Scriptura
2715 2892 2929 2953 narrat,
2982 2904 3100 2942 non
3141 2888 3306 2954 fecit;
3354 2889 3451 2943 sed
3493 2905 3560 2943 eo
3628 2890 3883 2959 perrexit

376 2992 584 3030 nemur
612 2977 720 3030 hoc
747 2978 1030 3047 exemplo.
1064 2983 1126 3031 ut
1147 2978 1406 3049 quamvis
1435 2978 1732 3032 credamus
1760 2976 1822 3030 in
1874 2977 2073 3041 Deum,
2103 2976 2142 3031 C
2180 2977 2384 3032 itinere
2417 2977 2570 3046 quod
2598 2975 2882 3044 dirigebat
2906 2975 2977 3030 ad
3005 2992 3156 3029 suos.
3209 2979 3291 3031 An
3338 2977 3485 3031 forte
3533 2977 3717 3030 veraci
3763 2976 3882 3030 ani-

374 3065 652 3120 faciamus
683 3069 876 3118 tamen
899 3081 1027 3136 quae
1060 3066 1321 3120 facienda
1344 3065 1515 3135 (sunt;
1539 3066 1597 3120 in
1639 3064 1837 3118 salutis
1878 3061 2074 3134 prensi-

378 3153 556 3208 dium.
616 3154 796 3208 Verba
847 3170 1075 3225 quoque
1120 3156 1292 3210 Iacob
1333 3153 1747 3208 consideranda
1805 3159 1956 3216 sunt,
1991 3151 2074 3205 di-

377 3240 556 3295 centis
588 3257 601 3295 :
639 3262 666 3290 «
698 3243 845 3296 Deus
871 3242 1047 3313 patris
1087 3243 1200 3296 mei
1244 3243 1550 3306 Abraham,
1584 3264 1610 3289 »
1666 3247 1795 3307 etc.,
1837 3241 1973 3311 quia
2015 3239 2073 3294 in

379 3327 468 3383 his
497 3328 683 3382 verbis
716 3333 772 3384 et
797 3329 1052 3383 humana
1082 3329 1385 3383 infirmitas
1413 3334 1470 3382 et
1515 3328 1657 3382 iides
1702 3328 1929 3399 pietatis
1977 3343 2076 3397 ap-

381 3422 562 3488 paret.

453 3505 608 3559 Vens.
649 3508 734 3560 lO.
788 3535 860 3546 —
893 3504 1199 3560 «Transivi
1225 3505 1554 3573 Iordanem,
1587 3527 1614 3554 ››
1675 3508 1781 3559 etc.
1835 3505 1944 3558 Per
1983 3504 2074 3557 ba-

381 3591 658 3662 ptismum
696 3592 1034 3663 conjunctus
1065 3598 1148 3647 est
1188 3593 1376 3664 paries
1417 3593 1486 3647 de
1539 3593 1827 3664 gentibus,
1875 3591 1928 3645 ei
1976 3591 2074 3662 qui

383 3696 446 3734 ex
472 3679 682 3735 Iudaeis
715 3695 727 3735 :
761 3681 1068 3752 primitivas
1099 3686 1290 3735 tamen
1341 3681 1599 3736 Ecclesia:
1645 3696 1764 3752 non
1816 3680 1973 3734 deest
2011 3679 2078 3734 ti-

385 3784 509 3823 mor
526 3751 879 3835 Iudaeorum,
910 3771 1065 3840 quod
1095 3767 1376 3841 signiﬁcat
1405 3771 1567 3824 Esau.
1651 3751 1662 3764 ’

456 3858 618 3913 Vens.
681 3861 856 3914 ll-l9.
919 3891 986 3898 —
1021 3880 1049 3908 ‹‹
1093 3860 1233 3914 Erue
1277 3874 1369 3913 me
1415 3857 1484 3912 de
1527 3873 1782 3922 manu,»
1834 3861 1939 3912 etc.
1989 3856 2078 3911 Sic

384 3951 511 4000 orat
571 3951 635 4000 ut
689 3963 848 4019 spem
907 3947 1112 4002 timore
1171 3947 1521 4014 moderetur,
1573 3952 1630 4001 et
1669 3946 1931 4000 timorem
1977 3961 2076 4016 spe

384 4037 730 4102 consoletur,
771 4036 1099 4106 signiﬁcans
1144 4040 1210 4091 ut
1260 4035 1391 4091 vitea
1433 4039 1643 4090 nostrae
1694 4039 1750 4090 et
1797 4034 2074 4090 domesti-

386 4140 585 4178 corum
623 4123 839 4178 ratione
885 4126 1271 4192 consulamus,
1320 4129 1377 4179 et
1420 4129 1614 4179 tamen
1659 4123 1759 4179 Dei
1801 4124 2077 4178 auxilium

383 4212 728 4266 invocemus.

457 4300 617 4354 Vens.
671 4302 860 4355 20-27.
910 4330 978 4341 —
1031 4323 1058 4348 «
1090 4301 1330 4356 Placabo
1379 4301 1568 4372 illum,
1599 4323 1626 4351 »
1678 4307 1783 4356 etc.
1832 4300 1963 4354 Haec
1998 4300 2081 4354 in-

387 4387 661 4458 terposita
696 4393 831 4442 sunt
859 4405 890 4442 a
931 4389 1227 4460 scriptore.
1278 4390 1404 4444 Non
1452 4395 1538 4444 est
1585 4390 1738 4444 enim
1781 4389 2081 4460 prudentis

388 4481 569 4530 artem
595 4493 757 4530 suam
789 4476 1077 4546 detegere,
1109 4482 1165 4532 et
1194 4477 1273 4531 sic
1323 4477 1405 4532 eis
1451 4494 1581 4533 cum
1629 4479 1838 4549 quibus
1891 4478 2083 4547 agitur

388 4571 714 4636 suspectum
734 4581 792 4620 se
822 4566 1032 4620 facere.

461 4656 681 4725 (Gnec.,
717 4656 858 4709 hom.
903 4657 987 4721 14,
1038 4656 1098 4709 in
1140 4656 1384 4724 Ecang.,
1430 4660 1572 4710 tom.
1623 4656 1956 4725 ll.)Mystice
1997 4657 2079 4710 Ia-

388 4741 493 4796 cob
523 4758 653 4796 cum
692 4743 763 4797 ad
795 4747 1057 4813 parentes
1085 4742 1352 4814 proprios
1399 4742 1564 4808 redit,
1615 4748 1743 4810 etc.,
1789 4759 1960 4814 usque
2011 4743 2086 4797 ad

389 4833 453 4883 ut
479 4830 754 4884 suavitate
784 4830 988 4884 intima
1019 4830 1198 4884 Deum
1225 4830 1744 4900 apprehendamus.

465 4938 492 4965 α
527 4918 592 4972 Et
641 4934 769 4974 ecce
799 4919 904 4982 vir,
935 4939 963 4968 »
1014 4924 1121 4984 etc,
1175 4919 1322 4989 (ISID.
1374 4919 1434 4973 in
1481 4919 1635 4985 Gen.,
1688 4922 1830 4973 tom.
1882 4918 1970 4988 V.)
2020 4919 2083 4971 ln

391 5003 501 5059 hoc
551 5005 942 5077 principaliter
997 5005 1336 5061 sacramenti
1375 5005 1660 5061 Dominici
1702 5007 1894 5078 imago
1937 5007 2082 5078 figu-

389 5096 512 5146 rata
560 5097 664 5163 est,
719 5099 848 5163 etc.,
907 5111 1076 5166 usque
1132 5097 1207 5151 ad
1271 5111 1345 5150 ne
1397 5096 1548 5150 ultra
1616 5095 1740 5166 jam
1808 5111 2084 5167 generare

395 5181 586 5256 possit.

462 5272 627 5326 Vens.
661 5273 750 5336 28,
783 5275 874 5328 29.
906 5304 975 5312 —
1017 5295 1044 5322 κ
1078 5274 1471 5346 Nequaquam,
1512 5271 1703 5344 inquit
1745 5272 1938 5339 Iacob,
1991 5290 2084 5345 ap-

399 5379 426 5406 ‹‹
451 5357 759 5427 pellabitur
797 5375 1007 5414 nomen
1038 5364 1225 5429 tuum,
1251 5361 1372 5426 sed,
1403 5382 1430 5411 »
1471 5364 1574 5415 etc.
1612 5359 1866 5430 (HIERON.
1914 5362 1972 5413 in
2019 5361 2080 5426 Ο.

398 5447 580 5512 Hebr.)
608 5446 884 5518 Iosephus
927 5447 986 5500 in
1033 5447 1182 5502 libro
1229 5449 1417 5518 primo
1456 5448 1901 5520 Antiquitatum,
1951 5452 2081 5516 etc.,

399 5552 564 5607 usque
594 5536 668 5591 ad
707 5553 808 5591 nos
857 5536 1036 5607 magis
1081 5536 1412 5608 Scriptura,
1469 5542 1526 5592 et
1570 5537 1781 5609 angeli,
1825 5538 1912 5591 vel
1963 5537 2082 5605 Dci,

2181 3082 2275 3120 mo
2325 3063 2607 3136 promisit,
2668 3063 2766 3118 sed
2833 3063 2990 3118 aliud
3067 3070 3265 3134 postea
3340 3064 3642 3135 cogitando
3728 3065 3877 3118 dele-

2223 3154 2310 3208 it?

2181 3169 2538 3297 8“(<TSocoth.
2601 3264 2628 3290 »
2656 3242 2932 3312 (H1enon.)
3003 3240 3106 3297 Ubi
3155 3257 3258 3295 nos
3306 3241 3658 3296 tabernacula
3703 3241 3884 3295 habe-

2183 3345 2330 3396 mus,
2386 3329 2446 3383 in
2507 3329 2743 3384 Hebraeo
2793 3329 3005 3398 legitur
3049 3329 3246 3384 Socoth
3294 3339 3468 3389 nun.
3529 3330 3622 3383 Est
3687 3333 3882 3386 autem

2183 3433 2360 3488 usque
2409 3417 2580 3472 hodie
2629 3416 2822 3472 civitas
2866 3421 3024 3470 trans
3060 3417 3368 3471 Iordanem
3417 3417 3524 3471 hoc
3581 3418 3882 3484 vocabulo,

2183 3505 2243 3560 in
2273 3509 2432 3577 parte
2455 3505 2821 3576 Scytopoleos
2853 3505 2921 3559 de
2963 3521 3076 3577 qua
3119 3505 3182 3559 in
3229 3505 3375 3560 libro
3431 3506 3706 3562 Locorum
3743 3506 3887 3560 scri-

2183 3611 2422 3667 peimus.

2257 3683 2414 3736 Vens.
2500 3683 2690 3736 18-20.

2781 3678 3234 3751 «Transivitque
3297 3679 3356 3734 in
3433 3680 3694 3750 Salem,»
3773 3687 3884 3738 etc.

2187 3771 2466 3841 (Ηιιειιοιιι.)
2497 3769 2744 3834 Quaestio
2795 3769 3053 3823 oboritur
3095 3768 3385 3839 quomodo
3429 3769 3614 3825 Salem
3673 3770 3888 3826 Sichen

2184 3857 2379 3911 civitas
2400 3857 2743 3927 appelletur,
2775 3873 2904 3911 cum
2935 3857 3316 3927 Hierusalem,
3360 3857 3421 3912 in
3464 3875 3578 3929 qua
3625 3857 3895 3929 regnavit

2182 3944 2608 3999 Melchisedech.
2643 3945 2829 4000 Salem
2860 3950 2994 3999 ante
3026 3945 3176 4000 dicta
3207 3944 3299 4000 sit.
3334 3950 3445 4001 Aut
3492 3946 3672 4015 igitur
3714 3947 3893 4000 unius

2187 4039 2424 4105 utraque
2455 4033 2590 4088 urbs
2625 4033 2873 4088 nominis
2903 4038 3007 4101 est,
3063 4033 3220 4105 quod
3260 4033 3329 4088 de
3367 4035 3628 4105 pluribus
3671 4036 3893 4090 Iudaeae

2184 4121 2323 4176 locis
2352 4121 2696 4187 invenimus,
2735 4126 2799 4176 ut
2825 4121 2978 4176 idem
3008 4123 3144 4176 urbs
3166 4126 3222 4175 et
3265 4122 3375 4176 loci
3421 4138 3632 4177 nomen
3668 4123 3727 4177 in
3772 4122 3894 4178 alia

2185 4209 2380 4264 etalio.
2416 4210 2565 4264 tribu
2598 4209 2690 4265 sit.
2724 4213 2834 4264 Aut
2889 4210 2997 4264 ista
3051 4210 3260 4279 Salem,
3318 4227 3447 4283 quae
3503 4227 3607 4281 pro
3657 4211 3893 4266 Sichem

2189 4315 2341 4353 nunc
2389 4299 2780 4364 nominantur,
2838 4299 3093 4353 dicemus
3143 4298 3506 4370 interpretari
3547 4315 3894 4355 consumma-

2190 4392 2301 4442 tam
2321 4391 2490 4458 atque
2518 4391 2814 4457 perfectam
2851 4403 2864 4440 :
2896 4391 2948 4441 et
2993 4387 3150 4442 illam
3201 4405 3329 4459 quae
3372 4392 3570 4458 postea
3619 4388 3896 4442 Hierusa-

2188 4475 2302 4528 lem
2333 4475 2481 4529 dicta
2525 4478 2628 4537 est,
2686 4477 2990 4544 paciﬁcum.
3045 4476 3360 4546 Utrumque
3401 4482 3631 4530 accentu
3685 4477 3890 4546 paulu-

2191 4563 2310 4617 lum
2365 4561 2671 4630 declinato,
2718 4563 2824 4617 hoc
2874 4563 3211 4618 vocabulum
3258 4567 3438 4618 sonat.
3487 4563 3741 4619 Tradunt
3772 4564 3895 4618 He-

2189 4650 2328 4706 braei
2355 4651 2510 4723 quod
2539 4651 2726 4706 femur
2753 4651 3122 4706 claudicantis
3151 4652 3320 4706 Iacob
3349 4651 3426 4706 ibi
3459 4659 3720 4706 sanatum
3764 4653 3841 4707 sit
3879 4670 3893 4706 :

2189 4739 2431 4811 ideoque
2477 4739 2762 4795 civitatem
2816 4743 2996 4796 curati
3060 4746 3230 4812 atque
3275 4744 3504 4810 perfecti
3547 4742 3897 4797 vocabulum

2191 4833 2575 4884 consecutam.

2792 4967 3019 5024 CAPUT
3057 4969 3274 5024 XXXIV.

2262 5095 2426 5147 Vens.
2508 5096 2555 5146 1.
2607 5121 2676 5132 -
2727 5113 2753 5141 ‹‹
2809 5092 3044 5162 Egressa
3099 5095 3187 5145 est
3248 5058 3438 5146 autem
3499 5091 3663 5157 Dina,
3699 5113 3726 5140 »
3780 5095 3902 5148 etc.

2191 5183 2380 5255 (Gneo.
2414 5179 2476 5236 in
2506 5182 2740 5246 Pastor.,
2790 5196 2836 5234 c.
2901 5179 3012 5250 30.)
3076 5180 3240 5244 Dina,
3291 5185 3354 5234 ut
3400 5179 3667 5234 mulieres
3706 5186 3909 5235 extra-

2177 5261 2316 5341 nea:
2347 5269 2600 5341 regionis
2629 5268 2837 5332 videat,
2861 5268 3169 5339 egreditur,
3228 5283 3358 5322 cum
3399 5284 3563 5322 mens
3609 5283 3720 5323 sua
3777 5273 3909 5324 stu-

2193 5359 2287 5414 dia
2334 5359 2653 5429 negligens,
2707 5357 2958 5412 actiones
3006 5357 3219 5411 alienas
3263 5372 3488 5422 curans,
3537 5361 3697 5410 extra
3733 5357 3907 5411 ordi-

2193 5463 2327 5503 nem
2381 5446 2678 5519 proprium
2737 5451 3030 5517 evagatur.
3087 5445 3270 5510 Quam
3328 5445 3573 5511 Sichem,
3619 5445 3911 5516 princeps

2194 5542 2383 5596 terrae.
2441 5537 2737 5609 opprimit,
2786 5526 2922 5608 quia
2952 5537 3238 5590 inventam
3291 5535 3348 5588 in
3395 5535 3545 5588 curis
3594 5535 3909 5588 exteriori-
