4064 6186
234 282 320 332 161
1390 277 1648 334 GLOSSA
1686 277 2097 333 ORDlNARlA.
2136 306 2209 319 —
2246 278 2379 335 LIB.
2422 280 2575 336 GEN.

3640 284 3741 337 162

227 397 331 452 bus
372 396 642 452 diabolus
700 396 979 466 corrupit.
1040 396 1103 450 Et
1159 395 1553 467 conglutinata
1603 401 1689 449 est
1744 396 2008 454 auimaA
2047 402 2161 451 tate
2194 398 2325 451 vitae
2366 398 2679 464 ambulare,
2744 397 2897 468 quod
2952 401 3039 453 est
3094 398 3439 454 vestimenta
3496 406 3740 457 mutare.

231 488 349 557 ejus
375 502 510 538 eum
542 501 627 547 ea,
668 485 801 555 quia
833 485 1052 539 uuitam
1084 484 1189 537 sibi
1214 501 1316 555 per
1345 484 1710 555 iniquitatem
1746 484 1929 554 respi-

232 575 323 628 cit.
363 576 425 627 Et
468 573 602 643 quia
639 589 801 625 mens
858 588 887 625 a
940 573 1105 642 culpa
1158 573 1495 643 resipiscens
1553 572 1817 635 afﬁcitur,
1881 578 1937 625 et

235 662 551 717 admissum
606 661 742 715 ﬁere
774 666 1057 715 conatur:
1091 667 1394 730 corruptor
1449 676 1605 731 spem
1669 675 1731 713 ac
1783 677 1936 713 secu-

234 751 465 805 ritatem
497 765 734 803 vacuam
790 755 920 802 ante
952 750 1148 803 oculos
1205 753 1384 811 vocat,
1444 759 1727 819 quatenus
1781 749 1935 801 utili-

235 846 415 894 tatem
448 839 696 893 tristitias
727 839 1049 893 subtrahat.
1097 838 1252 893 Unde
1279 838 1509 893 additur
1543 854 1556 891 :
1618 859 1639 884 ι
1674 838 1937 891 Tristem-

233 946 347 1000 que
382 928 674 982 blanditus
705 926 982 980 delinivit.
1006 947 1043 973 Διι
1078 926 1241 981 Μοᾶο
1298 926 1476 994 enim,
1516 926 1760 979 aliorum
1793 927 1938 979 facta

231 1018 533 1089 graviora;
566 1016 735 1070 modo
796 1016 936 1069 nihil
969 1031 1089 1069 esse
1121 1014 1275 1085 quod
1330 1016 1542 1069 factum
1596 1021 1709 1080 est;
1769 1015 1936 1068 modo

232 1107 667 1161 misericordem
711 1107 888 1160 Deum
920 1104 1197 1175 loquitur,
1257 1110 1313 1159 et
1364 1111 1591 1174 tempus
1634 1106 1702 1157 ad
1754 1104 1935 1175 paeni-

232 1195 481 1250 tentiam
515 1194 813 1266 pollicetur
845 1210 858 1247 :
896 1198 961 1246 ut
1018 1193 1156 1246 dum
1190 1208 1295 1262 per
1337 1192 1459 1245 haec
1490 1192 1725 1262 decepta
1776 1207 1938 1245 mens

234 1284 490 1351 ducitur,
534 1281 871 1353 poenitentia
900 1279 1217 1347 differatur,
1276 1286 1341 1334 ut
1394 1286 1528 1334 tunc
1581 1280 1730 1334 bona
1780 1280 1936 1334 nulla

230 1372 538 1441 percipiat,
599 1386 773 1441 quam
820 1384 973 1423 nunc
1030 1370 1181 1422 mala
1237 1369 1576 1423 contristant
1625 1385 1638 1422 :
1690 1372 1747 1422 et
1801 1372 1937 1422 tunc

230 1462 464 1531 plenius
494 1460 867 1514 absorbeatur
895 1458 1211 1529 suppliciis,
1257 1476 1387 1531 quas
1425 1474 1579 1513 nunc
1632 1459 1845 1529 gaudet
1876 1460 1935 1512 in

227 1550 475 1603 deliciis.

299 1638 466 1690 Vens.
496 1638 650 1690 2-32.
685 1666 752 1675 —
788 1657 809 1684 ι
846 1634 1029 1699 Quam
1062 1650 1190 1688 cum
1221 1634 1450 1688 vidisset
1488 1634 1714 1689 Sichem
1758 1676 1770 1689 .
1808 1678 1820 1690 .
1868 1679 1879 1691 .
1919 1676 1930 1688 .

230 1746 257 1775 ι
290 1731 349 1779 et
398 1724 683 1802 dormivit
738 1740 867 1777 cum
933 1725 1048 1778 illa.
1108 1743 1135 1774 ν
1198 1724 1358 1793 (Aea.
1400 1724 1592 1789 Quaest.
1646 1726 1706 1778 in
1777 1725 1933 1793 Gen,

226 1822 365 1869 tom.
402 1814 481 1868 Ill
512 1815 537 1883 )
570 1814 632 1867 Et
659 1813 905 1866 intendit
940 1813 1148 1865 animze
1186 1813 1341 1866 Dinze
1392 1812 1524 1865 ﬁliae
1554 1813 1721 1866 Jacoh
1752 1819 1805 1867 et
1836 1813 1934 1866 ad-

227 1903 444 1956 amavit
476 1902 783 1972 virginem,
825 1906 881 1954 et
923 1901 1144 1953 locutus
1192 1905 1275 1954 est
1327 1901 1637 1954 secundum
1702 1918 1932 1955 sensum

232 1991 491 2062 virginis.
545 1990 844 2055 Quomodo
891 1990 1057 2060 virgo
1110 1989 1338 2055 dicitur,
1390 1990 1436 2043 si
1485 1990 1605 2059 jam
1666 1991 1936 2045 dormivit

231 2096 356 2133 cum
401 2096 472 2133 ea
501 2078 531 2132 ‘l
576 2078 683 2131 nisi
742 2078 883 2131 forte
923 2079 1082 2148 virgo
1132 2094 1342 2131 nomen
1373 2078 1554 2131 aetatis
1587 2084 1672 2132 est
1727 2095 1931 2132 secun-

234 2171 368 2221 dum
406 2167 713 2221 Hebraeum
751 2167 1068 2237 eloquium,
1117 2183 1188 2220 an
1219 2166 1410 2237 potius
1439 2183 1543 2237 per
1590 2168 1931 2238 recapitula-

230 2258 448 2310 tionem
482 2262 613 2326 post
646 2262 1128 2308 commemoratur
1183 2255 1337 2326 quod
1370 2260 1499 2308 ante
1554 2254 1767 2308 factum
1828 2260 1928 2309 est.

229 2346 394 2400 Prius
428 2344 588 2398 enim
617 2344 807 2414 potuit
838 2343 1132 2397 intendere
1153 2343 1372 2395 animae
1404 2341 1603 2411 ipsius,
1651 2348 1707 2396 et
1738 2359 1930 2397 amare

228 2434 543 2502 virginem,
579 2436 636 2485 et
668 2431 826 2502 loqui
849 2431 1160 2485 secundum
1196 2447 1423 2484 sensum
1440 2430 1695 2502 virginis,
1728 2432 1931 2486 deinde

223 2522 481 2576 dormire
512 2536 644 2573 cum
670 2519 787 2572 illa.

297 2632 319 2656 ι
381 2607 636 2662 Paciﬁci.
700 2628 722 2655 ι
775 2606 879 2661 Ubi
948 2606 1325 2677 Septuaginta
1384 2606 1743 2677 interpretati
1799 2613 1931 2662 sunt

220 2700 502 2766 paciﬁcos,
548 2697 752 2766 Aquila
806 2694 1096 2749 transtulit
1147 2702 1558 2759 consummatos,
1598 2703 1762 2766 atque
1800 2714 1930 2766 per-

219 2790 389 2851 fectos
420 2802 527 2855 pro
559 2801 671 2855 quo
703 2785 761 2837 in
797 2784 1033 2837 Hebrmo
1090 2784 1331 2854 legitur:
1393 2785 1657 2839 Selcmim.
1706 2785 1781 2838 Ex
1815 2802 1928 2856 quo

222 2880 469 2944 apparet
495 2874 638 2927 illud
667 2889 786 2926 esse
821 2887 1011 2923 verum
1046 2872 1201 2942 quod
1262 2888 1433 2943 supra
1486 2871 1555 2925 de
1594 2873 1781 2927 Salem
1838 2874 1928 2928 di-

223 2963 434 3016 ximus.

294 3072 322 3101 ‹ι
357 3049 616 3113 Assensi,
655 3068 681 3100 ι)
711 3054 818 3103 etc.
871 3048 1053 3119 (Αυο.)
1109 3049 1287 3102 Paulo
1316 3055 1447 3102 ante
1485 3049 1656 3103 Jacob
1693 3052 1931 3122 loquens

222 3157 353 3193 cum
390 3141 563 3207 Esau,
617 3138 766 3191 ﬁlios
812 3154 945 3191 suos
985 3137 1231 3190 infantes
1271 3153 1390 3191 esse
1438 3138 1741 3207 signiﬁcat,
1798 3146 1927 3206 etc.,

226 3244 397 3299 usque
423 3229 502 3280 ad
532 3226 627 3279 sed
660 3226 763 3280 ﬁlii
794 3226 916 3295 ejus
948 3226 1006 3278 in
1032 3226 1136 3278 hoc
1175 3225 1322 3279 facto
1354 3226 1728 3280 nominantur
1766 3229 1929 3298 quasi

226 3316 521 3387 principes
551 3320 606 3367 et
638 3320 917 3367 auctores.

294 3426 321 3454 (ι
354 3404 643 3474 Arreptis,
696 3422 723 3453 ν
768 3410 873 3457 etc.
934 3402 1159 3471 (Suum)
1217 3401 1306 3455 Sic
1357 3407 1613 3473 pastores
1672 3405 1928 3459 Ecclesiae

223 3501 530 3563 peccatum
589 3491 776 3545 carnis
831 3492 915 3544 vel
979 3491 1189 3543 animae
1241 3490 1433 3545 ulcisci
1484 3492 1694 3545 debent
1735 3493 1925 3561 gladio

223 3583 487 3651 spiritus,
522 3581 621 3652 qui
656 3586 739 3634 est
782 3581 1016 3634 verbum
1052 3578 1145 3633 Dei
1205 3580 1385 3649 parati
1443 3579 1637 3633 ulcisci
1695 3597 1924 3636 omnem

223 3670 702 3725 inobedientiam.

292 3779 321 3809 α
357 3760 474 3813 Nos
509 3757 676 3828 pauci
706 3772 923 3823 sumus,
956 3778 981 3803 η
1020 3761 1124 3810 etc.
1178 3755 1362 3825 (Ara)
1414 3756 1525 3809 lloc
1583 3755 1732 3819 dicit,
1790 3756 1928 3826 quia

222 3848 546 3920 plurimum
598 3846 746 3899 bella
796 3849 1059 3914 poterant
1109 3860 1362 3914 surgere:
1400 3860 1514 3897 non
1557 3845 1713 3915 quod
1746 3846 1925 3899 multo

223 3937 420 3991 minus
451 3936 689 3989 haberet
722 3950 892 4004 quam
950 3937 1183 4002 possent
1239 3933 1637 4003 expurgationi
1683 3933 1925 3987 civitatis

222 4025 517 4079 sufﬁcere.

298 4136 321 4162 ι
357 4110 629 4182 Nunquid
667 4114 729 4163 ut
775 4113 979 4175 scorto,
1020 4129 1040 4153 -
1082 4115 1187 4161 etc.
1222 4106 1403 4177 (AUG.)
1461 4109 1623 4162 Zelus
1669 4108 1921 4163 ﬁliorum

219 4202 400 4257 Jacob
430 4200 490 4253 in
529 4200 809 4253 uttionem
861 4197 1069 4249 sororis
1117 4196 1413 4251 moraliter
1469 4203 1791 4253 commonet
1822 4215 1921 4268 pa-

221 4297 409 4343 stores
440 4287 724 4353 ﬁdelium,
758 4302 950 4339 curam
1002 4284 1210 4338 habere
1255 4284 1573 4341 animarum
1633 4286 1739 4339 sibi
1779 4302 1926 4340 com-

220 4377 561 4441 missarum,
617 4392 689 4428 ne
718 4375 997 4428 violenter
1050 4373 1332 4443 corporali
1381 4374 1608 4439 delicto,
1659 4380 1759 4429 aut
1811 4375 1927 4429 fur-

221 4465 521 4518 nicatione
578 4462 858 4534 spirituali
921 4462 1311 4515 succumbant.
1376 4484 1401 4507 ‹‹
1464 4462 1763 4534 Paratique
1817 4464 1930 4517 sint

220 4552 427 4607 ulcisci
456 4568 689 4605 omnem
739 4550 1208 4615 inobedientiam,
1269 4570 1295 4600 ››
1359 4555 1416 4602 et
1469 4552 1927 4605 excommunica-

220 4640 398 4693 tionis
460 4639 652 4710 gladio
709 4638 915 4692 feriant
991 4643 1401 4708 stupratorem,
1481 4655 1551 4691 ne.
1610 4640 1928 4709 impunitus

220 4729 448 4782 evadat

856 4870 1075 4924 CAPUT
1104 4871 1295 4924 XXXV.

295 4993 610 5047 νείκεά-5.
645 5021 713 5032 -—
754 5010 779 5042 «
820 4992 1105 5047 Dederunt
1153 5009 1290 5064 ergo
1349 4993 1417 5058 ei,
1484 5014 1509 5041 ‹‹
1571 4999 1675 5047 etc.
1735 4993 1920 5063 (illan.

222 5083 283 5148 Ο.
318 5086 377 5135 in
403 5081 569 5147 Gem,
602 5086 746 5134 tom.
799 5079 922 5149 ΙΙΙ.)
966 5082 1137 5135 Plane
1196 5081 1300 5135 hoc
1332 5082 1529 5135 ordine
1578 5088 1632 5135 et
1677 5082 1765 5134 liis
1796 5099 1927 5151 pro-

222 5170 467 5225 fectibus
498 5168 927 5223 aseendendum
956 5175 1039 5223 est
1072 5169 1128 5223 in
1190 5170 1405 5235 Bethel,
1456 5169 1509 5222 id
1553 5174 1655 5234 est,
1707 5168 1765 5222 in
1829 5169 1928 5221 do-

225 5276 383 5314 mum
444 5258 567 5323 Dei,
622 5274 753 5328 quas
812 5263 893 5311 est
960 5258 1204 5312 Ecclesia
1259 5256 1465 5313 Christi
1514 5257 1766 5327 primum
1825 5260 1927 5322 est,

225 5349 498 5419 pristinos
541 5347 807 5401 abdicare
846 5362 1088 5412 errores,
1122 5352 1179 5401 et
1221 5346 1395 5400 unius
1450 5346 1568 5399 veri
1603 5346 1701 5400 Dei
1752 5345 1929 5415 proﬁ-

226 5438 329 5490 teri
360 5437 561 5505 ﬁdem,
593 5434 751 5506 quod
801 5439 885 5488 est
930 5434 1157 5488 auferre
1214 5434 1348 5488 deos
1397 5434 1614 5487 alienos
1658 5449 1672 5487 :
1724 5432 1929 5487 deinde

226 5523 525 5596 baptizari,
578 5523 735 5594 quod
766 5525 849 5575 est
882 5521 1170 5576 mundari’
1241 5536 1303 5575 ac
1358 5520 1625 5592 deinceps
1682 5520 1740 5574 in
1773 5521 1931 5574 novi-

2045 485 2379 555 Signiticant
2407 492 2597 540 autem
2628 488 2856 540 inaures
2910 488 3065 541 falsas
3124 489 3401 543 doctrina:
3456 489 3740 559 phaleras,

2047 590 2309 627 sermone
2340 575 2567 640 nitidas,
2600 591 2699 628 seu
2731 591 2898 628 sensu
2932 575 3186 628 veritatis
3219 593 3437 630 vacuas.

2119 680 2145 708 «
2172 660 2239 714 Et
2267 663 2517 726 inaures,
2572 683 2592 708 ι
2621 667 2726 715 etc.
2782 661 2964 732 (Αοα.)
3005 662 3291 725 Ουωτίὶυπ·
3335 664 3505 732 quale
3576 663 3740 717 inau-

2046 763 2157 813 res,
2193 764 2322 819 qua:
2362 755 2701 803 ornamenta
2732 756 2893 803 erant
2922 751 2991 804 ad
3022 750 3408 804 idololatriam
3440 767 3557 804 non
3616 768 3743 823 per-

2046 836 2335 890 tinentia?
2386 838 2481 891 sed
2530 838 2967 908 intelligendum
3031 844 3117 892 est
3169 838 3521 909 phylaeteria
3571 840 3741 893 fuisse

2047 924 2285 978 deorum
2316 927 2653 979 alienorum.

2119 1014 2277 1067 Vens.
2314 1017 2420 1068 6-9.
2454 1044 2525 1053 —
2564 1035 2590 1063 «
2624 1014 2791 1067 Venit
2841 1014 3018 1085 igitur
3075 1014 3246 1069 Jacob
3302 1015 3531 1082 Suzam,
3564 1035 3591 1067 ii
3630 1022 3738 1071 etc.

2050 1103 2225 1170 (AUG.)
2278 1102 2602 1157 Notandum
2674 1105 2761 1155 est
2812 1103 2921 1156 tria
2974 1104 3208 1157 nomina
3267 1103 3441 1174 hujus
3495 1104 3742 1159 civitatis

2047 1205 2167 1243 esse
2216 1196 2681 1256 commemorata,
2739 1196 2870 1255 etc.,
2916 1206 3085 1259 usque
3139 1192 3213 1245 ad
3285 1192 3481 1246 multis
3560 1193 3742 1246 causis

2049 1277 2337 1332 adduntur
2366 1280 2599 1333 nomina
2622 1280 2707 1333 vel
2736 1284 3050 1333 mutantur.

2119 1367 2405 1437 (Ηιεοιιη.)
2472 1368 2607 1422 Ecce
2653 1366 3110 1422 manifestissime
3163 1368 3572 1438 comprobatur
3633 1370 3741 1423 Be-

2046 1454 2160 1508 thel
2192 1471 2307 1508 non
2334 1456 2617 1522 Ulam,fut
2646 1471 2818 1526 supra
2845 1455 3057 1509 dictum
3112 1460 3212 1521 est,
3258 1456 3353 1510 sed
3411 1459 3623 1526 anan,
3682 1458 3741 1512 id

2046 1547 2149 1605 est,
2182 1544 2553 1611 amygdalum,
2589 1548 2755 1598 antea
2794 1560 2914 1597 esse
2947 1550 3222 1598 vocatam.

2116 1633 2275 1685 Vaas.
2325 1636 2407 1687 10.
2439 1662 2506 1672 -
2539 1652 2566 1683 α
2603 1634 2722 1687 Non
2777 1633 3067 1686 vocaberis
3116 1634 3285 1701 ultra,
3318 1652 3344 1683 ν
3394 1638 3497 1686 etc.
3548 1638 3739 1697 (Αυο.)

2046 1720 2331 1783 Quaeritur
2377 1736 2508 1775 cum
2558 1722 2732 1775 semel
2767 1721 2979 1775 dictum
3037 1722 3127 1787 sit,
3187 1742 3214 1769 ‹‹
3269 1722 3391 1775 Νοη
3452 1722 3742 1776 vocaberis

2047 1810 2195 1862 ultra
2222 1810 2410 1875 Jacob,
2447 1816 2579 1875 etc.,
2641 1827 2770 1863 cum
2830 1810 3050 1879 legatur
3106 1816 3303 1880 postea
3360 1809 3528 1863 .laeob
3578 1826 3741 1864 voca-

2046 1903 2137 1951 tus
2165 1896 2321 1951 7Sed
2354 1899 2461 1951 hoc
2519 1914 2727 1951 nomen
2782 1898 2852 1951 ad
2893 1898 3049 1951 illam
3100 1898 3349 1968 pertinet
3406 1898 3741 1968 promissio-

2045 2001 2197 2051 nem,
2234 1986 2291 2039 in
2322 2001 2433 2056 qua
2468 1986 2691 2039 videtur
2722 1988 2868 2040 Deus
2918 1986 3208 2057 quomodo
3270 2002 3380 2039 non
3427 1993 3511 2040 est
3574 1995 3742 2041 antea

2044 2074 2302 2144 patribus
2333 2075 2502 2142 visus,
2535 2076 2632 2128 ubi
2669 2092 2784 2128 non
2827 2076 2936 2128 erit
2983 2092 3195 2129 nomen
3242 2082 3397 2129 vetus
3431 2092 3443 2129 :
3479 2077 3615 2147 quia
3648 2080 3742 2129 ni-

2045 2163 2126 2215 liil
2166 2163 2483 2216 remanebit
2516 2162 2607 2216 hic
2635 2163 2693 2216 in
2728 2164 2851 2234 ipso
2892 2178 3130 2234 corpore
3160 2164 3474 2230 vetustatis,
3507 2169 3563 2217 et
3597 2163 3741 2218 visio

2048 2251 2144 2304 Dei
2177 2267 2465 2305 summum
2495 2252 2798 2321 prmmium
2827 2252 2955 2305 erit.

2115 2358 2407 2427 (HIERON.)
2457 2379 2480 2406 ι
2538 2356 2663 2411 Non
2708 2357 2998 2411 vocaberis
3062 2358 3210 2411 ultra
3260 2357 3452 2426 Iacob,
3510 2377 3539 2409 io
3624 2363 3733 2412 etc.

2044 2445 2306 2499 Nondum
2337 2445 2491 2499 enim
2525 2446 2596 2500 ab
2625 2447 2823 2516 angelo
2879 2462 3088 2499 nomen
3138 2446 3191 2499 ei
3237 2446 3575 2516 imponitur,
3637 2448 3733 2500 sed

2040 2533 2459 2603 imponendum
2516 2550 2549 2587 a
2591 2535 2703 2589 Deo
2749 2534 3098 2605 praedicitur.
3161 2534 3323 2598 Quod
3376 2534 3554 2605 igitur
3603 2534 3739 2588 illuc

2038 2622 2295 2675 futurum
2325 2623 2699 2693 promittitur,
2736 2623 2827 2676 hic
2857 2624 3143 2693 expletum
3179 2624 3432 2676 docetur.

2115 2730 2274 2782 Vens.
2323 2732 2495 2783 tl-l3.
2560 2758 2630 2767 —
2683 2747 2711 2779 α
2756 2730 2952 2782 Cresce
2983 2733 3040 2782 et
3084 2728 3486 2797 multiplicare.
3548 2750 3574 2775 ν
3633 2730 3742 2783 Mo-

2038 2819 2250 2872 ruliter.
2310 2819 2439 2871 Haec
2495 2818 2795 2888 promissio
2852 2819 2920 2872 ad
2975 2817 3271 2889 spirituale
3320 2833 3517 2870 semen
3567 2817 3740 2871 Jacob

2040 2907 2307 2976 pertinet,
2358 2906 2503 2960 sicut
2542 2906 2665 2975 jam
2722 2911 2852 2959 ante
2901 2906 2970 2960 de
3028 2904 3312 2961 Abraham
3363 2906 3580 2958 dictum
3627 2912 3732 2959 est.

2042 2995 2251 3048 Omnes
2280 2995 2435 3048 enim
2491 2995 2591 3065 qui
2648 2996 3017 3065 supplantant
3058 2994 3212 3061 vitia,
3266 3000 3320 3046 et
3349 2999 3600 3047 veterem
3633 2993 3735 3047 ho-

2042 3083 2255 3137 minem
2285 3099 2415 3137 cum
2450 3083 2666 3138 actibus
2697 3084 2813 3137 suis
2860 3084 3176 3154 deponunt,
3220 3088 3272 3137 et
3304 3082 3514 3137 mentis
3542 3084 3735 3136 oculos

2040 3170 2108 3223 ad
2139 3171 2314 3225 Deum
2365 3169 2685 3235 intendunt,
2723 3173 2872 3223 recte
2923 3169 2993 3223 ad
3025 3170 3195 3223 Iacob
3235 3169 3549 3239 pertinent,
3576 3170 3738 3237 cujus

2040 3258 2213 3312 ﬁdem
2274 3263 2331 3311 et
2388 3264 2543 3311 actus
2598 3258 2919 3311 imitantur.
2976 3280 2995 3306 ι
3057 3259 3353 3327 Regesque
3399 3257 3469 3311 de
3527 3257 3739 3310 lumbis

2039 3346 2163 3416 ejus
2194 3347 2581 3416 egrediantur,
2620 3366 2647 3399 ι)
2681 3346 2735 3399 id
2784 3351 2890 3413 est,
2922 3345 3100 3399 sancti
3152 3345 3250 3416 qui
3299 3346 3611 3399 secundum
3645 3362 3739 3398 γυ-

2038 3435 2319 3489 luntatem
2357 3436 2451 3490 Dei
2488 3451 2549 3490 se
2582 3439 2635 3489 et
2685 3434 2939 3489 subditos
2992 3449 3121 3487 vere
3154 3440 3361 3504 regunt
3394 3450 3408 3488 :
3451 3434 3520 3488 de
3576 3434 3739 3504 cujus

2039 3523 2255 3577 semine
2288 3524 2593 3594 spirituali,
2644 3523 2702 3577 id
2734 3528 2818 3577 est
2854 3523 3172 3577 imitatione
3230 3522 3386 3589 ﬁdei,
3450 3522 3508 3575 in
3564 3523 3730 3577 bonis

2038 3612 2308 3681 Operibus
2340 3613 2736 3667 fecundantur.

2108 3718 2268 3771 Vens.
2304 3720 2386 3781 14,
2428 3722 2505 3772 t5.
2548 3749 2611 3757 —
2673 3738 2698 3768 «
2764 3718 2861 3771 Ille
2901 3732 3034 3770 vero
3075 3719 3254 3770 erexit
3306 3717 3538 3770 titulum
3596 3717 3733 3786 lapi-

2038 3824 2064 3855 ‹‹
2099 3806 2269 3859 deum
2316 3807 2374 3859 in
2407 3807 2528 3860 loco
2556 3823 2669 3877 quo
2717 3807 2941 3859 locutus
2972 3806 3178 3869 fuerat,
3213 3826 3240 3855 ι)
3275 3810 3380 3858 etc.
3418 3805 3597 3873 (AUG.)
3635 3806 3732 3859 Fa-

2035 3900 2187 3949 ctum
2219 3900 2302 3948 est
2331 3895 2538 3948 iterum
2578 3894 2682 3947 hoc
2712 3894 2767 3946 in
2794 3895 2913 3947 loco
2955 3893 3105 3963 quod
3140 3899 3306 3946 antea
3359 3894 3571 3947 factum
3607 3894 3737 3947 fue-

2034 3988 2158 4048 rat;
2192 3983 2277 4036 vel
2333 3989 2711 4036 memoratum
2764 3982 2854 4035 hic
2919 3982 3067 4052 quod
3102 3987 3230 4035 ante
3266 3982 3454 4035 fuerat
3482 3982 3720 4035 factum.

2034 4071 2142 4126 Sed
2174 4072 2471 4141 quodlibet
2500 4071 2707 4124 horum
2737 4072 2828 4137 sit,
2877 4085 3049 4141 super
3092 4070 3341 4140 lapidem
3394 4070 3594 4123 libavit
3640 4070 3733 4123 Ja-

2036 4158 2160 4223 cob,
2204 4175 2318 4213 non
2358 4159 2558 4228 lapidi.
2618 4159 2739 4212 Non
2798 4175 2934 4229 ergo
2992 4158 3140 4212 sicut
3177 4157 3493 4212 idololatria
3551 4159 3739 4213 solent

1958 4253 1999 4307 ι)
2040 4263 2166 4300 aras
2196 4250 2328 4300 ante
2360 4245 2607 4317 lapidem
2641 4246 3008 4313 constituere,
3051 4251 3107 4301 et
3161 4251 3434 4317 tanquam
3496 4247 3610 4301 Deo
3661 4246 3737 4299 la-

2040 4336 2161 4405 pidi
2192 4336 2391 4389 libare.

2111 4444 2272 4497 \‘aas.
2311 4446 2394 4506 l6,
2435 4446 2518 4496 l7.
2545 4473 2615 4481 —
2661 4461 2686 4493 ‹‹
2723 4442 3099 4511 Ερῒιτιιίδω.ι
3164 4444 3441 4513 (Humum)
3494 4442 3735 4512 Eplirata

2039 4534 2095 4580 et
2128 4526 2418 4581 Bethleem
2452 4527 2623 4580 unius
2656 4529 2813 4580 urbis
2859 4527 3194 4581 vocabulum
3255 4534 3358 4591 est,
3400 4526 3504 4580 sub
3556 4527 3731 4580 inter-

2037 4617 2357 4687 pretatione
2413 4616 2717 4669 consimili.
2784 4616 3198 4686 Interpretatur
3247 4616 3398 4668 enim
3456 4618 3737 4683 frugi/era

2038 4711 2094 4757 et
2136 4706 2325 4760 domus
2368 4707 2553 4774 panis,
2618 4709 2855 4775 propter
2910 4719 3120 4775 panem
3174 4703 3271 4774 qui
3329 4704 3397 4758 de
3447 4704 3587 4758 coelo
3634 4703 3734 4756 de-

2037 4794 2274 4848 sccudit.

2110 4902 2268 4954 Vens.
2309 4902 2490 4955 l8-20.
2537 4930 2605 4941 -—-
2651 4920 2677 4951 α
2704 4900 3042 4970 Egrediente
3086 4904 3295 4965 autem,
3332 4919 3359 4951 η
3409 4904 3514 4953 etc.
3552 4899 3731 4970 (lsm.)

2037 4987 2181 5052 Quid
2214 4989 2319 5043 sibi
2365 4990 2484 5042 vult
2524 4990 2675 5060 quod
2706 4989 2971 5042 eumdem
3006 4988 3260 5042 Bennoni
3320 4989 3548 5056 Rachel,
3603 5006 3732 5044 cum

2036 5083 2282 5147 pareret,
2306 5078 2526 5132 vocavit
2556 5078 2733 5147 ﬁlium
2763 5078 2964 5132 doloris
2994 5079 3099 5130 mei
3133 5078 3159 5131 ‘I
3220 5078 3337 5131 Nisi
3378 5078 3633 5133 futurum
3666 5095 3731 5132 ex

2038 5182 2104 5219 ea
2134 5166 2579 5231 tribu—Paulum,
2618 5166 2716 5236 qui
2768 5165 3048 5235 affligeret
3081 5165 3231 5219 filios
3285 5167 3544 5221 Eeclesite
3593 5172 3735 5221 tem-

2038 5270 2177 5325 pore
2208 5253 2619 5325 persecutionis
2677 5254 2833 5306 suas?
2864 5253 3043 5306 Aliter
3072 5270 3176 5323 per
3226 5254 3520 5325 Benjamiu
3553 5261 3731 5309 terre-

2040 5342 2169 5397 stris
2202 5341 2550 5396 Hierusalem
2598 5341 2897 5411 ﬁguratur,
2955 5358 3083 5412 quaa
3123 5348 3208 5397 est
3250 5343 3311 5397 in
3342 5345 3495 5398 tribu
3526 5344 3731 5415 Benja-

2040 5431 2205 5486 min:
2267 5430 2431 5500 cujus
2491 5430 2735 5501 populus
2792 5431 2949 5501 gravi
3009 5432 3203 5487 dolore
3257 5439 3499 5489 matrem
3558 5434 3733 5489 afﬁcit

2040 5519 2331 5575 fundendo
2379 5519 2717 5583 sanguinem
2790 5520 3223 5592 prophetarum,
3291 5521 3458 5575 etin
3534 5538 3729 5576 necem
