4064 6186
341 263 438 316 163

1062 261 1457 316 WALAFRIDI
1500 259 1744 316 STRABI
1786 259 1986 315 FULD.
2031 260 2191 315 NON.
2234 260 2407 314 PARS
2447 260 2488 314 1.
2531 291 2598 298 -
2637 259 3103 333 TIIEOLOGICA.

3744 268 3848 320 164

334 383 544 440 Christi
571 383 871 440 clamando
903 399 917 438 :
945 403 973 435 α
998 382 1302 458 $auguiuis
1335 382 1458 453 ejus
1488 397 1662 452 super
1689 397 1811 448 uos,
1851 385 1908 436 et
1937 396 2026 435 su-
2061 377 2111 433 Δ
2217 401 2244 431 α
2279 381 2402 436 Filii
2428 381 2569 448 Seir,
2632 402 2660 434 ιο
2719 386 2824 437 etc.
2880 379 3120 452 (81111111.)
3167 382 3231 438 Id
3269 387 3354 438 est
3400 385 3558 440 liberi
3614 386 3716 456 qui
3747 387 3853 440 sic-

337 489 440 544 per
466 472 616 528 ﬁlios
643 477 884 528 nostros.
924 473 1143 541 (Matth.
1191 473 1387 541 nm.)

406 582 434 611 α
467 562 535 616 Et
562 561 774 616 factum
807 565 894 616 est
935 577 1066 616 cum
1123 560 1436 615 dimitteret
1483 557 1757 611 animam.
1812 577 1836 605 ι
1874 557 2029 621 (1118-

337 653 494 721 nou.)
526 652 818 722 Siquidem
861 649 1234 714 moriebatur,
1269 666 1297 697 α
1353 646 1573 700 vocavit
1613 661 1827 699 nomen
1884 646 2028 715 ejus,

337 741 486 796 ﬁlius
515 739 728 794 doloris
761 739 872 793 mei
925 754 939 792 :
973 741 1138 808 pater
1184 751 1316 790 vero
1346 733 1490 804 ejus,
1547 733 1766 786 vocavit
1817 748 2025 786 nomen

338 829 460 899 ejus
497 826 806 898 Benjamin.
851 849 871 875 ι
907 827 972 879 111
1009 825 1246 880 Hebrreo
1303 821 1618 876 similitudo
1665 821 1910 875 nominis
1939 837 2029 875 re-

338 920 524 983 sonat,
567 917 714 985 ﬁlius
757 917 896 968 enim
951 913 1152 967 doloris
1192 913 1318 975 mei,
1339 909 1489 982 quod
1539 924 1746 964 nomen
1777 909 2031 964 moriens

339 1009 523 1059 mater
551 1001 844 1073 imposuit,
878 999 1087 1054 dicitur
1129 999 1383 1054 Bennom‘.
1414 998 1584 1053 Pilius
1628 1012 1750 1052 vero
1801 997 2030 1066 dextrae,

331 1092 386 1146 id
416 1095 501 1146 est
536 1089 790 1155 virtutis,
844 1087 998 1159 quod
1049 1086 1220 1141 Iacob
1268 1085 1530 1150 mutavit,
1576 1083 1784 1139 dicitur
1831 1085 2028 1150 Benja-

332 1181 464 1234 min.
519 1177 678 1232 Unde
733 1181 927 1230 errant
983 1175 1083 1246 qui
1138 1177 1346 1245 putant
1376 1172 1668 1242 Beujamin
1700 1172 1884 1240 ﬁlium
1913 1173 2027 1226 die-

332 1283 455 1322 rum
487 1265 890 1336 interpretari:
924 1263 1154 1318 dextera
1184 1262 1338 1317 enim
1384 1261 1592 1316 dicitur
1626 1263 1816 1325 tamin,
1869 1265 1926 1314 et
1954 1259 2026 1314 ﬁ-

332 1355 494 1410 nitur
513 1354 575 1409 in
601 1369 678 1421 u;
713 1353 835 1408 dies
881 1368 1014 1406 vero
1045 1351 1363 1423 appellatur
1391 1351 1600 1418 iamim,
1653 1353 1708 1403 et
1752 1347 2025 1402 termina-

332 1449 425 1500 tur
455 1444 513 1496 in
542 1459 614 1497 m.

402 1531 560 1583 Vens.
622 1531 713 1584 2t.
771 1559 838 1568 —
872 1549 898 1577 α
957 1529 1228 1598 Egressus
1293 1526 1450 1592 inde,
1502 1546 1526 1573 ι
1579 1531 1683 1580 etc.
1745 1525 2024 1592 (finenem)

333 1620 491 1673 Hunc
517 1619 702 1672 locum
733 1618 934 1672 volunt
961 1634 1082 1670 esse
1116 1615 1356 1682 Hebraei,
1406 1621 1539 1682 etc.,
1593 1628 1761 1682 usque
1811 1613 1887 1667 ad
1933 1613 2019 1665 vel
2064 1655 2106 1711 Β

330 1707 483 1779 quod
511 1707 700 1761 verius
732 1711 816 1760 est
843 1705 1092 1776 quodam
1137 1703 1402 1758 vaticinio
1457 1702 1712 1757 futurum
1737 1701 1857 1772 jam
1889 1705 2023 1755 tunc

333 1795 670 1866 mysterium
707 1793 1148 1847 monstrabatur.

404 1885 563 1938 Veas.
601 1885 784 1936 22-26.
819 1911 890 1922 —
945 1902 970 1928 ιι
1029 1880 1184 1936 Abiit
1243 1879 1462 1945 Ruben,
1501 1899 1522 1926 ι
1559 1883 1666 1932 etc.
1707 1877 1888 1945 (1811).)
1920 1877 2023 1931 Αι-

330 1975 576 2041 legorice.
632 1973 746 2026 Hoc
801 1971 1018 2024 crimen
1060 1987 1172 2023 non
1231 1969 1593 2033 scriberetur,
1659 1965 1768 2020 nisi
1820 1965 2027 2036 [futura

334 2061 534 2133 populi
564 2059 906 2130 perversitas
937 2057 1410 2129 pronuntiaretur
1441 2073 1454 2110 :
1513 2054 1770 2126 quamvis
1818 2053 1877 2106 in
1929 2053 2026 2107 illo

331 2155 480 2205 esset
513 2148 820 2220 ﬂagitium,
876 2147 936 2200 iu
995 2144 1298 2216 Scripturis
1347 2149 1432 2198 est
1461 2143 1758 2215 prophetia
1809 2141 2028 2196 futuro-

334 2253 483 2304 rum,
518 2237 654 2308 quia
683 2253 786 2308 per
835 2235 1032 2291 Ruben
1081 2233 1495 2306 primogenitus
1532 2232 1779 2302 populus
1853 2230 2026 2284 Israel

331 2326 612 2397 ﬁguratur
641 2324 777 2396 :qui
803 2326 1033 2380 thorum
1077 2323 1406 2378 concubium
1437 2322 1662 2392 polluit,
1699 2321 1755 2374 id
1808 2325 1893 2373 est
1940 2320 2022 2373 Ie-

333 2429 463 2484 gem
543 2415 759 2468 Veteris
805 2412 1149 2467 Testameuti
1203 2409 1628 2481 praevaricando
1700 2409 2020 2464 maculavit.

335 2502 494 2568 Quod
527 2506 716 2556 autem
759 2501 1072 2555 concubina
1126 2501 1298 2553 Vetus
1349 2499 1777 2552 Testamentum
1813 2497 2027 2568 signiti-

332 2591 563 2656 caverit,
597 2590 808 2644 Paulus
845 2587 1093 2642 ostendit
1120 2587 1331 2654 dicens,
1364 2586 1482 2641 Cal.
1519 2602 1568 2639 iv
1605 2600 1617 2638 :
1679 2605 1706 2636 α
1739 2585 2026 2640 Abraham

329 2680 469 2734 duos
498 2679 646 2733 ﬁlios
683 2677 903 2743 habuit,
956 2693 1134 2730 unum
1165 2677 1252 2732 vde
1293 2674 1521 2742 ancilla,
1552 2679 1610 2728 et
1657 2674 1899 2729 alterum
1957 2673 2026 2728 de

327 2769 589 2836 libera,_s
621 2770 726 2820 etc.

400 2877 426 2903 σι
462 2857 634 2911 Erant
677 2860 890 2921 autem,
924 2872 952 2904 ιο
997 2856 1102 2907 etc.
1151 2851 1338 2922 (Αυα.)
1398 2851 1686 2916 Quaeritur
1735 2848 2024 2920 quomodo

329 2945 436 2999 hoc
466 2959 665 2999 verum
697 2943 790 3009 sit,
820 2947 952 3010 etc.,
1000 2957 1168 3010 usque
1198 2939 1273 2994 ad
1304 2955 1477 3012 quam
1517 2945 1580 2994 ut
1600 2955 1704 3010 per
1741 2937 2020 3010 synecdo—
2050 2945 2090 3002 c

325 3034 468 3088 chen
490 3031 818 3103 accipiatur.

395 3122 568 3175 Vens.
618 3121 800 3174 27-29.
847 3147 916 3160 —
956 3138 980 3166 ς
1037 3117 1333 3172 Civitatem
1392 3116 1595 3170 Arbee.
1667 3135 1694 3164 c
1749 3115 2023 3185 (1111·;11οΝ.)

329 3211 437 3266 Pro
471 3209 646 3265 Arbee
675 3209 735 3262 in
767 3207 895 3262 LXX
941 3222 1188 3275 campum
1216 3205 1478 3272 habetur,
1512 3221 1641 3259 cum
1675 3205 1901 3258 Hebron
1960 3203 2020 3256 in

329 3303 522 3352 monte
554 3298 642 3351 sit.
680 3296 887 3350 Eadem
926 3301 1119 3348 autem
1159 3293 1351 3348 ciiitas
1401 3293 1717 3364 antiquitus
1775 3291 2022 3346 Mambre

327 3387 396 3440 ab
429 3385 611 3439 amico
635 3383 874 3440 Abrahae
905 3382 1054 3437 dicta
1092 3386 1194 3436 est.

399 3495 420 3522 ι
459 3473 754 3530 Civitatem
785 3471 990 3537 Arbee,
1025 3491 1053 3520 ι
1104 3473 1209 3524 etc.
1269 3468 1624 3539 Angelorum
1670 3471 1756 3522 vel
1791 3471 2020 3522 sancta-

328 3579 450 3616 rum
501 3561 846 3622 animarum,
904 3558 1110 3630 quibus
1151 3562 1236 3612 est
1290 3555 1604 3628 appositus,
1655 3557 1812 3610 nulla
1841 3572 2020 3610 rema-

327 3657 498 3704 nente
544 3647 926 3703 sollicitudine
973 3647 1378 3711 tentationum,
1427 3645 1514 3699 vel
1545 3645 1796 3715 periculo
1822 3661 2017 3716 pecea-

324 3745 535 3793 torum.

931 3876 1157 3932 CAPUT
1195 3875 1414 3931 XXXVI.

393 4005 550 4059 Vens.
593 4006 762 4058 .619.
815 4031 886 4044 —
928 4024 948 4049 ι
1011 4001 1170 4056 Abiit
1221 4000 1279 4054 in
1345 4001 1578 4054 alteram
1645 3997 2014 4070 regionem»

322 4093 516 4162 (Snus
543 4091 560 4162 )
591 4091 778 4156 Quaeri
805 4095 994 4161 potest
1036 4106 1138 4144 cur
1190 4090 1335 4143 Esau
1376 4092 1506 4159 post
1540 4093 1785 4142 mortem
1843 4086 2019 4158 patris

319 4181 542 4234 dicatur
589 4179 794 4232 abiisse
847 4179 904 4231 in
933 4177 1076 4245 Seir,
1126 4181 1185 4230 et
1215 4175 1510 4230 recessisse
1549 4191 1581 4229 a
1632 4175 1828 4244 fratre,
1886 4191 2016 4229 cum

316 4269 434 4337 jam
461 4266 694 4336 quando
741 4265 896 4319 venit
922 4265 1116 4330 Iacob,
1171 4264 1229 4317 in
1258 4264 1380 4318 Seir
1409 4264 1630 4318 dicatur
1680 4262 1962 4316 habitasse
1988 4265 2017 4316 ἱ)

320 4355 427 4410 Sed
453 4354 578 4409 ﬁeri
609 4353 797 4424 potuit
818 4358 898 4413 ut,
931 4352 1100 4405 Iacob
1140 4351 1393 4422 fugiente
1445 4351 1502 4404 in
1531 4351 2015 4421 Mesopotamiam,

323 4445 487 4510 Esau,
523 4443 720 4497 dolore
774 4443 1074 4512 praerepta
1133 4439 1571 4502 benedictionis,
1630 4445 1867 4510 parente
1920 4455 2015 4494 re-

321 4532 574 4599 cesserit,
600 4535 658 4585 et
686 4527 1029 4584 habitaverit
1080 4527 1140 4581 in
1169 4527 1292 4582 Seir
1336 4527 1539 4597 viginti
1589 4527 1752 4581 annis
1807 4527 2018 4598 quibus

319 4621 492 4675 Iacob
537 4617 738 4674 abfuit.
795 4616 897 4672 Cui
957 4631 1182 4670 reverso
1261 4615 1616 4682 conciliatus,
1677 4631 1873 4669 rursus
1949 4615 2028 4668 de

320 4709 444 4763 Seir
476 4723 756 4776 reversus,
788 4721 918 4760 cum
967 4705 1140 4759 fratre
1173 4720 1298 4769 suo,
1345 4704 1527 4758 donec
1589 4709 1754 4774 pater
1807 4705 2028 4758 viveret

321 4796 598 4852 habitavit
631 4812 644 4851 :
681 4811 795 4867 quo
820 4799 1063 4859 mortuo,
1096 4810 1128 4848 a
1157 4793 1334 4846 fratre
1380 4792 1630 4857 recessit,
1693 4792 1830 4863 quia
1883 4792 2023 4847 divi-

321 4891 403 4940 tes
431 4892 616 4950 erant,
649 4889 706 4938 et
735 4883 902 4937 simul
931 4881 1188 4936 habitare
1218 4896 1330 4934 nou
1362 4870 1647 4950 poterant.

395 4975 554 5028 Vens.
587 4975 680 5041 20,
713 4975 804 5027 2t.
837 5001 902 5011 —
956 4992 983 5019 «
1020 4971 1117 5024 Isti
1164 4969 1268 5024 ﬁlii
1326 4968 1468 5032 Seir,
1513 4989 1540 5016 ι
1595 4973 1702 5021 etc.
1763 4970 2022 5034 (HIERON.

320 5063 380 5118 in
412 5066 476 5132 ο.
511 5062 670 5117 Hebr.
735 5065 882 5116 tom.
951 5060 1064 5127 111.)
1107 5061 1418 5129 Postquam
1467 5059 1826 5111 enumeravit
1873 5058 2024 5112 ﬁlios

321 5153 485 5218 Esau,
518 5151 690 5205 altius
727 5149 936 5219 repetit
984 5148 1085 5220 qui
1137 5152 1266 5201 ante
1321 5149 1461 5202 Esau
1526 5145 1586 5200 in
1640 5149 1794 5200 terra
1847 5147 2021 5201 Edom

317 5239 610 5310 principes
650 5241 1006 5302 _exstterunt
1068 5253 1136 5291 ex
1186 5251 1396 5306 genere
1472 5235 1859 5299 Borraeorum,
1923 5237 2022 5306 qui

319 5329 477 5382 liberi
522 5327 992 5396 interpretantur.
1038 5325 1100 5378 In
1161 5322 1612 5379 Deuteronomio
1666 5322 2022 5377 manifestius

319 5415 586 5470 scribitur
631 5413 924 5485 quomodo
988 5418 1270 5466 venerunt
1325 5412 1428 5466 ﬁlii
1487 5413 1647 5474 Esau,
1679 5415 1738 5465 et
1793 5408 2020 5467 interfe-

318 5505 422 5561 ctis
452 5502 697 5558 μοι-11818
717 5506 929 5557 terram
969 5516 1169 5558 eorum
1202 5499 1702 5557 haereditaverunt.

2142 474 2204 522 ut
2250 470 2311 523 in
2368 471 2815 541 Paralipomeuis
2879 469 3108 541 legitur,
3192 472 3381 542 primo
3437 473 3853 529 habitaverunt

2141 557 2198 610 in
2224 563 2414 612 monte
2447 559 2598 626 Scir;
2635 560 2843 630 quibus
2868 559 3139 629 expulsis.
3174 560 3415 616 Idumaei
3439 560 3855 616 habitaverunt

2140 661 2246 716 pro
2279 645 2407 700 illis.

2212 735 2375 789 Vens.
2409 737 2498 800 2'2,
2529 739 2618 791 23.
2657 767 2714 777 —
2755 759 2776 784 ι
2809 737 2940 789 Erat
2985 741 3176 791 autem
3203 753 3385 803 soror,
3426 757 3449 786 ι
3483 742 3590 793 etc.
3628 739 3846 809 (111118.)

2144 824 2271 877 Haec
2299 829 2384 877 est
2413 825 2692 890 Thamna,
2726 825 2796 879 de
2821 841 2936 896 qua
2965 841 3137 896 supra
3164 825 3381 880 dictum
3408 831 3493 880 est
3525 843 3539 881 :
3585 829 3648 882 Et
3691 828 3843 882 Tha-

2137 926 2275 965 mna
2307 917 2428 966 erat
2460 913 2780 967 concubina
2809 913 3061 984 Eliphaz,
3106 913 3478 985 primogeniti
3532 916 3697 980 Esau,
3726 923 3837 972 etc.

2139 999 2272 1054 Ideo
2305 1000 2667 1054 Horraaorum
2692 1001 3042 1064 recordatur,
3076 1001 3210 1073 quia
3241 1001 3662 1073 primogenitus
3692 1004 3843 1058 ﬁlio-

2138 1103 2266 1142 rum
2298 1090 2440 1143 Esau
2462 1105 2527 1143 ex
2551 1089 2775 1144 filiabus
2797 1104 2994 1144 eorum
3016 1091 3232 1160 accepit
3261 1091 3654 1146 concubinam.
3690 1092 3840 1157 Quia

2137 1182 2328 1231 autem
2353 1177 2562 1232 dicitur
2587 1179 2863 1245 Theman,
2905 1183 2960 1231 et
2995 1180 3196 1244 Cenez,
3226 1184 3285 1233 et
3330 1181 3581 1246 Amalec,
3635 1185 3694 1235 et
3743 1197 3839 1235 re-

2138 1264 2314 1336 liqua,
2371 1265 2615 1319 sciamus
2667 1271 2862 1335 postea
2916 1265 3253 1336 regionibus
3309 1272 3367 1322 et
3415 1267 3682 1338 gentibus
3711 1269 3845 1323 ldu-

2138 1367 2414 1406 minorum
2439 1368 2504 1406 ex
2537 1353 2624 1406 his
2653 1353 2923 1408 vocabula
2950 1355 3239 1425 imposita.

2207 1442 2364 1495 Vens.
2423 1443 2611 1495 24-28.
2671 1473 2739 1482 —
2795 1462 2822 1492 α
2869 1443 2978 1496 Iste
3034 1448 3119 1497 est
3166 1446 3306 1498 Ana.
3347 1463 3373 1495 ιο
3431 1450 3534 1499 etc.
3597 1447 3840 1512 (Suum)

2137 1527 2379 1591 Quidam
2429 1528 2762 1599 simpliciter
2819 1546 2995 1600 aquas
3040 1531 3248 1584 calidas
3288 1533 3440 1585 hunc
3492 1532 3548 1586 in
3611 1535 3841 1587 deserto

2139 1615 2421 1685 reperisse
2449 1616 2666 1684 dicunt,
2696 1633 2836 1688 quas
2865 1635 3128 1672 vocamus
3157 1619 3432 1675 thermas.

2214 1723 2241 1753 e
2276 1705 2382 1756 Iste
2421 1709 2507 1757 est
2538 1709 2678 1766 Ana.
2715 1725 2742 1757 ι
2792 1710 2900 1760 etc.
2956 1706 3242 1776 (1111111011.)
3297 1708 3461 1761 Varia
3509 1707 3660 1778 apud
3717 1709 3838 1762 He-

2133 1789 2318 1845 brmos
2357 1791 2427 1846 de
2465 1792 2572 1846 hoc
2618 1793 2866 1862 capitulo
2923 1795 3296 1865 disputantur
3349 1802 3482 1865 etc.,
3535 1811 3704 1866 usque
3759 1799 3839 1850 ad

2134 1883 2198 1932 ut
2229 1880 2371 1932 muli
2399 1887 2599 1934 contra
2629 1887 2892 1935 naturam
2926 1889 3312 1938 nascerentur.

2209 1967 2364 2022 Vsus.
2410 1970 2500 2033 29,
2537 1972 2622 2022 30.
2657 1991 2766 2017 -ι
2811 1968 2900 2023 Isti
2941 1968 3133 2024 duces.
3166 1990 3192 2020 »
3247 1971 3321 2024 De
3379 1973 3840 2042 praecedentibus

2135 2057 2234 2120 ait,
2263 2055 2358 2127 qui
2391 2056 2460 2110 de
2491 2057 2614 2111 Seir
2643 2073 2799 2124 ;non
2845 2058 2914 2112 de
2939 2059 3025 2112 his
3073 2075 3215 2130 quos
3245 2059 3445 2129 incipit
3499 2076 3806 2114 numerare

2136 2143 2233 2214 qui
2267 2145 2335 2198 de
2368 2146 2510 2199 Esau
2539 2151 2690 2200 sunt.

2211 2233 2370 2286 Vens.
2413 2235 2601 2289 Iit-43.
2639 2263 2698 2276 —
2732 2251 2760 2285 α
2821 2235 3008 2305 Reges
3053 2239 3264 2290 autem.
3289 2257 3316 2286 ›
3344 2235 3646 2291 Sciendum
3676 2240 3833 2309 quod

2136 2336 2246 2374 non
2279 2337 2478 2374 omnes
2512 2338 2674 2392 reges
2698 2331 3113 2378 commemorat
3134 2325 3231 2395 qui
3263 2324 3492 2379 fuerunt
3521 2333 3831 2397 antequam

2135 2406 2412 2462 haberent
2442 2424 2602 2478 reges
2633 2409 2735 2462 lilii
2768 2411 2992 2476 lsmael,
3024 2400 3270 2482 quorum
3302 2412 3524 2482 primus
3552 2413 3706 2479 Saul,
3730 2416 3830 2468 sed

2137 2495 2239 2547 hos
2260 2511 2460 2550 omnes
2502 2502 2725 2551 tantum
2761 2499 2858 2569 qui
2885 2505 3269 2568 regnaverunt
3307 2506 3612 2571 antequam
3642 2519 3833 2558 more-

2137 2589 2295 2636 retur
2342 2584 2539 2640 Moses.
2574 2603 2602 2635 α
2656 2585 2837 2656 Reges
2893 2593 3105 2641 autem.
3160 2606 3187 2637 ιι
3219 2586 3544 2642 Secundum
3603 2595 3835 2660 tempus

2135 2687 2248 2741 quo
2286 2671 2509 2725 vivebat
2537 2673 2779 2744 scriptor
2815 2679 3248 2741 commemorat,
3291 2691 3421 2728 cum
3460 2681 3655 2730 autem
3684 2676 3830 2744 Seir,

2136 2759 2234 2828 qui
2292 2759 2429 2814 istos
2472 2761 2692 2832 genuit,
2751 2761 2829 2815 ibi
2889 2763 3193 2829 habitaret,
3256 2765 3513 2816 nondum
3566 2764 3832 2817 veniente

2141 2849 2280 2902 Esau
2310 2847 2370 2902 in
2402 2853 2612 2902 terram
2648 2850 2824 2915 illam,
2873 2851 2943 2903 ab
2971 2866 3037 2903 eo
3083 2850 3392 2904 vocabatur
3425 2855 3573 2904 terra
3632 2851 3828 2905 Edom.

2203 2943 2366 3004 (Anc.
2419 2939 2484 3004 ρ.
2525 2941 2582 2993 in
2631 2941 2759 2995 Gen.
2805 2945 2843 2994 t.
2899 2940 2974 2993 Ill
3020 2941 3035 3010 )
3087 2939 3206 2994 Non
3253 2940 3464 2994 mirum
3521 2941 3676 3012 quod
3729 2957 3834 2993 uu-

2134 3026 2487 3081 merautibus
2543 3028 2614 3082 ab
2657 3028 2947 3083 Abraham
2993 3043 3095 3098 per
3147 3028 3290 3082 Esau
3356 3034 3578 3100 patrem
3637 3030 3831 3101 gentis

2137 3115 2330 3179 Edom,
2365 3119 2496 3181 etc.,
2527 3131 2697 3184 usque
2735 3115 2809 3170 ad
2847 3117 2904 3170 in
2947 3117 3045 3170 illo
3077 3117 3231 3171 enim
3264 3117 3460 3172 ordine
3493 3117 3589 3172 ubi
3635 3119 3831 3188 plures

2133 3208 2530 3269 numerantur,
2582 3204 2749 3258 citius
2789 3205 3001 3260 mortui
3028 3209 3180 3271 sunt,
3210 3221 3382 3277 quam
3415 3205 3505 3260 hic
3557 3206 3651 3261 ubi
3687 3223 3831 3278 pau-

2132 3306 2330 3343 (3101⁵89.

2203 3398 2229 3427 α
2273 3379 2482 3433 Ilusau.
2529 3399 2556 3430 1)
2598 3381 2812 3450 (Hum)
2843 3380 3023 3444 Quem
3055 3380 3288 3450 quidam
3309 3381 3672 3453 suspicantur
3706 3399 3831 3437 esse

2125 3465 2251 3530 Iob,
2305 3471 2369 3520 ut
2417 3467 2477 3521 in
2529 3467 2642 3522 ﬁne
2699 3467 3008 3522 voluminis
3034 3469 3216 3538 ipsius
3273 3462 3532 3524 additum
3581 3475 3695 3536 est;
3728 3473 3827 3526 sed

2128 3555 2362 3609 Ilebrtei
2403 3562 2665 3611 asserunt
2703 3572 2835 3611 eum
2869 3558 2937 3610 de
2983 3557 3158 3630 stirpe
3204 3558 3429 3612 Nachor
3457 3564 3823 3628 generatum,

2127 3643 2328 3720 utjam
2372 3661 2545 3715 supra
2581 3645 2796 3700 dictum
2836 3650 2938 3700 est.

2715 3785 2942 3841 CAPUT
2972 3787 3217 3843 XXXVII.

2201 3913 2360 3966 Vens.
2411 3914 2561 3966 2.—
2613 3930 2638 3962 «ι
2691 3910 2900 3980 Ioseph
2954 3927 3082 3964 cum
3131 3911 3376 3966 sedecim
3436 3917 3582 3966 esset
3635 3929 3824 3968 anno-

2130 4021 2156 4052 ‹‹
2192 4017 2339 4066 rum,
2374 4022 2400 4049 »
2440 4006 2584 4065 etc.,
2637 3999 2796 4069 (Anc.
2832 3999 2893 4052 in
2922 4000 2982 4065 Ο.
3017 4015 3180 4069 super
3210 4002 3485 4068 Genesin.)
3539 4003 3825 4058 Historiae.

2127 4090 2428 4155 Quomodo
2445 4087 2651 4159 poterit
2666 4103 2820 4142 mors
2853 4088 3026 4154 Isaac,
3054 4093 3185 4153 etc.,
3212 4104 3380 4156 usque
3397 4088 3472 4142 ad
3491 4088 3613 4143 vivo
3629 4095 3825 4146 tamen

2137 4181 2286 4232 Isaac
2315 4177 2510 4233 decem
2543 4181 2598 4230 et
2627 4181 2846 4246 septem
2890 4191 3172 4229 annorum
3231 4177 3408 4247 ccepit
3440 4193 3561 4231 esse.
3607 4179 3845 4249 Ioseph.

2206 4286 2233 4318 ‹ι
2275 4267 2338 4320 Et
2374 4270 2495 4319 erat
2537 4281 2669 4318 cum
2717 4264 2850 4318 ﬁliis
2899 4264 3070 4332 Balae,
3107 4283 3133 4316 υ
3184 4273 3289 4319 etc.
3332 4265 3542 4336 Ioseph
3576 4283 3722 4320 unus
3773 4284 3843 4321 ex

2138 4355 2434 4409 duodecim
2497 4352 2631 4406 ﬁliis
2679 4352 2867 4418 Iacob,
2919 4369 3037 4424 pra:
3084 4353 3302 4408 caeteris
3335 4353 3504 4424 'patri
3570 4354 3831 4424 dilectus,

2138 4442 2424 4494 Christum
2473 4437 2833 4508 signiﬁcavit,
2893 4455 3061 4510 quem
3109 4440 3255 4494 Deus
3296 4439 3460 4494 Pater
3517 4441 3835 4495 secundum

2135 4545 2363 4582 carnem
2395 4534 2591 4582 natum
2643 4528 2865 4581 caeteris
2921 4528 3189 4582 fratribus
3245 4545 3312 4582 ex
3361 4529 3604 4582 Abrahae
3653 4530 3834 4600 stirpe

2140 4617 2454 4690 progenitis
2501 4615 2775 4685 pretulit.
2817 4615 2974 4670 Unde
3040 4615 3265 4670 amabat
3307 4633 3438 4670 eum
3481 4617 3675 4682 Iacob,
3709 4639 3729 4666 4
3757 4635 3828 4672 eo

2136 4704 2289 4776 quod
2322 4703 2381 4758 in
2408 4707 2696 4757 senectute
2728 4703 3022 4774 genuisset
3052 4719 3205 4756 eum.
3233 4724 3256 4753 ι
3284 4705 3623 4759 Seuescente
3675 4706 3832 4760 enim

2134 4792 2372 4862 mundo,
2404 4792 2581 4846 Filius
2614 4791 2714 4845 Dei
2768 4791 2838 4846 de
2892 4791 3122 4861 Virgine
3155 4796 3321 4846 natus
3370 4791 3500 4858 fuit,
3551 4798 3832 4865 tanquam

2136 4883 2287 4936 illius
2317 4880 2648 4934 senectutis.

2207 4990 2233 5020 α
2266 4971 2330 5024 Et
2385 4973 2507 5022 erat
2561 4983 2713 5033 cum,
2745 4987 2772 5017 ιι
2819 4971 2925 5022 etc.
2985 4968 3049 5022 In
3094 4967 3387 5038 primitiva
3438 4969 3683 5024 Ecclesia
3725 4986 3832 5024 nec

2133 5057 2434 5129 abjiciebat
2463 5056 2570 5110 sibi
2597 5055 2952 5110 adhaerentes
2974 5072 3076 5126 per
3093 5056 3558 5128 praedicationem
3585 5059 3833 5129 pseudo-

2133 5146 2541 5218 apostolorum,
2577 5159 2722 5215 quos
2779 5143 3104 5213 signiﬁcant
3150 5145 3372 5199 ancillas
3443 5145 3639 5214 Iacob,
3685 5161 3835 5218 quos

2133 5242 2190 5290 et
2219 5235 2404 5290 noluit
2450 5231 2779 5305 prohibere,
2807 5231 2944 5286 dum
2991 5231 3050 5286 in
3098 5233 3334 5287 nomine
3382 5233 3507 5304 ejus
3557 5235 3836 5289 miracula

2129 5326 2400 5379 facerent.

2204 5410 2366 5464 Vens.
2394 5413 2444 5464 3.
2488 5439 2557 5451 —
2606 5431 2630 5460 (ι
2667 5409 2930 5480 Fecitque
2984 5409 3036 5464 ei
3087 5409 3338 5465 tunicam
3384 5410 3748 5482 polymitam.
3801 5433 3828 5463 ιο

2128 5499 2328 5570 (Hii-zu.)
2388 5500 2493 5553 Pro
2568 5501 2729 5553 unica
2779 5496 2940 5554 varia
2991 5498 3198 5571 Aquila
3275 5498 3686 5570 interpretatus
3740 5507 3826 5556 est
