  <div class='ocr_page' id='page_1' title='image "/cluster/home/n/w/nwhite01/storage/ocr_20150623/113/hvd.32044054759782/088.png"; bbox 0 0 4064 6186; ppageno 0'>
   <div class='ocr_carea' id='block_1_1' title="bbox 172 249 1871 311">
    <p class='ocr_par' dir='ltr' id='par_1_1' title="bbox 172 249 1871 309">
     <span class='ocr_line' id='line_1_1' title="bbox 172 249 1871 309; baseline 0.002 -4"><span class='ocrx_word' id='word_1_1' title='bbox 172 256 258 305; x_wconf 74' lang='grc'><strong>165</strong></span> <span class='ocrx_word' id='word_1_2' title='bbox 1333 249 1590 305; x_wconf 81' lang='lat' dir='ltr'><strong>GLOSSA</strong></span> <span class='ocrx_word' id='word_1_3' title='bbox 1631 250 1871 309; x_wconf 63' lang='lat' dir='ltr'><strong>ORDIW</strong></span> 
     </span>
    </p>
   </div>
   <div class='ocr_carea' id='block_1_2' title="bbox 2034 249 3672 311">
    <p class='ocr_par' dir='ltr' id='par_1_2' title="bbox 2034 250 3672 309">
     <span class='ocr_line' id='line_1_2' title="bbox 2034 250 3672 309; baseline 0.005 -8"><span class='ocrx_word' id='word_1_4' title='bbox 2034 289 2039 301; x_wconf 92' lang='lat'><strong>.</strong></span> <span class='ocrx_word' id='word_1_5' title='bbox 2081 280 2148 289; x_wconf 98' lang='lat'><strong>—</strong></span> <span class='ocrx_word' id='word_1_6' title='bbox 2192 250 2317 305; x_wconf 79' lang='lat' dir='ltr'><strong>LIB.</strong></span> <span class='ocrx_word' id='word_1_7' title='bbox 2363 250 2519 305; x_wconf 80' lang='lat' dir='ltr'><strong>GEN.</strong></span> <span class='ocrx_word' id='word_1_8' title='bbox 3573 258 3672 309; x_wconf 78' lang='grc'><strong>168</strong></span> 
     </span>
    </p>
   </div>
   <div class='ocr_carea' id='block_1_3' title="bbox 166 367 3671 443">
    <p class='ocr_par' dir='ltr' id='par_1_3' title="bbox 166 367 3671 443">
     <span class='ocr_line' id='line_1_3' title="bbox 166 367 3671 443; baseline 0.003 -23"><span class='ocrx_word' id='word_1_9' title='bbox 166 367 509 443; x_wconf 57' lang='lat' dir='ltr'><strong>impar/silos,</strong></span> <span class='ocrx_word' id='word_1_10' title='bbox 570 367 629 421; x_wconf 87' lang='lat' dir='ltr'>id</span> <span class='ocrx_word' id='word_1_11' title='bbox 684 373 770 422; x_wconf 88' lang='lat' dir='ltr'><strong>est</strong></span> <span class='ocrx_word' id='word_1_12' title='bbox 818 368 1066 434; x_wconf 70' lang='lat' dir='ltr'><strong>tutorem,</strong></span> <span class='ocrx_word' id='word_1_13' title='bbox 1118 367 1487 438; x_wconf 82' lang='lat' dir='ltr'><strong>Symmachus</strong></span> <span class='ocrx_word' id='word_1_14' title='bbox 1534 370 1862 421; x_wconf 81' lang='lat' dir='ltr'><strong>manicatam</strong></span> <span class='ocrx_word' id='word_1_15' title='bbox 1898 370 1940 424; x_wconf 81' lang='grc' dir='ltr'><strong>Α</strong></span> <span class='ocrx_word' id='word_1_16' title='bbox 1978 385 2146 439; x_wconf 85' lang='lat' dir='ltr'><strong>usque</strong></span> <span class='ocrx_word' id='word_1_17' title='bbox 2209 370 2284 423; x_wconf 86' lang='lat' dir='ltr'><strong>ad</strong></span> <span class='ocrx_word' id='word_1_18' title='bbox 2351 369 2451 441; x_wconf 92' lang='lat' dir='ltr'><strong>qui</strong></span> <span class='ocrx_word' id='word_1_19' title='bbox 2526 370 2721 424; x_wconf 86' lang='lat' dir='ltr'><strong>dicunt</strong></span> <span class='ocrx_word' id='word_1_20' title='bbox 2792 375 2945 442; x_wconf 82' lang='lat' dir='ltr'><strong>Agar</strong></span> <span class='ocrx_word' id='word_1_21' title='bbox 3015 376 3072 425; x_wconf 91' lang='lat' dir='ltr'><strong>et</strong></span> <span class='ocrx_word' id='word_1_22' title='bbox 3156 374 3418 427; x_wconf 88' lang='lat' dir='ltr'><strong>Ceturam</strong></span> <span class='ocrx_word' id='word_1_23' title='bbox 3493 391 3671 431; x_wconf 90' lang='lat' dir='ltr'><strong>unam</strong></span> 
     </span>
    </p>
   </div>
   <div class='ocr_carea' id='block_1_4' title="bbox 166 455 1866 527">
    <p class='ocr_par' dir='ltr' id='par_1_4' title="bbox 166 455 1866 527">
     <span class='ocr_line' id='line_1_4' title="bbox 166 455 1866 527; baseline 0 -17"><span class='ocrx_word' id='word_1_24' title='bbox 166 458 273 511; x_wconf 80' lang='lat' dir='ltr'><strong>sive</strong></span> <span class='ocrx_word' id='word_1_25' title='bbox 308 456 468 527; x_wconf 87' lang='lat' dir='ltr'><strong>quod</strong></span> <span class='ocrx_word' id='word_1_26' title='bbox 501 455 567 509; x_wconf 90' lang='lat' dir='ltr'><strong>ad</strong></span> <span class='ocrx_word' id='word_1_27' title='bbox 602 456 749 509; x_wconf 89' lang='lat' dir='ltr'><strong>talos</strong></span> <span class='ocrx_word' id='word_1_28' title='bbox 787 471 969 525; x_wconf 89' lang='lat' dir='ltr'><strong>usque</strong></span> <span class='ocrx_word' id='word_1_29' title='bbox 995 455 1366 509; x_wconf 81' lang='lat' dir='ltr'><strong>descenderet</strong></span> <span class='ocrx_word' id='word_1_30' title='bbox 1406 460 1461 508; x_wconf 91' lang='lat' dir='ltr'><strong>et</strong></span> <span class='ocrx_word' id='word_1_31' title='bbox 1492 455 1756 510; x_wconf 84' lang='lat' dir='ltr'><strong>manibus</strong></span> <span class='ocrx_word' id='word_1_32' title='bbox 1776 471 1866 509; x_wconf 86' lang='lat' dir='ltr'><strong>ar-</strong></span> 
     </span>
    </p>
   </div>
   <div class='ocr_carea' id='block_1_5' title="bbox 170 543 1867 614">
    <p class='ocr_par' dir='ltr' id='par_1_5' title="bbox 170 543 1867 614">
     <span class='ocr_line' id='line_1_5' title="bbox 170 543 1867 614; baseline -0.002 -13"><span class='ocrx_word' id='word_1_33' title='bbox 170 546 330 601; x_wconf 87' lang='lat' dir='ltr'><strong>tiﬁcis</strong></span> <span class='ocrx_word' id='word_1_34' title='bbox 364 545 513 599; x_wconf 89' lang='lat' dir='ltr'><strong>mira</strong></span> <span class='ocrx_word' id='word_1_35' title='bbox 571 550 721 599; x_wconf 82' lang='lat' dir='ltr'><strong>esset</strong></span> <span class='ocrx_word' id='word_1_36' title='bbox 770 546 1043 597; x_wconf 80' lang='lat' dir='ltr'><strong>varietate</strong></span> <span class='ocrx_word' id='word_1_37' title='bbox 1098 544 1383 611; x_wconf 89' lang='lat' dir='ltr'><strong>distincta,</strong></span> <span class='ocrx_word' id='word_1_38' title='bbox 1427 545 1541 597; x_wconf 89' lang='lat' dir='ltr'><strong>sive</strong></span> <span class='ocrx_word' id='word_1_39' title='bbox 1573 544 1726 614; x_wconf 89' lang='lat' dir='ltr'><strong>quod</strong></span> <span class='ocrx_word' id='word_1_40' title='bbox 1766 543 1867 597; x_wconf 88' lang='lat' dir='ltr'><strong>ha-</strong></span> 
     </span>
    </p>
   </div>
   <div class='ocr_carea' id='block_1_6' title="bbox 168 631 1869 703">
    <p class='ocr_par' dir='ltr' id='par_1_6' title="bbox 168 631 1869 703">
     <span class='ocr_line' id='line_1_6' title="bbox 168 631 1869 703; baseline -0.003 -14"><span class='ocrx_word' id='word_1_41' title='bbox 168 636 321 689; x_wconf 87' lang='lat' dir='ltr'><strong>beret</strong></span> <span class='ocrx_word' id='word_1_42' title='bbox 376 634 687 687; x_wconf 83' lang='lat' dir='ltr'><strong>manicas:</strong></span> <span class='ocrx_word' id='word_1_43' title='bbox 747 632 971 703; x_wconf 77' lang='lat' dir='ltr'><strong>antiqui</strong></span> <span class='ocrx_word' id='word_1_44' title='bbox 1037 631 1190 686; x_wconf 90' lang='lat' dir='ltr'><strong>enim</strong></span> <span class='ocrx_word' id='word_1_45' title='bbox 1248 632 1429 703; x_wconf 90' lang='lat' dir='ltr'><strong>magis</strong></span> <span class='ocrx_word' id='word_1_46' title='bbox 1486 632 1738 697; x_wconf 85' lang='lat' dir='ltr'><strong>colcbiis,</strong></span> <span class='ocrx_word' id='word_1_47' title='bbox 1808 631 1869 684; x_wconf 90' lang='lat' dir='ltr'>in</span> 
     </span>
    </p>
   </div>
   <div class='ocr_carea' id='block_1_7' title="bbox 170 721 1296 779">
    <p class='ocr_par' dir='ltr' id='par_1_7' title="bbox 170 721 1296 779">
     <span class='ocr_line' id='line_1_7' title="bbox 170 721 1296 779; baseline -0.002 0"><span class='ocrx_word' id='word_1_48' title='bbox 170 730 248 779; x_wconf 88' lang='lat' dir='ltr'><strong>est</strong></span> <span class='ocrx_word' id='word_1_49' title='bbox 277 724 538 777; x_wconf 80' lang='lat' dir='ltr'><strong>vestibus</strong></span> <span class='ocrx_word' id='word_1_50' title='bbox 559 722 681 775; x_wconf 88' lang='lat' dir='ltr'><strong>sine</strong></span> <span class='ocrx_word' id='word_1_51' title='bbox 703 722 943 774; x_wconf 83' lang='lat' dir='ltr'>manicis</span> <span class='ocrx_word' id='word_1_52' title='bbox 962 721 1296 777; x_wconf 79' lang='lat' dir='ltr'><strong>utebantur.</strong></span> 
     </span>
    </p>
   </div>
   <div class='ocr_carea' id='block_1_8' title="bbox 233 808 1868 881">
    <p class='ocr_par' dir='ltr' id='par_1_8' title="bbox 233 808 1868 881">
     <span class='ocr_line' id='line_1_8' title="bbox 233 808 1868 881; baseline -0.004 -14"><span class='ocrx_word' id='word_1_53' title='bbox 233 814 416 866; x_wconf 73' lang='lat' dir='ltr'><strong>Gneo.</strong></span> <span class='ocrx_word' id='word_1_54' title='bbox 451 812 593 864; x_wconf 85' lang='lat' dir='ltr'><strong>hom.</strong></span> <span class='ocrx_word' id='word_1_55' title='bbox 631 826 737 863; x_wconf 80' lang='lat' dir='ltr'><strong>xxv</strong></span> <span class='ocrx_word' id='word_1_56' title='bbox 782 812 841 863; x_wconf 81' lang='lat' dir='ltr'><strong>in</strong></span> <span class='ocrx_word' id='word_1_57' title='bbox 879 811 1089 876; x_wconf 81' lang='lat' dir='ltr'><strong>Evang.</strong></span> <span class='ocrx_word' id='word_1_58' title='bbox 1142 809 1284 873; x_wconf 87' lang='lat' dir='ltr'>Quia</span> <span class='ocrx_word' id='word_1_59' title='bbox 1325 809 1533 881; x_wconf 90' lang='lat' dir='ltr'><strong>Ioseph</strong></span> <span class='ocrx_word' id='word_1_60' title='bbox 1580 809 1729 863; x_wconf 89' lang='lat' dir='ltr'><strong>inter</strong></span> <span class='ocrx_word' id='word_1_61' title='bbox 1757 808 1868 862; x_wconf 82' lang='lat' dir='ltr'><strong>fra-</strong></span> 
     </span>
    </p>
   </div>
   <div class='ocr_carea' id='block_1_9' title="bbox 168 896 1871 970">
    <p class='ocr_par' dir='ltr' id='par_1_9' title="bbox 168 896 1871 970">
     <span class='ocr_line' id='line_1_9' title="bbox 168 896 1871 970; baseline -0.003 -16"><span class='ocrx_word' id='word_1_62' title='bbox 168 909 277 954; x_wconf 97' lang='lat' dir='ltr'><strong>tres</strong></span> <span class='ocrx_word' id='word_1_63' title='bbox 303 915 493 970; x_wconf 86' lang='lat' dir='ltr'><strong>usque</strong></span> <span class='ocrx_word' id='word_1_64' title='bbox 526 899 593 952; x_wconf 91' lang='lat' dir='ltr'><strong>ad</strong></span> <span class='ocrx_word' id='word_1_65' title='bbox 620 898 794 951; x_wconf 88' lang='lat' dir='ltr'><strong>ﬁnem</strong></span> <span class='ocrx_word' id='word_1_66' title='bbox 810 897 937 950; x_wconf 58' lang='lat' dir='ltr'><strong>vitae</strong></span> <span class='ocrx_word' id='word_1_67' title='bbox 962 898 1152 968; x_wconf 90' lang='lat' dir='ltr'><strong>justus</strong></span> <span class='ocrx_word' id='word_1_68' title='bbox 1174 914 1560 968; x_wconf 77' lang='lat' dir='ltr'><strong>perseverasse</strong></span> <span class='ocrx_word' id='word_1_69' title='bbox 1594 896 1871 951; x_wconf 87' lang='lat' dir='ltr'><strong>describi-</strong></span> 
     </span>
    </p>
   </div>
   <div class='ocr_carea' id='block_1_10' title="bbox 168 985 1869 1057">
    <p class='ocr_par' dir='ltr' id='par_1_10' title="bbox 168 985 1869 1057">
     <span class='ocr_line' id='line_1_10' title="bbox 168 985 1869 1057; baseline -0.002 -14"><span class='ocrx_word' id='word_1_70' title='bbox 168 996 277 1055; x_wconf 89' lang='lat' dir='ltr'><strong>tur,</strong></span> <span class='ocrx_word' id='word_1_71' title='bbox 313 990 472 1043; x_wconf 90' lang='lat' dir='ltr'><strong>solus</strong></span> <span class='ocrx_word' id='word_1_72' title='bbox 501 988 741 1041; x_wconf 88' lang='lat' dir='ltr'><strong>talarem</strong></span> <span class='ocrx_word' id='word_1_73' title='bbox 771 987 1023 1040; x_wconf 82' lang='lat' dir='ltr'>tunicam</span> <span class='ocrx_word' id='word_1_74' title='bbox 1050 986 1315 1040; x_wconf 86' lang='lat' dir='ltr'><strong>habuisse</strong></span> <span class='ocrx_word' id='word_1_75' title='bbox 1338 986 1692 1057; x_wconf 87' lang='lat' dir='ltr'><strong>perhibetur.</strong></span> <span class='ocrx_word' id='word_1_76' title='bbox 1726 985 1869 1050; x_wconf 86' lang='lat' dir='ltr'><strong>Quid</strong></span> 
     </span>
    </p>
   </div>
   <div class='ocr_carea' id='block_1_11' title="bbox 168 1072 1871 1139">
    <p class='ocr_par' dir='ltr' id='par_1_11' title="bbox 168 1072 1871 1139">
     <span class='ocr_line' id='line_1_11' title="bbox 168 1072 1871 1139; baseline -0.004 -7"><span class='ocrx_word' id='word_1_77' title='bbox 168 1084 250 1133; x_wconf 84' lang='lat' dir='ltr'><strong>est</strong></span> <span class='ocrx_word' id='word_1_78' title='bbox 281 1078 478 1133; x_wconf 87' lang='lat' dir='ltr'><strong>talaris</strong></span> <span class='ocrx_word' id='word_1_79' title='bbox 510 1076 718 1139; x_wconf 86' lang='lat' dir='ltr'><strong>tunica,</strong></span> <span class='ocrx_word' id='word_1_80' title='bbox 742 1075 854 1129; x_wconf 92' lang='lat' dir='ltr'>nisi</span> <span class='ocrx_word' id='word_1_81' title='bbox 881 1077 1025 1128; x_wconf 89' lang='lat' dir='ltr'><strong>actio</strong></span> <span class='ocrx_word' id='word_1_82' title='bbox 1053 1075 1488 1128; x_wconf 85' lang='lat' dir='ltr'><strong>consummata?</strong></span> <span class='ocrx_word' id='word_1_83' title='bbox 1516 1073 1687 1138; x_wconf 88' lang='lat' dir='ltr'><strong>Quasi</strong></span> <span class='ocrx_word' id='word_1_84' title='bbox 1717 1072 1871 1127; x_wconf 88' lang='lat' dir='ltr'><strong>enim</strong></span> 
     </span>
    </p>
   </div>
   <div class='ocr_carea' id='block_1_12' title="bbox 169 1161 1874 1238">
    <p class='ocr_par' dir='ltr' id='par_1_12' title="bbox 169 1161 1874 1238">
     <span class='ocr_line' id='line_1_12' title="bbox 169 1161 1874 1238; baseline -0.004 -18"><span class='ocrx_word' id='word_1_85' title='bbox 169 1170 441 1238; x_wconf 88' lang='lat' dir='ltr'><strong>protensa</strong></span> <span class='ocrx_word' id='word_1_86' title='bbox 473 1165 665 1218; x_wconf 88' lang='lat' dir='ltr'><strong>tunica</strong></span> <span class='ocrx_word' id='word_1_87' title='bbox 709 1163 1194 1233; x_wconf 68' lang='lat' dir='ltr'><strong>talum‘corporis</strong></span> <span class='ocrx_word' id='word_1_88' title='bbox 1250 1163 1495 1233; x_wconf 88' lang='lat' dir='ltr'><strong>operuit,</strong></span> <span class='ocrx_word' id='word_1_89' title='bbox 1555 1178 1685 1215; x_wconf 91' lang='lat' dir='ltr'><strong>cum</strong></span> <span class='ocrx_word' id='word_1_90' title='bbox 1726 1161 1874 1214; x_wconf 86' lang='lat' dir='ltr'><strong>bona</strong></span> 
     </span>
    </p>
   </div>
   <div class='ocr_carea' id='block_1_13' title="bbox 170 1250 1875 1322">
    <p class='ocr_par' dir='ltr' id='par_1_13' title="bbox 170 1250 1875 1322">
     <span class='ocr_line' id='line_1_13' title="bbox 170 1250 1875 1322; baseline -0.004 -14"><span class='ocrx_word' id='word_1_91' title='bbox 170 1255 314 1309; x_wconf 90' lang='lat' dir='ltr'><strong>actio</strong></span> <span class='ocrx_word' id='word_1_92' title='bbox 376 1260 510 1308; x_wconf 84' lang='lat' dir='ltr'><strong>ante</strong></span> <span class='ocrx_word' id='word_1_93' title='bbox 543 1254 739 1307; x_wconf 89' lang='lat' dir='ltr'><strong>oculos</strong></span> <span class='ocrx_word' id='word_1_94' title='bbox 772 1252 871 1306; x_wconf 88' lang='lat' dir='ltr'><strong>Dei</strong></span> <span class='ocrx_word' id='word_1_95' title='bbox 922 1268 1105 1322; x_wconf 89' lang='lat' dir='ltr'><strong>usque</strong></span> <span class='ocrx_word' id='word_1_96' title='bbox 1155 1251 1225 1305; x_wconf 89' lang='lat' dir='ltr'><strong>ad</strong></span> <span class='ocrx_word' id='word_1_97' title='bbox 1269 1252 1547 1304; x_wconf 88' lang='lat' dir='ltr'><strong>terminos</strong></span> <span class='ocrx_word' id='word_1_98' title='bbox 1593 1250 1721 1303; x_wconf 68' lang='lat' dir='ltr'><strong>vita:</strong></span> <span class='ocrx_word' id='word_1_99' title='bbox 1770 1264 1875 1301; x_wconf 92' lang='lat' dir='ltr'><strong>nos</strong></span> 
     </span>
    </p>
   </div>
   <div class='ocr_carea' id='block_1_14' title="bbox 174 1337 1874 1415">
    <p class='ocr_par' dir='ltr' id='par_1_14' title="bbox 174 1337 1874 1415">
     <span class='ocr_line' id='line_1_14' title="bbox 174 1337 1874 1415; baseline -0.004 -18"><span class='ocrx_word' id='word_1_100' title='bbox 174 1344 337 1415; x_wconf 87' lang='lat' dir='ltr'><strong>regit.</strong></span> <span class='ocrx_word' id='word_1_101' title='bbox 360 1343 521 1397; x_wconf 91' lang='lat' dir='ltr'><strong>Unde</strong></span> <span class='ocrx_word' id='word_1_102' title='bbox 566 1343 785 1413; x_wconf 78' lang='lat' dir='ltr'><strong>Moyses</strong></span> <span class='ocrx_word' id='word_1_103' title='bbox 821 1342 1060 1395; x_wconf 87' lang='lat' dir='ltr'><strong>caudam</strong></span> <span class='ocrx_word' id='word_1_104' title='bbox 1093 1339 1292 1394; x_wconf 69' lang='lat' dir='ltr'><strong>hostiae</strong></span> <span class='ocrx_word' id='word_1_105' title='bbox 1338 1339 1529 1394; x_wconf 70' lang='lat' dir='ltr'><strong>oﬁ‘erri</strong></span> <span class='ocrx_word' id='word_1_106' title='bbox 1585 1337 1874 1410; x_wconf 71' lang='lat' dir='ltr'><strong>praecepit,</strong></span> 
     </span>
    </p>
   </div>
   <div class='ocr_carea' id='block_1_15' title="bbox 173 1426 1875 1504">
    <p class='ocr_par' dir='ltr' id='par_1_15' title="bbox 173 1426 1875 1504">
     <span class='ocr_line' id='line_1_15' title="bbox 173 1426 1875 1504; baseline -0.004 -19"><span class='ocrx_word' id='word_1_107' title='bbox 173 1438 237 1487; x_wconf 90' lang='lat' dir='ltr'><strong>ut</strong></span> <span class='ocrx_word' id='word_1_108' title='bbox 264 1449 416 1504; x_wconf 89' lang='lat' dir='ltr'><strong>opus</strong></span> <span class='ocrx_word' id='word_1_109' title='bbox 472 1431 689 1485; x_wconf 90' lang='lat' dir='ltr'><strong>bonum</strong></span> <span class='ocrx_word' id='word_1_110' title='bbox 748 1430 903 1502; x_wconf 88' lang='lat' dir='ltr'><strong>quod</strong></span> <span class='ocrx_word' id='word_1_111' title='bbox 966 1429 1273 1500; x_wconf 89' lang='lat' dir='ltr'><strong>incipimus</strong></span> <span class='ocrx_word' id='word_1_112' title='bbox 1320 1426 1705 1500; x_wconf 82' lang='lat' dir='ltr'><strong>perseveranti</strong></span> <span class='ocrx_word' id='word_1_113' title='bbox 1760 1426 1875 1479; x_wconf 86' lang='lat' dir='ltr'><strong>ﬁne</strong></span> 
     </span>
    </p>
   </div>
   <div class='ocr_carea' id='block_1_16' title="bbox 174 1522 594 1591">
    <p class='ocr_par' dir='ltr' id='par_1_16' title="bbox 174 1522 594 1591">
     <span class='ocr_line' id='line_1_16' title="bbox 174 1522 594 1591; baseline 0 -17"><span class='ocrx_word' id='word_1_114' title='bbox 174 1522 594 1591; x_wconf 89' lang='lat' dir='ltr'><strong>compleamus.</strong></span> 
     </span>
    </p>
   </div>
   <div class='ocr_carea' id='block_1_17' title="bbox 250 1604 1869 1674">
    <p class='ocr_par' dir='ltr' id='par_1_17' title="bbox 250 1604 1869 1674">
     <span class='ocr_line' id='line_1_17' title="bbox 250 1604 1869 1674; baseline -0.004 -11"><span class='ocrx_word' id='word_1_115' title='bbox 250 1612 415 1663; x_wconf 68' lang='lat' dir='ltr'><strong>Vens.</strong></span> <span class='ocrx_word' id='word_1_116' title='bbox 477 1610 597 1663; x_wconf 78' lang='grc'><strong>4-6.</strong></span> <span class='ocrx_word' id='word_1_117' title='bbox 646 1637 715 1647; x_wconf 94' lang='lat'><strong>—</strong></span> <span class='ocrx_word' id='word_1_118' title='bbox 750 1628 777 1655; x_wconf 75' lang='grc' dir='ltr'><strong>α</strong></span> <span class='ocrx_word' id='word_1_119' title='bbox 836 1606 1103 1660; x_wconf 90' lang='lat' dir='ltr'><strong>Videntes</strong></span> <span class='ocrx_word' id='word_1_120' title='bbox 1155 1610 1346 1659; x_wconf 90' lang='lat' dir='ltr'><strong>autem</strong></span> <span class='ocrx_word' id='word_1_121' title='bbox 1405 1605 1607 1660; x_wconf 87' lang='lat' dir='ltr'><strong>fratres</strong></span> <span class='ocrx_word' id='word_1_122' title='bbox 1663 1604 1869 1674; x_wconf 83' lang='lat' dir='ltr'><strong>ejus,»</strong></span> 
     </span>
    </p>
   </div>
   <div class='ocr_carea' id='block_1_18' title="bbox 174 1691 1875 1759">
    <p class='ocr_par' dir='ltr' id='par_1_18' title="bbox 174 1691 1875 1759">
     <span class='ocr_line' id='line_1_18' title="bbox 174 1691 1875 1759; baseline -0.004 -8"><span class='ocrx_word' id='word_1_123' title='bbox 174 1704 279 1751; x_wconf 88' lang='lat' dir='ltr'><strong>etc.</strong></span> <span class='ocrx_word' id='word_1_124' title='bbox 328 1697 558 1750; x_wconf 85' lang='lat' dir='ltr'><strong>Fratres</strong></span> <span class='ocrx_word' id='word_1_125' title='bbox 611 1694 818 1750; x_wconf 86' lang='lat' dir='ltr'><strong>Christi</strong></span> <span class='ocrx_word' id='word_1_126' title='bbox 876 1694 1189 1748; x_wconf 87' lang='lat' dir='ltr'><strong>secundum</strong></span> <span class='ocrx_word' id='word_1_127' title='bbox 1241 1709 1471 1747; x_wconf 90' lang='lat' dir='ltr'><strong>carnem</strong></span> <span class='ocrx_word' id='word_1_128' title='bbox 1535 1692 1740 1759; x_wconf 73' lang='lat' dir='ltr'><strong>Judzei,</strong></span> <span class='ocrx_word' id='word_1_129' title='bbox 1806 1691 1875 1745; x_wconf 93' lang='lat' dir='ltr'><strong>de</strong></span> 
     </span>
    </p>
   </div>
   <div class='ocr_carea' id='block_1_19' title="bbox 172 1779 1877 1858">
    <p class='ocr_par' dir='ltr' id='par_1_19' title="bbox 172 1779 1877 1858">
     <span class='ocr_line' id='line_1_19' title="bbox 172 1779 1877 1858; baseline -0.004 -19"><span class='ocrx_word' id='word_1_130' title='bbox 172 1802 424 1858; x_wconf 86' lang='lat' dir='ltr'><strong>quorum</strong></span> <span class='ocrx_word' id='word_1_131' title='bbox 456 1784 802 1855; x_wconf 88' lang='lat' dir='ltr'><strong>cognatione</strong></span> <span class='ocrx_word' id='word_1_132' title='bbox 842 1799 1068 1836; x_wconf 90' lang='lat' dir='ltr'><strong>carnem</strong></span> <span class='ocrx_word' id='word_1_133' title='bbox 1100 1782 1366 1853; x_wconf 87' lang='lat' dir='ltr'><strong>suscepit.</strong></span> <span class='ocrx_word' id='word_1_134' title='bbox 1402 1782 1505 1836; x_wconf 91' lang='lat' dir='ltr'><strong>Sed</strong></span> <span class='ocrx_word' id='word_1_135' title='bbox 1537 1780 1674 1853; x_wconf 84' lang='lat' dir='ltr'><strong>quia</strong></span> <span class='ocrx_word' id='word_1_136' title='bbox 1728 1779 1877 1834; x_wconf 89' lang='lat' dir='ltr'><strong>vide-</strong></span> 
     </span>
    </p>
   </div>
   <div class='ocr_carea' id='block_1_20' title="bbox 176 1870 1874 1945">
    <p class='ocr_par' dir='ltr' id='par_1_20' title="bbox 176 1870 1874 1945">
     <span class='ocr_line' id='line_1_20' title="bbox 176 1870 1874 1945; baseline -0.004 -17"><span class='ocrx_word' id='word_1_137' title='bbox 176 1877 307 1928; x_wconf 71' lang='lat' dir='ltr'><strong>bant</strong></span> <span class='ocrx_word' id='word_1_138' title='bbox 339 1873 498 1945; x_wconf 89' lang='lat' dir='ltr'><strong>quod</strong></span> <span class='ocrx_word' id='word_1_139' title='bbox 538 1873 721 1944; x_wconf 89' lang='lat' dir='ltr'><strong>gratia</strong></span> <span class='ocrx_word' id='word_1_140' title='bbox 766 1872 1043 1925; x_wconf 90' lang='lat' dir='ltr'><strong>virtutum</strong></span> <span class='ocrx_word' id='word_1_141' title='bbox 1083 1870 1144 1925; x_wconf 92' lang='lat' dir='ltr'><strong>in</strong></span> <span class='ocrx_word' id='word_1_142' title='bbox 1174 1887 1242 1924; x_wconf 91' lang='lat' dir='ltr'><strong>eo</strong></span> <span class='ocrx_word' id='word_1_143' title='bbox 1291 1871 1482 1932; x_wconf 90' lang='lat' dir='ltr'><strong>ﬁebat,</strong></span> <span class='ocrx_word' id='word_1_144' title='bbox 1517 1871 1669 1941; x_wconf 90' lang='lat' dir='ltr'><strong>quod</strong></span> <span class='ocrx_word' id='word_1_145' title='bbox 1704 1872 1874 1921; x_wconf 90' lang='lat' dir='ltr'><strong>testa-</strong></span> 
     </span>
    </p>
   </div>
   <div class='ocr_carea' id='block_1_21' title="bbox 181 1956 1876 2030">
    <p class='ocr_par' dir='ltr' id='par_1_21' title="bbox 181 1956 1876 2030">
     <span class='ocr_line' id='line_1_21' title="bbox 181 1956 1876 2030; baseline -0.005 -14"><span class='ocrx_word' id='word_1_146' title='bbox 181 1966 343 2016; x_wconf 86' lang='lat' dir='ltr'><strong>batur</strong></span> <span class='ocrx_word' id='word_1_147' title='bbox 411 1962 596 2016; x_wconf 85' lang='lat' dir='ltr'><strong>Patris</strong></span> <span class='ocrx_word' id='word_1_148' title='bbox 659 1959 1012 2030; x_wconf 67' lang='lat' dir='ltr'><strong>praecipuam</strong></span> <span class='ocrx_word' id='word_1_149' title='bbox 1071 1958 1456 2025; x_wconf 85' lang='lat' dir='ltr'><strong>dilectionem,</strong></span> <span class='ocrx_word' id='word_1_150' title='bbox 1522 1956 1876 2023; x_wconf 81' lang='lat' dir='ltr'><strong>invidebant,</strong></span> 
     </span>
    </p>
   </div>
   <div class='ocr_carea' id='block_1_22' title="bbox 167 2044 1880 2121">
    <p class='ocr_par' dir='ltr' id='par_1_22' title="bbox 167 2044 1880 2121">
     <span class='ocr_line' id='line_1_22' title="bbox 167 2044 1880 2121; baseline -0.005 -16"><span class='ocrx_word' id='word_1_151' title='bbox 167 2062 273 2105; x_wconf 86' lang='lat' dir='ltr'><strong>&#39;uec</strong></span> <span class='ocrx_word' id='word_1_152' title='bbox 305 2054 581 2121; x_wconf 88' lang='lat' dir='ltr'><strong>poterant</strong></span> <span class='ocrx_word' id='word_1_153' title='bbox 606 2049 658 2103; x_wconf 92' lang='lat' dir='ltr'><strong>ei</strong></span> <span class='ocrx_word' id='word_1_154' title='bbox 707 2048 1025 2119; x_wconf 85' lang='lat' dir='ltr'><strong>quidquam</strong></span> <span class='ocrx_word' id='word_1_155' title='bbox 1058 2046 1293 2118; x_wconf 90' lang='lat' dir='ltr'><strong>paciﬁce</strong></span> <span class='ocrx_word' id='word_1_156' title='bbox 1355 2046 1537 2117; x_wconf 86' lang='lat' dir='ltr'><strong>loqui,</strong></span> <span class='ocrx_word' id='word_1_157' title='bbox 1570 2050 1623 2099; x_wconf 90' lang='lat' dir='ltr'><strong>et</strong></span> <span class='ocrx_word' id='word_1_158' title='bbox 1668 2044 1880 2115; x_wconf 66' lang='lat' dir='ltr'><strong>saepius</strong></span> 
     </span>
    </p>
   </div>
   <div class='ocr_carea' id='block_1_23' title="bbox 183 2132 1876 2206">
    <p class='ocr_par' dir='ltr' id='par_1_23' title="bbox 183 2132 1876 2206">
     <span class='ocr_line' id='line_1_23' title="bbox 183 2132 1876 2206; baseline -0.004 -13"><span class='ocrx_word' id='word_1_159' title='bbox 183 2140 414 2195; x_wconf 84' lang='lat' dir='ltr'><strong>insidias</strong></span> <span class='ocrx_word' id='word_1_160' title='bbox 459 2139 781 2206; x_wconf 82' lang='lat' dir='ltr'><strong>tentabant,</strong></span> <span class='ocrx_word' id='word_1_161' title='bbox 837 2142 892 2191; x_wconf 88' lang='lat' dir='ltr'><strong>et</strong></span> <span class='ocrx_word' id='word_1_162' title='bbox 938 2135 1414 2191; x_wconf 84' lang='lat' dir='ltr'><strong>Patremfamilias</strong></span> <span class='ocrx_word' id='word_1_163' title='bbox 1467 2136 1528 2189; x_wconf 91' lang='lat' dir='ltr'>in</span> <span class='ocrx_word' id='word_1_164' title='bbox 1567 2132 1876 2189; x_wconf 90' lang='lat' dir='ltr'><strong>Beelzebub</strong></span> 
     </span>
    </p>
   </div>
   <div class='ocr_carea' id='block_1_24' title="bbox 183 2222 1880 2299">
    <p class='ocr_par' dir='ltr' id='par_1_24' title="bbox 183 2222 1880 2299">
     <span class='ocr_line' id='line_1_24' title="bbox 183 2222 1880 2299; baseline -0.004 -17"><span class='ocrx_word' id='word_1_165' title='bbox 183 2228 437 2299; x_wconf 84' lang='lat' dir='ltr'><strong>principe</strong></span> <span class='ocrx_word' id='word_1_166' title='bbox 460 2226 878 2281; x_wconf 74' lang='lat' dir='ltr'><strong>daemoniorum</strong></span> <span class='ocrx_word' id='word_1_167' title='bbox 912 2224 1200 2279; x_wconf 65' lang='lat' dir='ltr'><strong>dazmonia</strong></span> <span class='ocrx_word' id='word_1_168' title='bbox 1257 2224 1461 2295; x_wconf 85' lang='lat' dir='ltr'><strong>ejicere</strong></span> <span class='ocrx_word' id='word_1_169' title='bbox 1509 2222 1880 2293; x_wconf 87' lang='lat' dir='ltr'><strong>blasphema-</strong></span> 
     </span>
    </p>
   </div>
   <div class='ocr_carea' id='block_1_25' title="bbox 181 2320 335 2371">
    <p class='ocr_par' dir='ltr' id='par_1_25' title="bbox 181 2320 335 2371">
     <span class='ocr_line' id='line_1_25' title="bbox 181 2320 335 2371; baseline -0.019 0"><span class='ocrx_word' id='word_1_170' title='bbox 181 2320 335 2371; x_wconf 89' lang='lat' dir='ltr'><strong>bant.</strong></span> 
     </span>
    </p>
   </div>
   <div class='ocr_carea' id='block_1_26' title="bbox 246 2398 1879 2475">
    <p class='ocr_par' dir='ltr' id='par_1_26' title="bbox 246 2398 1879 2475">
     <span class='ocr_line' id='line_1_26' title="bbox 246 2398 1879 2475; baseline -0.004 -16"><span class='ocrx_word' id='word_1_171' title='bbox 246 2408 430 2475; x_wconf 73' lang='lat'><strong>(1510.)</strong></span> <span class='ocrx_word' id='word_1_172' title='bbox 472 2406 585 2459; x_wconf 81' lang='lat' dir='ltr'><strong>Hoc</strong></span> <span class='ocrx_word' id='word_1_173' title='bbox 632 2402 1005 2475; x_wconf 89' lang='lat' dir='ltr'><strong>spiritualiter</strong></span> <span class='ocrx_word' id='word_1_174' title='bbox 1041 2400 1102 2454; x_wconf 91' lang='lat' dir='ltr'><strong>in</strong></span> <span class='ocrx_word' id='word_1_175' title='bbox 1150 2399 1371 2455; x_wconf 87' lang='lat' dir='ltr'><strong>Christo</strong></span> <span class='ocrx_word' id='word_1_176' title='bbox 1420 2398 1721 2471; x_wconf 88' lang='lat' dir='ltr'><strong>impletum</strong></span> <span class='ocrx_word' id='word_1_177' title='bbox 1779 2403 1879 2452; x_wconf 90' lang='lat' dir='ltr'><strong>est.</strong></span> 
     </span>
    </p>
   </div>
   <div class='ocr_carea' id='block_1_27' title="bbox 178 2490 1277 2563">
    <p class='ocr_par' dir='ltr' id='par_1_27' title="bbox 178 2490 1277 2563">
     <span class='ocr_line' id='line_1_27' title="bbox 178 2490 1277 2563; baseline -0.006 -14"><span class='ocrx_word' id='word_1_178' title='bbox 178 2501 304 2563; x_wconf 83' lang='lat' dir='ltr'><strong>etc.,</strong></span> <span class='ocrx_word' id='word_1_179' title='bbox 358 2509 532 2563; x_wconf 81' lang='lat' dir='ltr'><strong>usque</strong></span> <span class='ocrx_word' id='word_1_180' title='bbox 557 2493 631 2546; x_wconf 84' lang='lat' dir='ltr'><strong>ad</strong></span> <span class='ocrx_word' id='word_1_181' title='bbox 658 2494 717 2546; x_wconf 91' lang='lat' dir='ltr'><strong>in</strong></span> <span class='ocrx_word' id='word_1_182' title='bbox 748 2492 1039 2545; x_wconf 89' lang='lat' dir='ltr'><strong>stellarum</strong></span> <span class='ocrx_word' id='word_1_183' title='bbox 1070 2490 1277 2560; x_wconf 88' lang='lat' dir='ltr'><strong>ﬁgura.</strong></span> 
     </span>
    </p>
   </div>
   <div class='ocr_carea' id='block_1_28' title="bbox 244 2575 1882 2648">
    <p class='ocr_par' dir='ltr' id='par_1_28' title="bbox 244 2575 1882 2648">
     <span class='ocr_line' id='line_1_28' title="bbox 244 2575 1882 2648; baseline -0.004 -12"><span class='ocrx_word' id='word_1_184' title='bbox 244 2586 414 2638; x_wconf 72' lang='lat' dir='ltr'><strong>Vens.</strong></span> <span class='ocrx_word' id='word_1_185' title='bbox 455 2585 539 2645; x_wconf 87' lang='grc'><strong>10,</strong></span> <span class='ocrx_word' id='word_1_186' title='bbox 578 2586 660 2635; x_wconf 86' lang='lat' dir='ltr'><strong>ll.</strong></span> <span class='ocrx_word' id='word_1_187' title='bbox 692 2599 805 2631; x_wconf 72' lang='grc' dir='ltr'><strong>-α</strong></span> <span class='ocrx_word' id='word_1_188' title='bbox 842 2580 988 2633; x_wconf 78' lang='lat' dir='ltr'><strong>Num</strong></span> <span class='ocrx_word' id='word_1_189' title='bbox 1018 2594 1143 2648; x_wconf 87' lang='lat' dir='ltr'><strong>ego,</strong></span> <span class='ocrx_word' id='word_1_190' title='bbox 1182 2597 1209 2630; x_wconf 87' lang='lat'><strong>»</strong></span> <span class='ocrx_word' id='word_1_191' title='bbox 1238 2582 1344 2631; x_wconf 90' lang='lat' dir='ltr'><strong>etc.</strong></span> <span class='ocrx_word' id='word_1_192' title='bbox 1366 2575 1554 2640; x_wconf 67' lang='lat' dir='ltr'><strong>Quaeri</strong></span> <span class='ocrx_word' id='word_1_193' title='bbox 1584 2580 1772 2646; x_wconf 89' lang='lat' dir='ltr'><strong>potest</strong></span> <span class='ocrx_word' id='word_1_194' title='bbox 1795 2592 1882 2629; x_wconf 91' lang='lat' dir='ltr'><strong>se-</strong></span> 
     </span>
    </p>
   </div>
   <div class='ocr_carea' id='block_1_29' title="bbox 182 2664 1885 2739">
    <p class='ocr_par' dir='ltr' id='par_1_29' title="bbox 182 2664 1885 2739">
     <span class='ocr_line' id='line_1_29' title="bbox 182 2664 1885 2739; baseline -0.006 -13"><span class='ocrx_word' id='word_1_195' title='bbox 182 2672 702 2727; x_wconf 86' lang='lat' dir='ltr'><strong>cundumlitteram</strong></span> <span class='ocrx_word' id='word_1_196' title='bbox 727 2668 954 2739; x_wconf 89' lang='lat' dir='ltr'><strong>quando</strong></span> <span class='ocrx_word' id='word_1_197' title='bbox 986 2684 1012 2720; x_wconf 87' lang='lat' dir='ltr'><strong>a</strong></span> <span class='ocrx_word' id='word_1_198' title='bbox 1036 2674 1197 2736; x_wconf 89' lang='lat' dir='ltr'><strong>patre</strong></span> <span class='ocrx_word' id='word_1_199' title='bbox 1235 2665 1506 2718; x_wconf 87' lang='lat' dir='ltr'><strong>adoratus</strong></span> <span class='ocrx_word' id='word_1_200' title='bbox 1534 2665 1625 2731; x_wconf 89' lang='lat' dir='ltr'><strong>sit,</strong></span> <span class='ocrx_word' id='word_1_201' title='bbox 1651 2664 1749 2735; x_wconf 88' lang='lat' dir='ltr'><strong>qui</strong></span> <span class='ocrx_word' id='word_1_202' title='bbox 1780 2678 1885 2733; x_wconf 90' lang='lat' dir='ltr'><strong>per</strong></span> 
     </span>
    </p>
   </div>
   <div class='ocr_carea' id='block_1_30' title="bbox 179 2753 1884 2828">
    <p class='ocr_par' dir='ltr' id='par_1_30' title="bbox 179 2753 1884 2828">
     <span class='ocr_line' id='line_1_30' title="bbox 179 2753 1884 2828; baseline -0.004 -17"><span class='ocrx_word' id='word_1_203' title='bbox 179 2763 360 2815; x_wconf 60' lang='lat' dir='ltr'><strong>solem</strong></span> <span class='ocrx_word' id='word_1_204' title='bbox 390 2780 406 2827; x_wconf 89' lang='lat'><strong>;</strong></span> <span class='ocrx_word' id='word_1_205' title='bbox 437 2764 495 2813; x_wconf 90' lang='lat' dir='ltr'><strong>et</strong></span> <span class='ocrx_word' id='word_1_206' title='bbox 524 2775 557 2813; x_wconf 89' lang='lat' dir='ltr'><strong>a</strong></span> <span class='ocrx_word' id='word_1_207' title='bbox 590 2764 791 2825; x_wconf 76' lang='lat' dir='ltr'><strong>matre,</strong></span> <span class='ocrx_word' id='word_1_208' title='bbox 854 2772 981 2828; x_wconf 66' lang='lat' dir='ltr'><strong>qua:</strong></span> <span class='ocrx_word' id='word_1_209' title='bbox 1021 2771 1126 2825; x_wconf 91' lang='lat' dir='ltr'><strong>per</strong></span> <span class='ocrx_word' id='word_1_210' title='bbox 1155 2754 1347 2807; x_wconf 86' lang='lat' dir='ltr'><strong>lunam</strong></span> <span class='ocrx_word' id='word_1_211' title='bbox 1396 2753 1750 2823; x_wconf 82' lang='lat' dir='ltr'><strong>designatur.</strong></span> <span class='ocrx_word' id='word_1_212' title='bbox 1776 2754 1884 2806; x_wconf 86' lang='lat' dir='ltr'><strong>Ne-</strong></span> 
     </span>
    </p>
   </div>
   <div class='ocr_carea' id='block_1_31' title="bbox 181 2841 1887 2922">
    <p class='ocr_par' dir='ltr' id='par_1_31' title="bbox 181 2841 1887 2922">
     <span class='ocr_line' id='line_1_31' title="bbox 181 2841 1887 2922; baseline -0.007 -18"><span class='ocrx_word' id='word_1_213' title='bbox 181 2868 287 2922; x_wconf 88' lang='lat' dir='ltr'><strong>que</strong></span> <span class='ocrx_word' id='word_1_214' title='bbox 310 2850 474 2903; x_wconf 91' lang='lat' dir='ltr'><strong>enim</strong></span> <span class='ocrx_word' id='word_1_215' title='bbox 500 2847 692 2913; x_wconf 88' lang='lat' dir='ltr'><strong>Iacob,</strong></span> <span class='ocrx_word' id='word_1_216' title='bbox 741 2845 972 2916; x_wconf 91' lang='lat' dir='ltr'><strong>quando</strong></span> <span class='ocrx_word' id='word_1_217' title='bbox 1031 2842 1323 2897; x_wconf 88' lang='lat' dir='ltr'><strong>descendit</strong></span> <span class='ocrx_word' id='word_1_218' title='bbox 1354 2841 1411 2895; x_wconf 92' lang='lat' dir='ltr'><strong>in</strong></span> <span class='ocrx_word' id='word_1_219' title='bbox 1469 2842 1777 2911; x_wconf 87' lang='lat' dir='ltr'><strong>Egyptum,</strong></span> <span class='ocrx_word' id='word_1_220' title='bbox 1813 2843 1887 2894; x_wconf 85' lang='lat' dir='ltr'><strong>le-</strong></span> 
     </span>
    </p>
   </div>
   <div class='ocr_carea' id='block_1_32' title="bbox 180 2930 1951 3009">
    <p class='ocr_par' dir='ltr' id='par_1_32' title="bbox 180 2930 1951 3009">
     <span class='ocr_line' id='line_1_32' title="bbox 180 2930 1951 3009; baseline -0.006 -17"><span class='ocrx_word' id='word_1_221' title='bbox 180 2941 334 3009; x_wconf 86' lang='lat' dir='ltr'><strong>gitur</strong></span> <span class='ocrx_word' id='word_1_222' title='bbox 356 2937 631 2991; x_wconf 76' lang='lat' dir='ltr'><strong>adorasse</strong></span> <span class='ocrx_word' id='word_1_223' title='bbox 660 2950 790 2987; x_wconf 90' lang='lat' dir='ltr'><strong>eum</strong></span> <span class='ocrx_word' id='word_1_224' title='bbox 827 2950 839 2987; x_wconf 92' lang='lat'>:</span> <span class='ocrx_word' id='word_1_225' title='bbox 870 2937 1051 2986; x_wconf 88' lang='lat' dir='ltr'><strong>mater</strong></span> <span class='ocrx_word' id='word_1_226' title='bbox 1079 2947 1217 2985; x_wconf 91' lang='lat' dir='ltr'><strong>vero</strong></span> <span class='ocrx_word' id='word_1_227' title='bbox 1250 2931 1371 3001; x_wconf 89' lang='lat' dir='ltr'><strong>jam</strong></span> <span class='ocrx_word' id='word_1_228' title='bbox 1400 2930 1665 2984; x_wconf 84' lang='lat' dir='ltr'><strong>defuncta</strong></span> <span class='ocrx_word' id='word_1_229' title='bbox 1710 2936 1827 2984; x_wconf 86' lang='lat' dir='ltr'><strong>erat</strong></span> <span class='ocrx_word' id='word_1_230' title='bbox 1862 2949 1878 2984; x_wconf 91' lang='lat'><strong><em>:</em></strong></span> <span class='ocrx_word' id='word_1_231' title='bbox 1914 2940 1951 2993; x_wconf 67' lang='grc' dir='ltr'>(ζ</span> 
     </span>
    </p>
   </div>
   <div class='ocr_carea' id='block_1_33' title="bbox 180 3017 1886 3094">
    <p class='ocr_par' dir='ltr' id='par_1_33' title="bbox 180 3017 1886 3094">
     <span class='ocr_line' id='line_1_33' title="bbox 180 3017 1886 3094; baseline -0.005 -15"><span class='ocrx_word' id='word_1_232' title='bbox 180 3028 273 3081; x_wconf 84' lang='lat' dir='ltr'><strong>sed</strong></span> <span class='ocrx_word' id='word_1_233' title='bbox 306 3026 381 3080; x_wconf 89' lang='lat' dir='ltr'><strong>ad</strong></span> <span class='ocrx_word' id='word_1_234' title='bbox 434 3022 775 3094; x_wconf 87' lang='lat' dir='ltr'><strong>allegoriam</strong></span> <span class='ocrx_word' id='word_1_235' title='bbox 822 3035 1206 3086; x_wconf 88' lang='lat' dir='ltr'><strong>recurramus,</strong></span> <span class='ocrx_word' id='word_1_236' title='bbox 1240 3034 1369 3089; x_wconf 75' lang='lat' dir='ltr'><strong>quae</strong></span> <span class='ocrx_word' id='word_1_237' title='bbox 1422 3018 1482 3072; x_wconf 91' lang='lat' dir='ltr'><strong>in</strong></span> <span class='ocrx_word' id='word_1_238' title='bbox 1512 3017 1733 3073; x_wconf 90' lang='lat' dir='ltr'><strong>Christo</strong></span> <span class='ocrx_word' id='word_1_239' title='bbox 1776 3018 1886 3071; x_wconf 88' lang='lat' dir='ltr'><strong>im-</strong></span> 
     </span>
    </p>
   </div>
   <div class='ocr_carea' id='block_1_34' title="bbox 182 3116 392 3187">
    <p class='ocr_par' dir='ltr' id='par_1_34' title="bbox 182 3116 392 3187">
     <span class='ocr_line' id='line_1_34' title="bbox 182 3116 392 3187; baseline 0.005 -20"><span class='ocrx_word' id='word_1_240' title='bbox 182 3116 392 3187; x_wconf 90' lang='lat' dir='ltr'><strong>pletur.</strong></span> 
     </span>
    </p>
   </div>
   <div class='ocr_carea' id='block_1_35' title="bbox 246 3194 1885 3267">
    <p class='ocr_par' dir='ltr' id='par_1_35' title="bbox 246 3194 1885 3267">
     <span class='ocr_line' id='line_1_35' title="bbox 246 3194 1885 3267; baseline -0.004 -11"><span class='ocrx_word' id='word_1_241' title='bbox 246 3204 415 3256; x_wconf 72' lang='lat' dir='ltr'><strong>Vens.</strong></span> <span class='ocrx_word' id='word_1_242' title='bbox 476 3202 661 3255; x_wconf 68' lang='lat' dir='ltr'><strong>lit-&#39;22.</strong></span> <span class='ocrx_word' id='word_1_243' title='bbox 722 3229 789 3237; x_wconf 87' lang='lat'><strong>—-</strong></span> <span class='ocrx_word' id='word_1_244' title='bbox 821 3217 847 3247; x_wconf 77' lang='grc' dir='ltr'>α</span> <span class='ocrx_word' id='word_1_245' title='bbox 908 3197 1165 3267; x_wconf 90' lang='lat' dir='ltr'><strong>Cumque</strong></span> <span class='ocrx_word' id='word_1_246' title='bbox 1223 3196 1425 3250; x_wconf 81' lang='lat' dir='ltr'><strong>fratres</strong></span> <span class='ocrx_word' id='word_1_247' title='bbox 1476 3194 1709 3251; x_wconf 82' lang='lat' dir='ltr'><strong>illius.»</strong></span> <span class='ocrx_word' id='word_1_248' title='bbox 1756 3200 1885 3261; x_wconf 92' lang='lat' dir='ltr'><strong>etc.,</strong></span> 
     </span>
    </p>
   </div>
   <div class='ocr_carea' id='block_1_36' title="bbox 185 3281 1885 3362">
    <p class='ocr_par' dir='ltr' id='par_1_36' title="bbox 185 3281 1885 3362">
     <span class='ocr_line' id='line_1_36' title="bbox 185 3281 1885 3362; baseline -0.009 -16"><span class='ocrx_word' id='word_1_249' title='bbox 185 3317 204 3339; x_wconf 77' lang='grc' dir='ltr'><strong><em>ο</em></strong></span> <span class='ocrx_word' id='word_1_250' title='bbox 240 3294 299 3346; x_wconf 94' lang='lat' dir='ltr'><strong>in</strong></span> <span class='ocrx_word' id='word_1_251' title='bbox 321 3289 632 3362; x_wconf 89' lang='lat' dir='ltr'><strong>pascendis</strong></span> <span class='ocrx_word' id='word_1_252' title='bbox 652 3286 942 3358; x_wconf 88' lang='lat' dir='ltr'><strong>gregibus,</strong></span> <span class='ocrx_word' id='word_1_253' title='bbox 976 3305 1004 3336; x_wconf 74' lang='lat' dir='ltr'><strong>io</strong></span> <span class='ocrx_word' id='word_1_254' title='bbox 1059 3299 1229 3353; x_wconf 82' lang='lat' dir='ltr'><strong>usque</strong></span> <span class='ocrx_word' id='word_1_255' title='bbox 1252 3303 1280 3334; x_wconf 72' lang='grc' dir='ltr'><strong>α</strong></span> <span class='ocrx_word' id='word_1_256' title='bbox 1332 3283 1618 3337; x_wconf 81' lang='lat' dir='ltr'><strong>Renuntia</strong></span> <span class='ocrx_word' id='word_1_257' title='bbox 1655 3281 1818 3347; x_wconf 82' lang='lat' dir='ltr'><strong>mihi,</strong></span> <span class='ocrx_word' id='word_1_258' title='bbox 1858 3300 1885 3331; x_wconf 70' lang='grc' dir='ltr'><strong>ι</strong></span> 
     </span>
    </p>
   </div>
   <div class='ocr_carea' id='block_1_37' title="bbox 183 3371 1883 3451">
    <p class='ocr_par' dir='ltr' id='par_1_37' title="bbox 183 3371 1883 3451">
     <span class='ocr_line' id='line_1_37' title="bbox 183 3371 1883 3451; baseline -0.006 -18"><span class='ocrx_word' id='word_1_259' title='bbox 183 3386 282 3435; x_wconf 86' lang='lat' dir='ltr'><strong>etc.</strong></span> <span class='ocrx_word' id='word_1_260' title='bbox 311 3380 502 3451; x_wconf 74' lang='lat' dir='ltr'><strong>(stn.)</strong></span> <span class='ocrx_word' id='word_1_261' title='bbox 533 3377 705 3431; x_wconf 87' lang='lat' dir='ltr'><strong>Iacob</strong></span> <span class='ocrx_word' id='word_1_262' title='bbox 738 3375 917 3429; x_wconf 91' lang='lat' dir='ltr'><strong>mittit</strong></span> <span class='ocrx_word' id='word_1_263' title='bbox 960 3374 1145 3427; x_wconf 88' lang='lat' dir='ltr'><strong>ﬁlium</strong></span> <span class='ocrx_word' id='word_1_264' title='bbox 1179 3378 1242 3426; x_wconf 89' lang='lat' dir='ltr'><strong>ut</strong></span> <span class='ocrx_word' id='word_1_265' title='bbox 1268 3372 1336 3427; x_wconf 90' lang='lat' dir='ltr'><strong>de</strong></span> <span class='ocrx_word' id='word_1_266' title='bbox 1387 3371 1657 3425; x_wconf 82' lang='lat' dir='ltr'><strong>fratribus</strong></span> <span class='ocrx_word' id='word_1_267' title='bbox 1689 3386 1883 3424; x_wconf 89' lang='lat' dir='ltr'><strong>curam</strong></span> 
     </span>
    </p>
   </div>
   <div class='ocr_carea' id='block_1_38' title="bbox 184 3461 1889 3540">
    <p class='ocr_par' dir='ltr' id='par_1_38' title="bbox 184 3461 1889 3540">
     <span class='ocr_line' id='line_1_38' title="bbox 184 3461 1889 3540; baseline -0.008 -16"><span class='ocrx_word' id='word_1_268' title='bbox 184 3474 442 3540; x_wconf 81' lang='lat' dir='ltr'><strong>gereret;</strong></span> <span class='ocrx_word' id='word_1_269' title='bbox 483 3472 539 3520; x_wconf 85' lang='lat' dir='ltr'><strong>et</strong></span> <span class='ocrx_word' id='word_1_270' title='bbox 573 3466 720 3519; x_wconf 89' lang='lat' dir='ltr'><strong>Deus</strong></span> <span class='ocrx_word' id='word_1_271' title='bbox 755 3466 919 3518; x_wconf 89' lang='lat' dir='ltr'><strong>Pater</strong></span> <span class='ocrx_word' id='word_1_272' title='bbox 946 3463 1150 3516; x_wconf 81' lang='lat' dir='ltr'><strong>Filium</strong></span> <span class='ocrx_word' id='word_1_273' title='bbox 1188 3461 1577 3531; x_wconf 88' lang='lat' dir='ltr'><strong>unigenitum,</strong></span> <span class='ocrx_word' id='word_1_274' title='bbox 1618 3464 1674 3513; x_wconf 91' lang='lat' dir='ltr'><strong>et</strong></span> <span class='ocrx_word' id='word_1_275' title='bbox 1706 3475 1889 3527; x_wconf 81' lang='lat' dir='ltr'><strong>genus</strong></span> 
     </span>
    </p>
   </div>
   <div class='ocr_carea' id='block_1_39' title="bbox 186 3549 1885 3624">
    <p class='ocr_par' dir='ltr' id='par_1_39' title="bbox 186 3549 1885 3624">
     <span class='ocr_line' id='line_1_39' title="bbox 186 3549 1885 3624; baseline -0.005 -12"><span class='ocrx_word' id='word_1_276' title='bbox 186 3561 511 3612; x_wconf 86' lang='lat' dir='ltr'><strong>humanum</strong></span> <span class='ocrx_word' id='word_1_277' title='bbox 563 3554 809 3624; x_wconf 90' lang='lat' dir='ltr'><strong>peccatis</strong></span> <span class='ocrx_word' id='word_1_278' title='bbox 842 3551 1179 3622; x_wconf 84' lang='lat' dir='ltr'><strong>languidum</strong></span> <span class='ocrx_word' id='word_1_279' title='bbox 1210 3550 1482 3603; x_wconf 89' lang='lat' dir='ltr'><strong>visitaret.</strong></span> <span class='ocrx_word' id='word_1_280' title='bbox 1521 3549 1675 3602; x_wconf 70' lang='lat' dir='ltr'><strong>Il-ide</strong></span> <span class='ocrx_word' id='word_1_281' title='bbox 1708 3549 1885 3604; x_wconf 82' lang='lat' dir='ltr'><strong>Galat.</strong></span> 
     </span>
    </p>
   </div>
   <div class='ocr_carea' id='block_1_40' title="bbox 184 3636 1886 3716">
    <p class='ocr_par' dir='ltr' id='par_1_40' title="bbox 184 3636 1886 3716">
     <span class='ocr_line' id='line_1_40' title="bbox 184 3636 1886 3716; baseline -0.007 -15"><span class='ocrx_word' id='word_1_282' title='bbox 184 3648 369 3716; x_wconf 85' lang='lat' dir='ltr'><strong>capite</strong></span> <span class='ocrx_word' id='word_1_283' title='bbox 402 3648 660 3715; x_wconf 88' lang='lat' dir='ltr'><strong>quarto:</strong></span> <span class='ocrx_word' id='word_1_284' title='bbox 698 3662 726 3690; x_wconf 88' lang='grc'><strong>‹‹</strong></span> <span class='ocrx_word' id='word_1_285' title='bbox 766 3640 915 3695; x_wconf 76' lang='lat' dir='ltr'><strong>Misit</strong></span> <span class='ocrx_word' id='word_1_286' title='bbox 954 3640 1097 3693; x_wconf 80' lang='lat' dir='ltr'><strong>Deus</strong></span> <span class='ocrx_word' id='word_1_287' title='bbox 1134 3639 1337 3692; x_wconf 83' lang='lat' dir='ltr'><strong>Filium</strong></span> <span class='ocrx_word' id='word_1_288' title='bbox 1381 3654 1546 3691; x_wconf 91' lang='lat' dir='ltr'><strong>suum</strong></span> <span class='ocrx_word' id='word_1_289' title='bbox 1580 3636 1640 3690; x_wconf 94' lang='lat' dir='ltr'><strong>in</strong></span> <span class='ocrx_word' id='word_1_290' title='bbox 1686 3636 1886 3690; x_wconf 84' lang='lat' dir='ltr'><strong>simili-</strong></span> 
     </span>
    </p>
   </div>
   <div class='ocr_carea' id='block_1_41' title="bbox 185 3725 1888 3800">
    <p class='ocr_par' dir='ltr' id='par_1_41' title="bbox 185 3725 1888 3800">
     <span class='ocr_line' id='line_1_41' title="bbox 185 3725 1888 3800; baseline -0.006 -12"><span class='ocrx_word' id='word_1_291' title='bbox 185 3734 454 3788; x_wconf 87' lang='lat' dir='ltr'><strong>tudinem</strong></span> <span class='ocrx_word' id='word_1_292' title='bbox 484 3730 671 3784; x_wconf 88' lang='lat' dir='ltr'><strong>carnis</strong></span> <span class='ocrx_word' id='word_1_293' title='bbox 697 3728 935 3800; x_wconf 89' lang='lat' dir='ltr'><strong>peccati.</strong></span> <span class='ocrx_word' id='word_1_294' title='bbox 972 3748 998 3779; x_wconf 84' lang='grc'><strong>‹‹</strong></span> <span class='ocrx_word' id='word_1_295' title='bbox 1034 3727 1231 3781; x_wconf 78' lang='lat' dir='ltr'><strong>Missus</strong></span> <span class='ocrx_word' id='word_1_296' title='bbox 1262 3732 1347 3779; x_wconf 91' lang='lat' dir='ltr'><strong>est</strong></span> <span class='ocrx_word' id='word_1_297' title='bbox 1391 3727 1598 3797; x_wconf 89' lang='lat' dir='ltr'><strong>Ioseph</strong></span> <span class='ocrx_word' id='word_1_298' title='bbox 1630 3731 1693 3780; x_wconf 89' lang='lat' dir='ltr'><strong>ut</strong></span> <span class='ocrx_word' id='word_1_299' title='bbox 1724 3725 1888 3779; x_wconf 88' lang='lat' dir='ltr'><strong>vide-</strong></span> 
     </span>
    </p>
   </div>
   <div class='ocr_carea' id='block_1_42' title="bbox 186 3814 1890 3890">
    <p class='ocr_par' dir='ltr' id='par_1_42' title="bbox 186 3814 1890 3890">
     <span class='ocr_line' id='line_1_42' title="bbox 186 3814 1890 3890; baseline -0.006 -14"><span class='ocrx_word' id='word_1_300' title='bbox 186 3828 266 3876; x_wconf 86' lang='lat' dir='ltr'><strong>ret</strong></span> <span class='ocrx_word' id='word_1_301' title='bbox 300 3824 350 3875; x_wconf 92' lang='lat' dir='ltr'><strong>si</strong></span> <span class='ocrx_word' id='word_1_302' title='bbox 376 3826 586 3874; x_wconf 90' lang='lat' dir='ltr'><strong>cuncta</strong></span> <span class='ocrx_word' id='word_1_303' title='bbox 616 3834 891 3890; x_wconf 89' lang='lat' dir='ltr'><strong>prospera</strong></span> <span class='ocrx_word' id='word_1_304' title='bbox 945 3821 1134 3869; x_wconf 88' lang='lat' dir='ltr'><strong>essent</strong></span> <span class='ocrx_word' id='word_1_305' title='bbox 1163 3830 1299 3885; x_wconf 90' lang='lat' dir='ltr'><strong>erga</strong></span> <span class='ocrx_word' id='word_1_306' title='bbox 1323 3830 1455 3868; x_wconf 90' lang='lat' dir='ltr'><strong>oves</strong></span> <span class='ocrx_word' id='word_1_307' title='bbox 1487 3831 1500 3869; x_wconf 88' lang='lat'><strong>:</strong></span> <span class='ocrx_word' id='word_1_308' title='bbox 1534 3819 1589 3869; x_wconf 92' lang='lat' dir='ltr'><strong>et</strong></span> <span class='ocrx_word' id='word_1_309' title='bbox 1637 3814 1890 3869; x_wconf 89' lang='lat' dir='ltr'><strong>Christus</strong></span> 
     </span>
    </p>
   </div>
   <div class='ocr_carea' id='block_1_43' title="bbox 187 3903 1889 3976">
    <p class='ocr_par' dir='ltr' id='par_1_43' title="bbox 187 3903 1889 3976">
     <span class='ocr_line' id='line_1_43' title="bbox 187 3903 1889 3976; baseline -0.005 -12"><span class='ocrx_word' id='word_1_310' title='bbox 187 3912 261 3964; x_wconf 86' lang='lat' dir='ltr'><strong>ait</strong></span> <span class='ocrx_word' id='word_1_311' title='bbox 284 3909 541 3964; x_wconf 73' lang='lat' dir='ltr'><strong>Matthzei</strong></span> <span class='ocrx_word' id='word_1_312' title='bbox 572 3907 792 3961; x_wconf 90' lang='lat' dir='ltr'><strong>decimo</strong></span> <span class='ocrx_word' id='word_1_313' title='bbox 816 3906 1016 3976; x_wconf 92' lang='lat' dir='ltr'><strong>quinto</strong></span> <span class='ocrx_word' id='word_1_314' title='bbox 1047 3921 1060 3958; x_wconf 93' lang='lat'>:</span> <span class='ocrx_word' id='word_1_315' title='bbox 1101 3925 1121 3951; x_wconf 75' lang='grc' dir='ltr'>ιι</span> <span class='ocrx_word' id='word_1_316' title='bbox 1158 3904 1280 3957; x_wconf 83' lang='lat' dir='ltr'><strong>Non</strong></span> <span class='ocrx_word' id='word_1_317' title='bbox 1311 3903 1442 3957; x_wconf 83' lang='lat' dir='ltr'><strong>veni</strong></span> <span class='ocrx_word' id='word_1_318' title='bbox 1496 3903 1607 3957; x_wconf 88' lang='lat' dir='ltr'><strong>nisi</strong></span> <span class='ocrx_word' id='word_1_319' title='bbox 1655 3903 1725 3957; x_wconf 89' lang='lat' dir='ltr'><strong>ad</strong></span> <span class='ocrx_word' id='word_1_320' title='bbox 1756 3919 1889 3957; x_wconf 87' lang='lat' dir='ltr'><strong>oves</strong></span> 
     </span>
    </p>
   </div>
   <div class='ocr_carea' id='block_1_44' title="bbox 186 3994 1181 4070">
    <p class='ocr_par' dir='ltr' id='par_1_44' title="bbox 186 3994 1181 4070">
     <span class='ocr_line' id='line_1_44' title="bbox 186 3994 1181 4070; baseline -0.009 -17"><span class='ocrx_word' id='word_1_321' title='bbox 186 4016 317 4070; x_wconf 71' lang='lat' dir='ltr'><strong>quae</strong></span> <span class='ocrx_word' id='word_1_322' title='bbox 364 3998 656 4069; x_wconf 85' lang='lat' dir='ltr'><strong>perierant</strong></span> <span class='ocrx_word' id='word_1_323' title='bbox 686 3996 892 4048; x_wconf 86' lang='lat' dir='ltr'><strong>domus</strong></span> <span class='ocrx_word' id='word_1_324' title='bbox 925 3994 1114 4047; x_wconf 88' lang='lat' dir='ltr'><strong>Israel.</strong></span> <span class='ocrx_word' id='word_1_325' title='bbox 1154 4013 1181 4043; x_wconf 86' lang='lat'><strong>»</strong></span> 
     </span>
    </p>
   </div>
   <div class='ocr_carea' id='block_1_45' title="bbox 257 4078 1891 4150">
    <p class='ocr_par' dir='ltr' id='par_1_45' title="bbox 257 4078 1891 4150">
     <span class='ocr_line' id='line_1_45' title="bbox 257 4078 1891 4150; baseline -0.002 -12"><span class='ocrx_word' id='word_1_326' title='bbox 257 4110 283 4138; x_wconf 77' lang='grc' dir='ltr'><strong><em>α</em></strong></span> <span class='ocrx_word' id='word_1_327' title='bbox 322 4089 386 4141; x_wconf 83' lang='grc' dir='ltr'><strong>1η</strong></span> <span class='ocrx_word' id='word_1_328' title='bbox 421 4086 708 4139; x_wconf 86' lang='lat' dir='ltr'><strong>Dotbaim.</strong></span> <span class='ocrx_word' id='word_1_329' title='bbox 771 4084 1122 4149; x_wconf 76' lang='lat' dir='ltr'><strong>Defectionem</strong></span> <span class='ocrx_word' id='word_1_330' title='bbox 1204 4082 1266 4134; x_wconf 90' lang='lat' dir='ltr'><strong>In</strong></span> <span class='ocrx_word' id='word_1_331' title='bbox 1326 4079 1530 4150; x_wconf 85' lang='lat' dir='ltr'><strong>grandi</strong></span> <span class='ocrx_word' id='word_1_332' title='bbox 1594 4078 1746 4133; x_wconf 91' lang='lat' dir='ltr'><strong>enim</strong></span> <span class='ocrx_word' id='word_1_333' title='bbox 1792 4079 1891 4134; x_wconf 86' lang='lat' dir='ltr'><strong>de-</strong></span> 
     </span>
    </p>
   </div>
   <div class='ocr_carea' id='block_1_46' title="bbox 189 4168 1890 4242">
    <p class='ocr_par' dir='ltr' id='par_1_46' title="bbox 189 4168 1890 4242">
     <span class='ocr_line' id='line_1_46' title="bbox 189 4168 1890 4242; baseline -0.005 -12"><span class='ocrx_word' id='word_1_334' title='bbox 189 4177 436 4230; x_wconf 82' lang='lat' dir='ltr'><strong>fectione</strong></span> <span class='ocrx_word' id='word_1_335' title='bbox 466 4177 645 4238; x_wconf 90' lang='lat' dir='ltr'><strong>erant,</strong></span> <span class='ocrx_word' id='word_1_336' title='bbox 680 4171 780 4242; x_wconf 90' lang='lat' dir='ltr'><strong>qui</strong></span> <span class='ocrx_word' id='word_1_337' title='bbox 837 4172 905 4224; x_wconf 91' lang='lat' dir='ltr'><strong>de</strong></span> <span class='ocrx_word' id='word_1_338' title='bbox 962 4170 1275 4225; x_wconf 80' lang='lat' dir='ltr'><strong>fratricidio</strong></span> <span class='ocrx_word' id='word_1_339' title='bbox 1325 4169 1666 4240; x_wconf 85' lang='lat' dir='ltr'><strong>cogitabant.</strong></span> <span class='ocrx_word' id='word_1_340' title='bbox 1711 4188 1739 4219; x_wconf 71' lang='grc' dir='ltr'><strong>ι)</strong></span> <span class='ocrx_word' id='word_1_341' title='bbox 1776 4168 1890 4223; x_wconf 83' lang='lat' dir='ltr'><strong>Ru-</strong></span> 
     </span>
    </p>
   </div>
   <div class='ocr_carea' id='block_1_47' title="bbox 188 4257 1891 4329">
    <p class='ocr_par' dir='ltr' id='par_1_47' title="bbox 188 4257 1891 4329">
     <span class='ocr_line' id='line_1_47' title="bbox 188 4257 1891 4329; baseline -0.004 -11"><span class='ocrx_word' id='word_1_342' title='bbox 188 4266 318 4318; x_wconf 87' lang='lat' dir='ltr'><strong>ben.</strong></span> <span class='ocrx_word' id='word_1_343' title='bbox 386 4285 413 4313; x_wconf 71' lang='grc' dir='ltr'><strong>ι)</strong></span> <span class='ocrx_word' id='word_1_344' title='bbox 469 4260 795 4315; x_wconf 74' lang='lat' dir='ltr'><strong>Prmvidens</strong></span> <span class='ocrx_word' id='word_1_345' title='bbox 868 4258 975 4312; x_wconf 91' lang='lat' dir='ltr'><strong>hoc</strong></span> <span class='ocrx_word' id='word_1_346' title='bbox 1024 4274 1210 4311; x_wconf 83' lang='lat' dir='ltr'><strong>sermo</strong></span> <span class='ocrx_word' id='word_1_347' title='bbox 1278 4257 1666 4328; x_wconf 88' lang='lat' dir='ltr'><strong>propheticus,</strong></span> <span class='ocrx_word' id='word_1_348' title='bbox 1718 4274 1891 4329; x_wconf 89' lang='lat' dir='ltr'><strong>quem</strong></span> 
     </span>
    </p>
   </div>
   <div class='ocr_carea' id='block_1_48' title="bbox 186 4348 1890 4420">
    <p class='ocr_par' dir='ltr' id='par_1_48' title="bbox 186 4348 1890 4420">
     <span class='ocr_line' id='line_1_48' title="bbox 186 4348 1890 4420; baseline -0.006 -12"><span class='ocrx_word' id='word_1_349' title='bbox 186 4355 397 4408; x_wconf 81' lang='lat' dir='ltr'><strong>Ruben</strong></span> <span class='ocrx_word' id='word_1_350' title='bbox 440 4350 727 4420; x_wconf 83' lang='lat' dir='ltr'><strong>signiﬁcat</strong></span> <span class='ocrx_word' id='word_1_351' title='bbox 766 4348 889 4418; x_wconf 89' lang='lat' dir='ltr'><strong>(qui</strong></span> <span class='ocrx_word' id='word_1_352' title='bbox 924 4348 1333 4417; x_wconf 80' lang='lat' dir='ltr'><strong>interpretatur</strong></span> <span class='ocrx_word' id='word_1_353' title='bbox 1386 4348 1521 4400; x_wconf 78' lang='lat' dir='ltr'><strong>visio</strong></span> <span class='ocrx_word' id='word_1_354' title='bbox 1552 4348 1705 4415; x_wconf 78' lang='lat' dir='ltr'><strong>ﬁlii),</strong></span> <span class='ocrx_word' id='word_1_355' title='bbox 1754 4362 1890 4416; x_wconf 87' lang='lat' dir='ltr'><strong>pro-</strong></span> 
     </span>
    </p>
   </div>
   <div class='ocr_carea' id='block_1_49' title="bbox 188 4435 1893 4513">
    <p class='ocr_par' dir='ltr' id='par_1_49' title="bbox 188 4435 1893 4513">
     <span class='ocr_line' id='line_1_49' title="bbox 188 4435 1893 4513; baseline -0.005 -17"><span class='ocrx_word' id='word_1_356' title='bbox 188 4441 437 4513; x_wconf 88' lang='lat' dir='ltr'><strong>pheticis</strong></span> <span class='ocrx_word' id='word_1_357' title='bbox 472 4436 1015 4492; x_wconf 86' lang='lat' dir='ltr'><strong>comminationibus</strong></span> <span class='ocrx_word' id='word_1_358' title='bbox 1070 4435 1412 4499; x_wconf 84' lang='lat' dir='ltr'><strong>deterrebat,</strong></span> <span class='ocrx_word' id='word_1_359' title='bbox 1446 4440 1509 4488; x_wconf 89' lang='lat' dir='ltr'><strong>ut</strong></span> <span class='ocrx_word' id='word_1_360' title='bbox 1559 4435 1893 4488; x_wconf 90' lang='lat' dir='ltr'><strong>innocentes</strong></span> 
     </span>
    </p>
   </div>
   <div class='ocr_carea' id='block_1_50' title="bbox 191 4522 1893 4596">
    <p class='ocr_par' dir='ltr' id='par_1_50' title="bbox 191 4522 1893 4596">
     <span class='ocr_line' id='line_1_50' title="bbox 191 4522 1893 4596; baseline -0.004 -12"><span class='ocrx_word' id='word_1_361' title='bbox 191 4548 247 4584; x_wconf 88' lang='lat' dir='ltr'><strong>se</strong></span> <span class='ocrx_word' id='word_1_362' title='bbox 279 4533 584 4584; x_wconf 75' lang='lat' dir='ltr'><strong>servarent</strong></span> <span class='ocrx_word' id='word_1_363' title='bbox 618 4545 651 4581; x_wconf 90' lang='lat' dir='ltr'><strong>a</strong></span> <span class='ocrx_word' id='word_1_364' title='bbox 706 4525 985 4596; x_wconf 82' lang='lat' dir='ltr'><strong>sanguine</strong></span> <span class='ocrx_word' id='word_1_365' title='bbox 1035 4523 1261 4589; x_wconf 83' lang='lat' dir='ltr'><strong>Christi,</strong></span> <span class='ocrx_word' id='word_1_366' title='bbox 1302 4524 1490 4578; x_wconf 79' lang='lat' dir='ltr'><strong>fratris</strong></span> <span class='ocrx_word' id='word_1_367' title='bbox 1545 4522 1635 4577; x_wconf 90' lang='lat' dir='ltr'><strong>sui</strong></span> <span class='ocrx_word' id='word_1_368' title='bbox 1687 4539 1893 4577; x_wconf 91' lang='lat' dir='ltr'><strong>secun-</strong></span> 
     </span>
    </p>
   </div>
   <div class='ocr_carea' id='block_1_51' title="bbox 193 4620 617 4673">
    <p class='ocr_par' dir='ltr' id='par_1_51' title="bbox 193 4620 617 4673">
     <span class='ocr_line' id='line_1_51' title="bbox 193 4620 617 4673; baseline -0.009 0"><span class='ocrx_word' id='word_1_369' title='bbox 193 4620 331 4673; x_wconf 91' lang='lat' dir='ltr'><strong>dum</strong></span> <span class='ocrx_word' id='word_1_370' title='bbox 363 4632 617 4671; x_wconf 87' lang='lat' dir='ltr'><strong>carnem.</strong></span> 
     </span>
    </p>
   </div>
   <div class='ocr_carea' id='block_1_52' title="bbox 263 4700 1890 4771">
    <p class='ocr_par' dir='ltr' id='par_1_52' title="bbox 263 4700 1890 4771">
     <span class='ocr_line' id='line_1_52' title="bbox 263 4700 1890 4771; baseline -0.005 -10"><span class='ocrx_word' id='word_1_371' title='bbox 263 4710 436 4762; x_wconf 73' lang='lat' dir='ltr'><strong>Vens.</strong></span> <span class='ocrx_word' id='word_1_372' title='bbox 474 4709 565 4770; x_wconf 71' lang='lat'><strong>22,</strong></span> <span class='ocrx_word' id='word_1_373' title='bbox 596 4706 684 4758; x_wconf 67' lang='lat' dir='ltr'><strong>2&#39;s.</strong></span> <span class='ocrx_word' id='word_1_374' title='bbox 724 4733 793 4745; x_wconf 90' lang='lat'><em>—</em></span> <span class='ocrx_word' id='word_1_375' title='bbox 844 4723 869 4754; x_wconf 76' lang='grc' dir='ltr'>α</span> <span class='ocrx_word' id='word_1_376' title='bbox 907 4703 1270 4756; x_wconf 75' lang='lat' dir='ltr'><strong>Nudaverunt</strong></span> <span class='ocrx_word' id='word_1_377' title='bbox 1307 4717 1459 4765; x_wconf 90' lang='lat' dir='ltr'><strong>eum,</strong></span> <span class='ocrx_word' id='word_1_378' title='bbox 1522 4722 1546 4751; x_wconf 74' lang='grc' dir='ltr'><strong>ν</strong></span> <span class='ocrx_word' id='word_1_379' title='bbox 1582 4705 1685 4755; x_wconf 90' lang='lat' dir='ltr'><strong>etc.</strong></span> <span class='ocrx_word' id='word_1_380' title='bbox 1722 4700 1890 4771; x_wconf 70' lang='grc' dir='ltr'><strong>(Ιδιο.)</strong></span> 
     </span>
    </p>
   </div>
   <div class='ocr_carea' id='block_1_53' title="bbox 197 4789 1889 4865">
    <p class='ocr_par' dir='ltr' id='par_1_53' title="bbox 197 4789 1889 4865">
     <span class='ocr_line' id='line_1_53' title="bbox 197 4789 1889 4865; baseline -0.007 -12"><span class='ocrx_word' id='word_1_381' title='bbox 197 4800 439 4865; x_wconf 68' lang='lat' dir='ltr'><strong>Mystice.</strong></span> <span class='ocrx_word' id='word_1_382' title='bbox 478 4792 748 4849; x_wconf 70' lang='lat' dir='ltr'><strong>EtIudazi</strong></span> <span class='ocrx_word' id='word_1_383' title='bbox 801 4792 1084 4847; x_wconf 87' lang='lat' dir='ltr'><strong>Christum</strong></span> <span class='ocrx_word' id='word_1_384' title='bbox 1116 4807 1217 4861; x_wconf 91' lang='lat' dir='ltr'><strong>per</strong></span> <span class='ocrx_word' id='word_1_385' title='bbox 1246 4794 1488 4843; x_wconf 91' lang='lat' dir='ltr'><strong>mortem</strong></span> <span class='ocrx_word' id='word_1_386' title='bbox 1538 4789 1889 4860; x_wconf 63' lang='lat' dir='ltr'><strong>exspoliare-</strong></span> 
     </span>
    </p>
   </div>
   <div class='ocr_carea' id='block_1_54' title="bbox 197 4876 1895 4951">
    <p class='ocr_par' dir='ltr' id='par_1_54' title="bbox 197 4876 1895 4951">
     <span class='ocr_line' id='line_1_54' title="bbox 197 4876 1895 4951; baseline -0.007 -10"><span class='ocrx_word' id='word_1_387' title='bbox 197 4895 332 4940; x_wconf 88' lang='lat' dir='ltr'><strong>runt</strong></span> <span class='ocrx_word' id='word_1_388' title='bbox 360 4884 560 4938; x_wconf 89' lang='lat' dir='ltr'><strong>tunica</strong></span> <span class='ocrx_word' id='word_1_389' title='bbox 608 4880 893 4951; x_wconf 88' lang='lat' dir='ltr'><strong>corporali</strong></span> <span class='ocrx_word' id='word_1_390' title='bbox 935 4884 992 4935; x_wconf 89' lang='lat' dir='ltr'><strong>et</strong></span> <span class='ocrx_word' id='word_1_391' title='bbox 1021 4880 1319 4950; x_wconf 87' lang='lat' dir='ltr'><strong>polimyta,</strong></span> <span class='ocrx_word' id='word_1_392' title='bbox 1367 4877 1425 4932; x_wconf 92' lang='lat' dir='ltr'><strong>id</strong></span> <span class='ocrx_word' id='word_1_393' title='bbox 1475 4882 1580 4942; x_wconf 93' lang='lat' dir='ltr'><strong>est,</strong></span> <span class='ocrx_word' id='word_1_394' title='bbox 1631 4876 1895 4931; x_wconf 89' lang='lat' dir='ltr'><strong>decorata</strong></span> 
     </span>
    </p>
   </div>
   <div class='ocr_carea' id='block_1_55' title="bbox 86 4966 1897 5036">
    <p class='ocr_par' dir='ltr' id='par_1_55' title="bbox 86 4966 1897 5036">
     <span class='ocr_line' id='line_1_55' title="bbox 86 4966 1897 5036; baseline -0.003 -13"><span class='ocrx_word' id='word_1_395' title='bbox 86 5016 92 5023; x_wconf 95' lang='lat'><strong>.</strong></span> <span class='ocrx_word' id='word_1_396' title='bbox 197 4972 750 5028; x_wconf 83' lang='lat' dir='ltr'><strong>omniumvirtutum</strong></span> <span class='ocrx_word' id='word_1_397' title='bbox 785 4967 1125 5021; x_wconf 75' lang='lat' dir='ltr'><strong>diversitate.</strong></span> <span class='ocrx_word' id='word_1_398' title='bbox 1151 4966 1563 5036; x_wconf 79' lang='lat' dir='ltr'><strong>Besperserunt</strong></span> <span class='ocrx_word' id='word_1_399' title='bbox 1588 4969 1781 5018; x_wconf 89' lang='lat' dir='ltr'><strong>autem</strong></span> <span class='ocrx_word' id='word_1_400' title='bbox 1811 4970 1897 5018; x_wconf 90' lang='lat' dir='ltr'><strong>tu-</strong></span> 
     </span>
    </p>
   </div>
   <div class='ocr_carea' id='block_1_56' title="bbox 201 5054 1894 5130">
    <p class='ocr_par' dir='ltr' id='par_1_56' title="bbox 201 5054 1894 5130">
     <span class='ocr_line' id='line_1_56' title="bbox 201 5054 1894 5130; baseline -0.005 -15"><span class='ocrx_word' id='word_1_401' title='bbox 201 5064 383 5117; x_wconf 89' lang='lat' dir='ltr'><strong>nicam</strong></span> <span class='ocrx_word' id='word_1_402' title='bbox 417 5059 697 5130; x_wconf 87' lang='lat' dir='ltr'><strong>sanguine</strong></span> <span class='ocrx_word' id='word_1_403' title='bbox 739 5056 887 5111; x_wconf 71' lang='lat' dir='ltr'><strong>haedi</strong></span> <span class='ocrx_word' id='word_1_404' title='bbox 922 5073 934 5111; x_wconf 89' lang='lat'>:</span> <span class='ocrx_word' id='word_1_405' title='bbox 976 5055 1112 5127; x_wconf 90' lang='lat' dir='ltr'><strong>quia</strong></span> <span class='ocrx_word' id='word_1_406' title='bbox 1163 5054 1317 5110; x_wconf 85' lang='lat' dir='ltr'><strong>falsis</strong></span> <span class='ocrx_word' id='word_1_407' title='bbox 1372 5054 1716 5108; x_wconf 89' lang='lat' dir='ltr'><strong>testimoniis</strong></span> <span class='ocrx_word' id='word_1_408' title='bbox 1763 5070 1894 5107; x_wconf 87' lang='lat' dir='ltr'><strong>eum</strong></span> 
     </span>
    </p>
   </div>
   <div class='ocr_carea' id='block_1_57' title="bbox 200 5143 1897 5216">
    <p class='ocr_par' dir='ltr' id='par_1_57' title="bbox 200 5143 1897 5216">
     <span class='ocr_line' id='line_1_57' title="bbox 200 5143 1897 5216; baseline -0.006 -10"><span class='ocrx_word' id='word_1_409' title='bbox 200 5155 550 5216; x_wconf 83' lang='lat' dir='ltr'><strong>accusantes,</strong></span> <span class='ocrx_word' id='word_1_410' title='bbox 598 5148 658 5202; x_wconf 92' lang='lat' dir='ltr'><strong>in</strong></span> <span class='ocrx_word' id='word_1_411' title='bbox 712 5145 987 5199; x_wconf 86' lang='lat' dir='ltr'><strong>invidiam</strong></span> <span class='ocrx_word' id='word_1_412' title='bbox 1038 5144 1254 5216; x_wconf 88' lang='lat' dir='ltr'><strong>peccati</strong></span> <span class='ocrx_word' id='word_1_413' title='bbox 1313 5143 1617 5197; x_wconf 81' lang='lat' dir='ltr'><strong>duxerunt.</strong></span> <span class='ocrx_word' id='word_1_414' title='bbox 1685 5143 1897 5213; x_wconf 89' lang='lat' dir='ltr'><strong>Ioseph</strong></span> 
     </span>
    </p>
   </div>
   <div class='ocr_carea' id='block_1_58' title="bbox 201 5232 1898 5299">
    <p class='ocr_par' dir='ltr' id='par_1_58' title="bbox 201 5232 1898 5299">
     <span class='ocr_line' id='line_1_58' title="bbox 201 5232 1898 5299; baseline -0.006 -5"><span class='ocrx_word' id='word_1_415' title='bbox 201 5240 446 5294; x_wconf 81' lang='lat' dir='ltr'><strong>mittitur</strong></span> <span class='ocrx_word' id='word_1_416' title='bbox 497 5238 559 5292; x_wconf 92' lang='lat' dir='ltr'><strong>in</strong></span> <span class='ocrx_word' id='word_1_417' title='bbox 606 5236 935 5299; x_wconf 89' lang='lat' dir='ltr'><strong>cisternam,</strong></span> <span class='ocrx_word' id='word_1_418' title='bbox 970 5233 1023 5287; x_wconf 93' lang='lat' dir='ltr'><strong>id</strong></span> <span class='ocrx_word' id='word_1_419' title='bbox 1082 5238 1166 5286; x_wconf 91' lang='lat' dir='ltr'><strong>est</strong></span> <span class='ocrx_word' id='word_1_420' title='bbox 1223 5233 1279 5286; x_wconf 91' lang='lat' dir='ltr'><strong>in</strong></span> <span class='ocrx_word' id='word_1_421' title='bbox 1336 5232 1517 5287; x_wconf 88' lang='lat' dir='ltr'><strong>lacum</strong></span> <span class='ocrx_word' id='word_1_422' title='bbox 1569 5249 1580 5285; x_wconf 94' lang='lat'>:</span> <span class='ocrx_word' id='word_1_423' title='bbox 1641 5232 1898 5287; x_wconf 87' lang='lat' dir='ltr'><strong>Christus</strong></span> 
     </span>
    </p>
   </div>
   <div class='ocr_carea' id='block_1_59' title="bbox 200 5319 1786 5399">
    <p class='ocr_par' dir='ltr' id='par_1_59' title="bbox 200 5319 1786 5399">
     <span class='ocr_line' id='line_1_59' title="bbox 200 5319 1786 5399; baseline -0.004 -18"><span class='ocrx_word' id='word_1_424' title='bbox 200 5329 543 5399; x_wconf 86' lang='lat' dir='ltr'><strong>exspoliatus</strong></span> <span class='ocrx_word' id='word_1_425' title='bbox 575 5339 751 5379; x_wconf 89' lang='lat' dir='ltr'><strong>carne</strong></span> <span class='ocrx_word' id='word_1_426' title='bbox 780 5322 1034 5376; x_wconf 89' lang='lat' dir='ltr'><strong>humana</strong></span> <span class='ocrx_word' id='word_1_427' title='bbox 1063 5320 1357 5375; x_wconf 89' lang='lat' dir='ltr'><strong>descendit</strong></span> <span class='ocrx_word' id='word_1_428' title='bbox 1385 5320 1454 5374; x_wconf 93' lang='lat' dir='ltr'><strong>ad</strong></span> <span class='ocrx_word' id='word_1_429' title='bbox 1478 5319 1786 5375; x_wconf 86' lang='lat' dir='ltr'><strong>infernum.</strong></span> 
     </span>
    </p>
   </div>
   <div class='ocr_carea' id='block_1_60' title="bbox 263 5409 1894 5473">
    <p class='ocr_par' dir='ltr' id='par_1_60' title="bbox 263 5409 1894 5473">
     <span class='ocr_line' id='line_1_60' title="bbox 263 5409 1894 5473; baseline -0.006 -3"><span class='ocrx_word' id='word_1_430' title='bbox 263 5418 426 5473; x_wconf 74' lang='lat' dir='ltr'><strong>Vens.</strong></span> <span class='ocrx_word' id='word_1_431' title='bbox 462 5419 661 5471; x_wconf 81' lang='lat'><strong>25-27.</strong></span> <span class='ocrx_word' id='word_1_432' title='bbox 689 5442 762 5454; x_wconf 91' lang='lat'><strong>—</strong></span> <span class='ocrx_word' id='word_1_433' title='bbox 796 5429 823 5464; x_wconf 73' lang='grc' dir='ltr'><strong><em>ι</em></strong></span> <span class='ocrx_word' id='word_1_434' title='bbox 882 5411 1158 5465; x_wconf 85' lang='lat' dir='ltr'><strong>Viderunt</strong></span> <span class='ocrx_word' id='word_1_435' title='bbox 1200 5409 1443 5464; x_wconf 88' lang='lat' dir='ltr'><strong>viatores</strong></span> <span class='ocrx_word' id='word_1_436' title='bbox 1502 5409 1831 5463; x_wconf 88' lang='lat' dir='ltr'><strong>lsmaelitas.</strong></span> <span class='ocrx_word' id='word_1_437' title='bbox 1868 5428 1894 5461; x_wconf 82' lang='lat'><strong>»</strong></span> 
     </span>
    </p>
   </div>
   <div class='ocr_carea' id='block_1_61' title="bbox 201 5497 1893 5573">
    <p class='ocr_par' dir='ltr' id='par_1_61' title="bbox 201 5497 1893 5573">
     <span class='ocr_line' id='line_1_61' title="bbox 201 5497 1893 5573; baseline -0.004 -12"><span class='ocrx_word' id='word_1_438' title='bbox 201 5508 357 5573; x_wconf 74' lang='lat' dir='ltr'><strong>(Ara.</strong></span> <span class='ocrx_word' id='word_1_439' title='bbox 418 5504 719 5572; x_wconf 71' lang='lat' dir='ltr'><strong>Quaeritur</strong></span> <span class='ocrx_word' id='word_1_440' title='bbox 788 5515 963 5573; x_wconf 87' lang='lat' dir='ltr'><strong>quare</strong></span> <span class='ocrx_word' id='word_1_441' title='bbox 1033 5499 1344 5555; x_wconf 87' lang='lat' dir='ltr'><strong>Ismaelitas</strong></span> <span class='ocrx_word' id='word_1_442' title='bbox 1400 5497 1713 5569; x_wconf 84' lang='lat' dir='ltr'><strong>Scriptura,</strong></span> <span class='ocrx_word' id='word_1_443' title='bbox 1763 5504 1893 5567; x_wconf 89' lang='lat' dir='ltr'><strong>etc.,</strong></span> 
     </span>
    </p>
   </div>
   <div class='ocr_carea' id='block_1_62' title="bbox 1976 457 2194 511">
    <p class='ocr_par' dir='ltr' id='par_1_62' title="bbox 1976 457 2194 511">
     <span class='ocr_line' id='line_1_62' title="bbox 1976 457 2194 511; baseline 0.005 -1"><span class='ocrx_word' id='word_1_444' title='bbox 1976 457 2194 511; x_wconf 84' lang='lat' dir='ltr'><strong>fuisse?</strong></span> 
     </span>
    </p>
   </div>
   <div class='ocr_carea' id='block_1_63' title="bbox 2050 546 3663 620">
    <p class='ocr_par' dir='ltr' id='par_1_63' title="bbox 2050 546 3663 620">
     <span class='ocr_line' id='line_1_63' title="bbox 2050 546 3663 620; baseline 0.007 -24"><span class='ocrx_word' id='word_1_445' title='bbox 2050 546 2212 600; x_wconf 77' lang='lat' dir='ltr'><strong>Vens.</strong></span> <span class='ocrx_word' id='word_1_446' title='bbox 2274 548 2464 601; x_wconf 82' lang='lat'><strong>28-33.</strong></span> <span class='ocrx_word' id='word_1_447' title='bbox 2532 570 2552 596; x_wconf 77' lang='grc' dir='ltr'>ι</span> <span class='ocrx_word' id='word_1_448' title='bbox 2614 547 3004 602; x_wconf 80' lang='lat' dir='ltr'><strong>Extrahentes.</strong></span> <span class='ocrx_word' id='word_1_449' title='bbox 3061 568 3087 597; x_wconf 73' lang='grc' dir='ltr'><strong><em>ι</em></strong></span> <span class='ocrx_word' id='word_1_450' title='bbox 3145 548 3317 617; x_wconf 70' lang='lat'><strong>(1310.)</strong></span> <span class='ocrx_word' id='word_1_451' title='bbox 3342 550 3663 620; x_wconf 81' lang='lat' dir='ltr'><strong>Allegorice.</strong></span> 
     </span>
    </p>
   </div>
   <div class='ocr_carea' id='block_1_64' title="bbox 1975 634 3670 705">
    <p class='ocr_par' dir='ltr' id='par_1_64' title="bbox 1975 634 3670 705">
     <span class='ocr_line' id='line_1_64' title="bbox 1975 634 3670 705; baseline 0.005 -18"><span class='ocrx_word' id='word_1_452' title='bbox 1975 634 2183 703; x_wconf 85' lang='lat' dir='ltr'><strong>Ioseph</strong></span> <span class='ocrx_word' id='word_1_453' title='bbox 2206 634 3083 705; x_wconf 70' lang='lat' dir='ltr'><strong>decisternalevatusjlsmaelitis</strong></span> <span class='ocrx_word' id='word_1_454' title='bbox 3112 637 3352 691; x_wconf 87' lang='lat' dir='ltr'><strong>venditis</strong></span> <span class='ocrx_word' id='word_1_455' title='bbox 3382 640 3670 696; x_wconf 89' lang='lat' dir='ltr'><strong>venditur:</strong></span> 
     </span>
    </p>
   </div>
   <div class='ocr_carea' id='block_1_65' title="bbox 1978 721 3669 798">
    <p class='ocr_par' dir='ltr' id='par_1_65' title="bbox 1978 721 3669 798">
     <span class='ocr_line' id='line_1_65' title="bbox 1978 721 3669 798; baseline 0.005 -23"><span class='ocrx_word' id='word_1_456' title='bbox 1978 729 2032 776; x_wconf 90' lang='lat' dir='ltr'><strong>et</strong></span> <span class='ocrx_word' id='word_1_457' title='bbox 2056 721 2308 776; x_wconf 87' lang='lat' dir='ltr'><strong>Christus</strong></span> <span class='ocrx_word' id='word_1_458' title='bbox 2338 723 2407 777; x_wconf 90' lang='lat' dir='ltr'><strong>ab</strong></span> <span class='ocrx_word' id='word_1_459' title='bbox 2438 724 2662 778; x_wconf 85' lang='lat' dir='ltr'><strong>inferno</strong></span> <span class='ocrx_word' id='word_1_460' title='bbox 2692 740 2980 794; x_wconf 88' lang='lat' dir='ltr'><strong>regressus</strong></span> <span class='ocrx_word' id='word_1_461' title='bbox 2999 726 3069 779; x_wconf 90' lang='lat' dir='ltr'><strong>ab</strong></span> <span class='ocrx_word' id='word_1_462' title='bbox 3104 727 3369 781; x_wconf 89' lang='lat' dir='ltr'><strong>omnibus</strong></span> <span class='ocrx_word' id='word_1_463' title='bbox 3401 729 3669 798; x_wconf 85' lang='lat' dir='ltr'><strong>gentibus</strong></span> 
     </span>
    </p>
   </div>
   <div class='ocr_carea' id='block_1_66' title="bbox 1977 810 3721 884">
    <p class='ocr_par' dir='ltr' id='par_1_66' title="bbox 1977 810 3721 884">
     <span class='ocr_line' id='line_1_66' title="bbox 1977 810 3721 884; baseline 0.004 -21"><span class='ocrx_word' id='word_1_464' title='bbox 1977 810 2109 863; x_wconf 89' lang='lat' dir='ltr'><strong>ﬁdei</strong></span> <span class='ocrx_word' id='word_1_465' title='bbox 2140 812 2480 865; x_wconf 87' lang='lat' dir='ltr'><strong>commercio</strong></span> <span class='ocrx_word' id='word_1_466' title='bbox 2510 819 2893 882; x_wconf 88' lang='lat' dir='ltr'><strong>comparatur.</strong></span> <span class='ocrx_word' id='word_1_467' title='bbox 2927 814 3025 867; x_wconf 92' lang='lat' dir='ltr'><strong>Ille</strong></span> <span class='ocrx_word' id='word_1_468' title='bbox 3052 829 3156 884; x_wconf 91' lang='lat' dir='ltr'><strong>per</strong></span> <span class='ocrx_word' id='word_1_469' title='bbox 3177 816 3337 869; x_wconf 69' lang='lat' dir='ltr'><strong>Iudte</strong></span> <span class='ocrx_word' id='word_1_470' title='bbox 3368 818 3673 870; x_wconf 89' lang='lat' dir='ltr'><strong>consilium</strong></span> <span class='ocrx_word' id='word_1_471' title='bbox 3718 868 3721 871; x_wconf 70' lang='grc'><strong>,</strong></span> 
     </span>
    </p>
   </div>
   <div class='ocr_carea' id='block_1_67' title="bbox 1978 898 3670 973">
    <p class='ocr_par' dir='ltr' id='par_1_67' title="bbox 1978 898 3670 973">
     <span class='ocr_line' id='line_1_67' title="bbox 1978 898 3670 973; baseline 0.004 -21"><span class='ocrx_word' id='word_1_472' title='bbox 1978 898 2213 968; x_wconf 89' lang='lat' dir='ltr'><strong>triginta</strong></span> <span class='ocrx_word' id='word_1_473' title='bbox 2251 900 2536 969; x_wconf 89' lang='lat' dir='ltr'><strong>argenteis</strong></span> <span class='ocrx_word' id='word_1_474' title='bbox 2592 900 2947 967; x_wconf 89' lang='lat' dir='ltr'><strong>distrahitur,</strong></span> <span class='ocrx_word' id='word_1_475' title='bbox 2977 908 3035 955; x_wconf 91' lang='lat' dir='ltr'><strong>et</strong></span> <span class='ocrx_word' id='word_1_476' title='bbox 3086 902 3179 956; x_wconf 91' lang='lat' dir='ltr'><strong>hic</strong></span> <span class='ocrx_word' id='word_1_477' title='bbox 3227 919 3329 973; x_wconf 93' lang='lat' dir='ltr'><strong>per</strong></span> <span class='ocrx_word' id='word_1_478' title='bbox 3365 904 3670 959; x_wconf 89' lang='lat' dir='ltr'><strong>consilium</strong></span> 
     </span>
    </p>
   </div>
   <div class='ocr_carea' id='block_1_68' title="bbox 1977 987 3385 1046">
    <p class='ocr_par' dir='ltr' id='par_1_68' title="bbox 1977 987 3385 1046">
     <span class='ocr_line' id='line_1_68' title="bbox 1977 987 3385 1046; baseline 0.004 -6"><span class='ocrx_word' id='word_1_479' title='bbox 1977 987 2136 1041; x_wconf 69' lang='lat' dir='ltr'><strong>Iudae</strong></span> <span class='ocrx_word' id='word_1_480' title='bbox 2176 988 2455 1042; x_wconf 71' lang='lat' dir='ltr'><strong>Iscariotte</strong></span> <span class='ocrx_word' id='word_1_481' title='bbox 2486 1004 2727 1043; x_wconf 90' lang='lat' dir='ltr'><strong>numero</strong></span> <span class='ocrx_word' id='word_1_482' title='bbox 2758 990 2957 1043; x_wconf 90' lang='lat' dir='ltr'><strong>eodem</strong></span> <span class='ocrx_word' id='word_1_483' title='bbox 3006 992 3385 1046; x_wconf 88' lang='lat' dir='ltr'><strong>venundatur.</strong></span> 
     </span>
    </p>
   </div>
   <div class='ocr_carea' id='block_1_69' title="bbox 2054 1075 3673 1149">
    <p class='ocr_par' dir='ltr' id='par_1_69' title="bbox 2054 1075 3673 1149">
     <span class='ocr_line' id='line_1_69' title="bbox 2054 1075 3673 1149; baseline 0.007 -24"><span class='ocrx_word' id='word_1_484' title='bbox 2054 1096 2076 1125; x_wconf 78' lang='grc' dir='ltr'><strong>σ</strong></span> <span class='ocrx_word' id='word_1_485' title='bbox 2141 1075 2543 1130; x_wconf 83' lang='lat' dir='ltr'><strong>Vendiderunt.</strong></span> <span class='ocrx_word' id='word_1_486' title='bbox 2580 1096 2606 1127; x_wconf 78' lang='grc' dir='ltr'><strong>ι)</strong></span> <span class='ocrx_word' id='word_1_487' title='bbox 2648 1078 2926 1149; x_wconf 60' lang='grc' dir='ltr'><strong>(Ηιειιοκ.)</strong></span> <span class='ocrx_word' id='word_1_488' title='bbox 2994 1080 3268 1133; x_wconf 84' lang='lat' dir='ltr'><strong>Hebraica</strong></span> <span class='ocrx_word' id='word_1_489' title='bbox 3324 1081 3530 1135; x_wconf 88' lang='lat' dir='ltr'><strong>veritas</strong></span> <span class='ocrx_word' id='word_1_490' title='bbox 3573 1083 3673 1137; x_wconf 85' lang='lat' dir='ltr'><strong>ha-</strong></span> 
     </span>
    </p>
   </div>
   <div class='ocr_carea' id='block_1_70' title="bbox 1979 1160 3673 1235">
    <p class='ocr_par' dir='ltr' id='par_1_70' title="bbox 1979 1160 3673 1235">
     <span class='ocr_line' id='line_1_70' title="bbox 1979 1160 3673 1235; baseline 0.005 -21"><span class='ocrx_word' id='word_1_491' title='bbox 1979 1160 2076 1215; x_wconf 90' lang='lat' dir='ltr'><strong>bet</strong></span> <span class='ocrx_word' id='word_1_492' title='bbox 2112 1182 2133 1209; x_wconf 76' lang='grc' dir='ltr'>ι</span> <span class='ocrx_word' id='word_1_493' title='bbox 2172 1163 2476 1231; x_wconf 78' lang='lat' dir='ltr'><strong>argenteis.</strong></span> <span class='ocrx_word' id='word_1_494' title='bbox 2510 1186 2529 1210; x_wconf 74' lang='grc' dir='ltr'>ι</span> <span class='ocrx_word' id='word_1_495' title='bbox 2564 1180 2747 1235; x_wconf 90' lang='lat' dir='ltr'><strong>neque</strong></span> <span class='ocrx_word' id='word_1_496' title='bbox 2776 1166 2925 1218; x_wconf 91' lang='lat' dir='ltr'><strong>enim</strong></span> <span class='ocrx_word' id='word_1_497' title='bbox 2977 1165 3159 1219; x_wconf 82' lang='lat' dir='ltr'><strong>viliori</strong></span> <span class='ocrx_word' id='word_1_498' title='bbox 3190 1168 3422 1221; x_wconf 88' lang='lat' dir='ltr'><strong>metallo</strong></span> <span class='ocrx_word' id='word_1_499' title='bbox 3470 1169 3673 1223; x_wconf 88' lang='lat' dir='ltr'><strong>Domi-</strong></span> 
     </span>
    </p>
   </div>
   <div class='ocr_carea' id='block_1_71' title="bbox 1982 1250 2966 1323">
    <p class='ocr_par' dir='ltr' id='par_1_71' title="bbox 1982 1250 2966 1323">
     <span class='ocr_line' id='line_1_71' title="bbox 1982 1250 2966 1323; baseline 0.003 -20"><span class='ocrx_word' id='word_1_500' title='bbox 1982 1266 2089 1303; x_wconf 92' lang='lat' dir='ltr'><strong>nus</strong></span> <span class='ocrx_word' id='word_1_501' title='bbox 2114 1250 2285 1303; x_wconf 80' lang='lat' dir='ltr'><strong>vendi</strong></span> <span class='ocrx_word' id='word_1_502' title='bbox 2317 1250 2514 1303; x_wconf 89' lang='lat' dir='ltr'><strong>debuit</strong></span> <span class='ocrx_word' id='word_1_503' title='bbox 2535 1268 2707 1322; x_wconf 85' lang='lat' dir='ltr'><strong>quam</strong></span> <span class='ocrx_word' id='word_1_504' title='bbox 2737 1253 2966 1323; x_wconf 87' lang='lat' dir='ltr'><strong>Ioseph.</strong></span> 
     </span>
    </p>
   </div>
   <div class='ocr_carea' id='block_1_72' title="bbox 2055 1338 3679 1413">
    <p class='ocr_par' dir='ltr' id='par_1_72' title="bbox 2055 1338 3679 1413">
     <span class='ocr_line' id='line_1_72' title="bbox 2055 1338 3679 1413; baseline 0.007 -25"><span class='ocrx_word' id='word_1_505' title='bbox 2055 1338 2212 1391; x_wconf 77' lang='lat' dir='ltr'><strong>Vens.</strong></span> <span class='ocrx_word' id='word_1_506' title='bbox 2276 1338 2361 1391; x_wconf 75' lang='grc'><strong>34.</strong></span> <span class='ocrx_word' id='word_1_507' title='bbox 2394 1367 2465 1378; x_wconf 92' lang='grc'><strong><em>-</em></strong></span> <span class='ocrx_word' id='word_1_508' title='bbox 2517 1359 2543 1386; x_wconf 80' lang='grc' dir='ltr'>α</span> <span class='ocrx_word' id='word_1_509' title='bbox 2591 1338 2900 1411; x_wconf 88' lang='lat' dir='ltr'><strong>Scissisque</strong></span> <span class='ocrx_word' id='word_1_510' title='bbox 2958 1341 3228 1411; x_wconf 84' lang='lat' dir='ltr'><strong>vestibus,</strong></span> <span class='ocrx_word' id='word_1_511' title='bbox 3261 1361 3288 1393; x_wconf 68' lang='lat' dir='ltr'><strong>in</strong></span> <span class='ocrx_word' id='word_1_512' title='bbox 3348 1347 3435 1396; x_wconf 80' lang='lat' dir='ltr'><strong>etc</strong></span> <span class='ocrx_word' id='word_1_513' title='bbox 3492 1344 3679 1413; x_wconf 77' lang='lat'><strong>(1310.)</strong></span> 
     </span>
    </p>
   </div>
   <div class='ocr_carea' id='block_1_73' title="bbox 1980 1425 3680 1503">
    <p class='ocr_par' dir='ltr' id='par_1_73' title="bbox 1980 1425 3680 1503">
     <span class='ocr_line' id='line_1_73' title="bbox 1980 1425 3680 1503; baseline 0.004 -24"><span class='ocrx_word' id='word_1_514' title='bbox 1980 1425 2170 1492; x_wconf 87' lang='lat' dir='ltr'><strong>Iacob,</strong></span> <span class='ocrx_word' id='word_1_515' title='bbox 2199 1427 2547 1496; x_wconf 88' lang='lat' dir='ltr'><strong>posteritatis</strong></span> <span class='ocrx_word' id='word_1_516' title='bbox 2581 1443 2697 1480; x_wconf 62' lang='lat' dir='ltr'><strong>sua!</strong></span> <span class='ocrx_word' id='word_1_517' title='bbox 2739 1430 2966 1498; x_wconf 89' lang='lat' dir='ltr'><strong>plorans</strong></span> <span class='ocrx_word' id='word_1_518' title='bbox 2994 1430 3313 1501; x_wconf 87' lang='lat' dir='ltr'><strong>dispendia,</strong></span> <span class='ocrx_word' id='word_1_519' title='bbox 3372 1432 3535 1502; x_wconf 87' lang='lat' dir='ltr'><strong>quasi</strong></span> <span class='ocrx_word' id='word_1_520' title='bbox 3573 1448 3680 1503; x_wconf 90' lang='lat' dir='ltr'><strong>pa-</strong></span> 
     </span>
    </p>
   </div>
   <div class='ocr_carea' id='block_1_74' title="bbox 1983 1514 3681 1590">
    <p class='ocr_par' dir='ltr' id='par_1_74' title="bbox 1983 1514 3681 1590">
     <span class='ocr_line' id='line_1_74' title="bbox 1983 1514 3681 1590; baseline 0.004 -23"><span class='ocrx_word' id='word_1_521' title='bbox 1983 1521 2069 1567; x_wconf 89' lang='lat' dir='ltr'><strong>ter</strong></span> <span class='ocrx_word' id='word_1_522' title='bbox 2098 1514 2281 1568; x_wconf 88' lang='lat' dir='ltr'><strong>ﬁlium</strong></span> <span class='ocrx_word' id='word_1_523' title='bbox 2315 1515 2544 1585; x_wconf 88' lang='lat' dir='ltr'><strong>lugebat</strong></span> <span class='ocrx_word' id='word_1_524' title='bbox 2567 1515 2857 1577; x_wconf 85' lang='lat' dir='ltr'><strong>amissum,</strong></span> <span class='ocrx_word' id='word_1_525' title='bbox 2885 1523 2940 1569; x_wconf 93' lang='lat' dir='ltr'><strong>et</strong></span> <span class='ocrx_word' id='word_1_526' title='bbox 2979 1519 3142 1588; x_wconf 90' lang='lat' dir='ltr'><strong>quasi</strong></span> <span class='ocrx_word' id='word_1_527' title='bbox 3185 1520 3464 1590; x_wconf 89' lang='lat' dir='ltr'><strong>propheta</strong></span> <span class='ocrx_word' id='word_1_528' title='bbox 3510 1520 3681 1574; x_wconf 86' lang='lat' dir='ltr'><strong>inter-</strong></span> 
     </span>
    </p>
   </div>
   <div class='ocr_carea' id='block_1_75' title="bbox 1986 1603 3675 1674">
    <p class='ocr_par' dir='ltr' id='par_1_75' title="bbox 1986 1603 3675 1674">
     <span class='ocr_line' id='line_1_75' title="bbox 1986 1603 3675 1674; baseline 0.004 -19"><span class='ocrx_word' id='word_1_529' title='bbox 1986 1603 2128 1656; x_wconf 89' lang='lat' dir='ltr'><strong>itum</strong></span> <span class='ocrx_word' id='word_1_530' title='bbox 2156 1603 2485 1657; x_wconf 75' lang='lat' dir='ltr'><strong>Iudzeorum</strong></span> <span class='ocrx_word' id='word_1_531' title='bbox 2516 1606 2735 1673; x_wconf 80' lang='lat' dir='ltr'><strong>(Matth.</strong></span> <span class='ocrx_word' id='word_1_532' title='bbox 2781 1607 2951 1674; x_wconf 73' lang='lat' dir='ltr'><strong>xxvu).</strong></span> <span class='ocrx_word' id='word_1_533' title='bbox 2997 1606 3172 1660; x_wconf 93' lang='lat' dir='ltr'><strong>Scidit</strong></span> <span class='ocrx_word' id='word_1_534' title='bbox 3222 1608 3621 1662; x_wconf 86' lang='lat' dir='ltr'><strong>vestimentum</strong></span> <span class='ocrx_word' id='word_1_535' title='bbox 3662 1625 3675 1661; x_wconf 92' lang='lat'><strong>:</strong></span> 
     </span>
    </p>
   </div>
   <div class='ocr_carea' id='block_1_76' title="bbox 1988 1691 3675 1765">
    <p class='ocr_par' dir='ltr' id='par_1_76' title="bbox 1988 1691 3675 1765">
     <span class='ocr_line' id='line_1_76' title="bbox 1988 1691 3675 1765; baseline 0.004 -21"><span class='ocrx_word' id='word_1_536' title='bbox 1988 1691 2212 1764; x_wconf 81' lang='lat' dir='ltr'><strong>quodin</strong></span> <span class='ocrx_word' id='word_1_537' title='bbox 2268 1691 2531 1762; x_wconf 88' lang='lat' dir='ltr'><strong>passione</strong></span> <span class='ocrx_word' id='word_1_538' title='bbox 2565 1693 2794 1747; x_wconf 91' lang='lat' dir='ltr'><strong>Domini</strong></span> <span class='ocrx_word' id='word_1_539' title='bbox 2842 1694 2976 1747; x_wconf 85' lang='lat' dir='ltr'><strong>fecit</strong></span> <span class='ocrx_word' id='word_1_540' title='bbox 3014 1695 3279 1765; x_wconf 87' lang='lat' dir='ltr'><strong>princeps</strong></span> <span class='ocrx_word' id='word_1_541' title='bbox 3316 1697 3675 1751; x_wconf 89' lang='lat' dir='ltr'><strong>sacerdotum</strong></span> 
     </span>
    </p>
   </div>
   <div class='ocr_carea' id='block_1_77' title="bbox 1988 1780 3670 1856">
    <p class='ocr_par' dir='ltr' id='par_1_77' title="bbox 1988 1780 3670 1856">
     <span class='ocr_line' id='line_1_77' title="bbox 1988 1780 3670 1856; baseline 0.002 -20"><span class='ocrx_word' id='word_1_542' title='bbox 1988 1783 2131 1849; x_wconf 86' lang='lat' dir='ltr'><strong>(Luc.</strong></span> <span class='ocrx_word' id='word_1_543' title='bbox 2160 1782 2337 1850; x_wconf 63' lang='grc' dir='ltr'><strong>χχιιι).</strong></span> <span class='ocrx_word' id='word_1_544' title='bbox 2371 1780 2477 1835; x_wconf 90' lang='lat' dir='ltr'><strong>Sed</strong></span> <span class='ocrx_word' id='word_1_545' title='bbox 2509 1786 2566 1834; x_wconf 92' lang='lat' dir='ltr'><strong>et</strong></span> <span class='ocrx_word' id='word_1_546' title='bbox 2604 1781 2791 1835; x_wconf 89' lang='lat' dir='ltr'><strong>velum</strong></span> <span class='ocrx_word' id='word_1_547' title='bbox 2831 1784 3030 1852; x_wconf 91' lang='lat' dir='ltr'><strong>templi</strong></span> <span class='ocrx_word' id='word_1_548' title='bbox 3052 1784 3289 1838; x_wconf 87' lang='lat' dir='ltr'><strong>scissum</strong></span> <span class='ocrx_word' id='word_1_549' title='bbox 3320 1791 3424 1854; x_wconf 89' lang='lat' dir='ltr'><strong>est,</strong></span> <span class='ocrx_word' id='word_1_550' title='bbox 3460 1792 3670 1856; x_wconf 87' lang='lat' dir='ltr'><strong>utpro-</strong></span> 
     </span>
    </p>
   </div>
   <div class='ocr_carea' id='block_1_78' title="bbox 1988 1869 3680 1941">
    <p class='ocr_par' dir='ltr' id='par_1_78' title="bbox 1988 1869 3680 1941">
     <span class='ocr_line' id='line_1_78' title="bbox 1988 1869 3680 1941; baseline 0.003 -19"><span class='ocrx_word' id='word_1_551' title='bbox 1988 1870 2247 1939; x_wconf 85' lang='lat' dir='ltr'><strong>phetaret</strong></span> <span class='ocrx_word' id='word_1_552' title='bbox 2276 1869 2551 1922; x_wconf 90' lang='lat' dir='ltr'><strong>nudatum</strong></span> <span class='ocrx_word' id='word_1_553' title='bbox 2584 1870 2862 1941; x_wconf 86' lang='lat' dir='ltr'><strong>populum</strong></span> <span class='ocrx_word' id='word_1_554' title='bbox 2887 1888 3077 1940; x_wconf 86' lang='lat' dir='ltr'><strong>suum,</strong></span> <span class='ocrx_word' id='word_1_555' title='bbox 3117 1877 3173 1925; x_wconf 92' lang='lat' dir='ltr'><strong>et</strong></span> <span class='ocrx_word' id='word_1_556' title='bbox 3203 1872 3447 1927; x_wconf 88' lang='lat' dir='ltr'><strong>divisum</strong></span> <span class='ocrx_word' id='word_1_557' title='bbox 3488 1880 3680 1927; x_wconf 82' lang='lat' dir='ltr'><strong>osten-</strong></span> 
     </span>
    </p>
   </div>
   <div class='ocr_carea' id='block_1_79' title="bbox 1988 1959 2439 2029">
    <p class='ocr_par' dir='ltr' id='par_1_79' title="bbox 1988 1959 2439 2029">
     <span class='ocr_line' id='line_1_79' title="bbox 1988 1959 2439 2029; baseline -0.002 -16"><span class='ocrx_word' id='word_1_558' title='bbox 1988 1959 2146 2013; x_wconf 88' lang='lat' dir='ltr'><strong>deret</strong></span> <span class='ocrx_word' id='word_1_559' title='bbox 2175 1974 2439 2029; x_wconf 83' lang='lat' dir='ltr'><strong>regnum.</strong></span> 
     </span>
    </p>
   </div>
   <div class='ocr_carea' id='block_1_80' title="bbox 2057 2049 3680 2114">
    <p class='ocr_par' dir='ltr' id='par_1_80' title="bbox 2057 2049 3680 2114">
     <span class='ocr_line' id='line_1_80' title="bbox 2057 2049 3680 2114; baseline 0.001 -14"><span class='ocrx_word' id='word_1_560' title='bbox 2057 2049 2219 2101; x_wconf 73' lang='lat' dir='ltr'><strong>Vsus.</strong></span> <span class='ocrx_word' id='word_1_561' title='bbox 2256 2051 2343 2114; x_wconf 79' lang='grc'><strong>35,</strong></span> <span class='ocrx_word' id='word_1_562' title='bbox 2390 2050 2477 2102; x_wconf 88' lang='grc'><strong>36.</strong></span> <span class='ocrx_word' id='word_1_563' title='bbox 2508 2078 2575 2087; x_wconf 90' lang='grc'><strong>-</strong></span> <span class='ocrx_word' id='word_1_564' title='bbox 2609 2070 2629 2096; x_wconf 78' lang='grc' dir='ltr'>ι</span> <span class='ocrx_word' id='word_1_565' title='bbox 2675 2049 3016 2103; x_wconf 89' lang='lat' dir='ltr'><strong>Descendam</strong></span> <span class='ocrx_word' id='word_1_566' title='bbox 3049 2050 3119 2103; x_wconf 90' lang='lat' dir='ltr'><strong>ad</strong></span> <span class='ocrx_word' id='word_1_567' title='bbox 3159 2050 3343 2105; x_wconf 90' lang='lat' dir='ltr'><strong>ﬁlium</strong></span> <span class='ocrx_word' id='word_1_568' title='bbox 3401 2067 3616 2106; x_wconf 91' lang='lat' dir='ltr'><strong>meum.</strong></span> <span class='ocrx_word' id='word_1_569' title='bbox 3654 2071 3680 2102; x_wconf 69' lang='grc' dir='ltr'><strong>η</strong></span> 
     </span>
    </p>
   </div>
   <div class='ocr_carea' id='block_1_81' title="bbox 1990 2137 3677 2210">
    <p class='ocr_par' dir='ltr' id='par_1_81' title="bbox 1990 2137 3677 2210">
     <span class='ocr_line' id='line_1_81' title="bbox 1990 2137 3677 2210; baseline 0.003 -21"><span class='ocrx_word' id='word_1_570' title='bbox 1990 2143 2094 2191; x_wconf 92' lang='lat' dir='ltr'><strong>etc.</strong></span> <span class='ocrx_word' id='word_1_571' title='bbox 2156 2137 2443 2201; x_wconf 67' lang='lat' dir='ltr'><strong>Quaeritur</strong></span> <span class='ocrx_word' id='word_1_572' title='bbox 2507 2139 2796 2208; x_wconf 87' lang='lat' dir='ltr'><strong>quomodo</strong></span> <span class='ocrx_word' id='word_1_573' title='bbox 2854 2139 2959 2192; x_wconf 93' lang='lat' dir='ltr'><strong>hoc</strong></span> <span class='ocrx_word' id='word_1_574' title='bbox 3037 2140 3411 2210; x_wconf 83' lang='lat' dir='ltr'><strong>intelligatur,</strong></span> <span class='ocrx_word' id='word_1_575' title='bbox 3484 2147 3677 2195; x_wconf 87' lang='lat' dir='ltr'><strong>utrum</strong></span> 
     </span>
    </p>
   </div>
   <div class='ocr_carea' id='block_1_82' title="bbox 1992 2225 3679 2294">
    <p class='ocr_par' dir='ltr' id='par_1_82' title="bbox 1992 2225 3679 2294">
     <span class='ocr_line' id='line_1_82' title="bbox 1992 2225 3679 2294; baseline 0.002 -15"><span class='ocrx_word' id='word_1_576' title='bbox 1992 2226 2127 2279; x_wconf 88' lang='lat' dir='ltr'><strong>mali</strong></span> <span class='ocrx_word' id='word_1_577' title='bbox 2157 2230 2399 2294; x_wconf 90' lang='lat' dir='ltr'><strong>tantum,</strong></span> <span class='ocrx_word' id='word_1_578' title='bbox 2434 2242 2505 2280; x_wconf 91' lang='lat' dir='ltr'><strong>an</strong></span> <span class='ocrx_word' id='word_1_579' title='bbox 2533 2225 2703 2279; x_wconf 89' lang='lat' dir='ltr'><strong>etiam</strong></span> <span class='ocrx_word' id='word_1_580' title='bbox 2757 2226 2892 2281; x_wconf 88' lang='lat' dir='ltr'><strong>boni</strong></span> <span class='ocrx_word' id='word_1_581' title='bbox 2951 2227 3240 2282; x_wconf 84' lang='lat' dir='ltr'><strong>infernum</strong></span> <span class='ocrx_word' id='word_1_582' title='bbox 3287 2229 3679 2284; x_wconf 81' lang='lat' dir='ltr'><strong>descendant?</strong></span> 
     </span>
    </p>
   </div>
   <div class='ocr_carea' id='block_1_83' title="bbox 1990 2314 3685 2385">
    <p class='ocr_par' dir='ltr' id='par_1_83' title="bbox 1990 2314 3685 2385">
     <span class='ocr_line' id='line_1_83' title="bbox 1990 2314 3685 2385; baseline 0.001 -18"><span class='ocrx_word' id='word_1_583' title='bbox 1990 2314 2047 2368; x_wconf 88' lang='lat' dir='ltr'><strong>Si</strong></span> <span class='ocrx_word' id='word_1_584' title='bbox 2078 2318 2300 2367; x_wconf 88' lang='lat' dir='ltr'><strong>tantum</strong></span> <span class='ocrx_word' id='word_1_585' title='bbox 2334 2315 2490 2381; x_wconf 90' lang='lat' dir='ltr'><strong>mali,</strong></span> <span class='ocrx_word' id='word_1_586' title='bbox 2533 2316 2814 2385; x_wconf 88' lang='lat' dir='ltr'><strong>quomodo</strong></span> <span class='ocrx_word' id='word_1_587' title='bbox 2851 2314 2954 2369; x_wconf 91' lang='lat' dir='ltr'><strong>iste</strong></span> <span class='ocrx_word' id='word_1_588' title='bbox 2984 2316 3053 2369; x_wconf 92' lang='lat' dir='ltr'><strong>ad</strong></span> <span class='ocrx_word' id='word_1_589' title='bbox 3087 2316 3271 2370; x_wconf 90' lang='lat' dir='ltr'><strong>ﬁlium</strong></span> <span class='ocrx_word' id='word_1_590' title='bbox 3320 2333 3488 2371; x_wconf 90' lang='lat' dir='ltr'><strong>suum</strong></span> <span class='ocrx_word' id='word_1_591' title='bbox 3546 2316 3685 2371; x_wconf 91' lang='lat' dir='ltr'><strong>dicit</strong></span> 
     </span>
    </p>
   </div>
   <div class='ocr_carea' id='block_1_84' title="bbox 1992 2403 3679 2476">
    <p class='ocr_par' dir='ltr' id='par_1_84' title="bbox 1992 2403 3679 2476">
     <span class='ocr_line' id='line_1_84' title="bbox 1992 2403 3679 2476; baseline 0.002 -21"><span class='ocrx_word' id='word_1_592' title='bbox 1992 2420 2051 2455; x_wconf 90' lang='lat' dir='ltr'><strong>se</strong></span> <span class='ocrx_word' id='word_1_593' title='bbox 2084 2403 2375 2474; x_wconf 90' lang='lat' dir='ltr'><strong>lugentem</strong></span> <span class='ocrx_word' id='word_1_594' title='bbox 2408 2403 2752 2458; x_wconf 83' lang='lat' dir='ltr'><strong>descendere</strong></span> <span class='ocrx_word' id='word_1_595' title='bbox 2795 2403 2974 2458; x_wconf 85' lang='lat' dir='ltr'><strong>velle?</strong></span> <span class='ocrx_word' id='word_1_596' title='bbox 3028 2405 3151 2457; x_wconf 86' lang='lat' dir='ltr'><strong>Non</strong></span> <span class='ocrx_word' id='word_1_597' title='bbox 3183 2405 3337 2458; x_wconf 91' lang='lat' dir='ltr'><strong>enim</strong></span> <span class='ocrx_word' id='word_1_598' title='bbox 3378 2404 3439 2458; x_wconf 92' lang='lat' dir='ltr'><strong>in</strong></span> <span class='ocrx_word' id='word_1_599' title='bbox 3492 2407 3679 2476; x_wconf 69' lang='lat' dir='ltr'><strong>poenis</strong></span> 
     </span>
    </p>
   </div>
   <div class='ocr_carea' id='block_1_85' title="bbox 1992 2491 3673 2562">
    <p class='ocr_par' dir='ltr' id='par_1_85' title="bbox 1992 2491 3673 2562">
     <span class='ocr_line' id='line_1_85' title="bbox 1992 2491 3673 2562; baseline 0.001 -16"><span class='ocrx_word' id='word_1_600' title='bbox 1992 2492 2202 2546; x_wconf 81' lang='lat' dir='ltr'><strong>inferni</strong></span> <span class='ocrx_word' id='word_1_601' title='bbox 2227 2491 2499 2546; x_wconf 89' lang='lat' dir='ltr'><strong>credibile</strong></span> <span class='ocrx_word' id='word_1_602' title='bbox 2522 2498 2607 2546; x_wconf 90' lang='lat' dir='ltr'><strong>est</strong></span> <span class='ocrx_word' id='word_1_603' title='bbox 2635 2508 2765 2546; x_wconf 91' lang='lat' dir='ltr'><strong>eum</strong></span> <span class='ocrx_word' id='word_1_604' title='bbox 2803 2508 2943 2545; x_wconf 91' lang='lat' dir='ltr'><strong>esse.</strong></span> <span class='ocrx_word' id='word_1_605' title='bbox 2976 2496 3059 2546; x_wconf 80' lang='lat' dir='ltr'><strong>An</strong></span> <span class='ocrx_word' id='word_1_606' title='bbox 3105 2494 3446 2562; x_wconf 89' lang='lat' dir='ltr'><strong>perturbati,</strong></span> <span class='ocrx_word' id='word_1_607' title='bbox 3476 2499 3535 2547; x_wconf 90' lang='lat' dir='ltr'><strong>et</strong></span> <span class='ocrx_word' id='word_1_608' title='bbox 3576 2494 3673 2547; x_wconf 82' lang='lat' dir='ltr'><strong>do-</strong></span> 
     </span>
    </p>
   </div>
   <div class='ocr_carea' id='block_1_86' title="bbox 1994 2579 3685 2650">
    <p class='ocr_par' dir='ltr' id='par_1_86' title="bbox 1994 2579 3685 2650">
     <span class='ocr_line' id='line_1_86' title="bbox 1994 2579 3685 2650; baseline 0.001 -16"><span class='ocrx_word' id='word_1_609' title='bbox 1994 2580 2159 2634; x_wconf 78' lang='lat' dir='ltr'><strong>lentis</strong></span> <span class='ocrx_word' id='word_1_610' title='bbox 2184 2580 2355 2633; x_wconf 88' lang='lat' dir='ltr'><strong>verba</strong></span> <span class='ocrx_word' id='word_1_611' title='bbox 2385 2586 2536 2645; x_wconf 86' lang='lat' dir='ltr'><strong>sunt,</strong></span> <span class='ocrx_word' id='word_1_612' title='bbox 2573 2581 2722 2633; x_wconf 86' lang='lat' dir='ltr'><strong>mala</strong></span> <span class='ocrx_word' id='word_1_613' title='bbox 2748 2596 2850 2632; x_wconf 92' lang='lat' dir='ltr'><strong>sua</strong></span> <span class='ocrx_word' id='word_1_614' title='bbox 2904 2579 3075 2632; x_wconf 84' lang='lat' dir='ltr'><strong>etiam</strong></span> <span class='ocrx_word' id='word_1_615' title='bbox 3120 2579 3211 2633; x_wconf 86' lang='lat' dir='ltr'><strong>hic</strong></span> <span class='ocrx_word' id='word_1_616' title='bbox 3241 2581 3638 2650; x_wconf 81' lang='lat' dir='ltr'><strong>exaggerantis</strong></span> <span class='ocrx_word' id='word_1_617' title='bbox 3657 2580 3685 2635; x_wconf 83' lang='lat'><strong>?</strong></span> 
     </span>
    </p>
   </div>
   <div class='ocr_carea' id='block_1_87' title="bbox 1993 2666 3688 2738">
    <p class='ocr_par' dir='ltr' id='par_1_87' title="bbox 1993 2666 3688 2738">
     <span class='ocr_line' id='line_1_87' title="bbox 1993 2666 3688 2738; baseline 0.001 -17"><span class='ocrx_word' id='word_1_618' title='bbox 1993 2684 2066 2721; x_wconf 89' lang='lat' dir='ltr'><strong>an</strong></span> <span class='ocrx_word' id='word_1_619' title='bbox 2096 2667 2365 2722; x_wconf 90' lang='lat' dir='ltr'><strong>credibile</strong></span> <span class='ocrx_word' id='word_1_620' title='bbox 2393 2672 2479 2721; x_wconf 89' lang='lat' dir='ltr'><strong>est</strong></span> <span class='ocrx_word' id='word_1_621' title='bbox 2500 2668 2652 2738; x_wconf 90' lang='lat' dir='ltr'><strong>apud</strong></span> <span class='ocrx_word' id='word_1_622' title='bbox 2683 2666 2969 2721; x_wconf 83' lang='lat' dir='ltr'><strong>infernum</strong></span> <span class='ocrx_word' id='word_1_623' title='bbox 2994 2669 3257 2738; x_wconf 68' lang='lat' dir='ltr'><strong>quaedam</strong></span> <span class='ocrx_word' id='word_1_624' title='bbox 3281 2669 3399 2721; x_wconf 90' lang='lat' dir='ltr'><strong>loca</strong></span> <span class='ocrx_word' id='word_1_625' title='bbox 3452 2677 3688 2737; x_wconf 89' lang='lat' dir='ltr'><strong>secreta,</strong></span> 
     </span>
    </p>
   </div>
   <div class='ocr_carea' id='block_1_88' title="bbox 1970 2755 3685 2826">
    <p class='ocr_par' dir='ltr' id='par_1_88' title="bbox 1970 2755 3685 2826">
     <span class='ocr_line' id='line_1_88' title="bbox 1970 2755 3685 2826; baseline 0.002 -19"><span class='ocrx_word' id='word_1_626' title='bbox 1970 2764 2049 2808; x_wconf 78' lang='lat' dir='ltr'><strong>‘ct</strong></span> <span class='ocrx_word' id='word_1_627' title='bbox 2085 2756 2275 2809; x_wconf 91' lang='lat' dir='ltr'><strong>minus</strong></span> <span class='ocrx_word' id='word_1_628' title='bbox 2313 2755 2559 2825; x_wconf 76' lang='lat' dir='ltr'><strong>pmnalia</strong></span> <span class='ocrx_word' id='word_1_629' title='bbox 2581 2761 2712 2808; x_wconf 89' lang='lat' dir='ltr'><strong>ante</strong></span> <span class='ocrx_word' id='word_1_630' title='bbox 2740 2756 3064 2826; x_wconf 90' lang='lat' dir='ltr'><strong>passionem</strong></span> <span class='ocrx_word' id='word_1_631' title='bbox 3112 2756 3339 2810; x_wconf 87' lang='lat' dir='ltr'><strong>Domini</strong></span> <span class='ocrx_word' id='word_1_632' title='bbox 3386 2756 3579 2820; x_wconf 83' lang='lat' dir='ltr'><strong>fuisse,</strong></span> <span class='ocrx_word' id='word_1_633' title='bbox 3618 2757 3685 2811; x_wconf 93' lang='lat' dir='ltr'><strong>ad</strong></span> 
     </span>
    </p>
   </div>
   <div class='ocr_carea' id='block_1_89' title="bbox 1997 2844 3691 2916">
    <p class='ocr_par' dir='ltr' id='par_1_89' title="bbox 1997 2844 3691 2916">
     <span class='ocr_line' id='line_1_89' title="bbox 1997 2844 3691 2916; baseline 0.001 -18"><span class='ocrx_word' id='word_1_634' title='bbox 1997 2862 2124 2915; x_wconf 69' lang='lat' dir='ltr'><strong>quae</strong></span> <span class='ocrx_word' id='word_1_635' title='bbox 2158 2846 2328 2899; x_wconf 90' lang='lat' dir='ltr'><strong>etiam</strong></span> <span class='ocrx_word' id='word_1_636' title='bbox 2364 2845 2543 2898; x_wconf 90' lang='lat' dir='ltr'><strong>sancti</strong></span> <span class='ocrx_word' id='word_1_637' title='bbox 2583 2844 3046 2899; x_wconf 84' lang='lat' dir='ltr'><strong>descendebant?</strong></span> <span class='ocrx_word' id='word_1_638' title='bbox 3080 2845 3216 2916; x_wconf 87' lang='lat' dir='ltr'><strong>quia</strong></span> <span class='ocrx_word' id='word_1_639' title='bbox 3243 2848 3435 2899; x_wconf 90' lang='lat' dir='ltr'><strong>nullus</strong></span> <span class='ocrx_word' id='word_1_640' title='bbox 3464 2848 3691 2916; x_wconf 85' lang='lat' dir='ltr'><strong>paradi—</strong></span> 
     </span>
    </p>
   </div>
   <div class='ocr_carea' id='block_1_90' title="bbox 1993 2933 3679 3005">
    <p class='ocr_par' dir='ltr' id='par_1_90' title="bbox 1993 2933 3679 3005">
     <span class='ocr_line' id='line_1_90' title="bbox 1993 2933 3679 3005; baseline 0.001 -19"><span class='ocrx_word' id='word_1_641' title='bbox 1993 2950 2116 2987; x_wconf 90' lang='lat' dir='ltr'><strong>sum</strong></span> <span class='ocrx_word' id='word_1_642' title='bbox 2184 2933 2411 3003; x_wconf 88' lang='lat' dir='ltr'><strong>ingredi</strong></span> <span class='ocrx_word' id='word_1_643' title='bbox 2458 2937 2697 3004; x_wconf 85' lang='lat' dir='ltr'><strong>poterat,</strong></span> <span class='ocrx_word' id='word_1_644' title='bbox 2760 2933 2938 2987; x_wconf 89' lang='lat' dir='ltr'><strong>donec</strong></span> <span class='ocrx_word' id='word_1_645' title='bbox 2977 2933 3230 2987; x_wconf 82' lang='lat' dir='ltr'><strong>Christus</strong></span> <span class='ocrx_word' id='word_1_646' title='bbox 3285 2935 3679 3005; x_wconf 70' lang='lat' dir='ltr'><strong>rhomphzeam</strong></span> 
     </span>
    </p>
   </div>
   <div class='ocr_carea' id='block_1_91' title="bbox 1996 3022 2561 3091">
    <p class='ocr_par' dir='ltr' id='par_1_91' title="bbox 1996 3022 2561 3091">
     <span class='ocr_line' id='line_1_91' title="bbox 1996 3022 2561 3091; baseline 0 -16"><span class='ocrx_word' id='word_1_647' title='bbox 1996 3022 2224 3091; x_wconf 72' lang='lat' dir='ltr'><strong>igneam</strong></span> <span class='ocrx_word' id='word_1_648' title='bbox 2256 3026 2561 3075; x_wconf 89' lang='lat' dir='ltr'><strong>amoveret.</strong></span> 
     </span>
    </p>
   </div>
   <div class='ocr_carea' id='block_1_92' title="bbox 2071 3108 3681 3180">
    <p class='ocr_par' dir='ltr' id='par_1_92' title="bbox 2071 3108 3681 3180">
     <span class='ocr_line' id='line_1_92' title="bbox 2071 3108 3681 3180; baseline 0 -17"><span class='ocrx_word' id='word_1_649' title='bbox 2071 3110 2352 3179; x_wconf 71' lang='grc' dir='ltr'><strong>(Ηιειιωι.)</strong></span> <span class='ocrx_word' id='word_1_650' title='bbox 2382 3108 2661 3163; x_wconf 83' lang='lat' dir='ltr'><strong>Madianei</strong></span> <span class='ocrx_word' id='word_1_651' title='bbox 2706 3114 2897 3161; x_wconf 91' lang='lat' dir='ltr'><strong>autem</strong></span> <span class='ocrx_word' id='word_1_652' title='bbox 2951 3108 3331 3162; x_wconf 90' lang='lat' dir='ltr'><strong>vendiderunt</strong></span> <span class='ocrx_word' id='word_1_653' title='bbox 3356 3110 3565 3180; x_wconf 89' lang='lat' dir='ltr'><strong>Ioseph</strong></span> <span class='ocrx_word' id='word_1_654' title='bbox 3622 3110 3681 3163; x_wconf 92' lang='lat' dir='ltr'><strong>in</strong></span> 
     </span>
    </p>
   </div>
   <div class='ocr_carea' id='block_1_93' title="bbox 1998 3196 3688 3269">
    <p class='ocr_par' dir='ltr' id='par_1_93' title="bbox 1998 3196 3688 3269">
     <span class='ocr_line' id='line_1_93' title="bbox 1998 3196 3688 3269; baseline 0 -18"><span class='ocrx_word' id='word_1_655' title='bbox 1998 3200 2239 3268; x_wconf 65' lang='lat' dir='ltr'><strong>.Egypto</strong></span> <span class='ocrx_word' id='word_1_656' title='bbox 2279 3196 2572 3266; x_wconf 90' lang='lat' dir='ltr'><strong>Putiphari</strong></span> <span class='ocrx_word' id='word_1_657' title='bbox 2597 3196 2875 3259; x_wconf 88' lang='lat' dir='ltr'><strong>eunucho,</strong></span> <span class='ocrx_word' id='word_1_658' title='bbox 2914 3197 3225 3250; x_wconf 88' lang='lat' dir='ltr'><strong>Pharaonis</strong></span> <span class='ocrx_word' id='word_1_659' title='bbox 3284 3200 3688 3269; x_wconf 83' lang='lat' dir='ltr'><strong>archimagiro.</strong></span> 
     </span>
    </p>
   </div>
   <div class='ocr_carea' id='block_1_94' title="bbox 2000 3284 3689 3360">
    <p class='ocr_par' dir='ltr' id='par_1_94' title="bbox 2000 3284 3689 3360">
     <span class='ocr_line' id='line_1_94' title="bbox 2000 3284 3689 3360; baseline 0.001 -20"><span class='ocrx_word' id='word_1_660' title='bbox 2000 3288 2344 3357; x_wconf 80' lang='lat' dir='ltr'><strong>Plerumque</strong></span> <span class='ocrx_word' id='word_1_661' title='bbox 2372 3284 2803 3360; x_wconf 72' lang='grc' dir='ltr'><strong>ἀρχιμαγείρους,</strong></span> <span class='ocrx_word' id='word_1_662' title='bbox 2831 3286 2883 3339; x_wconf 85' lang='lat' dir='ltr'><strong>id</strong></span> <span class='ocrx_word' id='word_1_663' title='bbox 2908 3290 3014 3355; x_wconf 88' lang='lat' dir='ltr'><strong>est,</strong></span> <span class='ocrx_word' id='word_1_664' title='bbox 3036 3302 3351 3357; x_wconf 89' lang='lat' dir='ltr'><strong>coquorum</strong></span> <span class='ocrx_word' id='word_1_665' title='bbox 3383 3287 3689 3358; x_wconf 75' lang='lat' dir='ltr'><strong>principes,</strong></span> 
     </span>
    </p>
   </div>
   <div class='ocr_carea' id='block_1_95' title="bbox 1998 3373 3683 3448">
    <p class='ocr_par' dir='ltr' id='par_1_95' title="bbox 1998 3373 3683 3448">
     <span class='ocr_line' id='line_1_95' title="bbox 1998 3373 3683 3448; baseline -0.001 -22"><span class='ocrx_word' id='word_1_666' title='bbox 1998 3392 2101 3445; x_wconf 85' lang='lat' dir='ltr'><strong>pro</strong></span> <span class='ocrx_word' id='word_1_667' title='bbox 2147 3374 2437 3444; x_wconf 89' lang='lat' dir='ltr'><strong>magistris</strong></span> <span class='ocrx_word' id='word_1_668' title='bbox 2494 3375 2774 3427; x_wconf 87' lang='lat' dir='ltr'><strong>exercitus</strong></span> <span class='ocrx_word' id='word_1_669' title='bbox 2838 3373 3128 3443; x_wconf 89' lang='lat' dir='ltr'><strong>Scriptura</strong></span> <span class='ocrx_word' id='word_1_670' title='bbox 3192 3374 3385 3443; x_wconf 88' lang='lat' dir='ltr'><strong>ponit;</strong></span> <span class='ocrx_word' id='word_1_671' title='bbox 3438 3375 3683 3448; x_wconf 71' lang='grc' dir='ltr'><strong>μάγειρος</strong></span> 
     </span>
    </p>
   </div>
   <div class='ocr_carea' id='block_1_96' title="bbox 1999 3460 3692 3534">
    <p class='ocr_par' dir='ltr' id='par_1_96' title="bbox 1999 3460 3692 3534">
     <span class='ocr_line' id='line_1_96' title="bbox 1999 3460 3692 3534; baseline 0.001 -20"><span class='ocrx_word' id='word_1_672' title='bbox 1999 3462 2153 3515; x_wconf 88' lang='lat' dir='ltr'><strong>enim</strong></span> <span class='ocrx_word' id='word_1_673' title='bbox 2184 3462 2375 3516; x_wconf 67' lang='lat' dir='ltr'><strong>Greece</strong></span> <span class='ocrx_word' id='word_1_674' title='bbox 2408 3466 2493 3515; x_wconf 92' lang='lat' dir='ltr'><strong>est</strong></span> <span class='ocrx_word' id='word_1_675' title='bbox 2537 3476 2758 3531; x_wconf 87' lang='lat' dir='ltr'><strong>coquus,</strong></span> <span class='ocrx_word' id='word_1_676' title='bbox 2796 3465 2851 3514; x_wconf 91' lang='lat' dir='ltr'><strong>et</strong></span> <span class='ocrx_word' id='word_1_677' title='bbox 2906 3460 3115 3514; x_wconf 90' lang='lat' dir='ltr'><strong>dicitur</strong></span> <span class='ocrx_word' id='word_1_678' title='bbox 3144 3464 3481 3534; x_wconf 75' lang='grc' dir='ltr'><strong>μαγειρειύεν,</strong></span> <span class='ocrx_word' id='word_1_679' title='bbox 3539 3461 3692 3532; x_wconf 90' lang='lat' dir='ltr'><strong>quod</strong></span> 
     </span>
    </p>
   </div>
   <div class='ocr_carea' id='block_1_97' title="bbox 1998 3550 3686 3621">
    <p class='ocr_par' dir='ltr' id='par_1_97' title="bbox 1998 3550 3686 3621">
     <span class='ocr_line' id='line_1_97' title="bbox 1998 3550 3686 3621; baseline -0.002 -15"><span class='ocrx_word' id='word_1_680' title='bbox 1998 3560 2081 3606; x_wconf 84' lang='lat' dir='ltr'><strong>est</strong></span> <span class='ocrx_word' id='word_1_681' title='bbox 2112 3550 2347 3607; x_wconf 79' lang='lat' dir='ltr'><strong>occidere</strong></span> <span class='ocrx_word' id='word_1_682' title='bbox 2379 3565 2391 3603; x_wconf 94' lang='lat'>:</span> <span class='ocrx_word' id='word_1_683' title='bbox 2426 3567 2492 3603; x_wconf 90' lang='lat' dir='ltr'><strong>eo</strong></span> <span class='ocrx_word' id='word_1_684' title='bbox 2523 3550 2678 3621; x_wconf 90' lang='lat' dir='ltr'><strong>quod</strong></span> <span class='ocrx_word' id='word_1_685' title='bbox 2705 3550 2870 3621; x_wconf 91' lang='lat' dir='ltr'><strong>coqui</strong></span> <span class='ocrx_word' id='word_1_686' title='bbox 2919 3550 3180 3603; x_wconf 90' lang='lat' dir='ltr'><strong>occidant</strong></span> <span class='ocrx_word' id='word_1_687' title='bbox 3234 3550 3555 3621; x_wconf 88' lang='lat' dir='ltr'><strong>coquendas</strong></span> <span class='ocrx_word' id='word_1_688' title='bbox 3588 3567 3686 3620; x_wconf 85' lang='lat' dir='ltr'><strong>pe-</strong></span> 
     </span>
    </p>
   </div>
   <div class='ocr_carea' id='block_1_98' title="bbox 1999 3638 3691 3709">
    <p class='ocr_par' dir='ltr' id='par_1_98' title="bbox 1999 3638 3691 3709">
     <span class='ocr_line' id='line_1_98' title="bbox 1999 3638 3691 3709; baseline -0.002 -14"><span class='ocrx_word' id='word_1_689' title='bbox 1999 3641 2191 3695; x_wconf 90' lang='lat' dir='ltr'><strong>cudes.</strong></span> <span class='ocrx_word' id='word_1_690' title='bbox 2223 3638 2495 3693; x_wconf 87' lang='lat' dir='ltr'><strong>Venditus</strong></span> <span class='ocrx_word' id='word_1_691' title='bbox 2527 3644 2611 3692; x_wconf 84' lang='lat' dir='ltr'><strong>est</strong></span> <span class='ocrx_word' id='word_1_692' title='bbox 2639 3638 2814 3709; x_wconf 89' lang='lat' dir='ltr'><strong>igitur</strong></span> <span class='ocrx_word' id='word_1_693' title='bbox 2842 3639 3052 3708; x_wconf 87' lang='lat' dir='ltr'><strong>Ioseph</strong></span> <span class='ocrx_word' id='word_1_694' title='bbox 3088 3638 3336 3709; x_wconf 89' lang='lat' dir='ltr'><strong>principi</strong></span> <span class='ocrx_word' id='word_1_695' title='bbox 3380 3639 3691 3705; x_wconf 84' lang='lat' dir='ltr'><strong>laniorum,</strong></span> 
     </span>
    </p>
   </div>
   <div class='ocr_carea' id='block_1_99' title="bbox 2000 3727 3693 3797">
    <p class='ocr_par' dir='ltr' id='par_1_99' title="bbox 2000 3727 3693 3797">
     <span class='ocr_line' id='line_1_99' title="bbox 2000 3727 3693 3797; baseline -0.002 -13"><span class='ocrx_word' id='word_1_696' title='bbox 2000 3747 2115 3784; x_wconf 92' lang='lat' dir='ltr'><strong>non</strong></span> <span class='ocrx_word' id='word_1_697' title='bbox 2142 3729 2381 3795; x_wconf 83' lang='lat' dir='ltr'><strong>Petefre,</strong></span> <span class='ocrx_word' id='word_1_698' title='bbox 2426 3732 2487 3781; x_wconf 90' lang='lat' dir='ltr'><strong>ut</strong></span> <span class='ocrx_word' id='word_1_699' title='bbox 2529 3727 2590 3781; x_wconf 88' lang='lat' dir='ltr'><strong>in</strong></span> <span class='ocrx_word' id='word_1_700' title='bbox 2644 3727 2842 3783; x_wconf 86' lang='lat' dir='ltr'><strong>Latino</strong></span> <span class='ocrx_word' id='word_1_701' title='bbox 2887 3728 3163 3797; x_wconf 88' lang='lat' dir='ltr'><strong>scriptum</strong></span> <span class='ocrx_word' id='word_1_702' title='bbox 3218 3732 3322 3793; x_wconf 90' lang='lat' dir='ltr'><strong>est,</strong></span> <span class='ocrx_word' id='word_1_703' title='bbox 3381 3729 3475 3781; x_wconf 90' lang='lat' dir='ltr'><strong>sed</strong></span> <span class='ocrx_word' id='word_1_704' title='bbox 3536 3729 3693 3782; x_wconf 86' lang='lat' dir='ltr'><strong>Puti-</strong></span> 
     </span>
    </p>
   </div>
   <div class='ocr_carea' id='block_1_100' title="bbox 2000 3815 3697 3891">
    <p class='ocr_par' dir='ltr' id='par_1_100' title="bbox 2000 3815 3697 3891">
     <span class='ocr_line' id='line_1_100' title="bbox 2000 3815 3697 3891; baseline -0.002 -18"><span class='ocrx_word' id='word_1_705' title='bbox 2000 3819 2164 3891; x_wconf 88' lang='lat' dir='ltr'><strong>phari</strong></span> <span class='ocrx_word' id='word_1_706' title='bbox 2196 3816 2472 3872; x_wconf 89' lang='lat' dir='ltr'><strong>eunucho.</strong></span> <span class='ocrx_word' id='word_1_707' title='bbox 2528 3816 2633 3871; x_wconf 88' lang='lat' dir='ltr'><strong>Ubi</strong></span> <span class='ocrx_word' id='word_1_708' title='bbox 2667 3816 2948 3887; x_wconf 67' lang='lat' dir='ltr'><strong>quaeritur</strong></span> <span class='ocrx_word' id='word_1_709' title='bbox 3000 3815 3289 3886; x_wconf 89' lang='lat' dir='ltr'><strong>quomodo</strong></span> <span class='ocrx_word' id='word_1_710' title='bbox 3337 3822 3530 3886; x_wconf 85' lang='lat' dir='ltr'><strong>postea</strong></span> <span class='ocrx_word' id='word_1_711' title='bbox 3562 3834 3697 3869; x_wconf 80' lang='lat' dir='ltr'><strong>uxo-</strong></span> 
     </span>
    </p>
   </div>
   <div class='ocr_carea' id='block_1_101' title="bbox 2002 3904 3695 3974">
    <p class='ocr_par' dir='ltr' id='par_1_101' title="bbox 2002 3904 3695 3974">
     <span class='ocr_line' id='line_1_101' title="bbox 2002 3904 3695 3974; baseline -0.003 -12"><span class='ocrx_word' id='word_1_712' title='bbox 2002 3925 2120 3962; x_wconf 89' lang='lat' dir='ltr'><strong>rem</strong></span> <span class='ocrx_word' id='word_1_713' title='bbox 2168 3907 2377 3961; x_wconf 88' lang='lat' dir='ltr'><strong>habere</strong></span> <span class='ocrx_word' id='word_1_714' title='bbox 2435 3906 2655 3961; x_wconf 88' lang='lat' dir='ltr'><strong>dicatur</strong></span> <span class='ocrx_word' id='word_1_715' title='bbox 2683 3905 2710 3957; x_wconf 83' lang='lat'><strong>?</strong></span> <span class='ocrx_word' id='word_1_716' title='bbox 2757 3904 3015 3959; x_wconf 88' lang='lat' dir='ltr'><strong>Traduut</strong></span> <span class='ocrx_word' id='word_1_717' title='bbox 3068 3904 3288 3957; x_wconf 66' lang='lat' dir='ltr'><strong>Hebraei</strong></span> <span class='ocrx_word' id='word_1_718' title='bbox 3327 3910 3582 3974; x_wconf 88' lang='lat' dir='ltr'><strong>emptum</strong></span> <span class='ocrx_word' id='word_1_719' title='bbox 3626 3905 3695 3959; x_wconf 82' lang='lat' dir='ltr'><strong>ab</strong></span> 
     </span>
    </p>
   </div>
   <div class='ocr_carea' id='block_1_102' title="bbox 2004 3991 3696 4065">
    <p class='ocr_par' dir='ltr' id='par_1_102' title="bbox 2004 3991 3696 4065">
     <span class='ocr_line' id='line_1_102' title="bbox 2004 3991 3696 4065; baseline -0.002 -14"><span class='ocrx_word' id='word_1_720' title='bbox 2004 3999 2108 4051; x_wconf 89' lang='lat' dir='ltr'><strong>hoc</strong></span> <span class='ocrx_word' id='word_1_721' title='bbox 2139 3995 2349 4065; x_wconf 88' lang='lat' dir='ltr'><strong>Ioseph</strong></span> <span class='ocrx_word' id='word_1_722' title='bbox 2376 3995 2448 4048; x_wconf 92' lang='lat' dir='ltr'><strong>ob</strong></span> <span class='ocrx_word' id='word_1_723' title='bbox 2476 3993 2711 4048; x_wconf 87' lang='lat' dir='ltr'><strong>nimiam</strong></span> <span class='ocrx_word' id='word_1_724' title='bbox 2757 3992 3247 4063; x_wconf 90' lang='lat' dir='ltr'><strong>pulchritudinem</strong></span> <span class='ocrx_word' id='word_1_725' title='bbox 3296 3991 3356 4044; x_wconf 90' lang='lat' dir='ltr'><strong>in</strong></span> <span class='ocrx_word' id='word_1_726' title='bbox 3395 3997 3562 4061; x_wconf 88' lang='lat' dir='ltr'><strong>turpe</strong></span> <span class='ocrx_word' id='word_1_727' title='bbox 3592 3995 3696 4047; x_wconf 88' lang='lat' dir='ltr'><strong>mi-</strong></span> 
     </span>
    </p>
   </div>
   <div class='ocr_carea' id='block_1_103' title="bbox 2004 4080 3694 4150">
    <p class='ocr_par' dir='ltr' id='par_1_103' title="bbox 2004 4080 3694 4150">
     <span class='ocr_line' id='line_1_103' title="bbox 2004 4080 3694 4150; baseline -0.002 -13"><span class='ocrx_word' id='word_1_728' title='bbox 2004 4083 2323 4148; x_wconf 88' lang='lat' dir='ltr'><strong>nisterium,</strong></span> <span class='ocrx_word' id='word_1_729' title='bbox 2382 4087 2439 4137; x_wconf 89' lang='lat' dir='ltr'><strong>et</strong></span> <span class='ocrx_word' id='word_1_730' title='bbox 2496 4099 2525 4135; x_wconf 88' lang='lat' dir='ltr'><strong>a</strong></span> <span class='ocrx_word' id='word_1_731' title='bbox 2574 4082 2829 4144; x_wconf 83' lang='lat' dir='ltr'><strong>domino,</strong></span> <span class='ocrx_word' id='word_1_732' title='bbox 2894 4080 3155 4134; x_wconf 87' lang='lat' dir='ltr'><strong>virilibus</strong></span> <span class='ocrx_word' id='word_1_733' title='bbox 3234 4082 3357 4150; x_wconf 84' lang='lat' dir='ltr'><strong>ejus</strong></span> <span class='ocrx_word' id='word_1_734' title='bbox 3414 4082 3694 4147; x_wconf 86' lang='lat' dir='ltr'><strong>arefactis,</strong></span> 
     </span>
    </p>
   </div>
   <div class='ocr_carea' id='block_1_104' title="bbox 2006 4168 3694 4241">
    <p class='ocr_par' dir='ltr' id='par_1_104' title="bbox 2006 4168 3694 4241">
     <span class='ocr_line' id='line_1_104' title="bbox 2006 4168 3694 4241; baseline 0.001 -21"><span class='ocrx_word' id='word_1_735' title='bbox 2006 4176 2202 4241; x_wconf 78' lang='lat' dir='ltr'><strong>postea</strong></span> <span class='ocrx_word' id='word_1_736' title='bbox 2256 4172 2496 4225; x_wconf 90' lang='lat' dir='ltr'><strong>electum</strong></span> <span class='ocrx_word' id='word_1_737' title='bbox 2530 4185 2649 4224; x_wconf 90' lang='lat' dir='ltr'><strong>esse</strong></span> <span class='ocrx_word' id='word_1_738' title='bbox 2697 4169 2861 4241; x_wconf 84' lang='lat' dir='ltr'><strong>juxta</strong></span> <span class='ocrx_word' id='word_1_739' title='bbox 2910 4184 3129 4223; x_wconf 89' lang='lat' dir='ltr'><strong>morem</strong></span> <span class='ocrx_word' id='word_1_740' title='bbox 3162 4168 3694 4239; x_wconf 85' lang='lat' dir='ltr'><strong>hierophantarum.</strong></span> 
     </span>
    </p>
   </div>
   <div class='ocr_carea' id='block_1_105' title="bbox 2010 4255 3695 4331">
    <p class='ocr_par' dir='ltr' id='par_1_105' title="bbox 2010 4255 3695 4331">
     <span class='ocr_line' id='line_1_105' title="bbox 2010 4255 3695 4331; baseline -0.004 -19"><span class='ocrx_word' id='word_1_741' title='bbox 2010 4263 2060 4312; x_wconf 72' lang='lat' dir='ltr'><strong>id</strong></span> <span class='ocrx_word' id='word_1_742' title='bbox 2095 4263 2201 4326; x_wconf 92' lang='lat' dir='ltr'><strong>est,</strong></span> <span class='ocrx_word' id='word_1_743' title='bbox 2232 4274 2390 4313; x_wconf 88' lang='lat' dir='ltr'><strong>sacra</strong></span> <span class='ocrx_word' id='word_1_744' title='bbox 2432 4258 2794 4331; x_wconf 91' lang='lat' dir='ltr'><strong>loquentium</strong></span> <span class='ocrx_word' id='word_1_745' title='bbox 2824 4258 2881 4311; x_wconf 92' lang='lat' dir='ltr'><strong>in</strong></span> <span class='ocrx_word' id='word_1_746' title='bbox 2921 4255 3257 4328; x_wconf 87' lang='lat' dir='ltr'><strong>pontiﬁcatu</strong></span> <span class='ocrx_word' id='word_1_747' title='bbox 3292 4256 3647 4325; x_wconf 86' lang='lat' dir='ltr'><strong>lleliopoleos</strong></span> <span class='ocrx_word' id='word_1_748' title='bbox 3683 4270 3695 4305; x_wconf 90' lang='lat'>:</span> 
     </span>
    </p>
   </div>
   <div class='ocr_carea' id='block_1_106' title="bbox 2008 4346 3695 4420">
    <p class='ocr_par' dir='ltr' id='par_1_106' title="bbox 2008 4346 3695 4420">
     <span class='ocr_line' id='line_1_106' title="bbox 2008 4346 3695 4420; baseline -0.003 -17"><span class='ocrx_word' id='word_1_749' title='bbox 2008 4356 2063 4403; x_wconf 82' lang='lat' dir='ltr'><strong>et</strong></span> <span class='ocrx_word' id='word_1_750' title='bbox 2092 4350 2261 4420; x_wconf 87' lang='lat' dir='ltr'><strong>hujus</strong></span> <span class='ocrx_word' id='word_1_751' title='bbox 2299 4349 2477 4403; x_wconf 89' lang='lat' dir='ltr'><strong>ﬁliam</strong></span> <span class='ocrx_word' id='word_1_752' title='bbox 2526 4365 2644 4403; x_wconf 89' lang='lat' dir='ltr'><strong>esse</strong></span> <span class='ocrx_word' id='word_1_753' title='bbox 2704 4348 2968 4415; x_wconf 85' lang='lat' dir='ltr'><strong>Aseneth,</strong></span> <span class='ocrx_word' id='word_1_754' title='bbox 3025 4362 3198 4419; x_wconf 90' lang='lat' dir='ltr'><strong>quam</strong></span> <span class='ocrx_word' id='word_1_755' title='bbox 3246 4352 3440 4418; x_wconf 88' lang='lat' dir='ltr'><strong>postea</strong></span> <span class='ocrx_word' id='word_1_756' title='bbox 3486 4346 3695 4415; x_wconf 76' lang='lat' dir='ltr'><strong>Ioseph</strong></span> 
     </span>
    </p>
   </div>
   <div class='ocr_carea' id='block_1_107' title="bbox 2007 4438 2564 4509">
    <p class='ocr_par' dir='ltr' id='par_1_107' title="bbox 2007 4438 2564 4509">
     <span class='ocr_line' id='line_1_107' title="bbox 2007 4438 2564 4509; baseline 0.002 -19"><span class='ocrx_word' id='word_1_757' title='bbox 2007 4438 2287 4509; x_wconf 57' lang='lat' dir='ltr'><strong>exceperit</strong></span> <span class='ocrx_word' id='word_1_758' title='bbox 2312 4452 2564 4492; x_wconf 88' lang='lat' dir='ltr'><strong>uxorem.</strong></span> 
     </span>
    </p>
   </div>
   <div class='ocr_carea' id='block_1_108' title="bbox 2575 4578 3132 4632">
    <p class='ocr_par' dir='ltr' id='par_1_108' title="bbox 2575 4578 3132 4632">
     <span class='ocr_line' id='line_1_108' title="bbox 2575 4578 3132 4632; baseline 0 -1"><span class='ocrx_word' id='word_1_759' title='bbox 2575 4578 2799 4632; x_wconf 82' lang='lat' dir='ltr'><strong>CAPUT</strong></span> <span class='ocrx_word' id='word_1_760' title='bbox 2863 4578 3132 4632; x_wconf 80' lang='lat' dir='ltr'><strong>XXXVIII.</strong></span> 
     </span>
    </p>
   </div>
   <div class='ocr_carea' id='block_1_109' title="bbox 2082 4698 3695 4767">
    <p class='ocr_par' dir='ltr' id='par_1_109' title="bbox 2082 4698 3695 4767">
     <span class='ocr_line' id='line_1_109' title="bbox 2082 4698 3695 4767; baseline -0.002 -15"><span class='ocrx_word' id='word_1_761' title='bbox 2082 4700 2246 4753; x_wconf 72' lang='lat' dir='ltr'><strong>VERS.</strong></span> <span class='ocrx_word' id='word_1_762' title='bbox 2286 4704 2334 4766; x_wconf 84' lang='lat' dir='ltr'><strong>I,</strong></span> <span class='ocrx_word' id='word_1_763' title='bbox 2365 4700 2416 4752; x_wconf 81' lang='lat'><strong>2.</strong></span> <span class='ocrx_word' id='word_1_764' title='bbox 2445 4729 2513 4739; x_wconf 93' lang='lat'><em>—</em></span> <span class='ocrx_word' id='word_1_765' title='bbox 2554 4721 2575 4747; x_wconf 73' lang='grc' dir='ltr'>α</span> <span class='ocrx_word' id='word_1_766' title='bbox 2609 4698 2816 4752; x_wconf 86' lang='lat' dir='ltr'><strong>Eodem</strong></span> <span class='ocrx_word' id='word_1_767' title='bbox 2867 4703 3142 4767; x_wconf 87' lang='lat' dir='ltr'><strong>tempore,</strong></span> <span class='ocrx_word' id='word_1_768' title='bbox 3176 4716 3203 4747; x_wconf 72' lang='grc' dir='ltr'><strong>ι)</strong></span> <span class='ocrx_word' id='word_1_769' title='bbox 3255 4702 3357 4750; x_wconf 91' lang='lat' dir='ltr'><strong>etc.</strong></span> <span class='ocrx_word' id='word_1_770' title='bbox 3415 4699 3603 4764; x_wconf 53' lang='lat' dir='ltr'><strong>(Acca,</strong></span> <span class='ocrx_word' id='word_1_771' title='bbox 3636 4700 3695 4762; x_wconf 77' lang='grc' dir='ltr'><strong>ο.</strong></span> 
     </span>
    </p>
   </div>
   <div class='ocr_carea' id='block_1_110' title="bbox 2011 4784 3693 4857">
    <p class='ocr_par' dir='ltr' id='par_1_110' title="bbox 2011 4784 3693 4857">
     <span class='ocr_line' id='line_1_110' title="bbox 2011 4784 3693 4857; baseline -0.004 -16"><span class='ocrx_word' id='word_1_772' title='bbox 2011 4793 2069 4841; x_wconf 78' lang='lat' dir='ltr'><strong>in</strong></span> <span class='ocrx_word' id='word_1_773' title='bbox 2113 4789 2261 4856; x_wconf 82' lang='lat' dir='ltr'><strong>Gen.)</strong></span> <span class='ocrx_word' id='word_1_774' title='bbox 2312 4786 2597 4851; x_wconf 69' lang='lat' dir='ltr'><strong>Quaeritur</strong></span> <span class='ocrx_word' id='word_1_775' title='bbox 2634 4786 2923 4857; x_wconf 88' lang='lat' dir='ltr'><strong>quomodo</strong></span> <span class='ocrx_word' id='word_1_776' title='bbox 2954 4787 3059 4839; x_wconf 84' lang='lat' dir='ltr'><strong>ista</strong></span> <span class='ocrx_word' id='word_1_777' title='bbox 3088 4786 3210 4838; x_wconf 87' lang='lat' dir='ltr'><strong>ﬁeri</strong></span> <span class='ocrx_word' id='word_1_778' title='bbox 3242 4790 3556 4855; x_wconf 90' lang='lat' dir='ltr'><strong>potuerunt</strong></span> <span class='ocrx_word' id='word_1_779' title='bbox 3583 4784 3610 4837; x_wconf 87' lang='lat'><strong>?</strong></span> <span class='ocrx_word' id='word_1_780' title='bbox 3641 4788 3693 4837; x_wconf 72' lang='lat' dir='ltr'><strong>Si</strong></span> 
     </span>
    </p>
   </div>
   <div class='ocr_carea' id='block_1_111' title="bbox 2009 4865 3697 4948">
    <p class='ocr_par' dir='ltr' id='par_1_111' title="bbox 2009 4865 3697 4948">
     <span class='ocr_line' id='line_1_111' title="bbox 2009 4865 3697 4948; baseline -0.003 -16"><span class='ocrx_word' id='word_1_781' title='bbox 2009 4877 2163 4932; x_wconf 91' lang='lat' dir='ltr'><strong>enim</strong></span> <span class='ocrx_word' id='word_1_782' title='bbox 2186 4882 2555 4948; x_wconf 86' lang='lat' dir='ltr'><strong>posteaquam</strong></span> <span class='ocrx_word' id='word_1_783' title='bbox 2584 4876 2792 4947; x_wconf 90' lang='lat' dir='ltr'><strong>Ioseph</strong></span> <span class='ocrx_word' id='word_1_784' title='bbox 2823 4876 2976 4930; x_wconf 87' lang='lat' dir='ltr'><strong>venit</strong></span> <span class='ocrx_word' id='word_1_785' title='bbox 3002 4876 3060 4929; x_wconf 92' lang='lat' dir='ltr'><strong>in</strong></span> <span class='ocrx_word' id='word_1_786' title='bbox 3092 4876 3419 4945; x_wconf 66' lang='lat' dir='ltr'><strong>Aigyptum,</strong></span> <span class='ocrx_word' id='word_1_787' title='bbox 3449 4865 3581 4941; x_wconf 48' lang='lat' dir='ltr'><strong>ett,</strong></span> <span class='ocrx_word' id='word_1_788' title='bbox 3614 4890 3697 4927; x_wconf 52' lang='lat' dir='ltr'><strong>us-</strong></span> 
     </span>
    </p>
   </div>
   <div class='ocr_carea' id='block_1_112' title="bbox 2009 4965 3699 5039">
    <p class='ocr_par' dir='ltr' id='par_1_112' title="bbox 2009 4965 3699 5039">
     <span class='ocr_line' id='line_1_112' title="bbox 2009 4965 3699 5039; baseline -0.002 -18"><span class='ocrx_word' id='word_1_789' title='bbox 2009 4986 2110 5039; x_wconf 79' lang='lat' dir='ltr'><strong>que</strong></span> <span class='ocrx_word' id='word_1_790' title='bbox 2149 4968 2223 5022; x_wconf 88' lang='lat' dir='ltr'><strong>ad</strong></span> <span class='ocrx_word' id='word_1_791' title='bbox 2256 4967 2521 5022; x_wconf 91' lang='lat' dir='ltr'><strong>incidisse</strong></span> <span class='ocrx_word' id='word_1_792' title='bbox 2552 4982 2682 5021; x_wconf 90' lang='lat' dir='ltr'><strong>eum</strong></span> <span class='ocrx_word' id='word_1_793' title='bbox 2713 4967 2771 5020; x_wconf 90' lang='lat' dir='ltr'><strong>in</strong></span> <span class='ocrx_word' id='word_1_794' title='bbox 2803 4981 3054 5019; x_wconf 88' lang='lat' dir='ltr'><strong>amorem</strong></span> <span class='ocrx_word' id='word_1_795' title='bbox 3105 4965 3246 5034; x_wconf 88' lang='lat' dir='ltr'><strong>ejus,</strong></span> <span class='ocrx_word' id='word_1_796' title='bbox 3305 4979 3480 5033; x_wconf 87' lang='lat' dir='ltr'><strong>quam</strong></span> <span class='ocrx_word' id='word_1_797' title='bbox 3541 4965 3699 5018; x_wconf 81' lang='lat' dir='ltr'><strong>duxit</strong></span> 
     </span>
    </p>
   </div>
   <div class='ocr_carea' id='block_1_113' title="bbox 2012 5054 3077 5123">
    <p class='ocr_par' dir='ltr' id='par_1_113' title="bbox 2012 5054 3077 5123">
     <span class='ocr_line' id='line_1_113' title="bbox 2012 5054 3077 5123; baseline -0.004 -14"><span class='ocrx_word' id='word_1_798' title='bbox 2012 5073 2269 5123; x_wconf 86' lang='lat' dir='ltr'><strong>uxorem,</strong></span> <span class='ocrx_word' id='word_1_799' title='bbox 2305 5055 2560 5110; x_wconf 91' lang='lat' dir='ltr'><strong>nondum</strong></span> <span class='ocrx_word' id='word_1_800' title='bbox 2595 5054 2823 5108; x_wconf 89' lang='lat' dir='ltr'><strong>vendito</strong></span> <span class='ocrx_word' id='word_1_801' title='bbox 2852 5055 3077 5123; x_wconf 79' lang='lat' dir='ltr'><strong>Ioseph.</strong></span> 
     </span>
    </p>
   </div>
   <div class='ocr_carea' id='block_1_114' title="bbox 2081 5140 3702 5212">
    <p class='ocr_par' dir='ltr' id='par_1_114' title="bbox 2081 5140 3702 5212">
     <span class='ocr_line' id='line_1_114' title="bbox 2081 5140 3702 5212; baseline 0 -17"><span class='ocrx_word' id='word_1_802' title='bbox 2081 5165 2107 5195; x_wconf 77' lang='grc' dir='ltr'>α</span> <span class='ocrx_word' id='word_1_803' title='bbox 2161 5145 2355 5209; x_wconf 83' lang='lat' dir='ltr'><strong>Iudas,</strong></span> <span class='ocrx_word' id='word_1_804' title='bbox 2415 5163 2439 5196; x_wconf 74' lang='grc' dir='ltr'><strong>ι)</strong></span> <span class='ocrx_word' id='word_1_805' title='bbox 2499 5148 2603 5197; x_wconf 90' lang='lat' dir='ltr'><strong>etc.</strong></span> <span class='ocrx_word' id='word_1_806' title='bbox 2682 5142 2780 5196; x_wconf 85' lang='lat' dir='ltr'><strong>Hic</strong></span> <span class='ocrx_word' id='word_1_807' title='bbox 2858 5141 3001 5194; x_wconf 89' lang='lat' dir='ltr'><strong>sicut</strong></span> <span class='ocrx_word' id='word_1_808' title='bbox 3077 5140 3266 5195; x_wconf 67' lang='lat' dir='ltr'><strong>caeteri</strong></span> <span class='ocrx_word' id='word_1_809' title='bbox 3343 5141 3702 5212; x_wconf 58' lang='lat' dir='ltr'><strong>patriarchm,</strong></span> 
     </span>
    </p>
   </div>
   <div class='ocr_carea' id='block_1_115' title="bbox 2010 5229 3698 5301">
    <p class='ocr_par' dir='ltr' id='par_1_115' title="bbox 2010 5229 3698 5301">
     <span class='ocr_line' id='line_1_115' title="bbox 2010 5229 3698 5301; baseline -0.002 -13"><span class='ocrx_word' id='word_1_810' title='bbox 2010 5233 2293 5288; x_wconf 87' lang='lat' dir='ltr'><strong>Christum</strong></span> <span class='ocrx_word' id='word_1_811' title='bbox 2346 5231 2649 5301; x_wconf 87' lang='lat' dir='ltr'><strong>signiﬁcat,</strong></span> <span class='ocrx_word' id='word_1_812' title='bbox 2712 5230 2812 5301; x_wconf 89' lang='lat' dir='ltr'><strong>qui</strong></span> <span class='ocrx_word' id='word_1_813' title='bbox 2866 5229 3158 5283; x_wconf 89' lang='lat' dir='ltr'><strong>descendit</strong></span> <span class='ocrx_word' id='word_1_814' title='bbox 3215 5229 3283 5284; x_wconf 90' lang='lat' dir='ltr'><strong>ad</strong></span> <span class='ocrx_word' id='word_1_815' title='bbox 3350 5231 3698 5300; x_wconf 85' lang='lat' dir='ltr'><strong>baptismum</strong></span> 
     </span>
    </p>
   </div>
   <div class='ocr_carea' id='block_1_116' title="bbox 2006 5316 3695 5387">
    <p class='ocr_par' dir='ltr' id='par_1_116' title="bbox 2006 5316 3695 5387">
     <span class='ocr_line' id='line_1_116' title="bbox 2006 5316 3695 5387; baseline 0 -14"><span class='ocrx_word' id='word_1_816' title='bbox 2006 5319 2261 5374; x_wconf 83' lang='lat' dir='ltr'><strong>Ioannis.</strong></span> <span class='ocrx_word' id='word_1_817' title='bbox 2317 5318 2481 5372; x_wconf 79' lang='lat' dir='ltr'><strong>IIiras</strong></span> <span class='ocrx_word' id='word_1_818' title='bbox 2547 5321 2698 5370; x_wconf 86' lang='lat' dir='ltr'><strong>enim</strong></span> <span class='ocrx_word' id='word_1_819' title='bbox 2754 5317 3162 5387; x_wconf 87' lang='lat' dir='ltr'><strong>interpretatur</strong></span> <span class='ocrx_word' id='word_1_820' title='bbox 3224 5316 3412 5371; x_wconf 73' lang='lat' dir='ltr'><strong>videns</strong></span> <span class='ocrx_word' id='word_1_821' title='bbox 3472 5322 3634 5373; x_wconf 74' lang='lat' dir='ltr'><strong>Deum</strong></span> <span class='ocrx_word' id='word_1_822' title='bbox 3685 5336 3695 5372; x_wconf 89' lang='lat'><strong>:</strong></span> 
     </span>
    </p>
   </div>
   <div class='ocr_carea' id='block_1_117' title="bbox 2009 5405 3700 5475">
    <p class='ocr_par' dir='ltr' id='par_1_117' title="bbox 2009 5405 3700 5475">
     <span class='ocr_line' id='line_1_117' title="bbox 2009 5405 3700 5475; baseline -0.002 -12"><span class='ocrx_word' id='word_1_823' title='bbox 2009 5406 2394 5475; x_wconf 85' lang='lat' dir='ltr'><strong>Odollamites,</strong></span> <span class='ocrx_word' id='word_1_824' title='bbox 2428 5406 2786 5461; x_wconf 79' lang='lat' dir='ltr'><strong>testimonium</strong></span> <span class='ocrx_word' id='word_1_825' title='bbox 2842 5407 2901 5458; x_wconf 77' lang='lat' dir='ltr'><strong>in</strong></span> <span class='ocrx_word' id='word_1_826' title='bbox 2965 5421 3131 5473; x_wconf 78' lang='lat' dir='ltr'><strong>aqua,</strong></span> <span class='ocrx_word' id='word_1_827' title='bbox 3166 5405 3301 5475; x_wconf 89' lang='lat' dir='ltr'><strong>quia</strong></span> <span class='ocrx_word' id='word_1_828' title='bbox 3344 5407 3590 5460; x_wconf 83' lang='lat' dir='ltr'><strong>Ioannes</strong></span> <span class='ocrx_word' id='word_1_829' title='bbox 3623 5409 3700 5460; x_wconf 91' lang='lat' dir='ltr'><strong>vi-</strong></span> 
     </span>
    </p>
   </div>
   <div class='ocr_carea' id='block_1_118' title="bbox 2008 5496 3697 5569">
    <p class='ocr_par' dir='ltr' id='par_1_118' title="bbox 2008 5496 3697 5569">
     <span class='ocr_line' id='line_1_118' title="bbox 2008 5496 3697 5569; baseline -0.004 -16"><span class='ocrx_word' id='word_1_830' title='bbox 2008 5496 2147 5553; x_wconf 78' lang='lat' dir='ltr'><strong>dens</strong></span> <span class='ocrx_word' id='word_1_831' title='bbox 2178 5496 2459 5551; x_wconf 83' lang='lat' dir='ltr'><strong>Christum</strong></span> <span class='ocrx_word' id='word_1_832' title='bbox 2491 5497 2816 5551; x_wconf 88' lang='lat' dir='ltr'><strong>venientem</strong></span> <span class='ocrx_word' id='word_1_833' title='bbox 2845 5496 2915 5552; x_wconf 91' lang='lat' dir='ltr'><strong>ad</strong></span> <span class='ocrx_word' id='word_1_834' title='bbox 2941 5496 3311 5569; x_wconf 89' lang='lat' dir='ltr'><strong>baptismum,</strong></span> <span class='ocrx_word' id='word_1_835' title='bbox 3346 5497 3424 5551; x_wconf 87' lang='lat' dir='ltr'><strong>ait</strong></span> <span class='ocrx_word' id='word_1_836' title='bbox 3453 5515 3468 5551; x_wconf 90' lang='lat'><strong><em>:</em></strong></span> <span class='ocrx_word' id='word_1_837' title='bbox 3507 5515 3532 5546; x_wconf 77' lang='grc' dir='ltr'><strong>ι(</strong></span> <span class='ocrx_word' id='word_1_838' title='bbox 3564 5496 3697 5550; x_wconf 68' lang='lat' dir='ltr'><strong>Ecce</strong></span> 
     </span>
    </p>
   </div>
  </div>
