4050 6188
367 299 458 353 167
980 290 1376 350 WALAFRIDI
1418 291 1665 347 STRABI
1706 277 1904 345 FULD.
1949 286 2112 343 NON.
2161 285 2312 343 OPP.
2356 286 2530 342 PARS
2571 286 2619 342 I.
2665 316 2733 325 —
2773 284 3239 342 THEOLOGICA.
3754 286 3849 338 168

361 421 556 489 Agnus
608 413 729 480 Dei,
786 432 815 466 io
865 416 970 467 etc.
1029 413 1202 482 (Joan.
1261 410 1322 480 1.)
1363 408 1444 463 Ad
1495 408 1604 462 hoc
1659 405 2046 462 testimonium
2078 411 2124 464 Α

372 503 614 561 adhaesit
643 502 866 560 Christo
889 502 1208 572 Synagoga,
1242 515 1413 570 quam
1448 497 1731 568 signiﬁcat
1759 496 1890 560 Sue,
1932 495 2049 549 ﬁlia

361 593 690 660 Chananasi,
725 591 859 662 quia
913 589 964 643 ei
996 589 1182 643 danda
1211 592 1332 641 erat
1371 592 1522 640 terra
1580 586 1801 639 humilis
1840 586 2050 654 pro/es-

357 686 545 748 siom's,
600 682 752 752 quod
810 680 1218 748 interpretatur
1258 675 1542 729 Chanaan.
1601 674 1726 726 Haec
1765 688 1899 740 ergo
1953 672 2052 742 Sy-

359 765 584 841 nagoga
639 769 827 840 primo
870 765 1109 820 adhaesit
1157 764 1399 828 Christo,
1459 762 1686 834 quando
1747 762 1948 816 Petrus
1996 764 2050 812 et

357 859 633 923 Andreas,
667 862 722 912 et
749 855 936 910 ceteri
963 853 1194 909 Joannis
1245 851 1508 921 discipuli
1537 850 1668 904 facti
1695 853 1829 903 sunt
1880 849 2048 903 disci-

360 945 482 1017 puli
515 944 746 999 Christi.
784 942 906 1007 Quo
936 941 1134 995 ordine
1166 939 1289 995 haec
1318 939 1599 1009 completa
1625 941 1757 989 sunt
1805 952 2049 1007 sequens

2238 429 2263 454 «
2295 406 2449 462 Sedit
2474 407 2532 461 in
2562 407 2736 462 bivio.
2769 427 2795 455 ν
2836 405 3130 476 (finenem)
3174 425 3204 457 α
3258 407 3323 461 Et
3350 405 3496 461 sedit
3524 405 3595 460 ad
3625 409 3852 476 portam

2163 495 2403 562 Enaiim,
2437 511 2565 565 quae
2593 501 2676 550 est
2728 496 2786 550 in
2819 496 3062 549 transitu
3089 496 3366 549 Thamna.
3403 515 3430 544 »
3480 494 3680 549 Sermo
3732 493 3849 548 He-

2158 582 2404 649 braicus,
2461 584 2702 649 Enaiim,
2761 583 3105 637 transfertur
3160 583 3218 636 in
3273 582 3470 637 oculos.
3561 582 3684 636 Non
3767 586 3855 636 est

2158 671 2338 742 igitur
2375 688 2584 727 nomen
2616 671 2746 738 loci,
2775 676 2833 726 et
2878 677 2961 725 est
3009 688 3229 740 sensus,
3262 691 3289 721 α
3322 670 3475 725 Sedit
3503 670 3561 724 in
3614 669 3786 736 bivio,
3821 690 3850 720 ι

2157 762 2270 814 sive
2303 760 2362 814 in
2386 760 2657 831 compito,
2691 759 2787 815 ubi
2818 760 3150 831 diligentius
3179 759 3349 816 debet
3379 759 3558 813 viator
3599 758 3851 829 aspicere

2158 865 2271 921 quo
2298 850 2612 921 gradiatur.

2227 939 2388 992 Vens.
2421 939 2609 993 20-24.
2629 969 2699 978 —
2730 958 2757 989 «
2783 937 2929 993 Misit
2952 941 3144 991 autem
3171 936 3365 991 Judas.
3401 957 3429 986 ι
3462 935 3704 991 Mittitur
3719 952 3854 1007 pro-

357 1035 644 1105 signiﬁcat
701 1029 963 1098 historia,
996 1044 1236 1083 narrans
1266 1025 1558 1097 quomodo
1590 1023 1764 1079 Judas
1817 1023 2050 1078 intravit
2157 1026 2361 1080 missus
2390 1026 2588 1080 haedus
2617 1030 2890 1098 tanquam
2922 1025 3231 1090 meretrici,
3265 1025 3323 1079 id
3355 1030 3439 1079 est
3486 1024 3849 1096 exprobratio

359 1125 426 1178 ad
452 1123 717 1182 Thamar,
752 1133 881 1190 quae
912 1117 1065 1170 idem
1096 1113 1376 1185 signiﬁcat
1406 1111 1556 1184 quod
1581 1111 1711 1166 Sne.

431 1211 588 1265 Vens.
619 1211 673 1275 3,
723 1208 778 1262 4.
811 1237 881 1248 -
916 1230 936 1253 ι
973 1205 1109 1268 Quae
1158 1203 1438 1274 concepit,
1474 1221 1500 1253 υ
1533 1207 1638 1256 etc.
1699 1201 1907 1256 Genuit
1947 1200 2044 1272 Sy-

356 1313 577 1369 nagoga
605 1294 916 1368 principes,
939 1293 1038 1364 qui
1069 1291 1117 1344 ei
1150 1297 1421 1362 tanquam
1441 1289 1630 1343 mariti
1652 1287 2006 1360 praefuerunt
2029 1304 2042 1342 :

354 1401 598 1458 quorum
629 1383 725 1438 alii
759 1383 992 1437 fuerunt
1045 1385 1332 1447 nocentes,
1388 1395 1529 1450 quos
1586 1377 1870 1449 signiﬁcat
1915 1379 2044 1445 Her,

354 1473 451 1545 qui
502 1472 910 1542 interpretatur
955 1471 1210 1538 pelliceus
1251 1467 1435 1539 (pellis
1487 1467 1638 1520 enim
1683 1471 1923 1520 mortem
1970 1467 2046 1520 si-

355 1560 633 1632 gniﬁcat),
691 1559 828 1630 quia
879 1559 1050 1629 primi
1119 1562 1379 1628 parentes
1437 1556 1683 1627 pellibus
1741 1554 1926 1609 induti
1959 1555 2043 1610 ad-

354 1651 488 1705 dicti
520 1655 654 1714 sunt
684 1648 854 1703 morti
890 1667 905 1714 ;
934 1647 1030 1700 alii
1064 1645 1318 1710 inutiles,
1364 1660 1509 1716 quos
1536 1643 1816 1714 signiﬁcat
1858 1645 2037 1706 Onan.

356 1739 452 1809 qui
484 1737 892 1808 interpretatur
924 1751 1117 1789 maeror
1157 1751 1376 1804 eorum,
1406 1733 1613 1804 quibus
1663 1732 1874 1787 scilicet
1924 1749 2040 1787 non

357 1829 612 1898 prosunt.

428 1915 588 1968 Vens.
624 1914 761 1966 5-12.
798 1942 860 1952 —
895 1931 921 1962 α
979 1910 1234 1964 Tertium
1293 1925 1520 1980 quoque
1568 1907 1810 1980 peperit,
1845 1929 1869 1957 ι
1932 1913 2036 1963 etc.

355 2003 505 2070 (stn.
538 2003 594 2054 in
645 2000 799 2064 Gm.,
857 2003 995 2054 tom.
1049 1999 1134 2069 V.)
1175 1998 1396 2052 Tertius
1451 1997 1606 2050 ﬁlius
1642 1995 1744 2067 qui
1797 1996 2043 2050 Thamar

355 2105 465 2143 non
497 2088 776 2159 jungitur,
813 2093 944 2154 etc.,
989 2101 1156 2154 usque
1194 2085 1268 2138 ad
1315 2090 1371 2139 et
1408 2085 1536 2139 ideo
1568 2087 1843 2154 tanquam
1874 2083 2040 2138 Odol-

358 2178 578 2232 lamites
603 2175 897 2247 perhibuit
923 2174 1316 2228 testimonium
1347 2170 1403 2224 in
1435 2187 1602 2242 aqua.

425 2286 452 2316 α
495 2264 686 2329 Judas,
748 2285 766 2311 ο
816 2269 921 2316 etc.
978 2263 1055 2316 De
1109 2259 1251 2314 Juda
1303 2259 1459 2329 regia
1509 2257 1689 2312 tribus
1743 2257 2038 2328 processit,

353 2370 481 2424 quae
545 2353 638 2407 diu
717 2351 950 2422 praefuit
996 2348 1244 2404 Iudaicae
1300 2347 1472 2418 plebi,
1524 2362 1696 2416 quam
1760 2344 2043 2416 signiﬁcat

350 2440 614 2505 Thamar,
648 2455 776 2510 quas
825 2437 1234 2508 interpretatur
1261 2432 1592 2496 amaritudo,
1623 2434 1757 2504 quia
1785 2449 2038 2488 amaram

351 2548 410 2586 se
437 2530 495 2584 in
527 2529 790 2600 passione
822 2525 1079 2582 exhibuit
1101 2523 1342 2579 Christo.

421 2619 597 2690 (st1).)
633 2615 794 2671 Plebs
825 2614 1078 2678 Judaica,
1110 2611 1203 2665 cui
1223 2611 1292 2666 de
1322 2611 1472 2665 tribu
1519 2610 1664 2665 Juda
1696 2626 1878 2681 reges,
1909 2614 2037 2677 etc.,

349 2722 518 2777 usque
545 2706 620 2760 ad
652 2707 800 2760 Deus
820 2709 1013 2758 tamen
1037 2706 1306 2772 utrosque
1339 2700 1561 2766 occidit,
1614 2699 1749 2770 quia
1797 2714 2038 2770 regnum

347 2811 376 2847 a
408 2793 617 2847 talibus
647 2791 814 2846 tollit.

330 2931 342 2942 ,
421 2882 582 2936 Vens.
625 2883 800 2935 l3.—
831 2899 858 2930 ‹‹
891 2880 972 2933 Ad
1009 2877 1329 2933 tondendas
1357 2893 1508 2930 oves.
1547 2895 1573 2927 ι)
1634 2875 1824 2944 (δΤΒΑΒ
1865 2875 1880 2943 )
1937 2875 2038 2929 Αι-

351 2974 594 3042 legorz‘cc.
634 2973 808 3039 Venit,
848 2971 1124 3026 Dominus
1184 2969 1252 3023 ad
1293 2983 1423 3022 oves
1477 2965 1810 3032 tondendas,
1851 2964 1904 3018 id
1956 2969 2040 3018 est
2075 3000 2112 3051 ρ

351 3061 592 3132 peccatis
622 3059 1030 3125 exonerandas,
1088 3059 1158 3113 de
1195 3056 1405 3129 quibus
1452 3054 1662 3109 dicitur
1693 3070 1707 3108 :
1771 3076 1791 3103 ι
1829 3055 2036 3108 Dentes

350 3147 435 3202 tui
483 3149 629 3202 sicut
683 3162 886 3218 greges
921 3150 1237 3198 tonsarum.
1270 3163 1298 3194 δ)
1329 3141 1574 3198 Thamar
1622 3141 1879 3196 habitum
1914 3157 2036 3195 mu-

348 3243 474 3291 tat:
533 3252 665 3290 nam
717 3240 774 3289 et
837 3237 1166 3289 commutans
1219 3231 1654 3302 interpretatur;
1690 3233 1875 3282 mutat
1929 3229 2036 3281 ha-

345 3325 528 3380 bitum
545 3331 601 3379 et
630 3340 860 3388 nomen,
892 3327 956 3377 ut
983 3323 1054 3376 sit
1082 3323 1150 3376 de
1181 3321 1483 3391 Synagoga
1514 3318 1771 3373 Ecclesia.
1802 3317 1907 3372 Sed
1940 3333 2038 3370 no-

350 3429 480 3466 men
537 3410 937 3466 amaritudinis
993 3415 1221 3464 manet:
1258 3426 1373 3462 non
1426 3407 1485 3462 in
1538 3423 1652 3478 qua
1686 3406 1760 3460 fel
1795 3403 2036 3458 Domino

350 3498 706 3562 ministravit,
754 3497 849 3551 sed
900 3497 960 3552 in
1012 3514 1124 3568 qua
1182 3498 1378 3552 Petrus
1434 3511 1625 3549 amare
1668 3495 1840 3549 flevit.
1895 3493 2033 3547 Nam

348 3593 406 3641 et
432 3589 456 3641 ,Ι
467 3587 604 3641 udas
630 3586 901 3654 Confessio
923 3585 1148 3650 dicitur,
1173 3583 1524 3638 Confessioni
1553 3599 1688 3653 ergo
1710 3581 2034 3636 amaritudo

349 3675 673 3742 misceatur,
735 3679 801 3728 ut
869 3690 1000 3728 vera
1066 3672 1402 3745 poenitentia
1453 3671 1851 3743 prmsignetur.
1910 3670 2038 3723 Haec

347 3763 680 3834 poenitentia
711 3763 1068 3830 fecundatur,
1112 3763 1169 3816 in
1204 3761 1468 3817 omnibus
1493 3761 1754 3831 gentibus
1797 3758 2037 3814 Ecclesia

346 3850 675 3906 constituta.
712 3852 1020 3922 Oportebat
1050 3853 1202 3904 enim
1243 3849 1361 3921 pati
1393 3849 1700 3913 Christum,
1737 3851 1792 3901 et
1849 3862 2035 3900 resur-

346 3953 500 4010 gere,
561 3941 617 3991 et
657 3936 950 4006 praedicari
999 3938 1056 3990 in
1117 3936 1351 3990 nomine
1389 3935 1510 4006 ejus
1558 3933 1949 4005 paenitentiam
1983 3935 2038 3985 et

347 4025 742 4080 remissionem
775 4030 1133 4097 peccatorum
1166 4040 1269 4093 per
1297 4039 1498 4077 omnes
1541 4027 1764 4093 gentes.
1807 4019 2037 4075 [labitus

349 4131 581 4187 quoque
617 4113 931 4168 meretricis
987 4113 1266 4167 confessio
1317 4114 1679 4182 peccatorum
1720 4114 1849 4163 est:
1897 4109 2038 4163 Tha-

349 4218 473 4256 mar
531 4201 741 4273 quippe
804 4201 1102 4254 Ecclesiam
1148 4199 1216 4254 de
1245 4197 1510 4268 gentibus
1561 4204 1815 4251 vocatam
1859 4194 2034 4267 signi-

348 4291 510 4357 licat;
567 4289 769 4344 sedens
829 4305 956 4342 cum
1021 4289 1127 4342 hoc
1176 4287 1374 4342 habitu
1432 4286 1499 4340 ad
1541 4291 1766 4356 portam
1817 4285 2037 4340 Enaiim

347 4387 534 4443 mur,
567 4377 718 4448 quod
765 4376 1170 4446 interpretatur
1193 4378 1317 4442 fons
1347 4395 1363 4429 .-
1404 4374 1540 4446 quia
1570 4372 1834 4428 currebat
1884 4373 2038 4426 velut

347 4481 546 4519 cervus
602 4465 672 4520 ad
735 4465 916 4519 fontes
970 4480 1270 4534 aquarum,
1332 4462 1630 4534 pervenire
1691 4462 1761 4516 ad
1841 4477 2036 4516 semen

351 4553 611 4607 Abrahae.
651 4552 754 4606 Illo
786 4569 898 4606 non
923 4557 1302 4622 cognoscente
1334 4551 1690 4615 fecundatur,
1723 4550 2035 4603 secundum

349 4641 485 4695 illud
511 4640 716 4695 Psalmi
747 4656 874 4694 xvu.
904 4661 930 4692 α
959 4641 1228 4711 Populus,
1263 4655 1436 4711 quem
1477 4655 1594 4692 non
1626 4638 1885 4708 cognovi,
1918 4655 2036 4692 ser-

349 4729 487 4783 vivit
519 4728 677 4783 mihi.
715 4747 743 4779 υ
768 4729 996 4800 Accepit
1022 4729 1082 4782 in
1099 4728 1317 4782 occulto
1349 4727 1647 4792 annulum,
1682 4727 1918 4795 monile,
1979 4732 2038 4782 et

350 4818 588 4887 virgam,
632 4816 768 4888 quia
795 4818 1088 4871 vocatione
1143 4815 1422 4886 signatur,
1478 4814 1886 4886 justiﬁcatione
1932 4815 2035 4870 de-

348 4911 592 4973 roratur,
626 4905 1038 4975 gloriﬁcatione
1069 4906 1362 4958 exaltatur.
1399 4925 1426 4953 ‹‹
1457 4903 1606 4968 Quos
1643 4909 1834 4958 autem
1886 4920 2035 4974 prae-

349 4993 672 5059 destinavit,
721 4994 824 5048 hos
861 4999 918 5049 et
960 4993 1206 5060 vocavit;
1240 4997 1297 5048 et
1343 5009 1483 5065 quos
1537 4993 1772 5054 vocavit.
1829 4993 1934 5047 hos
1980 4996 2038 5047 et

343 5083 676 5153 justiﬁcavit
734 5083 906 5144 (Rom.
941 5083 1088 5153 \m);
1150 5102 1178 5135 η
1237 5083 1335 5138 sed
1385 5083 1444 5137 in
1493 5082 1732 5149 occulto,
1764 5082 1860 5137 ubi
1895 5099 2036 5137 con-

351 5171 538 5242 captio
571 5175 777 5225 sanctae
810 5172 1078 5227 ubertatis
1099 5174 1181 5227 ﬁt.

425 5260 588 5314 Vens.
639 5260 810 5314 tiu-l9.
848 5289 917 5300 —
965 5280 993 5311 α
1044 5260 1181 5325 Quae
1212 5260 1483 5332 depositis
1519 5259 1809 5315 viduitatis
1865 5260 2036 5314 vesti-

356 5371 376 5395 ο
403 5346 532 5417 bus,
567 5367 591 5400 ι»
626 5353 732 5403 etc.
765 5348 1085 5403 Notandum
1119 5349 1286 5403 etiam
1317 5349 1378 5403 in
1405 5347 1762 5419 temporibus
1793 5347 2034 5419 patriar-

350 5433 583 5488 charum
607 5437 762 5488 certa
789 5433 961 5488 fuisse
1014 5435 1347 5490 vestimenta
1399 5435 1722 5501 viduarum,
1753 5451 1858 5490 nec
1887 5451 2035 5508 qua-

347 5521 420 5576 lia
448 5522 904 5593 conjugatarum.

2153 1113 2390 1186 peccati,
2460 1130 2564 1184 per
2633 1114 3037 1180 Odolamitem,
3099 1117 3369 1184 tanquam
3433 1113 3847 1189 increpantem,

2157 1223 2183 1254 α
2217 1201 2511 1274 genimina
2542 1203 2888 1274 viperarum,
2924 1222 2952 1254 υ
3011 1207 3116 1257 etc.
3155 1202 3260 1257 Sed
3303 1219 3428 1256 eam
3486 1219 3601 1256 non
3633 1202 3851 1256 invenit

2153 1291 2370 1361 peccati
2401 1291 2788 1361 exprobratio,
2822 1307 2994 1363 quam
3023 1291 3261 1345 mutavit
3303 1289 3669 1345 confessionis
3696 1306 3851 1346 ama-

2153 1380 2371 1435 ritudo.
2407 1380 2471 1434 In
2501 1379 2608 1434 hoc
2637 1379 2784 1434 facto
2811 1379 2968 1434 Jude
2991 1397 3105 1433 non
3129 1379 3367 1450 justitiaa
3388 1378 3642 1433 cernitur
3669 1378 3849 1432 since-

2157 1468 2310 1534 ritas,
2374 1467 2468 1522 sed
2523 1467 2916 1540 promissionis
2976 1468 3239 1522 ﬁdelitas.
3295 1467 3353 1522 Si
3384 1466 3539 1521 enim
3597 1472 3850 1521 servaret

2147 1557 2428 1627 justitiam
2483 1556 2757 1611 servando
2834 1559 3170 1624 castitatem,
3223 1573 3336 1610 non
3411 1555 3722 1622 introisset,
3784 1561 3850 1610 ut

2155 1645 2512 1716 opinabatur,
2576 1645 2647 1700 ad
2722 1645 3121 1709 meretricem;
3183 1645 3279 1699 sed
3351 1645 3503 1716 quod
3560 1644 3845 1716 promisit,

2151 1734 2398 1788 ﬁdeliter
2425 1749 2530 1804 per
2561 1739 2848 1805 pastorem
2880 1734 3215 1788 transmisit.

2221 1823 2390 1878 Vens.
2429 1826 2517 1877 25.
2559 1853 2628 1863 —
2663 1843 2686 1872 α
2721 1823 2858 1887 Quae
2907 1839 3036 1877 cum
3071 1823 3393 1890 duceretur,
3449 1825 3552 1876 etc.
3587 1841 3615 1873 ν
3667 1822 3845 1894 (ῐειυ.)

2151 1912 2350 1964 Postea
2377 1926 2510 1964 vero
2552 1909 2794 1980 publicis
2824 1909 3001 1980 signis
3031 1910 3250 1978 annuli,
3301 1909 3530 1964 monilis
3561 1914 3617 1964 et
3643 1910 3843 1980 virgas,

2148 1999 2282 2053 vicit
2301 2002 2516 2052 temere
2549 1998 2870 2070 judicantes
2899 1999 3145 2064 Judmos,
3191 2015 3333 2070 quos
3378 2001 3497 2070 jam
3554 1998 3728 2053 Judas
3773 1999 3846 2052 si-

2149 2086 2458 2158 gniﬁcabat
2483 2087 2612 2157 ;qui
2628 2087 2797 2140 hodie
2819 2103 3049 2157 quoque
3071 2087 3266 2141 dicunt
3297 2103 3410 2140 non
3424 2087 3576 2141 hunc
3603 2103 3723 2141 esse
3745 2104 3846 2158 po-

2148 2176 2348 2246 pulum
2381 2175 2610 2243 Christi,
2640 2190 2746 2228 nec
2774 2174 3013 2230 Abrahae
3045 2191 3260 2240 semen,
3288 2176 3384 2229 sed
3412 2175 3648 2246 prolatis
3673 2174 3846 2229 docu-

2149 2262 2356 2317 mentis
2387 2270 2598 2316 nostrm
2622 2261 2957 2326 vocationis,
2985 2262 3434 2332 justiﬁcationis,
3467 2267 3525 2316 et
3554 2261 3842 2333 gloriﬁca-

2148 2351 2337 2414 tionis,
2374 2350 2824 2417 confunduntur,
2849 2357 2907 2405 et
2941 2367 3044 2404 nos
3075 2350 3257 2422 magis
3285 2367 3457 2423 quam
3491 2367 3548 2405 se
3560 2351 3845 2422 justiﬁca-

2148 2444 2237 2493 tos
2267 2455 2388 2493 esse
2415 2437 2863 2493 conﬁtebuntur.
2893 2439 3138 2509 Pignora
3152 2439 3306 2495 enim
3336 2456 3394 2494 se
3427 2440 3638 2494 habere
3665 2439 3846 2495 refert

2152 2527 2411 2592 Ecclesia,
2446 2543 2575 2598 quae
2602 2533 2896 2581 accusatur
2925 2544 2957 2580 a
2984 2528 3193 2583 Judaeis
3231 2529 3397 2599 quasi
3444 2528 3705 2583 adultera
3757 2529 3843 2583 le-

2147 2617 2234 2683 gis
2265 2633 2278 2670 :
2315 2615 2408 2670 sed
2434 2616 2679 2670 ostendit
2705 2615 2920 2686 virgam
2949 2616 3177 2686 signum
3209 2617 3507 2687 passionis,
3539 2622 3597 2670 et
3627 2617 3843 2672 monile

2148 2704 2406 2776 legitima
2436 2703 2594 2775 legis,
2632 2709 2688 2758 et
2716 2704 2993 2758 annulum
3025 2704 3234 2776 pignus
3264 2703 3728 2759 immortalitatis.

2218 2793 2380 2847 Vens.
2423 2795 2518 2848 26.
2559 2822 2627 2834 —
2661 2814 2683 2842 ι
2715 2792 2820 2858 Qui
2871 2793 3103 2864 agnitis,
3138 2812 3166 2845 ι)
3208 2799 3314 2847 etc.
3351 2791 3634 2863 (Ηιειιοκ.)
3668 2811 3696 2843 α
3728 2792 3837 2846 Co-

2147 2881 2345 2951 gnovit
2371 2886 2564 2935 autem
2595 2881 2791 2948 Iudas,
2833 2886 2936 2935 etc.
2973 2882 3036 2936 In
3065 2881 3305 2936 Hebraeo
3335 2880 3577 2935 habetur
3604 2898 3617 2935 :
3655 2903 3680 2929 ‹‹
3715 2881 3842 2952 jus-

2146 2969 2355 3023 tiﬁcata
2376 2973 2461 3024 est
2489 2985 2550 3024 ex
2582 2985 2704 3035 me;
2737 2990 2765 3019 »
2799 2985 2913 3023 non
2941 2969 3092 3040 quod
3119 2970 3275 3039 justa
3318 2968 3512 3035 fuerit,
3546 2969 3640 3022 sed
3683 2970 3842 3040 quod

2147 3057 2573 3128 comparatione
2629 3057 2783 3111 illius
2823 3057 3012 3111 minus
3062 3058 3210 3112 male
3258 3056 3474 3124 fecerit,
3524 3073 3639 3111 non
3694 3073 3843 3128 vaga

2086 3194 2093 3201 ,,
2146 3145 2525 3217 turpitudine,
2559 3144 2658 3199 sed
2689 3143 3033 3217 requirendo
3063 3144 3231 3200 ﬁlios.

2216 3235 2378 3288 Vens.
2434 3234 2518 3294 27,
2575 3234 2662 3286 28.
2693 3263 2766 3274 —
2797 3255 2819 3282 ι
2860 3233 3112 3288 Instante
3160 3238 3372 3296 autem,
3435 3254 3463 3284 »
3513 3236 3617 3287 etc.
3676 3233 3842 3298 Quod

2146 3320 2387 3392 primus,
2414 3319 2512 3390 qui
2544 3319 2754 3374 dicitur
2798 3323 2954 3387 Zara,
3012 3338 3247 3376 manum
3286 3319 3494 3387 emisit,
3556 3325 3611 3375 et
3647 3322 3844 3376 obste-

2147 3408 2253 3462 trix
2285 3407 2578 3461 coccinum
2615 3407 2808 3478 ligavit
2837 3413 2893 3462 et
2923 3408 3046 3480 ipso
3079 3425 3255 3462 manu
3286 3410 3631 3475 retrahente,
3654 3413 3848 3478 poste-

2145 3496 2284 3562 rior,
2319 3495 2419 3566 qui
2471 3501 2704 3549 vocatur
2749 3497 2978 3561 Phares,
3013 3512 3247 3550 manum
3299 3495 3576 3567 porrexit,
3633 3500 3689 3549 et
3735 3512 3842 3548 na-

2147 3584 2352 3636 scendo
2409 3583 2719 3653 praecessit,
2779 3583 3119 3654 signiﬁcavit
3167 3584 3316 3656 quod
3364 3585 3541 3640 Israel
3571 3584 3630 3638 in
3661 3600 3849 3654 opere

2147 3671 2286 3741 legis
2327 3687 2563 3725 manum
2597 3672 2948 3739 extenderet,
2983 3677 3038 3726 et
3089 3673 3498 3745 prophetarum
3554 3679 3612 3728 et
3656 3673 3848 3744 ipsius

2147 3759 2353 3813 Christi
2398 3775 2600 3814 cruore
2646 3761 2925 3831 pollutam
2969 3761 3374 3817 contraheret:
3409 3763 3655 3834 populus
3702 3777 3846 3816 vero

2147 3847 2405 3918 gentium
2433 3853 2630 3920 postea
2668 3855 3091 3920 prorumperet,
3133 3854 3197 3904 ut
3226 3856 3412 3906 essent
3443 3871 3470 3902 α
3501 3850 3672 3922 primi
3732 3868 3846 3905 no-

2146 3934 2387 4003 vissimi,
2407 3941 2466 3990 et
2496 3936 2790 3991 novissimi
2813 3937 3009 4008 primi.
3040 3959 3062 3988 ι

2217 4025 2378 4078 Vens.
2433 4026 2523 4092 29,
2575 4028 2662 4080 30.
2722 4055 2790 4067 -—
2845 4047 2873 4076 ‹‹
2909 4027 3095 4092 Quare
3150 4027 3348 4092 divisa,
3413 4033 3516 4081 etc.
3550 4028 3850 4098 (ﬁnenem)

2147 4113 2256 4167 Pro
2282 4117 2518 4167 maceria
2547 4113 2756 4184 Aquila
2783 4118 2838 4168 et
2869 4114 3243 4186 Symmachus
3289 4117 3606 4171 divisionem
3648 4122 3848 4170 trans-

2146 4201 2424 4270 tulerunt,
2457 4203 2608 4273 quod
2643 4202 2917 4257 Hebraice
2948 4202 3156 4258 dicitur
3187 4205 3407 4260 Phares.
3450 4204 3537 4259 Ab
3565 4221 3632 4258 eo
3659 4204 3853 4275 igitur

2078 4282 2120 4336 Ι)
2150 4290 2302 4360 quod
2336 4289 2591 4345 diviserit
2622 4291 3078 4346 membranulam
3132 4292 3575 4348 secundinarum
3607 4292 3850 4348 divisio-

2145 4382 2232 4433 nis
2289 4394 2497 4432 nomen
2524 4378 2758 4449 accepit.
2802 4379 2961 4433 Unde
2990 4386 3045 4434 et
3073 4380 3364 4443 Pharisaei,
3396 4381 3495 4452 qui
3557 4398 3616 4435 se
3672 4381 3850 4451 quasi

2138 4471 2321 4538 Justos
2370 4482 2404 4520 a
2456 4469 2664 4538 populo
2720 4475 3140 4538 separaveraut,
3197 4471 3486 4538 Pharisaei,
3546 4470 3602 4525 id
3634 4476 3722 4525 est
3745 4470 3850 4526 di-

2144 4556 2253 4608 visi
2280 4553 2637 4609 dicebantur.
3279 4561 3288 4566 '

2215 4641 2352 4694 Zara
2375 4639 2784 4712 interpretatur
2810 4645 3006 4697 oriens.
3068 4643 3212 4708 Quia
3269 4646 3492 4716 primus
3549 4647 3850 4717 apparuit,

2143 4727 2228 4780 vel
2259 4727 2393 4798 quia
2421 4728 2656 4797 plurimi
2683 4728 2826 4799 justi
2857 4747 2926 4785 ex
2954 4747 3020 4785 eo
3068 4733 3184 4786 nati
3219 4738 3372 4799 sunt,
3433 4733 3577 4789 sicut
3631 4735 3856 4791 dicitur

2145 4815 2205 4870 in
2231 4817 2697 4888 Paralipomenis.

2745 4907 2968 4963 CAPUT
3013 4909 3230 4964 XXXIX.

2213 4994 2378 5048 Vens.
2413 4997 2461 5062 l,
2492 4997 2544 5049 6.
2579 5025 2646 5036 —
2676 4995 2860 5066 Igitur
2913 4997 3123 5068 Joseph
3179 4997 3381 5052 ductus
3410 5003 3495 5053 est
3551 4999 3611 5054 in
3669 5001 3856 5073 Egy-

2147 5103 2174 5133 ‹‹
2214 5088 2449 5153 ptum.»
2469 5087 2572 5138 etc.
2608 5083 2772 5154 (Anc.
2803 5087 2860 5139 in
2882 5087 2998 5140 Gen
3028 5086 3150 5154 )Ad
3177 5086 3438 5142 ordinem
3480 5088 3662 5144 tendit
3687 5090 3856 5145 Scri-

2142 5174 2314 5241 ptura
2342 5170 2494 5225 unde
2520 5178 2846 5239 recesserat,
2878 5178 2941 5227 ut
2968 5172 3065 5228 illa
3093 5180 3285 5229 narret
3313 5191 3442 5246 qum
3479 5192 3652 5247 supra
3681 5185 3858 5248 gesta

2145 5263 2294 5312 sunt.
2331 5276 2359 5310 α
2383 5258 2647 5331 Fuitque,
2677 5280 2705 5311 ιο
2738 5265 2843 5315 etc.
2882 5261 3098 5332 (Gneo,
3156 5263 3254 5320 lib.
3287 5281 3341 5318 vi
3400 5265 3616 5325 Μοναι..
3675 5282 3727 5318 c.
3776 5270 3848 5323 Η

2145 5347 2288 5420 seq.)
2315 5348 2475 5404 Multi
2500 5349 2753 5405 humana
2779 5351 3059 5422 sapientia
3104 5351 3305 5418 inflati,
3343 5353 3481 5407 dum
3541 5351 3862 5409 desideriis

2143 5434 2260 5488 suis
2290 5434 2481 5490 divina
2503 5437 2722 5508 judicia
2749 5439 3034 5494 contrarie
3063 5439 3366 5510 aspiciunt,
3400 5443 3507 5495 etc.
3539 5454 3710 5508 usque
3766 5443 3864 5499 ad

2145 5524 2382 5595 ejusque
2414 5526 2672 5596 pondera
2705 5527 2894 5596 leviat,
2926 5543 3054 5599 quae
3085 5529 3282 5583 volens
3308 5532 3513 5598 portat.
