4064 6186
171 290 265 337 lﬁ‘J
1325 290 1578 347 CLOSSA
1616 292 2015 349 OBDINARIA.
2056 323 2122 332 —
2164 296 2289 350 LIB.
2332 296 2492 350 GEN.
3569 306 3662 356 l70

229 405 399 459 Vens.
448 408 590 461 7-H.
635 437 705 447 —
737 427 766 459 ι
834 409 963 463 Post
1008 410 1220 464 multos
1267 410 1459 483 itaque
1498 412 1619 467 dies
1669 413 1865 485 injecit
1901 416 2100 470 Adem
2151 433 2254 487 per
2300 416 2709 473 exhibitionem
2754 420 3175 490 praeteritorum
3231 438 3288 478 se
3351 423 3541 479 intulit
3606 426 3663 479 in

166 518 183 541 ι
216 494 478 560 domina,
514 517 542 545 ι
572 500 678 551 etc.
711 498 906 567 (Gneo.
936 498 1031 553 lib.
1056 515 1158 554 xxx
1186 502 1401 568 Moral.,
1436 518 1558 573 cap.
1618 502 1725 572 l9.)
1758 502 1864 567 Qui

159 584 365 637 mundi
420 585 770 640 successibus
824 586 1091 654 elevatus,
1162 594 1295 657 etc.,

159 673 314 726 enim
371 674 639 745 voluptas
693 690 762 729 ex
817 677 1196 748 prosperitate
1271 680 1544 746 nascitur,
1608 682 1859 751 ejusdem

158 763 629 819 consideratione
661 765 916 820 feriatur.

226 874 252 897 ‹‹
289 852 499 922 Injecit
572 853 807 907 domina
860 870 981 921 sua,
1019 877 1039 903 ι

156 945 236 994 est
266 940 615 1011 Synagogte,
662 947 792 1009 etc.,
838 958 1006 1013 usque
1052 944 1127 997 ad
1178 945 1277 999 ubi
1327 946 1481 999 enim
1536 946 1709 1003 veluti
1753 963 1862 1018 pu-

156 1030 407 1083 niendus
439 1030 830 1096 descenderat,
858 1031 988 1086 inde
1017 1033 1159 1087 alios
1189 1034 1468 1089 liberavit.

222 1118 393 1172 Vnus.
432 1121 617 1174 12-23.
650 1150 718 1160 —
768 1140 796 1171 α
825 1120 951 1185 Οιιί,
992 1122 1187 1176 relicto
1245 1122 1306 1177 in
1361 1140 1532 1177 manu
1568 1125 1691 1195 ejus
1739 1124 1859 1195 pal-

158 1226 181 1257 ι
217 1208 322 1273 lio,
357 1229 386 1255 ››
424 1213 533 1263 etc.
560 1208 650 1264 Sic
673 1224 773 1263 nos
806 1214 1027 1264 tentant
1054 1211 1240 1265 carnis
1263 1211 1564 1278 illecebras,
1598 1216 1655 1267 et
1674 1229 1862 1267 succu-

156 1296 304 1350 tiunt
324 1302 550 1351 vestem
580 1314 844 1352 carueam
880 1315 892 1352 :
926 1299 1023 1354 sed
1054 1299 1141 1353 vir
1179 1306 1365 1355 castus
1408 1302 1621 1355 mavult
1667 1302 1860 1355 omnia

156 1384 381 1439 vincula
410 1384 764 1456 dirumpere,
806 1402 980 1458 quam
1026 1403 1085 1442 se
1132 1388 1479 1459 turpitudini
1528 1390 1855 1459 subjugare.

223 1496 247 1521 «ι
278 1472 395 1536 Qui
426 1473 647 1540 relicto,
675 1496 702 1523 ››
755 1479 861 1529 etc.
916 1476 1159 1545 (6336.)
1193 1478 1515 1545 Allegorice.
1548 1478 1691 1541 Quia
1719 1478 1855 1531 dum

152 1560 463 1632 Synagoga
490 1563 776 1618 Christum
809 1580 1018 1635 purum
1049 1564 1343 1619 hominem
1394 1567 1649 1629 credens,
1692 1567 1856 1620 adul-

152 1650 338 1705 terino
386 1652 695 1722 complexu
743 1653 1130 1725 constringere
1176 1654 1376 1721 voluit,
1440 1655 1560 1726 ipse
1628 1662 1855 1726 tegmen

151 1739 353 1793 litterae
388 1740 572 1794 oculis
610 1741 734 1811 ejus
775 1742 1005 1813 objecit,
1055 1747 1112 1797 et
1150 1744 1218 1797 ad
1267 1744 1716 1814 cognoscendam
1764 1745 1857 1798 di-

150 1827 405 1882 vinitatis
436 1830 756 1900 potentiam
786 1832 1159 1902 conspicuum
1190 1849 1249 1887 se
1278 1833 1545 1903 gentibus
1584 1833 1853 1903 praebuit.

155 1917 305 1971 [Inde
333 1933 529 1989 usque
558 1917 731 1973 hodie
776 1919 914 1973 dum
943 1921 1173 1992 '_legitur
1219 1922 1419 1986 Moses,
1463 1922 1723 1975 velamen
1771 1928 1857 1975 est

152 2020 317 2075 super
356 2006 565 2059 oculos
611 2006 798 2061 cordis
846 2024 1066 2072 eorum,
1124 2009 1259 2080 quia
1316 2008 1529 2063 scilicet
1600 2009 1857 2063 adultera

156 2093 386 2163 pallium
470 2093 729 2163 retinuit,
786 2100 843 2151 et
898 2095 1096 2167 quem}
1136 2098 1282 2152 male
1348 2097 1576 2152 tenebat
1636 2097 1854 2153 nudum

157 2181 352 2236 amisit.

822 2325 1046 2381 CAPUT
1077 2328 1184 2382 XL.

213 2451 379 2504 Vens.
422 2452 540 2503 1-8.
584 2480 652 2488 --
714 2470 740 2500 (ι
778 2450 871 2505 His
922 2451 1003 2505 ita
1055 2451 1247 2522 gestis,
1299 2452 1500 2507 accidit
1556 2458 1616 2508 ut
1662 2470 1855 2525 pecca-

152 2558 173 2588 ς
204 2544 333 2593 rent
362 2538 485 2593 duo
528 2540 799 2607 eunuchi,
828 2561 855 2587 ››
906 2545 1012 2595 etc.
1066 2541 1244 2610 (Ism.,
1293 2543 1352 2596 in
1384 2542 1535 2608 Gen.,
1568 2547 1706 2598 tom.
1762 2544 1852 2613 V.)

147 2627 363 2683 Invenit
392 2628 609 2698 Ioseph
638 2627 782 2682 duos
808 2629 1100 2683 eunuchos
1127 2630 1186 2683 in
1217 2645 1461 2700 carcere,
1509 2636 1641 2701 etc.,
1686 2647 1853 2701 usque

151 2718 212 2771 ad
237 2716 697 2787 trangressionis
718 2714 875 2789 ligno
906 2718 1293 2790 suspenditur.

207 2826 231 2857 ι
266 2808 561 2861 Pincerna
592 2807 743 2876 regis
780 2808 1027 2879 Egypti,
1054 2813 1112 2863 et
1140 2808 1339 2879 pistor,
1372 2808 1607 2863 domino
1659 2824 1785 2875 suo,
1822 2832 1846 2855 η

141 2900 236 2949 etc.
276 2896 584 2961 (Ηιειιοκ.)
636 2895 738 2950 Ubi
784 2912 889 2950 nos
931 2896 1231 2968 posuimus
1273 2915 1299 2950 ε
1330 2898 1651 2969 principem
1690 2898 1844 2952 vina-

1375 605 1545 659 usque
1599 592 1673 645 ad
1729 591 1865 662 quia

1102 860 1207 909 etc.
1261 857 1439 926 (ῐειυ.)
1501 858 1634 912 Haec
1680 858 1865 929 ﬁgura

1975 521 2133 576 spem
2163 504 2512 561 futurorum.

2044 596 2208 649 Vsus,
2247 598 2431 650 17-32.
2465 628 2528 635 —
2567 619 2588 645 ι
2632 597 2906 652 Putabam
2938 598 3047 653 me
3095 604 3263 667 stare,
3302 622 3324 649 ι
3364 606 3468 656 etc.
3523 603 3667 675 Sep-

1972 687 2087 737 tem
2120 684 2277 747 anni,
2306 685 2404 755 qui
2427 691 2644 757 septem
2672 687 2841 758 spicis
2888 687 3095 758 plenis,
3142 692 3227 745 vel
3277 696 3494 761 septem
3541 709 3666 745 vac-

1971 772 2051 826 cis
2078 773 2391 843 pinguibus
2421 775 2819 836 ostenduntur.
2870 777 3187 846 spiritualia
3236 779 3383 833 dona
3443 780 3665 849 signiti-

1970 866 2118 927 cant,
2152 861 2361 932 quibus
2413 863 2636 916 ubertas
2684 864 2817 917 ﬁdei
2866 864 3023 935 larga
3071 867 3282 936 pietate
3360 868 3660 923 redundat.

1968 949 2195 1020 Septem
2251 967 2385 1005 vero
2444 952 2661 1007 steriles
2714 957 2768 1006 et
2810 954 3015 1023 jejuni,
3050 955 3303 1009 veritatis
3330 961 3387 1010 et
3420 956 3661 1027 justitia‘

1970 1038 2180 1093 famem
2211 1039 2269 1093 in
2300 1040 2608 1095 novissimo
2636 1046 2917 1112 tempore.

2042 1148 2202 1200 Vsus.
2236 1150 2323 1202 33.
2364 1177 2433 1187 —
2466 1172 2489 1194 υ
2537 1148 2693 1202 Nunc
2724 1165 2877 1218 ergo,
2912 1172 2937 1197 ››
2972 1154 3076 1205 etc.
3113 1150 3231 1205 Iloc
3263 1156 3518 1223 tempore
3542 1169 3669 1223 gra-

1968 1235 2060 1289 tia!
2118 1236 2375 1289 videmus
2432 1236 2781 1306 impletum:
2835 1238 2973 1309 quia
3017 1239 3339 1294 abundante
3398 1241 3663 1296 doctrina

1968 1324 2299 1395 apostolica,
2332 1324 2651 1396 septiformi
2675 1326 2887 1397 Spiritu
2918 1327 3257 1394 ministrata,
3307 1330 3500 1383 divina
3551 1331 3664 1385 dis-

1968 1413 2248 1483 positione
2305 1430 2411 1485 per
2463 1413 2715 1484 singulas
2754 1416 2923 1469 urbes
2976 1416 3226 1487 episcopi
3280 1423 3337 1471 et
3405 1419 3661 1473 doctores

1967 1502 2215 1556 ordinati
2244 1507 2397 1572 sunt,
2430 1502 2530 1574 qui
2555 1503 2901 1558 abundantia
2930 1504 3204 1559 doctrina:
3242 1506 3511 1561 divinitus
3541 1508 3651 1562 sibi

1968 1591 2189 1645 collata:
2218 1590 2391 1645 libros
2419 1596 2639 1646 sanctos
2687 1592 3051 1663 scripserunt,
3089 1595 3297 1665 quibus
3339 1596 3665 1650 abundante

1890 1702 1929 1755 Β
1969 1682 2115 1734 fame
2146 1680 2321 1747 verbi,
2356 1686 2412 1735 et
2448 1681 2844 1736 deficientibus
2891 1682 3233 1749 doctoribus,
3288 1683 3663 1755 indigentiam

1970 1773 2221 1823 nostram
2254 1771 2635 1825 reﬁceremus.

2040 1877 2198 1929 Vens.
2234 1878 2418 1931 33-37.
2444 1907 2509 1916 —
2548 1899 2565 1924 ι
2606 1878 2671 1931 Et
2710 1876 2971 1948 quintam
3016 1881 3237 1948 partem
3287 1878 3598 1947 fructuum,
3635 1902 3659 1929 ››

1967 1969 2073 2019 etc.
2100 1965 2424 2019 Notandum
2464 1965 2688 2036 [Egypti
2721 1966 2871 2036 quod
2897 1966 3158 2037 quintam
3184 1974 3403 2037 partem
3430 1968 3662 2038 frugum

1968 2052 2025 2106 in
2054 2053 2264 2107 horrea
2311 2053 2460 2124 regis
2502 2059 2893 2125 congregant:
2941 2056 3077 2126 quia
3124 2056 3227 2111 ﬁlii
3272 2056 3656 2123 tenebrarum,

1967 2141 2221 2212 quinque
2253 2142 2511 2197 sensibus
2560 2143 2759 2213 dediti,
2808 2144 3055 2199 caelestia
3097 2161 3214 2199 non
3264 2150 3507 2200 curant:
3561 2147 3659 2199 sed

1964 2229 2083 2284 veri
2114 2231 2383 2285 Israelita
2413 2230 2661 2286 decimas
2686 2232 2843 2299 dant,
2886 2232 3022 2303 quia
3063 2234 3349 2288 caelestem
3393 2234 3657 2304 patriam,

1964 2318 2124 2389 cujus
2152 2318 2373 2373 decima
2391 2335 2523 2390 pars
2552 2321 2785 2389 corruit,
2813 2322 3128 2376 reformare
3160 2322 3442 2377 laborant.

2032 2424 2213 2495 (Isrn.)
2243 2424 2619 2497 Congregavit
2656 2428 2865 2498 Ioseph
2894 2444 2997 2499 per
3041 2433 3257 2500 septem
3306 2444 3485 2483 annos
3534 2445 3657 2483 om-

1965 2528 2097 2567 nem
2147 2513 2381 2585 frugum
2429 2515 2884 2570 abundantiam:
2943 2517 2998 2570 id
3036 2522 3139 2582 est,
3185 2517 3471 2571 frumenta
3520 2518 3652 2571 ﬁdei

1962 2603 2289 2653 sanctorum
2317 2599 2539 2654 horreis
2567 2602 2841 2667 condens,
2884 2618 2986 2672 per
3015 2607 3232 2671 septem
3282 2601 3650 2669 charismata,

1960 2686 2122 2756 quasi
2156 2702 2258 2757 per
2301 2692 2516 2757 septem
2568 2704 2767 2750 annos,
2814 2694 2878 2743 ut
2934 2705 3062 2744 cum
3121 2694 3335 2760 septem
3381 2690 3517 2743 anui
3570 2692 3656 2743 in-

1960 2775 2105 2846 opiae
2134 2775 2432 2846 coeperint,
2465 2776 2520 2830 id
2552 2782 2657 2846 est,
2684 2793 2813 2831 cum
2862 2778 3133 2849 iniquitas
3177 2778 3489 2832 occurrerit
3527 2794 3653 2847 sep-

1960 2869 2077 2917 tem
2118 2864 2449 2935 capitalium
2497 2866 2801 2919 criminum
2850 2866 2953 2919 sub
3001 2866 3370 2932 Antichristo,
3420 2866 3649 2936 quando

1965 2952 2143 3005 fames
2167 2952 2302 3007 ﬁdei
2332 2952 2505 3007 fuerit
2532 2959 2588 3007 et
2617 2954 2834 3017 salutis,
2863 2958 3003 3008 tunc
3030 2954 3208 3009 sancti
3259 2954 3505 3008 habeant
3551 2970 3649 3008 co-

142 2983 351 3037 domm
392 3004 414 3031 .
455 2983 520 3036 in
560 2982 802 3037 Hebrmo
849 2983 1091 3038 habetur
1135 2986 1394 3054 masqueh
1438 2985 1627 3045 n‘m
1708 2985 1845 3041 illud
1882 3000 1918 3049 Γ
1965 2982 2143 3005 musca
2168 2982 2302 3007 uucx
2332 2982 2505 3007 sucus
2532 2982 2588 3007 σι.
2617 2982 2834 3017 acuum,
2866 2982 3003 3008 suuu
3030 2982 3208 3009 auuuu
3259 2982 3505 3008 "ducum.
3551 2982 3649 3008 υυο

142 3072 373 3113 vorhnm
422 3070 583 3113 nnnd
633 3070 691 3113 in
734 3070 965 3113 nnminp,
1005 3071 1145 3113 corvi
1202 3071 1437 3113 Ahrnhm
1484 3020 1702 3113 Endn’m
1769 3074 1849 3113 1ο-
1896 3035 1919 3054 Α
1964 3039 2185 3109 piosam
2209 3040 2447 3111 justiti”3
2475 3040 2718 3111 frugem,
2750 3058 2821 3097 ne
2852 3041 2995 3097 ﬁdes
3044 3058 3242 3097 eorum
3294 3042 3489 3113 inopia
3534 3058 3649 3095 ser-

142 3072 374 3126 verbum
422 3070 584 3142 quod
633 3070 694 3124 in
734 3070 966 3125 nomine
1005 3071 1150 3125 servi
1196 3071 1437 3126 Abrahae
1484 3070 1706 3127 dudum
1768 3074 1849 3129 le-

139 3159 346 3230 gimus,
383 3174 563 3230 quem
595 3174 703 3212 nos
725 3174 1027 3229 possumus
1067 3175 1223 3214 more
1268 3159 1423 3229 vulgi
1472 3176 1673 3214 vocare
1715 3162 1847 3231 pin-

137 3265 369 3315 cernam,
409 3254 471 3302 et
504 3263 682 3318 usque
714 3247 883 3302 hodie
930 3248 1082 3319 apud
1129 3248 1399 3303 barbaros
1439 3248 1704 3304 maxima:
1750 3250 1842 3305 di-

142 3338 375 3405 gnitatis
408 3341 521 3404 est,
552 3336 677 3407 regi
708 3337 978 3407 poculum
1010 3337 1347 3408 porrexisse.

206 3428 375 3481 Vens.
406 3428 568 3479 9-15.
603 3454 671 3467 -
705 3447 727 3475 ι
765 3425 1035 3480 Videbam
1067 3442 1259 3480 coram
1291 3442 1382 3480 me
1420 3426 1613 3493 vitem,
1654 3448 1674 3476 ι
1738 3431 1843 3481 etc.

145 3516 414 3585 lﬁiznox.)
480 3535 509 3565 α
542 3515 610 3569 Et
663 3531 791 3569 ecce
846 3516 976 3569 vitis
1026 3516 1085 3570 in
1131 3520 1433 3586 conspectu
1489 3532 1635 3581 meo,
1686 3521 1742 3571 et
1788 3518 1846 3571 in

144 3606 245 3659 vite
270 3611 397 3677 tres
418 3603 609 3670 fundi,
638 3609 695 3657 et
716 3605 838 3675 ipsa
864 3605 1193 3675 germinans
1224 3610 1339 3659 tres
1371 3604 1599 3660 fundos.
1639 3625 1666 3656 ιο
1718 3606 1845 3659 Tria

147 3694 389 3764 ﬂagella,
420 3698 543 3747 tres
574 3709 784 3760 ramos,
821 3693 936 3747 sive
985 3693 1353 3765 prOpagines,
1395 3694 1670 3748 Hebraeus
1722 3711 1847 3748 ser-

145 3798 229 3835 mo
259 3781 580 3853 signiﬁcat,
613 3798 743 3853 quae
772 3781 840 3836 ab
870 3782 983 3836 illis
1012 3788 1287 3837 vocantur
1312 3784 1555 3849 Sarigim
1602 3786 1839 3844 nutat".

205 3873 372 3926 Vsus.
412 3874 608 3926 Its-19.
640 3902 708 3910 —-
746 3892 768 3920 ι
801 3871 931 3925 Tria
964 3872 1229 3926 canistra.
1262 3894 1290 3922 »
1340 3874 1480 3927 Anc.
1534 3874 1733 3938 Quaest.
1785 3874 1845 3927 in

141 3960 291 4031 Gen.)
350 3959 461 4015 Ubi
520 3959 581 4012 in
640 3958 850 4013 Latinis
898 3960 1183 4015 codicibus
1242 3960 1413 4015 «tria
1468 3961 1712 4014 canistra
1760 3960 1840 4014 fa-

139 4049 275 4102 rina:
313 4070 337 4099 ι
376 4048 659 4117 scriptum
686 4054 789 4115 est,
826 4054 955 4115 etc.,
1001 4064 1169 4117 usque
1213 4049 1289 4104 ad
1329 4054 1385 4103 et
1428 4065 1494 4103 ex
1544 4048 1704 4103 omni
1744 4065 1840 4119 ge-

140 4153 268 4190 nere
331 4136 567 4207 pistorii
616 4137 804 4207 operis
854 4137 912 4191 in
960 4138 1163 4192 eodem
1206 4137 1421 4193 scilicet
1464 4138 1709 4192 canistro
1755 4154 1841 4191 su-

140 4241 391 4295 penore.

1965 3129 2149 3184 monis
2180 3129 2425 3185 deﬁciat.

2032 3236 2195 3289 Vens.
2249 3235 2433 3288 38-40.
2489 3264 2555 3274 —
2588 3258 2613 3281 ‹‹
2666 3234 2773 3299 Qui
2820 3234 3061 3306 Spiritus
3106 3236 3204 3289 Dei
3247 3237 3448 3307 plenus
3498 3237 3585 3301 sit,
3624 3262 3645 3283 ιν

1960 3328 2063 3378 etc.
2100 3324 2262 3391 (Ave.
2295 3324 2360 3389 Q.
2396 3325 2456 3376 in
2487 3324 2658 3393 Gen.)
2686 3324 2900 3393 Tertio,
2943 3324 3053 3378 nisi
3090 3326 3278 3392 fallor,
3332 3325 3651 3379 insinuatur

1960 3413 2205 3468 nobisin
2235 3413 2338 3466 hoc
2390 3412 2534 3466 libro
2586 3411 2831 3483 Spiritus
2878 3418 3123 3468 sanctus.
3176 3413 3364 3468 Primo
3418 3414 3514 3468 ubi
3559 3416 3650 3469 di-

1956 3506 2111 3557 ctum
2144 3506 2229 3555 est
2255 3517 2427 3573 supra
2452 3503 2586 3570 (cap.
2625 3504 2664 3569 ι)
2697 3518 2709 3555 :
2734 3523 2759 3549 ‹‹
2784 3501 3025 3573 Spiritus
3052 3502 3145 3556 Dei
3170 3503 3460 3558 ferebatur
3480 3520 3651 3574 super

1956 3607 2189 3661 aquas,»
2216 3590 2466 3644 secundo
2490 3590 2584 3643 ubi
2606 3590 2744 3644 dicit
2772 3591 2916 3643 Deus
2948 3606 3120 3659 supra
3143 3590 3284 3661 (cap.
3322 3594 3398 3661 vi)
3437 3609 3449 3647 :
3492 3594 3649 3647 cNon

1956 3678 2314 3750 permanebit
2342 3678 2585 3749 Spiritus
2616 3694 2774 3731 meus
2807 3677 2866 3731 in
2907 3678 3239 3733 hominibus
3286 3678 3428 3741 istis,
3458 3699 3485 3727 ι)
3537 3686 3644 3735 etc.

1954 3768 2142 3821 Tertio
2186 3783 2315 3821 cum
2362 3767 2498 3821 dicit
2548 3766 2766 3820 Pharao
2823 3766 2881 3819 in
2931 3767 3141 3837 Ioseph
3205 3782 3327 3821 esse
3375 3768 3649 3838 Spiritum

1958 3856 2054 3911 Dei
2089 3872 2101 3911 :
2135 3856 2390 3911 nondum
2423 3860 2615 3910 tamen
2644 3854 2891 3925 legimus
2920 3854 3196 3926 Spiritum
3227 3860 3503 3911 sanctum.

2026 3962 2189 4015 Vens.
2254 3963 2341 4015 41.
2403 3991 2470 3999 -
2517 3979 2543 4011 ‹‹
2582 3960 2842 4031 Dixitque
2908 3975 3104 4013 rursus
3172 3961 3410 4026 Pharao,
3446 3980 3472 4012 ι)
3543 3967 3643 4014 etc.

1957 4050 2128 4119 (Isim)
2170 4049 2488 4119 Allegorice.
2546 4047 2773 4118 Joseph,
2827 4046 2927 4119 qui
2983 4051 3183 4118 typum
3232 4047 3440 4103 Christi
3486 4065 3646 4119 gere-

1953 4139 2069 4203 bat,
2105 4153 2335 4191 currum
2367 4135 2598 4203 meruit,
2622 4141 2678 4191 et
2702 4152 2890 4206 praeco
2922 4136 3267 4208 praeeonavit
3318 4140 3449 4191 ante
3493 4151 3645 4197 eum,

1952 4232 2007 4281 et
2034 4224 2329 4280 constituit
2355 4241 2488 4279 eum
2534 4225 2751 4279 Pharao
2810 4240 2983 4295 super
3035 4223 3359 4279 universam
3438 4230 3647 4279 terram

206 4315 381 4368 Vens.
417 4314 617 4369 20-23.
670 4344 738 4354 —
788 4333 815 4365 α
848 4314 1145 4369 Natalitius
1185 4315 1572 4370 Pharaonis.»
1622 4316 1842 4370 Pharao
1874 4293 1918 4347 D
1956 4314 2227 4386 .Egypti:
2283 4319 2340 4369 et
2391 4314 2667 4368 Dominus
2720 4293 2935 4380 noster,
2984 4318 3287 4385 postquam
3346 4313 3649 4369 distractus

139 4410 190 4455 et
222 4402 481 4457 Herodes
506 4401 687 4474 [diem
756 4404 1069 4458 nativitatis
1116 4405 1565 4471 celebraverunt,
1617 4404 1753 4476 quia
1783 4420 1843 4457 ex

142 4491 275 4546 hora
304 4490 623 4546 nativitatis
652 4508 709 4546 se
741 4508 901 4564 reges
930 4492 1103 4547 fuisse
1126 4499 1485 4564 putaverunt.

794 4634 1020 4688 CAPUT
1056 4634 1185 4689 XLI.

212 4758 381 4811 Vens.
422 4761 467 4811 Ι.
503 4786 563 4799 -
598 4780 618 4805 ι
660 4758 789 4812 Post
817 4758 961 4813 duos
1013 4774 1193 4812 annos
1240 4758 1379 4812 vidit
1428 4759 1643 4813 Pharao
1697 4775 1843 4813 som-

146 4866 167 4893 η
202 4848 387 4899 nium.
427 4846 667 4901 Putabat
714 4864 772 4901 se
822 4851 989 4915 stare,
1028 4868 1050 4896 ι
1103 4851 1205 4901 etc.
1255 4850 1416 4915 (Are.
1468 4850 1529 4919 ο.
1584 4850 1641 4902 in
1692 4848 1846 4913 Gem,

146 4938 276 4989 tom.
314 4934 447 5002 III.)
487 4934 641 4989 Sicut
672 4952 864 4989 servus
894 4936 1138 4990 Abrahte
1187 4935 1349 5005 dixit,
1386 4940 1532 5005 etc.,
1566 4952 1737 5005 usque
1775 4937 1850 4990 ad

151 5022 236 5075 ubi
265 5022 533 5078 habitant
571 5028 797 5077 terrena
828 5024 1113 5079 animalia.

214 5112 374 5167 Vens.
426 5114 546 5167 2-8.
605 5141 674 5152 —-
729 5113 806 5166 De
872 5129 985 5183 quo
1039 5112 1421 5168 ascendebant
1482 5118 1700 5184 septem
1753 5114 1848 5168 bo-

157 5219 172 5243 ι
205 5215 319 5267 τρε,
355 5223 381 5247 ››
424 5206 529 5254 etc.
564 5201 827 5269 (Ilienox.
860 5203 923 5267 Q.
960 5201 1143 5273 Hebr.)
1185 5204 1322 5257 Eece
1354 5202 1422 5256 de
1464 5203 1636 5256 ﬂuvio
1660 5220 1845 5257 ascen-

156 5287 358 5342 debant
397 5294 618 5359 septem
685 5290 859 5344 boves
916 5291 1186 5360 speciosae
1244 5292 1313 5347 ad
1343 5292 1671 5359 videndum,
1718 5297 1846 5358 etc.,

161 5392 321 5447 usque
344 5378 419 5432 ad
446 5398 489 5448 γ
516 5379 773 5433 Graecam
799 5379 1233 5447 copulaverunt.

217 5466 386 5520 Vsus.
432 5470 585 5521 9-16.
639 5497 702 5507 —
763 5489 788 5515 «ι
820 5467 976 5520 Tunc
1023 5466 1255 5522 demum
1304 5468 1680 5523 reminiscens
1728 5468 1850 5538 pin~

206 5569 499 5610 cernamm
534 5555 831 5628 magister,
859 5574 887 5604 η
912 5561 1017 5609 etc.
1047 5557 1191 5623 Quia
1207 5556 1439 5628 gentilis
1459 5558 1706 5628 populus
1734 5563 1849 5610 tan-

455 5629 737 5696 Psnon.
793 5627 1009 5693 CXIII.

1955 4409 2040 4458 est
2070 4420 2104 4457 a
2147 4403 2310 4470 Juda,
2364 4403 2507 4457 sicut
2540 4402 2750 4473 Ioseph
2797 4420 2829 4457 a
2888 4402 3157 4456 fratribus
3198 4407 3254 4457 et
3313 4402 3384 4457 de
3440 4402 3649 4457 inferni

1954 4509 2175 4549 carcere
2227 4492 2490 4561 surrexit,
2563 4491 2817 4546 ascendit
2870 4507 3101 4545 currum
3160 4491 3401 4545 ccelestis
3464 4490 3647 4561 regni,

1954 4584 2024 4638 de
2055 4600 2169 4654 quo
2208 4582 2414 4638 dicitur
2465 4582 2684 4652 psalmo
2742 4597 2879 4634 van
2917 4597 2929 4634 :
2988 4602 3009 4628 ι
3046 4580 3259 4634 Currus
3309 4578 3409 4634 Dei
3454 4578 3647 4633 decem

1956 4672 2207 4727 millibus
2237 4671 2535 4742 multiplex
2571 4687 2583 4725 :
2614 4693 2640 4718 ››
2686 4674 2742 4723 et
2790 4669 3001 4739 accepit
3050 4672 3393 4739 potestatem
3438 4667 3646 4738 praedi-

1954 4761 2120 4815 candi
2151 4763 2207 4815 et
2231 4759 2525 4831 judicandi
2566 4775 2599 4813 a
2646 4760 2830 4813 Patre.
2882 4758 3036 4811 Unde
3086 4756 3230 4809 Phil.
3280 4772 3318 4808 ιι
3353 4775 3365 4809 :
3422 4776 3447 4801 ‹‹
3484 4754 3650 4808 Dedit

1954 4848 2005 4903 ei
2044 4864 2255 4902 nomen
2287 4848 2436 4918 quod
2468 4850 2550 4901 est
2580 4862 2751 4917 super
2782 4861 2950 4899 omne
2984 4860 3213 4908 nomen,
3249 4862 3275 4891 ι)
3324 4847 3429 4896 etc.
3480 4844 3646 4897 Acce-

1955 4937 2039 5007 pit
2069 4952 2301 5007 quoque
2329 4936 2628 5001 annulum,
2664 4936 2717 4989 id
2753 4940 2858 4998 est,
2893 4933 3291 5003 pontiﬁcatum
3330 4931 3484 4997 ﬁdei,
3535 4947 3648 5002 quo

1954 5025 2308 5079 credentium
2379 5024 2582 5078 anima!
2627 5023 2821 5077 salutis
2865 5022 3030 5091 signo
3076 5021 3395 5091 signantur,
3450 5022 3650 5075 fronti-

1956 5116 2174 5186 busque
2200 5118 2257 5169 et
2286 5114 2550 5168 cordibus
2589 5112 2794 5166 nostris
2826 5126 2928 5180 per
2956 5109 3185 5178 signum
3234 5111 3415 5163 crucis
3464 5109 3649 5180 ﬁgura

1956 5202 2153 5258 aeterni
2184 5201 2336 5270 regis
2366 5200 2739 5271 imprimitur.
2795 5196 3054 5251 Induitur
3101 5196 3243 5249 stola
3293 5196 3542 5267 byssina.
3592 5198 3646 5250 id

1957 5296 2060 5355 est,
2106 5305 2273 5343 carne
2330 5293 2523 5343 sancta
2554 5288 2718 5357 bysso
2761 5283 3171 5355 splendidiore,
3229 5288 3287 5338 et
3355 5286 3499 5338 stola
3556 5286 3651 5337 mi-

1956 5376 2335 5433 mortalitatis.
2392 5376 2621 5446 Accepit
2668 5389 2900 5444 quoque
2955 5377 3219 5443 torquem
3287 5386 3538 5434 auream.
3592 5371 3649 5426 id

1956 5471 2061 5531 est,
2091 5464 2439 5518 intellectum
2466 5463 2704 5517 bonum.
2740 5462 2929 5515 Prmco
2960 5458 3245 5513 antecedit
3274 5475 3428 5525 eum,
3460 5458 3513 5513 id
3545 5464 3647 5522 est,

1954 5556 2199 5609 Joannes
2231 5552 2501 5624 Baptista,
2533 5551 2631 5624 qui
2680 5549 2761 5605 ait
2812 5550 3009 5605 Matth.
3048 5565 3145 5603 ηιξ
3198 5549 3453 5683 ιῦΡίιτειῑθ
3500 5547 3651 5603 viam
