4064 6186
363 289 452 339 l7l
975 281 1366 338 WALAFRIDI
1407 284 1650 339 STRABI
1699 271 1893 340 FULD.
1941 281 2102 336 ΜΟΝ.
2143 282 2293 339 OPI’.
2339 283 2514 338 PARS
2554 283 2597 338 Ι.
2640 311 2707 320 -
2746 279 3200 339 TllEOLOGIGA.
3761 287 3856 336 ΗΕ

359 402 603 459 Domini.
632 423 658 454 ››
697 401 929 458 Habebit
963 415 1018 456 et
1063 401 1239 456 alium
1301 417 1644 472 praeconem,
1676 401 1812 473 quia
1864 400 2054 456 veniet
2093 402 2140 459 A
2172 402 2329 474 (Anc.
2397 403 2610 468 .Quaest.
2673 405 2730 457 in
2797 403 2939 473 Sen.)
2967 403 3113 467 Quid
3164 401 3428 474 estquod
3483 403 3712 473 Ioseph,
3775 403 3859 456 vir

361 494 420 547 in
451 493 587 548 tuba
615 491 825 563 angeli.

427 582 591 635 Vens.
625 582 712 648 41,
745 581 832 634 42.
865 608 934 620 —
969 578 1156 632 «Ecce
1195 577 1466 632 constitui
1512 582 1567 632 te
1610 593 1781 648 super
1825 576 2056 632 univer-

361 690 388 722 α
420 680 542 724 sam
572 674 781 723 terram
811 666 1055 737 Egypti,
1089 684 1116 716 ι)
1158 669 1263 720 etc.
1296 666 1506 736 Ioseph
1549 665 1619 720 de
1657 680 1880 720 carcere
1926 665 2060 719 edu-

361 761 502 824 ctus,
553 771 724 826 super
777 756 1081 825 Egyptum
1129 752 1524 820 constituitur;
1573 756 1629 808 et
1676 753 1930 808 Christus
1970 769 2058 807 re-

359 860 600 914 surgens
645 840 882 912 accepit,
927 855 1175 895 «nomen
1225 840 1379 911 quod
1409 845 1495 895 est
1542 855 1712 911 super
1738 855 1911 895 omne
1960 855 2059 894 no-

365 949 519 999 men,
554 936 616 986 ut
649 931 706 984 in
738 929 968 984 nomine
1007 928 1136 984 Iesu
1184 943 1356 982 omne
1413 942 1568 997 genu
1620 927 1880 982 ﬂectatur
1908 929 2061 999 (Phi-

365 1024 502 1092 lipp.
531 1024 612 1089 ιι).
646 1040 671 1070 ››

433 1110 590 1162 Visus.
644 1110 735 1172 43,
814 1108 900 1159 44.
957 1134 1026 1143 -—
1081 1124 1106 1152 α
1159 1104 1453 1159 Clamante
1524 1119 1804 1175 praacone,
1838 1125 1864 1152 ››
1951 1107 2058 1157 etc.

364 1199 544 1268 (Hum.
622 1197 679 1248 in
759 1194 954 1258 Quaest.
1015 1192 1204 1261 Hebr.)
1261 1212 1288 1243 «
1329 1197 1385 1246 et
1426 1192 1690 1247 clamavit
1739 1198 1868 1246 ante
1926 1207 2060 1246 eum

362 1299 568 1354 praeco,
638 1287 695 1337 et
770 1280 1061 1336 constituit
1131 1296 1264 1334 eum
1338 1297 1511 1351 super
1565 1297 1796 1336 omnem
1850 1286 2064 1336 terram

365 1371 608 1443 ngypti.
642 1393 668 1420 ››
716 1372 822 1426 Pro
849 1387 962 1442 quo
993 1369 1200 1440 Aquila
1243 1371 1533 1424 transtulit
1564 1387 1576 1424 :
1630 1389 1655 1420 ι(
1692 1372 1756 1424 Et
1802 1369 2066 1424 clamavit

361 1461 422 1516 in
447 1465 754 1530 conspectu
798 1460 919 1530 ejus
977 1458 1048 1512 ad
1099 1458 1611 1529 generationem.»
1666 1459 2060 1530 Symmachus,

365 1554 497 1619 etc.,
553 1564 721 1618 usque
771 1548 846 1603 ad
911 1547 1065 1618 quod
1133 1546 1298 1618 juxta
1373 1549 1736 1618 prudentiam
1807 1547 2064 1603 omnium

363 1643 526 1709 pater
555 1637 684 1699 fuit,
720 1637 818 1691 sed
861 1637 1022 1706 juxta
1065 1640 1293 1690 aetatem
1346 1636 1690 1692 tenerrimus
1738 1637 2067 1692 adolescens

371 1731 427 1781 et
453 1741 616 1796 puer.

439 1815 600 1868 Vens.
628 1814 815 1867 45-49.
848 1842 915 1852 —
970 1833 997 1863 α
1031 1813 1096 1866 Et
1148 1812 1387 1878 vocavit,
1427 1835 1448 1862 ι
1499 1816 1604 1867 etc.
1653 1811 2063 1899 (HIER.,/ibid.)

371 1903 436 1956 Et
463 1903 682 1955 vocavit
712 1901 927 1955 Pharao
958 1916 1172 1954 nomen
1193 1901 1420 1970 Ioseph,
1473 1906 1604 1966 etc.,
1654 1916 1823 1969 usque
1876 1900 1950 1954 ad
2007 1904 2069 1954 ut

370 2004 503 2043 vera
531 1988 630 2042 illa
685 1989 1054 2043 Hebrmorum
1105 2004 1278 2058 super
1333 2004 1399 2043 eo
1449 1990 1602 2059 quod
1655 1994 1786 2043 ante
1825 1987 2070 2042 diximus

370 2076 614 2147 suspicio
643 2092 768 2131 com
775 2075 1066 2147 probetur.

445 2185 472 2217 «
502 2165 784 2236 Deditque
815 2166 898 2220 illi
929 2180 1190 2232 uxorem,
1225 2184 1248 2214 ι
1300 2169 1408 2220 etc.
1472 2167 1654 2232 (Auc.,
1716 2166 1811 2220 ubi
1859 2169 2072 2236 supra.)

369 2253 560 2319 Qumri
590 2255 734 2308 solet
763 2254 924 2324 cujus
971 2253 1312 2324 Putipharis,
1363 2253 1502 2308 alias
1551 2253 1791 2322 Petefre,
1839 2259 1902 2308 ut
1950 2255 2071 2326 ple-

370 2342 536 2412 rique
568 2341 781 2396 habent
805 2348 862 2396 et
893 2347 1178 2413 corrupte,
1213 2346 1279 2397 ut
1307 2357 1480 2414 supra
1529 2341 1744 2397 dictum
1791 2348 1896 2409 est,
1939 2349 2071 2410 etc.,

373 2446 540 2499 usque
564 2431 638 2484 ad
671 2447 786 2484 non
817 2436 903 2486 est
933 2431 1064 2486 fidei
1114 2431 1521 2502 periculosum,
1565 2446 1670 2486 nec
1717 2431 2067 2486 contrarium

369 2519 595 2573 veritati
626 2518 1072 2590 Scripturarum.

443 2607 600 2662 Vens.
663 2610 851 2663 30-38.
911 2637 978 2648 —-
1040 2606 1228 2661 «Nati
1286 2611 1422 2660 sunt
1472 2611 1664 2662 autem
1717 2607 1927 2677 Ioseph
1972 2606 2072 2661 filii

375 2717 401 2744 ‹‹
427 2696 559 2756 duo.
600 2719 620 2744 ι
657 2701 761 2752 etc.
797 2696 1073 2766 (Humum)
1105 2695 1352 2750 Observa
1396 2699 1639 2766 propter
1692 2696 2071 2767 questionem

371 2800 500 2853 quas
533 2790 658 2856 post
691 2785 760 2838 de
790 2784 923 2839 filiis
953 2783 1159 2856 Ioseph
1188 2785 1561 2855 proponenda
1591 2788 1696 2853 est,
1737 2784 1891 2856 quod
1942 2788 2073 2839 ante

371 2872 538 2927 famis
595 2878 842 2944 tempus,
902 2889 1018 2944 quo
1073 2871 1245 2927 Iacob
1322 2871 1553 2927 intravit
1621 2872 1683 2927 in
1743 2875 2070 2944 Egyptum,

2173 491 2420 562 sapiens,
2480 497 2604 560 etc.,
2639 507 2808 562 usque
2835 492 2910 546 ad
2939 492 3048 546 erit
3079 491 3244 558 Deus,
3287 506 3402 545 non
3435 491 3590 546 enim
3625 491 3757 560 erit,
3805 509 3861 546 se

2167 579 2495 634 habebitur.

2240 669 2407 724 Vens.
2439 671 2620 724 22-26.
2655 699 2723 708 —
2754 687 2782 719 α
2816 667 3151 724 Nesciebant
3194 672 3406 735 autem,
3440 689 3467 718 »
3517 673 3624 723 etc.
3673 668 3865 738 (AUG.,

2167 757 2326 827 ibid.)
2371 757 2514 822 Quid
2557 761 2640 811 est
2695 757 2848 828 quod
2909 773 3038 812 cum
3085 757 3234 814 inter
3280 774 3339 812 se
3383 757 3726 828 pueniteutes
3781 756 3866 812 lo-

2169 849 2484 918 querentur
2510 844 2578 899 de
2605 845 2834 916 Ioseph,
2862 850 2993 912 etc.,
3041 861 3210 916 usque
3253 846 3328 900 ad
3371 846 3518 900 sicut
3571 845 3760 916 ipsum
3804 845 3862 900 in

2171 940 2390 990 exteras
2413 933 2734 1006 provincias
2762 934 3153 990 vendiderant.

2243 1025 2402 1079 Vens.
2463 1025 2645 1079 27-3i.
2689 1041 2718 1074 α
2753 1025 3157 1096 Apertoque,»
3209 1029 3315 1080 etc.
3371 1026 3591 1080 Fratres
3649 1025 3864 1096 Ioseph

2169 1113 2306 1168 dant
2351 1117 2674 1182 argentum,
2707 1113 2842 1183 quia
2895 1114 3078 1168 Iudaei
3121 1114 3377 1168 conversi
3420 1113 3717 1170 dimittunt
3771 1115 3865 1169 lit-

2172 1207 2354 1256 teram
2403 1202 2775 1269 occidentem,
2825 1207 2883 1257 et
2925 1203 3213 1273 accipiunt
3267 1201 3531 1274 spiritum
3578 1201 3868 1257 viviﬁcan-

2171 1295 2333 1346 tem:
2369 1291 2654 1362 reperitur
2701 1296 2896 1346 tamen
2947 1295 3250 1361 argentum
3289 1290 3351 1344 in
3402 1306 3499 1344 ore
3547 1305 3868 1345 saccorum-

2173 1380 2310 1452 quia
2365 1382 2595 1451 pr0pter
2647 1379 2892 1434 fructum
2940 1378 3249 1450 spiritualis
3292 1379 3683 1451 intelligentia:
3756 1394 3871 1434 non

2174 1468 2454 1523 deseritur
2479 1467 2630 1522 nitor
2659 1467 3036 1538 eloquentiae.-

2245 1558 2413 1612 Vens.
2447 1561 2535 1624 35,
2568 1559 2651 1612 36.
2687 1587 2753 1598 -—
2779 1577 2806 1608 ‹‹
2838 1556 3059 1627 Singuli
3083 1559 3439 1627 repererunt,
3471 1578 3499 1605 »
3521 1559 3626 1610 etc.
3650 1556 3874 1611 Fratres

2177 1645 2387 1715 Ioseph
2445 1644 2728 1699 dederunt
2770 1645 3072 1714 pecuniam
3121 1643 3183 1697 in
3225 1643 3519 1713 emptione
3567 1642 3868 1705 frumenti,

2177 1731 2275 1786 sed
2307 1747 2432 1786 eam
2479 1735 2707 1803 accepto
2755 1732 3042 1786 frumento
3086 1736 3446 1802 receperunt,
3499 1730 3632 1802 quia
3679 1734 3874 1785 noster

2177 1819 2384 1890 Ioseph
2416 1835 2531 1874 non
2557 1818 2763 1890 quaerit
2789 1824 3002 1885 nostra,
3037 1819 3137 1874 sed
3183 1836 3307 1875 nos.
3352 1819 3536 1875 Gratis
3580 1818 3737 1873 enim
3777 1817 3875 1872 dat

2178 1924 2279 1962 sua
2344 1923 2601 1972 munera,
2657 1912 2711 1962 et
2766 1909 2827 1963 iu
2889 1913 3082 1964 nostra
3133 1907 3423 1978 emptione
3476 1923 3582 1963 nos
3636 1906 3873 1962 ditiores

2178 1997 2330 2052 facit.

2253 2087 2412 2140 Vens.
2441 2088 2528 2142 37.
2559 2115 2631 2124 —-——
2661 2106 2689 2134 ‹‹
2726 2086 2829 2139 Cui
2859 2085 3141 2157 respondit
3173 2084 3393 2150 Ruben,
3427 2103 3454 2136 ιο
3497 2089 3605 2139 etc.
3653 2083 3872 2151 S'msu.)

2182 2175 2382 2230 Ruben
2413 2175 2532 2229 ait:
2574 2196 2595 2223 ι
2627 2176 2774 2229 Duos
2799 2174 2945 2228 filios
2987 2191 3144 2229 meos
3181 2174 3478 2245 :interfice,
3533 2175 3580 2229 si
3626 2189 3741 2229 non
3787 2190 3876 2228 re-

2181 2267 2392 2321 duxero
2422 2264 2585 2318 illum
2617 2263 2740 2329 tibi,
2776 2285 2802 2311 ››
2831 2267 2962 2326 etc.,
2996 2279 3099 2316 nec
3129 2267 3318 2318 tamen
3348 2262 3615 2317 obtinuit.
3657 2267 3729 2318 At
3771 2263 3871 2317 Iu-

2183 2353 2283 2408 das
2312 2352 2502 2407 dicens
2535 2368 2548 2406 :
2579 2373 2606 2400 «
2639 2351 2790 2405 Reus
2813 2366 2911 2405 ero
2939 2350 3154 2421 peccati
3193 2351 3255 2406 in
3294 2355 3518 2422 patrem
3545 2351 3703 2405 omui
3731 2355 3873 2405 tem-

2183 2455 2338 2511 pore,
2376 2462 2402 2488 ››
2437 2437 2782 2509 impetravit,
2810 2439 2946 2509 quia
2973 2437 3025 2492 ei
3051 2438 3385 2493 commissus
3430 2443 3517 2492 est
3566 2438 3864 2508 Beujamiu

2186 2528 2317 2582 Plus
2347 2531 2431 2582 est
2460 2541 2589 2596 ergo
2619 2541 2779 2580 reum
2828 2539 2949 2578 esse
2995 2523 3232 2594 peccati,
3281 2539 3455 2596 quam
3504 2524 3877 2595 corporaliter

2183 2615 2380 2671 occidi.

2257 2705 2416 2758 Vnus.
2450 2705 2535 2759 38.
2567 2732 2634 2742 —
2668 2721 2696 2752 α
2728 2700 3023 2755 Deducetis
3051 2715 3224 2755 canos
3252 2716 3431 2770 meos,
3463 2720 3491 2752 ι)
3543 2703 3648 2756 etc.
3685 2701 3874 2771 (Aue.)

2183 2793 2470 2858 Qumritur
2496 2795 2688 2846 utrum
2719 2789 2850 2845 ideo
2877 2790 2949 2844 ad
2990 2789 3300 2857 infernum,
3351 2790 3489 2860 quia
3519 2805 3648 2844 cum
3691 2789 3876 2845 tristi-

2183 2884 2282 2948 tia,
2306 2898 2379 2936 an
2409 2881 2583 2936 etiam
2610 2879 2658 2934 si
2699 2879 2922 2934 abesset
2956 2877 3203 2946 tristitia,
3251 2881 3528 2949 tanquam
3565 2878 3637 2932 ad
3692 2876 3876 2932 infer-

370 2960 512 3014 duos
565 2964 786 3015 tantum
845 2960 992 3015 ﬁlios
1062 2960 1271 3031 Ioseph
1339 2960 1561 3027 habuit.
1640 2962 1936 3016 Manassen
2015 2966 2074 3016 ει
2111 2976 2150 3033 C
2180 2986 2322 3027 num
2352 2967 2645 3024 moriendo
2675 2966 3048 3022 descensurus
3071 2965 3191 3019 haec
3207 2965 3521 3036 loquatur?
3550 2966 3628 3020 De
3649 2965 3879 3020 inferno

375 3048 638 3118 Ephraim
654 3091 667 3104 .

446 3137 604 3191 Vsus.
637 3139 722 3203 56,
754 3141 840 3190 57.
869 3166 938 3177 —
971 3157 997 3186 ex
1028 3137 1379 3207 Aperuitque
1407 3138 1616 3208 Ioseph
1643 3139 1905 3192 universa
1933 3138 2066 3192 hor-

375 3247 400 3273 ‹‹
434 3239 551 3291 rea,
586 3246 605 3272 η
659 3233 763 3279 etc.
811 3227 1135 3293 Allegorice.
1181 3225 1390 3295 Ioseph
1435 3240 1468 3278 a
1498 3225 1736 3295 penuria
1793 3227 2068 3281 frumenti

375 3312 550 3366 salvat
579 3315 904 3385 lligyptum,
958 3318 1015 3368 et
1067 3311 1324 3366 Christus
1373 3329 1406 3365 a
1457 3314 1606 3368 fame
1657 3315 1816 3368 verbi
1865 3316 2068 3370 liberat

375 3400 678 3455 mundum.
741 3400 979 3472 Aperuit
1034 3400 1242 3455 horrea
1286 3416 1389 3454 sua
1445 3402 1698 3456 Christus
1748 3403 1805 3457 in
1867 3403 2065 3458 orbem

373 3495 678 3557 terrarum,
711 3494 766 3544 et
794 3489 1124 3560 erogatione
1170 3487 1446 3543 frumenti
1501 3490 1590 3543 sui
1637 3491 1829 3544 omnia
1873 3492 2066 3562 subju-

373 3576 544 3648 gavit.
574 3577 691 3630 Nisi
768 3577 970 3632 fratres
1047 3576 1256 3647 Ioseph
1329 3577 1738 3645 vendidissent,
1793 3579 2074 3637 defecerat

374 3665 652 3736 lEgyptus
683 3685 699 3720 :
734 3666 842 3720 nisi
890 3665 1073 3720 Iudaei
1122 3664 1409 3720 Christum
1461 3665 1892 3735 crucitixissent,
1941 3685 2071 3739 per--

378 3755 521 3808 ierat
601 3755 866 3810 mundus.
945 3753 1157 3824 Ioseph
1225 3754 1634 3825 interpretatur
1705 3761 2072 3823 augmentatio

373 3841 488 3896 sive
535 3843 822 3912 ampliatio
853 3859 864 3897 :
899 3842 996 3897 sed
1027 3842 1087 3896 in
1118 3842 1216 3897 illo
1258 3843 1467 3915 Ioseph
1498 3843 1926 3914 ampliationem
1959 3862 2074 3900 non

368 3929 578 3985 habuit
603 3931 714 3986 nisi
753 3932 872 3986 sola
898 3933 1202 4002 Egyptus;
1234 3930 1294 3984 in
1335 3937 1532 3987 nostro
1570 3949 1726 4001 vero,
1775 3934 2073 3989 universus

373 4019 644 4075 mundus.
681 4019 779 4074 Ille
810 4021 1066 4090 erogavit
1098 4020 1391 4088 triticum;
1433 4027 1628 4076 noster
1669 4021 1765 4077 Dei
1814 4021 2071 4078 verbum.

374 4130 393 4154 σι
435 4108 494 4161 In
551 4125 780 4163 omnem
847 4113 1060 4164 terram
1137 4108 1312 4163 exivit
1386 4126 1562 4164 sonus
1630 4127 1826 4166 eorum
1902 4112 2071 4181 (Psal.

369 4198 552 4264 xvm).
593 4220 617 4244 ››

1013 4339 1238 4393 CAPUT
1269 4341 1423 4393 XLII.

437 4463 592 4518 Vens.
631 4467 772 4517 l-l5.
829 4491 888 4501 —-
946 4484 964 4509 ι
995 4461 1247 4516 Audiens
1288 4470 1480 4516 autem
1545 4465 1713 4518 Iacob
1767 4465 1921 4536 quod
1971 4469 2073 4520 ali-

431 4558 624 4611 menta
653 4551 1038 4607 venderentur
1066 4549 1126 4602 in
1170 4552 1434 4621 Egypto,
1469 4571 1496 4602 »
1530 4556 1636 4606 etc.
1668 4552 1814 4624 (Isin.
1839 4555 1896 4608 in
1920 4555 2071 4622 Gen.,

375 4652 516 4701 tom.
542 4643 626 4713 V.)
669 4643 762 4696 Est
802 4640 1154 4694 frumentum
1203 4639 1261 4692 in
1310 4641 1549 4710 Aﬁgypto
1584 4657 1598 4696 :
1646 4641 1784 4697 dicit
1829 4646 1885 4697 et
1927 4643 2073 4698 Deus

368 4738 550 4802 Pater,
586 4733 727 4788 Osee
761 4746 813 4783 x1
849 4745 861 4783 :
909 4747 936 4780 α
977 4729 1048 4782 Ex
1080 4726 1316 4798 AEgypto
1342 4728 1535 4783 vocavi
1569 4728 1773 4784 Filium
1813 4747 2064 4787 meum.»

375 4821 724 4878 Descendaut
771 4819 968 4873 decem
1009 4815 1416 4884 provectiores,
1454 4817 1512 4872 id
1564 4822 1648 4873 est
1694 4819 1896 4886 Iudaei,
1965 4821 2071 4876 sub

369 4912 639 4981 decalogo
670 4906 1003 4974 constituti;
1036 4910 1207 4978 “quos
1253 4905 1374 4975 ipse
1425 4921 1797 4977 cognoscens,
1837 4925 1952 4964 non
1991 4914 2074 4964 est

361 4999 590 5070 agnitus
619 4997 690 5051 ab
729 4997 850 5065 eis;
901 4999 1326 5066 cognoscuntur
1371 4993 1598 5049 Hebraei
1641 5012 1675 5050 a
1722 4997 1964 5063 Christo,
2015 5003 2073 5054 et

368 5089 473 5160 ipsi
504 5103 621 5141 non
648 5090 968 5156 agnoscunt
1019 5100 1200 5150 eum;
1251 5082 1534 5138 dederunt
1586 5084 1669 5138 illi
1720 5087 2020 5157 pecuniam
2055 5105 2068 5152 ;

363 5178 461 5232 sed
487 5175 716 5245 Ioseph,
747 5174 804 5228 id
828 5178 918 5227 est
951 5173 1225 5235 Christus,
1263 5172 1515 5228 triticum
1549 5172 1723 5240 dedit,
1770 5179 1826 5230 et
1872 5191 2071 5247 argen-

363 5271 485 5320 tum
549 5262 824 5327 reddidit,
883 5261 1017 5332 quia
1067 5276 1182 5314 non
1231 5260 1473 5331 pecunia
1526 5261 1737 5316 emitur
1794 5261 2068 5330 Christus,

364 5354 460 5409 sed
487 5352 696 5424 gratia.

437 5443 600 5496 Vens.
641 5441 822 5495 lii-22.
860 5466 916 5477 —
978 5459 997 5486 ι
1034 5437 1230 5492 Mittite
1281 5453 1344 5492 ex
1378 5437 1536 5493 vobis
1583 5455 1881 5495 unum.....
1934 5440 2073 5495 alio-

362 5553 390 5585 α
422 5531 561 5606 quin
606 5546 706 5602 per
753 5526 992 5583 salutem
1045 5526 1357 5580 Ph'iraonis
1407 5528 1797 5599 exploratores
1841 5530 2005 5586 estis.
2041 5553 2065 5576 ι)

2183 3059 2336 3116 enim
2396 3073 2608 3128 magna
2664 3055 2901 3127 quaestio
2953 3057 3056 3121 est,
3105 3057 3161 3108 et
3215 3053 3355 3125 quid
3403 3053 3538 3108 inde
3583 3053 3880 3125 Scriptura

2182 3147 2408 3214 sentiat,
2457 3143 2781 3215 ubicunque
2826 3142 2938 3198 hoc
2979 3145 3358 3198 memoratum
3423 3140 3616 3209 fuerit,
3678 3141 3875 3198 obser-

2179 3237 2431 3294 vandum
2463 3239 2564 3289 est.

2812 3319 3034 3377 CAPUT
3055 3319 3238 3376 XLIII.

2253 3418 2414 3471 Vsus.
2454 3415 2640 3468 sil-22.
2695 3440 2766 3452 —
2821 3429 2846 3463 ι
2879 3409 3158 3464 Modicum
3216 3408 3416 3463 resinae
3467 3413 3523 3463 et
3576 3408 3765 3464 mellis
3822 3415 3884 3463 et

2183 3524 2206 3552 ι
2242 3503 2474 3557 storacis
2506 3522 2532 3553 υ
2569 3510 2682 3556 etc.
2719 3500 2931 3570 (HIER.)
2965 3499 3166 3564 Quaest.
3202 3499 3391 3567 Helm,
3421 3503 3559 3553 tom.
3593 3498 3708 3558 III.)
3759 3499 3882 3552 Ali-

2181 3584 2314 3655 quid
2345 3583 2565 3649 resime,
2617 3585 2674 3635 et
2723 3580 2925 3640 mellis,
2985 3584 3116 3645 etc.,
3160 3593 3328 3648 usque
3376 3578 3451 3632 ad
3496 3593 3564 3632 eo
3609 3577 3768 3648 quod
3818 3576 3881 3630 in

2182 3673 2280 3726 illo
2319 3677 2452 3726 sunt
2473 3675 2732 3725 aromata
2757 3669 2979 3724 diversa
3009 3667 3258 3722 condita.

2254 3760 2414 3814 Vens.
2445 3760 2638 3814 23-28.
2681 3779 2707 3805 ‹‹
2739 3786 2806 3795 -
2839 3757 2986 3810 Deus
3017 3758 3202 3808 vester
3249 3759 3306 3809 et
3353 3756 3500 3809 Deus
3548 3753 3728 3826 patris
3778 3769 3879 3807 ve-

2185 3871 2214 3897 ι(
2241 3847 2341 3902 stri
2370 3847 2525 3903 dedit
2549 3845 2710 3900 vobis
2741 3845 3054 3908 thesauros,
3089 3865 3116 3893 ››
3153 3847 3238 3897 etc
3285 3843 3468 3913 (Αυσ.)
3517 3841 3884 3897 Mendacium

2182 3937 2427 4004 videtur,
2457 3936 2555 3990 sed
2586 3933 2806 4005 aliquid
2846 3931 3166 4004 signiﬁcare
3213 3932 3564 3986 credendum
3609 3935 3712 3986 est.
3765 3934 3882 3986 Ar-

2185 4029 2424 4095 gentum
2453 4022 2630 4092 enim,
2661 4021 2814 4093 quod
2842 4021 3010 4076 datur
3031 4026 3086 4075 et
3117 4036 3230 4074 nou
3272 4020 3570 4083 minuitur.
3617 4018 3776 4091 quod
3819 4025 3888 4074 et

2185 4113 2485 4185 probatum
2516 4112 2864 4183 appellatum
2895 4113 2999 4175 est,
3030 4109 3172 4165 illud
3200 4109 3343 4164 forte
3373 4114 3459 4163 est
3501 4109 3570 4164 de
3619 4124 3734 4180 quo
3780 4108 3883 4164 di—

2185 4203 2331 4256 citur
2371 4202 2590 4271 psalmo
2646 4217 2697 4254 χι
2733 4215 2748 4253 :
2801 4220 2829 4247 «
2863 4198 3095 4270 Eloquia
3144 4197 3376 4252 Domini
3428 4198 3656 4269 eloquia
3697 4201 3884 4266 casta,

2182 4296 2483 4363 argentum
2523 4289 2654 4360 igne
2701 4287 3112 4356 examinatum,
3165 4287 3469 4358 probatum
3525 4295 3708 4348 terras.
3743 4301 3885 4357 pur-

2186 4385 2382 4450 gatum
2417 4377 2768 4449 septuplum,
2801 4396 2828 4438 η
2857 4375 2911 4430 id
2942 4381 3027 4430 est
3053 4376 3358 4447 probatum
3390 4375 3655 4446 perfecte.

2260 4469 2423 4522 Vens.
2458 4469 2644 4521 29-3l.
2678 4497 2743 4505 —
2802 4485 2829 4516 (ι
2863 4465 3142 4520 Attollens
3184 4469 3374 4519 autem
3424 4464 3630 4535 Ioseph
3679 4465 3887 4518 oculos

2189 4577 2214 4603 ‹‹
2249 4556 2387 4611 vidit
2427 4554 2742 4626 Beniamin,
2773 4576 2800 4602 ››
2829 4559 2936 4620 etc,
2987 4553 3158 4624 (ISID.)
3189 4556 3309 4607 Act.
3345 4569 3397 4605 lx
3438 4552 3677 4606 Paulum
3709 4553 3887 4622 quasi

2184 4644 2279 4697 lux
2310 4642 2706 4708 circumfulsit,
2733 4642 2834 4714 qui
2871 4642 3159 4713 parvulus,
3197 4640 3334 4712 quia
3378 4641 3637 4696 nondum
3686 4644 3883 4696 matu-

2182 4747 2304 4786 ram
2335 4731 2470 4786 ﬁdei
2490 4735 2716 4786 aetatem
2748 4730 2998 4803 gerebat'
3037 4729 3195 4784 Unde
3227 4729 3399 4785 etiam
3431 4728 3760 4783 adolescens
3801 4728 3887 4782 le-

2181 4820 2352 4892 gitur,
2383 4820 2517 4875 dum
2550 4819 2926 4891 lapidantium
2967 4818 3322 4888 Stephanum
3366 4817 3703 4872 vestimenta
3755 4833 3884 4870 ser-

2181 4909 2365 4964 vabat.
2399 4908 2575 4965 Flevit
2598 4908 2848 4980 Ioseph:
2882 4907 3100 4962 caecitas
3149 4907 3311 4962 Pauli
3357 4908 3526 4961 fletus
3571 4909 3657 4961 est
3704 4905 3875 4961 Chri-

2181 4999 2461 5067 sti;lavit
2503 4997 2707 5053 faciem
2757 4996 3030 5062 Christus,
3082 5011 3212 5050 cum
3270 4994 3595 5066 baptizatur
3641 4995 3884 5058 Paulus,

2178 5105 2280 5159 per
2311 5103 2482 5159 quem
2513 5104 2546 5142 a
2573 5086 2838 5158 plurimis
2868 5084 3147 5141 videndus
3179 5089 3264 5138 est
3293 5083 3572 5140 Christus.

2252 5174 2432 5247 (Αυο.)
2481 5175 2728 5230 Affectus
2775 5173 2912 5228 boni
2951 5173 3131 5228 animi
3177 5187 3402 5243 semper
3454 5170 3721 5243 proclivis
3789 5177 3884 5229 est

2179 5267 2250 5322 ad
2307 5265 2600 5337 pietatem.
2652 5264 2812 5320 Unde
2867 5263 2926 5319 iu
2973 5261 3185 5334 Ioseph
3235 5260 3500 5316 virtutem
3563 5277 3882 5331 possumus

2179 5354 2537 5411 considerare
2583 5353 2825 5425 copiam.
2880 5353 3076 5408 Castus
3123 5356 3264 5419 erat,
3319 5366 3451 5405 cum
3497 5350 3710 5421 sprevit
3756 5349 3876 5404 im-

2177 5442 2512 5515 pudicitiam
2544 5441 2837 5510 dominez;
2883 5440 3128 5513 sapiens,
3159 5456 3288 5494 cum
3323 5439 3588 5512 diligenti
3633 5438 3875 5494 investi-

2181 5531 2413 5602 gatione
2460 5531 2700 5586 fratrum
2743 5529 2966 5586 animos
3011 5528 3355 5601 explorabat,
3407 5527 3651 5602 qualiter
3694 5528 3874 5583 senti-
