4064 6186
181 276 265 326 173

1322 262 1575 318 GLOSSA
1613 257 2016 317 ORDINARIA.
2057 286 2124 297 —
2169 258 2301 313 LIB.
2344 256 2501 311 GEN.

3573 256 3668 308 l7'r

176 398 289 448 rent
316 394 383 448 de
428 393 601 447 fratre
631 406 735 446 suo
804 388 1078 456 uterino;
1123 388 1311 459 justus
1370 390 1493 440 erat
1550 384 1606 439 in
1638 382 1855 437 adhibi-
1896 384 1940 437 A
1971 382 2116 436 brem
2162 379 2425 447 vertitur,
2469 377 2569 434 ubi
2633 383 2687 432 et
2732 377 2789 431 in
2835 376 3121 449 plerisque
3197 380 3421 433 Gessem
3509 395 3670 449 repe-

176 483 317 536 tione
360 480 681 552 disciplima
736 477 1260 550 delinquentibus;
1308 475 1457 545 pius,
1518 473 1575 526 iu
1640 488 1872 526 conver-

180 571 326 625 sione
351 570 777 642 pmnitentium.

240 662 395 716 Vens.
429 662 517 725 32,
548 662 639 714 33.
688 675 808 708 -α
857 655 1071 720 Quibus
1119 652 1468 725 appositis,»
1537 655 1648 705 etc.
1705 649 1870 704 Seor—

177 765 287 802 sum
337 747 588 820 appositi
640 750 773 800 sunt
831 743 942 799 cibi
998 743 1205 814 Ioseph
1273 741 1435 814 quasi
1507 740 1761 807 advenae,
1817 742 1872 792 et

176 854 419 892 seorsum
448 836 740 899 fratribus,
787 833 951 907 quasi
1007 831 1210 886 exteris
1258 830 1537 885 natione:
1601 828 1871 899 {Egyptiis

177 943 395 1000 quoque
422 942 703 991 seorsum,
731 924 893 996 quasi
915 922 1219 993 indigenis,
1254 919 1353 991 qui
1408 918 1686 991 putabant
1736 933 1869 988 pro-

178 1017 361 1071 fanum
387 1033 511 1070 esse
543 1031 673 1069 cum
700 1013 1020 1085 peregrinis
1050 1010 1392 1065 convivium.

243 1106 399 1159 Vsus.
436 1106 522 1159 3i.
557 1135 624 1142 —
666 1124 691 1152 α
728 1102 1114 1170 Biberuntque
1145 1103 1202 1152 et
1225 1096 1493 1151 inebriati
1519 1098 1673 1165 sunt,
1704 1116 1730 1145 »
1764 1098 1869 1150 etc.

179 1194 349 1265 (Ara)
376 1194 575 1247 Salent
605 1191 813 1246 ebriosi
843 1192 949 1245 hoc
1003 1186 1391 1243 testimonium
1445 1185 1714 1240 adhibere
1768 1183 1873 1237 sibi

180 1286 233 1338 iu
278 1282 661 1353 patrocinium
708 1284 943 1351 propter
1015 1276 1242 1347 Ioseph,
1300 1274 1400 1347 qui
1458 1274 1621 1329 valde
1650 1272 1874 1343 sapiens

178 1370 622 1426 commendatur.
650 1369 756 1424 Sed
780 1369 885 1422 hoc
926 1366 1166 1422 verbum
1212 1381 1318 1435 pro
1366 1363 1659 1417 saturitate
1701 1362 1871 1433 poni-

184 1460 341 1514 turin
358 1457 688 1529 Scripturis,
715 1456 869 1512 unde
920 1455 1142 1527 psalmo
1182 1470 1313 1509 Lx1v
1343 1469 1355 1507 :
1391 1472 1417 1503 α
1470 1451 1713 1505 Visitasti
1763 1456 1873 1504 ter-

184 1565 293 1603 ram
342 1552 399 1601 et
453 1545 755 1602 inebriasti
805 1560 1006 1610 eam,»
1052 1542 1188 1615 quia
1251 1541 1418 1607 laude
1464 1538 1874 1595 benedictionis

182 1638 275 1692 hoc
294 1636 555 1707 positum
579 1640 681 1701 est,
710 1638 769 1689 et
818 1634 1036 1689 donum
1078 1631 1176 1687 Dei
1215 1634 1739 1695 commemoratur;
1781 1644 1875 1699 ap-

179 1730 329 1797 paret
355 1726 511 1779 hanc
550 1723 883 1779 ebrietatem
932 1720 1287 1776 saturitatem
1346 1717 1694 1790 signiﬁcare:
1745 1732 1876 1771 nam

177 1815 247 1869 ita
272 1814 555 1868 inebriari
589 1817 649 1866 ut
692 1810 1052 1866 inebriantur
1104 1807 1337 1875 ebriosi,
1375 1823 1480 1863 nec
1544 1806 1653 1877 ipsi
1709 1810 1875 1860 terra:

176 1902 304 1957 utile
346 1908 467 1967 est;
525 1900 798 1973 quoniam
846 1900 1062 1970 majore
1119 1898 1360 1952 humore
1429 1911 1605 1967 quam
1642 1894 1872 1959 sufﬁcit,

176 1991 605 2062 corrumpitur;
660 1989 806 2044 sicut
847 1988 963 2043 vita
995 1986 1223 2053 ebriosi,
1282 1985 1384 2058 qui
1436 2001 1557 2041 non
1618 1984 1876 2041 satietate

176 2097 226 2135 se
255 2081 467 2151 replet,
492 2079 589 2134 sed
620 2077 829 2149 mergit
846 2076 1075 2133 diluvio.

866 2218 1021 2273 CAP.
1057 2218 1236 2274 XLIV.

238 2348 405 2403 Vsas.
433 2347 598 2400 5-H.
622 2375 688 2384 —-—
737 2363 765 2396 α
799 2342 1053 2414 Scyphus
1111 2356 1280 2412 quem
1318 2338 1488 2395 furati
1518 2338 1670 2406 estis,
1697 2358 1724 2387 ιο
1770 2341 1874 2392 etc.

172 2435 527 2507 (lsm.)0uid
555 2433 664 2489 sibi
697 2432 987 2504 vultquod
1041 2431 1306 2485 inventus
1354 2434 1439 2484 est
1485 2427 1731 2498 scyphus
1784 2427 1879 2481 Io-

170 2528 305 2599 seph
338 2526 402 2579 in
430 2524 658 2578 sacculo
690 2521 1009 2593 Benjamiu,
1035 2519 1146 2574 nisi
1188 2518 1322 2590 quia
1377 2517 1438 2572 in
1494 2517 1662 2572 corde
1720 2514 1880 2570 Pauli

169 2614 415 2670 caelestis
454 2612 733 2667 doctrinae
783 2612 904 2681 jam
968 2608 1338 2681 prmfulgebat
1394 2604 1708 2677 eloquium.
1741 2605 1877 2658 dum

171 2709 312 2760 esset
342 2703 609 2758 eruditus
634 2701 694 2755 in
726 2700 885 2771 lege?
928 2698 1036 2753 Sed
1085 2697 1221 2769 quia
1264 2695 1549 2767 subjectus
1592 2710 1708 2748 non
1759 2697 1881 2747 erat

172 2795 307 2860 Deo,
360 2792 525 2846 intra
561 2804 786 2845 saccum
818 2793 940 2843 erat
993 2786 1258 2858 scyphus,
1307 2783 1568 2840 doctrina
1615 2784 1767 2837 intra
1795 2782 1877 2836 1e-

166 2898 318 2954 gem,
357 2882 603 2937 lucerna
658 2878 808 2933 intra
850 2876 1127 2932 modium.
1163 2875 1363 2931 Missus
1399 2878 1592 2928 tamen
1632 2872 1877 2926 Ananias

1978 470 2147 524 ritur.

2052 558 2215 613 Vens.
2259 558 2448 611 l6-2l.
2493 586 2559 595 —-
2612 577 2638 604 ι(
2692 556 2756 609 Et
2806 553 3031 626 gavisus
3087 560 3173 609 est
3232 555 3516 621 Pharao,»
3569 562 3671 611 etc.

1980 646 2109 700 Haec
2153 645 2326 700 verba
2372 644 2683 699 Pharaonis
2749 660 2878 715 qua:
2917 643 2988 697 ad
3034 642 3241 713 Ioseph
3289 643 3357 698 de
3413 645 3582 699 Iacob
3626 652 3681 700 et

1979 733 2112 789 ﬁliis
2145 734 2508 803 ejuslocutus
2538 738 2639 796 est,
2686 731 3012 803 signiﬁcant
3059 731 3267 804 gaudia
3323 733 3552 802 gentilis
3575 752 3678 805 po-

1978 822 2101 893 puli
2134 822 2203 877 de
2254 821 2621 876 conversione
2672 821 3021 875 Iudasorum.
3084 822 3281 891 Magna
3318 821 3472 876 enim
3515 824 3683 877 devo-

1976 912 2157 966 tioest
2221 910 2480 965 Ecclesiae
2546 910 2803 980 gentium
2850 910 3002 980 quod
3046 909 3385 964 Isracliticus
3436 913 3682 983 populus

1979 1000 2049 1054 ad
2090 999 2263 1054 fidem
2310 999 2521 1066 veniat,
2603 999 2832 1068 quibus.
2877 999 2923 1051 si
2978 1002 3385 1052 convertantur
3440 1004 3494 1054 et
3548 1000 3682 1054 ﬁdei

1978 1088 2285 1161 participes
2341 1086 2680 1148 exstiterint,
2790 1085 3072 1157 promittit
3146 1086 3470 1157 spirituales
3546 1105 3682 1159 opes

1981 1178 2281 1242 virtutum,
2314 1180 2372 1230 et
2418 1175 2662 1246 gratiam
2702 1174 2947 1246 Spiritus
2970 1174 3148 1228 sancti
3206 1191 3377 1245 quam
3421 1176 3519 1247 qui
3551 1179 3685 1231 acci-

1979 1265 2083 1337 pit,
2104 1264 2419 1334 indigentia
2450 1263 2583 1317 boni
2608 1280 2724 1317 non
2745 1262 3048 1319 laborabit.

2074 1354 2233 1408 Vsus.
2258 1355 2441 1408 22—28.
2464 1383 2533 1394 —
2565 1373 2593 1403 ι(
2656 1352 2951 1422 Benjamin
2988 1368 3121 1407 vero
3142 1354 3312 1421 dedit,
3350 1376 3376 1405 »
3415 1360 3518 1411 etc.
3550 1358 3682 1411 Tre-

1978 1443 2127 1496 centi
2164 1442 2424 1514 argentei
2471 1442 2678 1497 dantur
2728 1441 3044 1511 Benjamin,
3090 1459 3230 1514 quos
3264 1461 3295 1498 a
3326 1445 3546 1501 Christo
3592 1463 3681 1501 ac-

1978 1531 2249 1603 cepitqui
2277 1531 2553 1603 prasdicat
2608 1531 2970 1600 Trinitatem,
3027 1533 3113 1587 vel
3174 1532 3380 1587 Christi
3434 1550 3709 1591 crucem.'

1982 1619 2139 1674 Unde
2162 1621 2370 1675 Paulus
2410 1620 2529 1674 aitI
2567 1619 2637 1674 ad
2676 1620 2930 1675 Corinth.
2996 1637 3061 1674 1.:
3089 1640 3117 1669 α
3164 1622 3289 1676 Non
3326 1622 3683 1693 judicavime

1985 1708 2203 1779 aliquid
2247 1709 2389 1764 scire
2458 1708 2615 1763 inter
2640 1724 2758 1775 vos,
2824 1708 2933 1763 nisi
2999 1708 3284 1764 Christum
3366 1713 3579 1781 Iesum,
3628 1719 3685 1768 et

1985 1813 2138 1869 hunc
2194 1813 2601 1868 cruciﬁxum.»
2672 1812 2933 1885 Quinque
2993 1814 3164 1869 stolas
3215 1816 3447 1887 accepit,
3496 1817 3555 1873 id
3602 1824 3687 1873 est

1985 1902 2322 1974 sapientiam
2353 1902 2613 1957 omnium
2654 1917 2944 1957 sensuum.
2983 1903 3262 1958 Praecellit
3291 1920 3427 1975 ergo
3481 1906 3686 1961 Paulus

1986 1990 2338 2046 abundantia
2374 1990 2709 2045 meritorum
2745 2007 2757 2045 :
2791 1990 2889 2045 sed
2945 1995 3003 2045 et
3066 1991 3286 2058 fratres,
3341 1992 3398 2048 id
3445 1999 3532 2050 est
3589 1995 3699 2050 alii‘

1985 2079 2403 2151 praedicatores,
2464 2078 2679 2133 habent
2734 2078 2979 2149 gratiam
3030 2096 3214 2147 suam,
3272 2080 3332 2136 id
3389 2087 3475 2138 est
3524 2083 3686 2139 binas

1985 2169 2170 2232 stolas,
2204 2172 2271 2222 ut
2294 2166 2674 2222 conﬁteantur
2704 2167 2992 2222 Christum
3022 2170 3200 2223 Deum
3259 2174 3317 2224 et
3366 2170 3686 2230 hominem;

1988 2257 2145 2311 Unde
2199 2257 2360 2312 Prov.
2415 2272 2582 2311 xxxx:
2618 2274 2645 2307 α
2704 2256 2913 2311 Omnes
2968 2257 3261 2313 domestici
3306 2258 3428 2329 ejus
3497 2262 3686 2318 vestiti

1986 2345 2331 2416 duplicibus,
2366 2345 2472 2400 sid
2519 2349 2604 2399 est
2654 2345 2895 2416 mystica
2924 2349 2979 2400 et
3022 2347 3225 2401 morali
3285 2346 3681 2420 intelligentia.

1988 2435 2293 2489 Mittuntur
2344 2438 2400 2488 et
2446 2433 2600 2505 patri
2649 2449 2911 2501 munera,
2971 2438 3027 2488 et
3082 2434 3335 2490 Christus
3391 2438 3686 2508 promissis

1985 2523 2321 2579 muneribus
2353 2522 2555 2578 invitat
2590 2523 2868 2595 populum
2918 2539 3105 2577 suum.
3174 2524 3405 2579 Munera
3456 2532 3689 2597 portant

1988 2610 2153 2678 asini,
2184 2610 2243 2665 id
2273 2614 2358 2665 est
2387 2610 2645 2680 gentiles,
2678 2610 2910 2665 inutiles
2946 2614 3004 2665 et
3054 2611 3373 2667 laboriosi:.
3404 2630 3555 2669 nunc
3581 2631 3685 2669 au-

1986 2702 2102 2754 tem
2134 2702 2364 2771 portant
2392 2698 2558 2753 utiles
2584 2698 2642 2753 in
2666 2702 2803 2770 typo
2835 2698 3041 2754 Christi
3076 2715 3336 2763 munera,
3396 2701 3454 2757 in
3501 2704 3685 2759 Evan-

1986 2787 2136 2860 gelio
2172 2802 2481 2842 munerum
2515 2786 2809 2858 largitore.

2060 2876 2238 2947 (stn.)
2280 2876 2516 2946 Expavit
2538 2875 2730 2941 Iacob,
2764 2874 2823 2930 id
2880 2879 2965 2929 est
2992 2874 3153 2946 plebs
3189 2876 3482 2933 incredula
3514 2895 3528 2933 :
3589 2881 3687 2935 sed

166 2986 407 3026 manum
462 2968 759 3040 imposuit,
810 2964 1169 3036 marsupium
1229 2962 1415 3029 solvit,
1465 2965 1524 3016 et
1574 2964 1877 3032 argentum
1917 2969 2293 3036 Cpostquam
2351 2968 2512 3036 gesta
2582 2963 2791 3019 Christi
2848 2964 3130 3036 cognovit,
3189 2966 3393 3022 revixit
3452 2967 3687 3039 spiritus

165 3058 553 3130 resplenduil,
578 3061 635 3111 et
664 3054 1059 3110 decidentibus
1095 3051 1364 3123 squamis,
1406 3050 1568 3123 quasi
1613 3048 1874 3111 vinculis,

163 3150 352 3202 soluto
388 3162 576 3208 sacco,
602 3145 657 3199 id
688 3150 773 3198 est
801 3141 1058 3213 deposito
1089 3140 1231 3211 legis
1276 3139 1578 3205 velamine,
1637 3138 1874 3209 adeptus

164 3243 246 3291 est
296 3235 510 3306 gratiae
558 3234 905 3301 libertatem,
968 3236 1024 3287 et
1071 3231 1317 3286 revelata
1384 3228 1525 3284 facie
1596 3226 1875 3282 sermonis

165 3324 547 3396 Evangelium
569 3322 867 3393 przedicat.
1298 3342 1301 3345 ν

234 3416 405 3469 Vens.
442 3417 527 3469 15.
564 3415 793 3466 —«An
813 3410 1084 3481 ignoratis
1154 3408 1309 3480 quod
1362 3422 1480 3462 non
1552 3405 1625 3459 sit
1674 3403 1876 3457 similis

166 3527 189 3553 ς
222 3504 341 3559 mei
376 3502 438 3557 in
470 3500 794 3573 augurandi
820 3499 1099 3554 scientia?
1134 3521 1151 3546 ι
1182 3498 1343 3567 (Anc.
1393 3497 1573 3562 Quaest
1595 3496 1654 3549 in
1706 3494 1875 3557 Gen.,

162 3600 302 3648 tom.
340 3592 482 3661 III.)
511 3590 657 3655 Quid
714 3590 820 3644 hoc
869 3588 976 3643 sibi
1020 3588 1153 3642 velit
1182 3584 1363 3659 qumri
1411 3584 1571 3639 solet.
1631 3585 1716 3638 An
1743 3582 1878 3653 quia

167 3700 280 3737 non
307 3682 467 3736 serio
495 3680 591 3733 sed
610 3678 742 3749 joco
776 3676 991 3731 dictum
1031 3680 1133 3743 est,
1166 3680 1297 3743 etc.,
1345 3672 1615 3743 usquead
1650 3671 1876 3742 cognito

165 3771 367 3835 fratre,
390 3783 567 3841 quem
600 3783 631 3821 a
654 3783 711 3820 se
740 3765 1031 3837 perditum
1075 3763 1495 3818 existimabant.

236 3859 410 3912 Vens.
460 3853 635 3910 t6-34.
677 3881 749 3895 —
797 3872 825 3901 ς
878 3850 981 3906 Cui
1030 3849 1222 3917 Iudas,
1267 3850 1627 3918 »etc.(Anc.,
1677 3846 1774 3901 ubi
1790 3860 1878 3901 su-

162 3946 323 4018 pra.)
380 3945 556 4000 Multa
600 3942 660 3997 in
720 3940 1054 3996 narratione
1114 3938 1274 3994 Iudae
1339 3937 1507 3993 aliter
1561 3937 1711 3992 dicta
1746 3937 1879 3988 sunt

167 4052 348 4110 quam
400 4049 532 4087 cum
580 4031 690 4085 illis
734 4034 929 4101 egerat
963 4029 1190 4101 Ioseph,
1252 4032 1381 4095 etc.,
1411 4042 1581 4098 usque
1639 4025 1713 4080 ad
1778 4024 1876 4078 sed

164 4127 268 4200 qui
320 4126 563 4180 noverat
610 4137 744 4176 eum
778 4120 940 4188 scire,
974 4124 1034 4172 ut
1081 4135 1211 4172 eum
1260 4117 1512 4173 flecteret
1551 4116 1623 4171 ad
1662 4114 1878 4169 miseri-

165 4214 435 4270 cordiam
465 4209 780 4267 narrationi
813 4208 1116 4263 inserebat.

858 4349 1079 4405 CAPUT
1106 4348 1269 4404 XLV.

242 4462 412 4515 Vnus.
443 4461 561 4513 7-9.
589 4486 658 4497 —
681 4456 873 4511 «Misit
911 4470 1003 4510 me
1040 4456 1208 4522 Deus,
1230 4474 1258 4504 ››
1312 4458 1419 4509 etc.
1469 4455 1624 4521 (Ana.
1677 4453 1877 4519 Quaest.

166 4554 228 4604 in
258 4552 588 4615 Gen.,tom.
612 4546 741 4617 III.)
771 4544 918 4610 Quid
948 4547 1032 4599 est
1059 4541 1217 4615 quod
1238 4542 1401 4614 juxta
1445 4541 1558 4596 alia
1604 4540 1885 4611 exempla-

172 4640 260 4694 ria
291 4639 383 4693 ita
402 4636 649 4705 legitur:
682 4657 709 4685 α
738 4633 885 4688 Misit
904 4633 1057 4688 enim
1099 4647 1191 4687 me
1240 4632 1385 4686 Deus
1441 4634 1569 4685 ante
1612 4646 1729 4693 vos,
1788 4644 1884 4683 re-

174 4743 423 4782 manere
470 4724 741 4795 reliquias
788 4728 1001 4777 vestras
1047 4736 1221 4791 super
1272 4724 1503 4785 terram,
1528 4723 1585 4773 et
1633 4717 1887 4772 enutrirc

172 4832 383 4871 semen
406 4812 782 4885 reliquiarum
813 4816 1130 4865 vestrarum
1159 4823 1433 4880 magnum
1451 4808 1481 4863 ?
1513 4826 1539 4859 ν
1567 4808 1683 4861 Hoc
1735 4806 1887 4861 enim

173 4922 298 4960 non
366 4916 783 4974 usquequaque
834 4902 1129 4967 consonat,
1180 4902 1310 4964 etc.,
1357 4912 1525 4966 usque
1580 4895 1654 4951 ad
1685 4899 1789 4950 set
1811 4894 1891 4950 sic

180 4992 383 5048 omnis
404 4991 578 5046 Israel
610 4990 797 5044 salvus
827 4988 1004 5043 ﬁeret.
1029 5008 1055 5039 ι)

251 5084 426 5137 Vens.
460 5081 650 5134 10-15.
684 5108 753 5121 -—
778 5099 806 5126 «ι
848 5076 1136 5133 Habitabis
1185 5075 1246 5130 in
1278 5078 1431 5129 terra
1477 5074 1701 5138 Gessen,
1724 5095 1749 5122 υ
1782 5078 1889 5128 etc.

182 5168 475 5240 (Histros)
536 5168 601 5223 In
658 5167 894 5222 Hebrmo
959 5165 1204 5220 habetur
1261 5166 1434 5218 Gosen
1486 5162 1683 5234 (st-iu).
1737 5161 1892 5217 Unde

182 5275 351 5315 error
425 5254 670 5312 increvit
731 5254 882 5327 quod
932 5257 1081 5308 terra
1138 5254 1345 5308 Gessen
1409 5251 1469 5305 in
1528 5251 1735 5307 Arabia
1801 5250 1893 5305 sit.

186 5349 389 5415 Porro,
422 5346 573 5401 sicut
594 5345 656 5399 in
698 5342 907 5398 nostris
952 5341 1241 5397 codicibus
1290 5344 1394 5407 est,
1441 5355 1545 5410 per
1578 5346 1895 5394 extremum

184 5453 237 5490 tu
294 5434 573 5491 scribitur
608 5434 860 5499 Gessem,
905 5431 1055 5501 quod
1098 5428 1242 5484 mihi
1305 5443 1670 5500 nequaquam
1712 5428 1899 5498 placet

190 5531 411 5581 terram
444 5522 772 5595 signiﬁcare
819 5518 1171 5590 complutam
1224 5518 1448 5571 Gessem
1497 5516 1649 5570 enim
1710 5514 1765 5568 in
1801 5517 1900 5567 im-

1985 3054 2127 3125 ejus,
2161 3057 2218 3108 et
2259 3054 2361 3125 qui
2416 3057 2677 3108 mortuus
2728 3052 3043 3121 videbatur,
3100 3054 3213 3109 ﬁde
3258 3057 3686 3112 resurrectionis

1986 3143 2192 3198 Christi
2221 3142 2552 3197 viviﬁcatur.
2585 3142 2830 3196 Vocatur
2882 3157 3018 3213 ergo
3046 3160 3079 3198 a
3115 3142 3247 3197 ﬁliis
3302 3145 3439 3211 suis,
3492 3146 3553 3201 id
3580 3151 3685 3213 est,

1985 3248 2017 3286 a
2048 3234 2237 3297 Petro,
2287 3230 2463 3285 Paulo
2536 3234 2595 3286 et
2650 3232 2888 3299 Joanne,
2949 3233 3199 3302 populus
3252 3234 3585 3288 Iudaeorum
3613 3235 3686 3289 ad

1983 3321 2246 3391 gratiam.
2308 3319 2564 3375 Occurrit
2608 3319 2693 3373 illi
2742 3320 2934 3389 Iudas,
2965 3320 3065 3391 qui
3117 3320 3523 3392 interpretatur
3559 3338 3684 3378 con-

1980 3411 2145 3477 fessio
2196 3408 2332 3479 quia
2383 3408 2656 3479 prsecedit
2713 3408 2993 3463 confessio
3056 3425 3199 3480 quos
3261 3415 3392 3465 ante
3445 3411 3687 3482 perﬁdia

1985 3497 2346 3568 possidebat:
2379 3502 2436 3551 et
2464 3497 2543 3551 sic
2581 3498 2813 3567 Ioseph,
2863 3496 2919 3551 id
2949 3502 3032 3551 est
3090 3498 3365 3565 Christus,
3417 3501 3681 3567 occurrit,

1984 3586 2082 3656 qui
2112 3602 2306 3640 senem
2329 3586 2451 3657 jam
2481 3590 2646 3641 astate
2680 3585 2949 3657 suscipiat
2977 3585 3181 3641 ultimo
3214 3592 3472 3658 tempore
3498 3605 3685 3660 popu-

1983 3673 2104 3729 lum
2133 3675 2485 3742 Iudaeorum,
2521 3690 2638 3729 non
2686 3674 2999 3729 secundum
3049 3674 3272 3743 merita,
3330 3676 3430 3731 sed
3477 3693 3686 3732 secun-

1984 3762 2121 3817 dum
2143 3763 2479 3818 electionem
2539 3762 2759 3834 gratiae,
2816 3768 2875 3818 et
2924 3762 3184 3835 imponat
3224 3780 3462 3821 manum
3516 3782 3688 3837 super

1988 3852 2185 3907 oculos
2213 3852 2356 3923 ejus,
2389 3857 2446 3907 et
2475 3852 2788 3907 caecitatem
2830 3851 3051 3906 auferat
3082 3869 3095 3919 ;
3155 3853 3308 3921 quod
3344 3853 3585 3919 distulit,
3628 3859 3690 3909 ut

1984 3944 2311 4014 postremus
2340 3939 2616 4003 crederet,
2676 3940 2774 4010 qui
2833 3944 2964 3995 ante
3014 3955 3133 3994 non
3163 3940 3383 4010 putavit
3408 3957 3525 3996 csse
3574 3958 3691 3997 crc-

1985 4027 2258 4082 dendum.
2292 4026 2452 4082 Unde
2478 4027 2550 4081 ad
2578 4028 2865 4081 Romanos
2894 4027 3196 4081 undecimo
3225 4027 3409 4097 capite
3434 4046 3447 4083 :
3479 4050 3507 4078 n
3547 4030 3691 4093 Quia

1986 4116 2210 4172 caecitas
2234 4131 2300 4171 ex
2332 4120 2494 4186 parte
2522 4114 2583 4170 iu
2610 4116 2779 4170 Israel
2811 4115 2955 4170 facta
2998 4120 3101 4185 est,
3156 4116 3338 4171 donec
3395 4117 3689 4187 plenitudo

1988 4205 2248 4278 gentium
2278 4204 2537 4265 intraret.
2572 4209 2630 4260 et
2658 4204 2738 4259 sic
2767 4205 2952 4259 omnis
3001 4205 3170 4260 Israel
3215 4208 3399 4260 salvus
3444 4206 3625 4261 ﬁeret.
3666 4229 3689 4255 ››

2676 4346 2899 4401 CAPUT
2926 4347 3099 4401 XLVI.

2064 4454 2224 4508 Vens.
2252 4456 2430 4507 26.—
2462 4474 2488 4502 α
2524 4452 2750 4507 Cunctae
2797 4453 3002 4507 animm
3059 4469 3187 4524 qua:
3239 4454 3509 4524 ingressa:
3564 4470 3699 4519 sunt

1996 4566 2023 4593 ‹‹
2056 4559 2186 4597 cum
2212 4544 2381 4599 Iacob
2413 4542 2471 4596 in
2527 4543 2852 4613 lEgyptum,
2888 4563 2914 4590 »
2976 4547 3081 4597 etc.
3134 4543 3319 4614 (Anc.)
3381 4545 3694 4601 Videndum

1994 4638 2078 4686 est
2108 4630 2245 4701 quid
2281 4629 2695 4700 respondeatur
2752 4629 2832 4683 eis
2881 4629 2981 4701 qui
3014 4630 3121 4683 hoc
3177 4631 3506 4686 testimonio
3560 4649 3696 4688 con—

1997 4720 2284 4776 tlrmant'a
2311 4718 2643 4790 parentibus
2677 4718 2895 4772 animas
2924 4734 3053 4773 cum
3103 4718 3439 4789 corporibus
3494 4737 3697 4792 propa-

1998 4808 2149 4881 gari:
2206 4807 2427 4862 animas
2474 4806 2627 4861 enim
2686 4805 2863 4861 dictas
2917 4822 3022 4877 pro
3074 4805 3483 4875 hominihus,a
3538 4814 3700 4879 parte

1997 4902 2179 4952 totum
2206 4895 2452 4967 ﬁgurata
2494 4894 2805 4963 locutione,
2866 4896 3059 4950 nullus
3110 4894 3372 4966 ambigit.
3429 4896 3540 4952 Sed
3563 4914 3703 4968 quo-

2001 4984 2169 5041 modo
2198 4984 2379 5056 ipsam
2418 4987 2661 5055 partem,
2692 4982 2750 5038 id
2805 4988 2892 5037 est
2946 4983 3197 5037 animam
3254 4984 3416 5055 cujus
3469 4987 3702 5041 nomine

2000 5079 2155 5129 totus
2200 5073 2374 5128 homo
2427 5072 2777 5143 signiﬁcatus
2835 5076 2939 5138 est,
3000 5072 3316 5132 alienamus
3338 5074 3406 5127 ab
3457 5090 3523 5129 eo
3550 5076 3705 5147 quod

2002 5162 2215 5217 dictum
2238 5165 2340 5229 est,
2375 5182 2402 5210 α
2435 5160 2691 5214 exierunt
2745 5159 2813 5213 de
2865 5158 3180 5214 femoribus
3234 5162 3381 5233 ejus,
3416 5184 3442 5211 »
3497 5169 3562 5219 ut
3582 5181 3704 5218 car—

2004 5266 2105 5305 nes
2127 5264 2192 5303 ex
2220 5248 2317 5303 illo
2346 5251 2571 5302 tantum
2604 5250 2766 5301 natas
2797 5246 3078 5319 (quamvis
3104 5249 3241 5304 solas
3269 5250 3477 5305 anima:
3517 5252 3704 5305 nomi-

2006 5338 2236 5407 nentur)
2268 5335 2633 5406 accipiamus,
2665 5334 2962 5405 qurerendi
2992 5339 3123 5391 sunt
3154 5336 3308 5391 modi
3353 5337 3705 5393 locutionum

2006 5425 2065 5481 in
2095 5423 2423 5496 Scripturis.

2081 5514 2237 5566 Vens.
2274 5516 2362 5567 27.
2393 5540 2461 5553 -—
2496 5532 2522 5564 (ι
2550 5512 2676 5569 Filii
2705 5516 2896 5567 autem
2945 5514 3171 5584 Ioseph,
3211 5537 3230 5563 ι
3292 5521 3394 5569 etc.
3452 5516 3705 5586 (Ilienozv.
