4050 6188
362 290 458 341 175

966 287 1355 343 WALAFRIDI
1395 288 1641 345 STRABI
1684 289 1880 345 FULD.
1928 289 2283 362 MON.;OPP.
2336 291 2510 346 PARS
2551 290 2591 344 l.
2633 322 2699 329 ——
2739 291 3189 347 'l‘llEOLOGlCA.

3746 298 3840 351 176

351 415 546 480 Quasi.
602 409 787 477 Hebr.,
840 412 979 463 tom.
1064 408 1186 479 Ill.)
1260 410 1468 465 Omnes
1549 410 1754 466 anima:
1835 411 2039 466 domus
2078 410 2125 467 A
2156 416 2310 482 tuus,
2342 413 2443 486 qui
2470 413 2639 468 eduxi
2669 417 2725 468 te
2755 413 2823 468 de
2854 415 3117 484 Egypto,
3154 412 3224 468 de
3280 412 3453 467 domo
3511 414 3817 483 servitutis,
3848 434 3879 470 ›

351 502 543 567 Iacob,
594 515 762 570 usque
819 499 893 553 ad
969 498 1100 553 licet
1170 497 1428 569 plerique
1516 499 1743 554 tradant
1824 500 2051 569 Lucam,

351 596 413 646 ut
439 590 809 662 proselytum,
847 586 1107 642 Hebraaas
1132 586 1346 642 litteras
1374 587 1686 656 ignorasse.

424 680 583 733 Vens.
615 679 795 732 28-31.
824 704 892 717 --
915 696 942 725 ‹‹
970 674 1114 730 Misit
1139 678 1329 729 autem
1358 676 1585 746 Iudam,
1618 695 1645 726 ››
1679 680 1784 732 etc.
1848 678 2053 747 (Hilam,

352 767 510 837 ibid.)
542 767 746 820 Iudam
773 780 905 819 vero
938 764 1094 819 misit
1122 769 1254 818 ante
1283 779 1341 817 se
1363 764 1432 818 ad
1460 765 1686 836 Ioseph,
1731 770 1861 832 etc.,
1885 782 2054 836 usque

351 855 426 911 ad
452 869 666 926 pagum
693 856 1045 924 Arsenoyten
1075 851 1154 906 sic
1209 851 1343 907 olim
1418 858 1680 908 vocatum
1733 858 2050 909 autumant'

423 945 583 998 Vens.
638 942 829 997 32-34.
881 961 997 990 —«
1057 941 1123 995 Et
1182 944 1314 994 sunt
1353 940 1461 995 viri
1545 946 1819 1013 pastores,
1856 963 1882 991 »
1943 946 2048 996 etc.

350 1035 489 1087 Anc.
519 1034 582 1103 ρ.
609 1034 669 1085 in
700 1031 859 1097 Gen.,
895 1034 1036 1084 tom.
1070 1028 1184 1099 Ill.)
1219 1028 1672 1085 Commendatur
1707 1030 1767 1085 in
1809 1032 2052 1103 patriar-

350 1121 489 1189 chis,
535 1119 691 1192 quod
765 1134 1037 1189 pecorum
1113 1118 1421 1174 nutritores
1500 1123 1662 1176 erant
1694 1137 1725 1174 a
1809 1120 2052 1191 pueritia

350 1226 470 1275 sua,
505 1213 633 1275 etc.,
667 1222 835 1277 usque
863 1206 938 1261 ml
996 1206 1055 1261 in
1110 1206 1221 1261 fine
1268 1208 1520 1262 habituri
1567 1208 2049 1263 ordinatissimam

350 1300 407 1349 et
433 1296 839 1367 sempiternam
870 1294 1218 1350 felicitatem.

959 1436 1182 1492 CAPUT
1219 1436 1427 1491 XLVII.

421 1563 582 1616 Vens.
639 1564 692 1627 9,
747 1563 830 1614 lO.
912 1591 979 1599 —

350 1653 510 1723 (AUG.
545 1650 605 1717 Ο.
638 1652 697 1704 in
728 1650 881 1715 Gem,
906 1653 1044 1703 tom.
1074 1649 1192 1719 ΙΙΙ.)
1219 1647 1367 1712 Quid
1400 1652 1484 1703 est
1514 1649 1669 1719 quod
1718 1649 1853 1705 dicit
1881 1652 2049 1706 Iacob

349 1739 654 1806 Pharaoni,
679 1742 822 1807 etc.,
878 1753 1046 1806 usque
1097 1737 1171 1792 ad
1226 1753 1340 1791 non
1396 1741 1629 1792 manent
1685 1738 1745 1792 in
1766 1737 1938 1794 domo
1992 1741 2051 1794 in

350 1834 651 1884 aeternum.

419 1919 581 1972 Vens.
617 1919 701 1970 ll.
735 1944 803 1955 —
838 1937 865 1963 ι(
892 1914 1099 1985 Ioseph
1128 1929 1258 1968 vero
1286 1913 1444 1985 patri
1474 1918 1530 1969 et
1575 1914 1847 1970 fratribus
1890 1915 2047 1970 suis..

354 2026 375 2055 ο
406 2007 691 2060 Ramesse.
732 2022 759 2055 n
789 2003 1169 2068 Quaerendum
1200 2007 1283 2057 est
1310 2007 1509 2058 utrum
1545 2007 1696 2058 terra
1760 2006 2052 2059 Ramesses

348 2095 472 2164 ipsa
503 2093 577 2147 sit
628 2092 884 2147 Gessen:
942 2091 1091 2146 hanc
1143 2091 1294 2146 enim
1339 2091 1645 2163 petierant,
1718 2097 1774 2147 et
1831 2092 2050 2148 Pharao

348 2185 697 2254 praeceperat
730 2180 873 2234 dari.

420 2269 598 2339 (lsm.)
656 2269 981 2337 Allegorice.
1021 2267 1276 2323 Tradidit
1334 2268 1540 2339 Ioseph
1622 2268 1771 2339 patri
1820 2273 1877 2323 et
1930 2269 2049 2324 fra-

347 2358 527 2413 tribus
555 2357 834 2428 optimam
862 2361 1075 2412 terram
1105 2358 1337 2425 Gessen,
1387 2356 1650 2429 praebens
1682 2356 1765 2411 eis
1835 2357 2051 2412 cibaria

348 2445 479 2517 quia
510 2444 687 2499 fames
715 2448 928 2499 terram
951 2448 1311 2515 oppresserat
1341 2460 1355 2499 :
1408 2444 1488 2499 sic
1537 2450 1595 2499 et
1648 2444 1925 2500 Dominus
1953 2461 2050 2516 pa-

1041 1582 1062 1609 ι
1116 1558 1247 1613 Dies
1304 1558 1808 1629 peregrinationis,
1855 1582 1882 1611 »
1941 1566 2046 1617 etc.

347 2533 623 2602 rentibus,
650 2531 711 2587 id
740 2535 824 2586 est
846 2531 1184 2603 patriarchis
1237 2537 1295 2587 et
1352 2532 1667 2604 praphetis,
1725 2550 1789 2587 ex
1839 2533 2047 2605 quibus

344 2628 430 2677 est
478 2620 793 2677 secundum
846 2636 1100 2691 carnem,
1164 2621 1280 2676 sive
1332 2622 1601 2677 omnibus
1686 2621 1914 2689 sanctis,
1976 2623 2045 2677 de

344 2710 552 2783 quibus
625 2710 688 2765 in
766 2710 1071 2781 Evangelio
1132 2709 1268 2765 dicit
1321 2711 1513 2765 Matth.
1568 2726 1661 2764 Ii:
1722 2733 1746 2758 κ
1811 2711 1877 2765 Hi
1912 2716 2047 2765 sunt

343 2801 544 2856 fratres
568 2800 704 2866 mei,
751 2799 852 2871 qui
906 2798 1125 2854 faciunt
1170 2799 1529 2853 voluntatem
1589 2800 1769 2854 Patris
1829 2799 1962 2860 mei,
2012 2819 2041 2852 ν

341 2889 430 2944 his
449 2890 548 2944 dat
567 2893 777 2943 terram
809 2887 1109 2959 optimam,
1141 2887 1209 2942 de
1240 2903 1353 2959 qua
1410 2888 1623 2943 dicitur
1678 2888 1821 2959 psal.
1851 2903 1986 2943 xxvt
2027 2906 2039 2943 :

345 2997 374 3030 α
407 2978 587 3035 Credo
618 2977 805 3032 videre
832 2976 983 3032 bona
1024 2976 1253 3032 Domini
1316 2976 1379 3031 in
1434 2980 1587 3031 terra
1638 2976 1980 3033 viventium.
2009 2993 2040 3029 ι)
2071 3009 2110 3064 C

433 3068 593 3123 Vens.
656 3069 834 3122 12-15.
900 3096 968 3106 ——
1001 3085 1025 3116 ι
1088 3065 1351 3120 Ρτωὴθῑιδ
1406 3064 1646 3133 cibaria,
1707 3064 1971 3137 singulis,
2008 3084 2037 3115 ι

344 3160 451 3211 etc.
485 3155 821 3211 Metiebatur
851 3153 1105 3209 triticum
1135 3153 1285 3224 patri
1314 3169 1417 3208 suo
1444 3154 1673 3224 Ioseph,
1705 3169 1810 3208 nec
1850 3159 2044 3208 tamen

344 3261 475 3299 eum
506 3247 667 3315 pater
721 3244 949 3315 quando
1002 3242 1163 3311 vidit,
1204 3258 1309 3296 nec
1367 3242 1598 3312 quando
1648 3242 1901 3296 triticum
1959 3258 2045 3297 ac-

340 3334 512 3404 cepit,
529 3332 785 3386 adoravit
818 3348 830 3384 :
862 3331 1151 3402 quomodo
1199 3346 1335 3400 ergo
1380 3330 1667 3384 somnium
1742 3331 2045 3401 impletum

340 3427 633 3493 putamus,
668 3419 779 3473 nisi
808 3419 1043 3489 majoris
1071 3418 1154 3472 rei
1185 3418 1475 3473 contineat
1526 3419 1906 3490 prophetiam.

411 3511 572 3564 Vens.
611 3510 934 3562 l6-l9.—«
979 3505 1256 3560 Adducite
1304 3522 1511 3577 pecora
1564 3511 1774 3571 vestra,
1801 3511 1856 3561 et
1896 3507 2042 3562 dabo

344 3619 370 3651 α
403 3598 578 3665 vobis,
611 3614 640 3650 ι)
670 3601 774 3651 etc.
802 3594 1109 3663 Quaeritur,
1160 3610 1291 3649 cum
1346 3595 1557 3667 Ioseph
1607 3595 1897 3650 frumenta
1930 3597 2042 3651 col-

340 3688 564 3759 ligeret,
601 3685 752 3741 unde
802 3683 1066 3739 homines
1123 3683 1393 3751 viverent,
1448 3700 1655 3754 pecora
1708 3684 1861 3739 unde
1891 3685 2042 3740 vive-

338 3778 497 3843 bant,
529 3793 661 3831 cum
711 3780 870 3830 tanta
922 3774 1100 3829 fames
1148 3772 1499 3841 iuvaluisset,
1560 3778 1616 3829 et
1695 3773 1900 3829 fratres
1947 3775 2042 3828 Jo-

339 3864 481 3936 seph
502 3864 782 3921 Pharaoni
815 3862 1117 3917 dixerunt:
1149 3878 1175 3914 ι
1239 3863 1361 3917 Non
1420 3866 1554 3918 sunt
1598 3878 1810 3934 pascua
1865 3879 2042 3935 peco-

337 3953 494 4008 ribus
552 3968 865 4025 puerorum
912 3954 1206 4017 tuorum,»
1296 3955 1403 4006 etc.
1454 3951 1511 4006 Si
1561 3967 1698 4023 ergo
1759 3968 1825 4005 ea
1882 3952 2032 4007 fame

338 4059 548 4115 pascua
572 4042 895 4096 defecerant
923 4040 984 4093 in
1020 4044 1173 4093 terra
1230 4040 1520 4107 Chanaan,
1550 4055 1651 4094 cur
1697 4040 1755 4093 in
1799 4041 2038 4110 Egypto

336 4148 453 4187 non
507 4130 845 4196 defecerant,
905 4143 1036 4183 cum
1088 4128 1290 4183 eadem
1339 4128 1519 4183 fames
1570 4132 1717 4183 esset
1787 4128 2038 4199 ubique?

336 4224 443 4285 An,
477 4220 621 4274 sicut
648 4218 980 4290 perhibetur
1007 4218 1079 4272 ab
1109 4216 1190 4271 eis
1217 4217 1454 4288 quiloca
1488 4216 1695 4283 sciunt,
1728 4217 1786 4271 in
1842 4216 2039 4271 multis

338 4307 562 4381 Egypti
585 4307 892 4379 paludibus
923 4310 1189 4378 poterant
1217 4321 1427 4377 pascua
1456 4321 1571 4359 non
1621 4305 1833 4371 deesse,
1868 4306 2037 4360 etiam

338 4416 469 4454 cum
521 4398 699 4452 fames
758 4399 903 4451 esset
959 4394 1401 4461 frumentorum,
1474 4409 1604 4465 quas
1681 4394 1863 4447 solent
1926 4395 2037 4448 Nili

340 4487 713 4542 inundatione
745 4484 1093 4556 provenire:
1147 4484 1413 4538 dicuntur
1467 4482 1582 4537 illa;
1659 4482 1894 4554 paludes
1955 4482 2036 4536 fe-

337 4576 520 4631 racius
551 4590 758 4646 pascua
788 4573 1045 4645 gignere,
1080 4571 1309 4644 quando
1362 4586 1509 4643 aqua
1559 4570 1667 4625 Nili
1698 4569 1889 4624 minus
1937 4584 2036 4622 ex—

337 4663 554 4718 crescit.

406 4754 568 4807 Vsas.
596 4752 685 4818 20,
717 4754 802 4805 2t.
832 4779 900 4791 —
933 4768 958 4801 α
986 4747 1138 4803 Emit
1182 4746 1377 4819 igitur,
1410 4769 1430 4796 ιι
1463 4750 1567 4801 etc.
1624 4747 1751 4801 Non
1812 4745 2035 4816 injusti-

336 4842 429 4896 tiae
461 4841 547 4896 vel
575 4838 894 4911 iniquitatis
923 4838 1184 4908 arguitur
1228 4835 1454 4906 Ioseph,
1487 4849 1617 4889 cum
1674 4834 1845 4888 etiam
1901 4833 2038 4888 tide-

334 4931 465 4986 litas
497 4930 620 5000 ejus
652 4928 782 4983 inde
814 4925 1267 4991 commendetur,
1318 4923 1454 4995 quia
1510 4922 1725 4977 nullius
1777 4938 2035 4992 persona:

333 5017 575 5089 gratiam
608 5013 875 5084 suscepit,
906 5012 1002 5067 sed
1024 5012 1189 5083 juxta
1243 5008 1516 5081 emptoris
1564 5009 1815 5081 pretium
1871 5025 2033 5080 aequo

334 5106 638 5162 libramine
666 5101 1007 5173 repensavit.

404 5194 632 5265 Mystice
687 5196 876 5247 autem
926 5189 1208 5261 significat
1261 5202 1460 5242 omnes
1516 5186 1615 5258 qui
1685 5186 1741 5241 in
1790 5186 2033 5257 spiritali

332 5286 571 5355 rEgypto
601 5285 735 5335 sunt
761 5283 818 5334 et
843 5279 965 5351 ejus
992 5294 1124 5350 opes
1153 5276 1434 5345 ambiunt,
1484 5291 1673 5331 servos
1730 5291 1867 5329 esse.
1903 5275 2032 5330 Nul-

332 5375 421 5429 lus
446 5377 532 5426 est
557 5369 712 5426 enim
741 5368 885 5423 liber
908 5368 1223 5438 Egyptius,
1256 5365 1355 5438 qui
1395 5365 1637 5421 carnalis
1696 5369 1798 5433 est,
1831 5368 1888 5419 et
1943 5380 2032 5418 ve-

331 5460 621 5517 nundatus
641 5458 745 5514 sub
766 5461 997 5529 peccato
1023 5476 1037 5524 ;
1063 5456 1279 5511 Pharao
1300 5455 1451 5510 enim
1476 5470 1573 5509 eos
1594 5454 1861 5525 subjecit;
1880 5452 2030 5508 unde

329 5552 564 5607 fortasse
594 5547 803 5604 dicitur
834 5545 998 5603 Exod.
1032 5562 1099 5601 xx
1135 5561 1147 5599 :
1186 5565 1211 5597 ιι
1237 5546 1348 5616 Ego
1371 5560 1497 5599 sum
1561 5542 1834 5597 Dominus
1884 5542 2029 5597 Deus

2166 501 2323 557 Unde
2380 503 2546 557 Rom.
2606 518 2668 556 vr
2702 521 2718 557 :
2754 521 2781 554 α
2818 503 2941 557 Non
3000 507 3200 573 regnet
3246 506 3537 573 peccatum
3583 502 3644 556 in
3695 509 3880 559 vestro

2165 589 2391 644 mortali
2441 605 2699 660 corpore.
2735 610 2757 638 ι
2814 595 2921 644 etc.
2978 590 3045 644 Et
3094 589 3357 644 ibidem:
3395 610 3423 641 α
3504 590 3662 645 Servi
3742 592 3879 646 estis

2164 679 2286 749 ejus
2314 678 2714 745 cuiobedistis,
2748 677 2865 732 sive
2919 678 3135 749 peccati
3160 678 3219 733 in
3266 682 3532 745 mortem,
3568 678 3681 733 sive
3735 679 3877 735 obe-

2165 764 2397 820 ditionis
2426 765 2496 819 ad
2546 764 2906 835 justitiam.»
2965 765 3212 835 Egyptii
3259 770 3450 819 autem
3502 765 3777 820 violenter
3806 766 3867 821 in

2163 853 2493 907 servitutem
2546 851 2755 907 redacti
2821 857 2972 920 sunt,
3039 852 3256 907 Hebraei
3309 868 3442 907 vero
3503 853 3777 908 violenter
3805 853 3869 909 in

2163 940 2477 997 servitium.
2526 941 2915 996 Vendiderunt
2964 946 3155 996 autem
3213 940 3459 1012 Egyptii
3512 942 3871 1012 semetipsos,

2164 1045 2267 1083 nec
2296 1029 2699 1101 dispensatoris
2752 1029 2922 1100 culpa
2973 1033 3077 1098 est,
3127 1030 3227 1083 ubi
3258 1029 3433 1100 digna
3491 1034 3880 1101 repensantur

2160 1133 2267 1188 pro
2298 1118 2536 1175 meritis.
2573 1119 2686 1173 Hoc
2715 1122 2772 1173 et
2814 1118 3020 1172 Paulus
3073 1117 3220 1185 fecit,
3267 1134 3397 1172 cum
3424 1118 3588 1173 illum
3647 1119 3746 1191 qni
3779 1119 3869 1172 in-

2159 1204 2365 1276 dignus
2393 1221 2633 1261 numero
2666 1209 2992 1260 sanctorum
3024 1207 3109 1261 vel
3143 1206 3426 1260 consortio
3475 1206 3603 1274 fuit,
3647 1208 3870 1262 Satanae

2158 1294 2330 1349 tradit
2360 1296 2403 1364 (Ι
2461 1296 2580 1351 Cor.
2615 1296 2691 1363 v).
2752 1296 2932 1349 Nemo
2986 1310 3124 1365 ergo
3183 1294 3334 1349 dicat
3381 1295 3620 1349 Paulum
3676 1295 3879 1350 durius

2163 1382 2363 1454 egisse,
2398 1383 2497 1453 qui
2526 1382 2818 1437 hominem
2840 1383 2910 1438 de
2963 1382 3207 1437 Ecclesia
3263 1382 3447 1453 ejecit,
3498 1388 3562 1438 ut
3607 1384 3877 1455 expulsus

2162 1471 2402 1527 disceret
2443 1487 2561 1527 non
2616 1472 3044 1543 blasphemare:
3095 1470 3346 1526 hominis
3389 1471 3544 1526 enim
3603 1472 3871 1527 voluntas

2163 1564 2249 1616 est
2276 1560 2496 1633 iniqua,
2527 1576 2658 1615 cum
2697 1577 2897 1616 amans
2940 1566 3171 1616 terrena
3224 1560 3464 1631 despicit
3517 1561 3791 1627 caelestia,
3818 1567 3875 1615 et

2162 1655 2395 1722 prepter
2441 1650 2735 1707 avaritiam
2796 1666 2857 1705 se
2936 1649 3162 1718 subjicit
3220 1650 3467 1704 diabolo.
3533 1648 3630 1704 Dei
3680 1653 3872 1704 autem

2096 1720 2133 1775 Β
2164 1720 2466 1810 permissio
2489 1744 2574 1795 est
2594 1740 2767 1810 justa,
2801 1754 2931 1793 cum
2958 1755 3089 1793 eum
3139 1738 3239 1810 qui
3286 1754 3560 1809 spernens
3608 1738 3878 1814 meliora,

2162 1828 2337 1899 elegit
2363 1828 2580 1899 pejora,
2626 1828 2863 1883 dimittit
2893 1827 3128 1882 arbitrio
3189 1843 3294 1882 suo
3342 1831 3404 1882 ut
3458 1827 3637 1883 cadat.
3670 1846 3699 1878 α
3729 1828 3879 1883 Emit

2161 1916 2357 1987 igitur,
2392 1936 2418 1969 ι)
2444 1921 2549 1972 etc.
2584 1916 2900 1987 Allegorice
2934 1917 3149 1987 emptio
3199 1917 3429 1988 Ioseph,
3464 1917 3564 1988 qui
3612 1915 3875 1988 frugibus

2160 2005 2299 2060 emit
2318 2011 2530 2061 terram
2559 2005 2800 2077 Egypti,
2855 2005 3140 2076 significat
3192 2006 3480 2061 Christum
3530 2005 3786 2060 doctrina
3816 2022 3877 2073 et

2160 2095 2457 2165 sanguinis
2506 2095 2690 2166 pretio
2748 2094 3028 2149 redimere
3093 2095 3392 2149 mundum.
3454 2095 3614 2159 Quod
3673 2099 3870 2150 autem

2160 2182 2330 2238 dicit:
2369 2203 2391 2233 ι
2424 2183 2673 2255 Accipite
2712 2182 2953 2250 semina,
2986 2186 3045 2238 et
3098 2182 3268 2238 serite
3325 2199 3494 2254 agros
3551 2188 3619 2238 ut
3671 2184 3868 2255 fruges

2156 2270 2368 2327 habere
2395 2271 2646 2343 possitis,
2677 2291 2706 2324 ι)
2751 2276 2883 2338 etc.,
2937 2286 3133 2326 semen
3180 2275 3265 2326 est
3305 2271 3540 2327 verbum
3594 2271 3714 2339 Dei,
3743 2273 3871 2343 agri

2157 2376 2394 2431 corpora
2423 2377 2553 2432 qua:
2586 2376 2818 2415 vomere
2870 2359 3197 2431 evangelica
3229 2365 3479 2429 exarata,
3524 2364 3581 2416 et
3638 2361 3861 2417 semine

2157 2448 2441 2521 spirituali
2500 2448 2801 2515 seminata,
2873 2448 3123 2504 fructum
3185 2449 3462 2505 virtutum
3509 2449 3854 2520 germinant.

2156 2538 2366 2604 Quinta
2409 2554 2564 2609 pars,
2614 2554 2743 2610 quae
2796 2538 2920 2610 regi
2977 2537 3238 2603 dabatur,
3288 2537 3546 2610 quinque
3592 2554 3868 2595 sensuum

2155 2642 2376 2693 census,
2401 2626 2502 2698 qui
2532 2627 2755 2682 Christo
2778 2627 2898 2698 regi
2941 2626 3263 2681 solvendus.
3314 2626 3570 2691 Quatuor
3624 2628 3865 2699 reliquas

2154 2714 2215 2769 in
2266 2720 2579 2770 sementem
2637 2720 2695 2769 et
2749 2715 2904 2770 cibos
2949 2715 3375 2786 possessoribus
3429 2717 3871 2787 permittuntur,

2154 2804 2290 2875 quia
2341 2803 2577 2859 actualis
2632 2803 2765 2858 vitae
2834 2819 2971 2858 usus
3032 2803 3342 2875 unicuique
3397 2805 3744 2873 conceditur,
3805 2812 3881 2860 ut
3937 2796 3948 2807 ’

2155 2892 2397 2947 seminet
2424 2893 2699 2948 virtutum
2746 2908 2938 2963 opera,
2965 2896 3022 2947 et
3060 2892 3275 2946 fructus
3320 2892 3558 2964 justitiai
3611 2898 3787 2948 metat
3805 2894 3876 2950 in

2155 2978 2326 3033 vitam
2349 2982 2640 3047 mternam,
2670 2978 2825 3051 quia
2871 2977 3092 3032 Christo
3152 2977 3318 3032 nobis
3357 2976 3645 3033 tribuitur.
3710 2979 3877 3034 Unde

2150 3067 2361 3138 Ioseph
2400 3067 2651 3123 dicitur:
2688 3086 2714 3119 ι
2770 3067 2935 3123 Salus
2981 3070 3177 3122 nostra
3224 3066 3285 3121 in
3330 3082 3506 3123 manu
3546 3071 3644 3122 tua
3696 3072 3800 3135 est,
3840 3090 3866 3118 ο

2152 3155 2289 3227 quia
2318 3156 2469 3210 salus
2513 3155 2715 3210 mundi
2744 3155 2803 3210 in
2825 3160 3102 3226 potestate
3123 3155 3353 3210 Christi.

2225 3262 2384 3315 Vens.
2461 3262 2643 3316 22-28.
2700 3292 2761 3301 —
2809 3281 2836 3313 ι(
2885 3262 3099 3316 Praater
3169 3266 3380 3317 terram
3436 3262 3871 3332 sacerdotum,»

2151 3352 2255 3403 etc.
2290 3350 2401 3403 Hoc
2430 3348 2734 3420 significat,
2768 3349 3026 3404 Ecclesia:
3074 3355 3307 3416 terram,
3340 3350 3401 3404 in
3430 3367 3544 3422 qua
3586 3351 3702 3406 veri
3732 3363 3875 3413 sunt

2151 3438 2488 3505 sacerdotes,
2549 3438 2785 3493 liberam
2836 3454 2957 3493 esse
3014 3454 3047 3493 a
3107 3454 3281 3493 censu
3348 3440 3658 3507 mundano,
3725 3458 3867 3512 quae

2150 3527 2323 3581 verbo
2375 3527 2565 3582 divino
2626 3526 3015 3581 indesinenter
3066 3526 3333 3599 pascitur,
3413 3543 3517 3583 nec
3584 3529 3867 3587 damnum

2150 3616 2314 3687 panis
2334 3615 2646 3687 spiritualis
2679 3615 2998 3671 sustinebit.

2223 3733 2381 3786 Vens.
2445 3733 2627 3800 29,30.
2687 3751 2813 3784 -α
2869 3732 3126 3803 Cumque
3200 3730 3661 3803 appropinquare
3731 3748 3863 3788 cer-

2153 3842 2180 3871 ‹‹
2210 3824 2372 3875 neret
2402 3819 2557 3874 diem
2577 3820 2777 3875 mortis
2798 3836 2940 3889 sum,
2993 3825 3130 3875 »etc.
3175 3819 3363 3891 (Avo,
3388 3819 3583 3885 Quasi.
3619 3822 3677 3873 in
3716 3822 3863 3875 Gen.

2149 3914 2285 3964 tom.
2319 3909 2441 3978 ΙΙΙ.)
2466 3908 2540 3962 Ea
2577 3907 2763 3962 filium
2780 3908 3070 3979 juratione
3113 3907 3476 3978 constringit,
3515 3912 3645 3976 etc.,
3689 3923 3867 3980 usque

2148 3995 2338 4067 adqui
2364 3996 2425 4050 in
2456 3995 2737 4067 baptismo
2764 3996 3031 4067 apparuit
3057 3997 3174 4051 fere
3194 3995 3486 4067 trigesimo
3542 4013 3711 4058 anno,

2187 4084 2199 4096 ’
2221 4113 2381 4167 Vens.
2416 4114 2518 4200 731.
2556 4141 2627 4153 —
2657 4134 2679 4162 ι
2739 4111 2861 4175 Quo
2905 4112 3157 4182 jurante.
3192 4132 3214 4200 ξ
3271 4114 3455 4179 (AUG.,
3491 4112 3589 4167 ubi
3635 4128 3864 4200 supra.)

2146 4199 2309 4264 Quod
2339 4199 2553 4254 habent
2584 4200 2766 4253 Latini
2794 4200 3036 4268 codices,
3058 4218 3088 4251 α
3137 4199 3404 4254 Adoravit
3450 4216 3624 4271 super
3679 4199 3859 4274 caput

2083 4290 2324 4360 Dvirgaa
2362 4288 2507 4359 ejus,
2539 4309 2562 4337 ι
2613 4288 2878 4343 nonnulli
2929 4287 3288 4342 emendatius
3348 4288 3598 4344 habent:
3648 4308 3677 4341 α
3736 4293 3859 4347 Ad-

2149 4375 2331 4430 oravit
2359 4391 2533 4446 super
2579 4382 2749 4447 caput
2792 4376 2966 4448 virgae
3012 4393 3150 4443 suae,
3225 4378 3315 4433 vel
3342 4378 3445 4432 «in
3499 4379 3681 4451 capite
3732 4381 3854 4434 vir-

2147 4480 2233 4534 gae
2288 4480 2470 4530 suae,»
2530 4464 2617 4519 vel
2650 4482 2679 4515 «ι
2733 4464 2794 4518 in
2832 4465 3147 4533 cacumine,
3208 4466 3297 4521 vel
3343 4482 3515 4538 super
3577 4482 3857 4524 cacumen

2146 4552 2321 4623 virga;
2350 4569 2487 4608 sua).
2526 4573 2553 4602 ι)
2585 4555 2648 4608 Et
2676 4553 2808 4608 ideo
2836 4555 3038 4610 merito
3067 4555 3345 4626 quaeritur
3390 4555 3529 4627 quid
3574 4555 3647 4610 sit
3690 4560 3855 4627 quod

2145 4642 2356 4697 dictum
2404 4648 2530 4709 est.,
2590 4658 2760 4714 usque
2808 4644 2884 4698 ad
2929 4643 3027 4699 ubi
3076 4644 3260 4715 ﬁgura
3308 4644 3386 4698 rei
3463 4644 3668 4699 futura:
3689 4660 3851 4714 prae-

2143 4729 2491 4801 signabatur.

2216 4836 2625 4906 (Hianon.)«Et
2678 4835 2937 4891 adoravit
2984 4836 3153 4892 Israel
3206 4841 3403 4891 contra
3456 4836 3852 4891 summitatem

2148 4924 2371 4994 «virga:
2410 4924 2553 4995 ejus.
2583 4945 2611 4973 »
2673 4924 2788 4979 Hoc
2848 4925 3023 4979 etiam
3062 4925 3121 4979 in
3171 4924 3294 4979 loco
3341 4924 3577 4998 quidam
3629 4924 3849 4979 frustra

2143 5010 2416 5066 simulant
2445 5011 2709 5067 adorasse
2734 5013 2904 5068 Iacob
2935 5012 3323 5068 summitatem
3359 5014 3565 5085 sceptri
3594 5013 3800 5085 Ioseph
3834 5032 3865 5068 ιν

2141 5099 2297 5171 quod
2344 5099 2555 5155 scilicet
2590 5100 2882 5155 honorans
2927 5100 3113 5155 tilium
3161 5104 3501 5171 potestatem
3546 5101 3700 5155 illius
3752 5102 3861 5156 ad-

2142 5187 2412 5254 oraverit,
2445 5204 2574 5243 cum
2614 5188 2672 5242 in
2714 5188 2950 5243 Hebrazo
2992 5188 3176 5244 multo
3232 5189 3401 5244 aliter
3455 5190 3674 5259 legatur
3704 5204 3754 5242 ει
3784 5188 3859 5242 Et

2139 5276 2397 5332 adoravit
2451 5276 2618 5331 Israel
2661 5276 2730 5331 ad
2774 5282 2945 5349 caput
2991 5276 3186 5332 lectuli
3220 5295 3235 5348 ;
3266 5297 3294 5329 ιι
3344 5277 3480 5348 quia
3541 5283 3855 5348 postquam

2134 5366 2348 5436 juravit
2367 5365 2603 5433 eitllius,
2639 5380 2872 5421 securus
2902 5365 2972 5420 de
3021 5366 3318 5437 petitione,
3369 5365 3622 5420 adoravit
3664 5366 3858 5421 Deum

2139 5468 2442 5508 conversus
2513 5453 2583 5509 ad
2638 5458 2808 5526 caput
2864 5453 3076 5510 lectuli.
3138 5454 3374 5510 Sanctus
3439 5453 3593 5509 enim
3650 5454 3739 5507 vir
3791 5462 3853 5511 et

2141 5540 2240 5597 Dei
2315 5540 2541 5598 deditus
2624 5547 2913 5598 senectute
3011 5558 3335 5614 oppressus.
3432 5543 3509 5598 sic
3593 5540 3859 5601 habebat
