4064 6186
186 308 275 357 m
1208 278 1211 283 “
1364 304 1611 360 cressa
1650 304 2053 363 onumanu.
2090 336 2153 343 ——
2197 307 2327 361 Lm.
2367 308 2527 362 ceu.

3594 318 3690 369 I78

178 426 450 480 lectulum
489 425 763 496 positum,
824 430 885 479 ut
937 425 1057 496 ipse
1091 424 1336 496 jacentis
1384 424 1613 480 habitus
1662 426 1875 497 absque
1905 426 1946 482 Β
1989 428 2146 483 Latet
2174 444 2310 499 ergo
2340 428 2428 483 hic
2458 431 2857 501 propheticum
2906 438 3353 501 sacramentum,
3406 434 3539 505 quia
3587 437 3688 489 Io-

181 515 288 569 ulla
315 514 658 569 difﬁcultate
689 514 762 569 ad
789 514 1109 569 orationem
1139 518 1288 569 esset
1313 518 1567 586 paratus.

794 656 1019 710 CAPUT
1044 656 1273 710 XLVIII.

241 782 409 835 Vens.
451 785 499 835 t.
534 812 601 820 —
640 802 663 831 ι
701 780 797 836 His
815 780 894 834 ita
923 780 1282 835 transactis...
1316 781 1624 852 assumptis
1658 780 1877 836 duobus

179 892 200 919 α
231 870 369 924 ﬁliis
400 870 663 925 Manasse
695 874 751 924 et
778 869 1069 941 Ephraim.
1108 888 1137 920 in
1171 868 1451 939 (menon)
1486 870 1552 923 Et
1580 870 1711 925 tulit
1737 871 1877 924 duos

174 959 316 1015 ﬁlios
347 974 569 1025 secum,
623 960 917 1014 Manassen
960 962 1017 1012 et
1061 956 1348 1029 Ephraim.
1395 959 1469 1012 Ex
1501 958 1607 1012 hoc
1641 963 1878 1029 apparet

172 1048 323 1119 quod
353 1064 537 1117 supra
563 1047 829 1113 diximus,
863 1045 996 1118 quia
1018 1045 1227 1116 Ioseph
1247 1045 1316 1100 ad
1345 1046 1405 1099 id
1448 1046 1699 1101 locorum
1734 1047 1875 1101 duos

172 1141 393 1191 tantum
422 1136 578 1191 ﬁlios
608 1136 827 1203 habuit,
862 1134 1131 1205 Ephraim
1163 1138 1218 1189 et
1242 1134 1560 1203 Manassen.
1595 1135 1650 1189 Si
1683 1141 1875 1190 autem

170 1230 292 1296 post
320 1226 544 1280 mnltos
588 1241 769 1279 annos
814 1224 1095 1279 moriente
1145 1223 1320 1278 Iacob
1353 1222 1495 1277 duos
1526 1228 1744 1279 tantum
1778 1225 1876 1279 du-

170 1316 245 1369 xit
269 1314 343 1369 ad
386 1313 873 1379 benedictionem,
928 1313 1027 1367 illo
1058 1302 1257 1384 utique
1288 1316 1547 1383 tempore
1578 1330 1708 1367 cum
1772 1314 1876 1369 lilii

168 1405 285 1475 ejus
323 1419 610 1474 generare
644 1402 1038 1474 nequiverant,
1093 1400 1319 1472 parvuli
1367 1406 1537 1473 amne
1578 1402 1871 1468 lactentes,

170 1494 223 1546 in
252 1493 521 1563 ingressu
555 1492 731 1564 patris
761 1496 817 1545 et
862 1491 1125 1557 fratrum,
1161 1493 1397 1560 nepotes
1427 1506 1491 1544 ex
1544 1490 1631 1544 his
1661 1490 1873 1545 habere

168 1598 277 1636 non
308 1580 524 1653 potuit.

1986 519 2127 588 seph
2171 518 2418 589 quadam
2472 519 2760 591 praecipua
2813 520 3229 592 significatione
3274 522 3558 577 Christum
3611 524 3685 577 si-

1986 608 2318 677 gnificavit:
2360 616 2417 666 et
2460 610 2512 663 ei
2560 608 2729 663 datur
2773 610 2871 663 illa
2924 614 3078 665 terra
3136 610 3231 665 ubi
3282 611 3473 666 obruit
3518 612 3686 667 Iacob

1986 698 2122 753 deos
2166 700 2384 755 alienos
2434 701 2588 769 (Gen.
2656 700 2840 769 xxxv),
2889 703 2954 753 ut
3021 699 3275 754 Christus
3335 700 3689 771 intelligatur

1984 802 2345 857 possessurus
2374 794 2570 860 gentes
2589 788 2697 842 diis
2726 793 2954 858 patrum
3002 804 3239 843 suorum
3285 789 3682 844 renuntiantes

1984 879 2043 930 et
2066 876 2124 931 in
2153 878 2441 934 Christum
2471 878 2788 933 credentes.

2618 1020 2842 1075 CAPUT
2872 1020 3045 1074 XLIX.

2054 1143 2264 1209 (Amm)
2313 1144 2371 1197 In
2422 1143 2915 1198 benedictionibus
2960 1144 3130 1198 Iacob
3194 1144 3432 1199 historia
3486 1149 3683 1201 tenen-

1981 1231 2073 1295 da,
2105 1237 2160 1286 et
2190 1233 2460 1303 allegoria
2508 1232 2945 1302 investiganda:
3001 1232 3241 1287 historia
3286 1233 3358 1287 de
3407 1232 3683 1287 divisione

1982 1324 2150 1374 terra:
2179 1320 2592 1391 promissionis,
2654 1320 2929 1391 allegoria
2989 1321 3059 1375 de
3115 1320 3339 1375 Christo
3388 1325 3445 1376 et
3496 1322 3680 1376 Eccle-

1982 1410 2086 1473 sia,
2122 1426 2250 1481 quas
2280 1410 2339 1463 in
2388 1409 2707 1465 novissimis
2744 1409 3101 1480 temporibus
3141 1411 3480 1476 revelanda;
3523 1410 3682 1482 prius

1980 1503 2171 1553 tamen
2202 1498 2456 1553 historia:
2482 1498 2853 1553 fundamenta
2882 1502 3013 1551 sunt
3035 1498 3319 1567 jacienda.

2053 1590 2214 1643 Vens.
2245 1588 2299 1654 3,
2331 1590 2383 1642 4.
2412 1619 2481 1627 -
2515 1606 2541 1639 α
2576 1588 2775 1642 Ruben
2808 1586 3231 1658 primogenitus
3280 1603 3459 1654 meus,
3495 1609 3520 1635 ››
3574 1590 3676 1640 etc.

233 1672 399 1725 Vens.
430 1672 547 1725 24.
593 1699 663 1709 —
719 1691 738 1717 ι
772 1668 880 1733 Qui
934 1667 1304 1735 confortatus,
1340 1688 1366 1718 ι)
1422 1673 1526 1722 etc.
1587 1667 1860 1737 alienos.)

2043 1677 2275 1742 Imaum,
2345 1680 2542 1748 Quaest.
2622 1678 2678 1730 in
2746 1678 2900 1745 Gen.)
2956 1676 3214 1731 «Ruben
3266 1676 3681 1746 primogenitus

166 1761 224 1815 Et
249 1758 611 1814 confortatus
647 1758 817 1812 Israel
852 1758 995 1813 sedit
1025 1773 1198 1827 super
1230 1757 1524 1813 lectulum.
1586 1759 1698 1812 Cur
1742 1758 1864 1812 LXX

167 1848 310 1903 idem
357 1847 605 1902 verbum
650 1846 817 1901 aliter
861 1851 1031 1918 atque
1094 1846 1262 1900 aliter
1309 1845 1595 1900 ediderint
1659 1846 1869 1912 nescio,

166 1937 252 1991 sed
310 1936 590 1991 audacter
639 1936 762 1990 dico
805 1936 959 2006 quod
1000 1934 1153 1989 idem
1188 1934 1423 1989 verbum
1472 1935 1669 1989 mittha
1724 1947 1870 1996 mer:

166 2026 310 2097 quod
385 2025 482 2079 hic
537 2026 791 2079 lectulum
845 2024 1280 2089 transtulerunt,
1344 2040 1517 2094 supra
1582 2024 1682 2078 ubi
1731 2025 1872 2078 dixit

166 2115 427 2169 adorasse
451 2114 650 2179 Iacob,
682 2116 896 2180 virgam
929 2112 1397 2167 nominaverunt.

224 2205 397 2258 Vens.
433 2207 489 2268 5,
523 2207 576 2256 6.
601 2232 670 2243 —
729 2223 757 2253 ι
788 2203 911 2257 Duo
964 2201 1143 2273 igitur
1174 2201 1278 2255 ﬁlii
1308 2201 1407 2272 qui
1460 2202 1598 2259 nati.
1660 2221 1687 2251 ιι
1736 2205 1866 2267 etc.,

163 2292 450 2359 (11121103.,
500 2296 701 2363 Quzst.
760 2293 819 2345 in
875 2293 1023 2360 Gen.)
1087 2292 1246 2345 Patet
1295 2290 1447 2362 quod
1510 2290 1870 2361 septuaginta

157 2381 373 2435 animae
404 2380 690 2451 ingressae
729 2383 865 2433 sunt
898 2380 958 2434 in
1001 2381 1331 2450 {Egyptum,
1390 2383 1519 2443 etc.,
1578 2395 1746 2448 usque
1796 2380 1870 2433 ad

158 2470 251 2525 sed
300 2470 363 2524 in
396 2468 589 2523 tribus
634 2468 908 2540 Ephraim
949 2472 1006 2522 et
1046 2468 1298 2523 Manasse
1332 2468 1496 2539 quasi
1526 2468 1867 2539 appendices

156 2558 576 2613 miscebuntur.

220 2648 390 2701 Vens.
420 2650 547 2701 7-H
580 2676 652 2685 —
688 2668 713 2694 ‹‹
747 2645 880 2701 Mihi
900 2646 1053 2700 enim
1081 2645 1309 2717 quando
1341 2645 1637 2701 veniebam
1661 2646 1729 2700 de
1755 2646 1863 2699 Me-

155 2758 175 2785 ι
204 2736 564 2806 sopotamia,
588 2739 815 2789 mortua
838 2735 1142 2790 cstRachel
1176 2740 1231 2789 et
1261 2734 1493 2804 sepelivi
1518 2751 1667 2797 eam,
1694 2756 1720 2784 ››
1755 2740 1861 2789 etc.

146 2825 355 2894 Ioseph
393 2825 562 2895 quasi
594 2823 871 2878 nescienti
900 2824 1112 2878 indicat
1144 2823 1239 2878 ubi
1272 2829 1327 2877 et
1357 2826 1585 2894 quando
1622 2830 1864 2877 matrem

148 2913 468 2983 sepelierit,
503 2912 652 2967 forte
681 2913 1017 2983 prophetice
1056 2928 1513 2967 commemorans
1551 2912 1633 2967 ibi
1678 2914 1866 2984 sepul-

141 3006 258 3054 tam
300 3017 430 3055 esse
468 3006 710 3054 matrem
742 2999 884 3070 ejus,
918 3000 1015 3053 ubi
1042 3006 1165 3055 erat
1212 3000 1470 3055 Christus
1514 3001 1852 3055 nasciturus.
1894 3003 1932 3057 C

211 3091 384 3143 Vens.
427 3093 610 3143 l'2-l5.
656 3119 722 3128 —
772 3110 799 3140 α
833 3090 1088 3159 Cumque
1136 3089 1357 3143 tulisset
1400 3105 1495 3143 eos
1534 3090 1745 3160 Ioseph
1788 3089 1857 3143 de

145 3202 168 3227 ς
203 3178 437 3249 gremio
478 3177 674 3249 patris,
711 3196 739 3229 ι)
772 3183 878 3233 etc.
910 3179 1060 3247 (ISID.
1094 3181 1149 3232 in
1183 3179 1336 3244 Gem,
1384 3182 1523 3232 tom.
1579 3178 1659 3248 V)
1704 3178 1859 3233 Sicut

143 3267 359 3321 factum
404 3272 496 3321 est
518 3267 579 3320 in
604 3268 745 3321 Esau
774 3271 831 3321 et
856 3268 1054 3329 Iacob,
1086 3267 1307 3321 dicente
1348 3268 1592 3321 Domino
1629 3284 1642 3320 :
1696 3287 1721 3317 ‹‹
1751 3268 1857 3321 Ma-

136 3356 229 3424 jor
266 3356 489 3410 serviet
540 3355 775 3421 minori,
815 3376 837 3404 ο
898 3355 977 3409 ita
1028 3361 1085 3410 et
1130 3356 1189 3410 in
1247 3356 1379 3409 ﬁliis
1433 3357 1663 3427 Ioseph,
1723 3362 1853 3421 etc.,

144 3460 309 3513 usque
342 3444 421 3496 ad
454 3447 513 3497 et
534 3443 830 3512 juniorem
864 3443 931 3497 de
964 3442 1193 3497 sinistro
1226 3443 1509 3497 dextrum.

211 3535 383 3587 Vens.
456 3535 650 3587 lli-2t.
708 3562 777 3572 —
838 3533 1191 3587 «Invocetur
1243 3549 1417 3603 super
1468 3549 1563 3587 eos
1642 3550 1853 3587 nomen

202 3637 428 3677 meum.
462 3643 491 3670 ››
526 3621 704 3689 (Αυο.)
737 3620 1055 3675 Notandum
1089 3638 1154 3675 ex
1203 3622 1311 3675 hoc
1343 3622 1462 3676 loco
1513 3638 1626 3675 non
1672 3624 1852 3675 solum

145 3710 602 3773 exaudilionem,
667 3709 760 3763 sed
819 3709 1236 3765 invocationem
1285 3710 1455 3765 etiam
1525 3711 1659 3779 dici,
1726 3726 1855 3781 quae

146 3814 257 3852 non
290 3798 420 3860 Dei,
454 3797 554 3851 sed
586 3797 889 3852 hominum
920 3803 1071 3852 sunt.

213 3886 392 3941 Vens.
422 3890 513 3941 22.
555 3916 613 3926 —
652 3906 679 3937 α
714 3888 796 3941 Do
826 3886 930 3940 tibi
972 3891 1191 3957 partem
1240 3904 1436 3949 unam,
1472 3912 1495 3934 υ
1547 3891 1651 3941 etc.
1702 3888 1853 3956 (Ilie-

147 3993 269 4030 nox.
309 3978 369 4029 in
402 3977 580 4041 ϐαι,
623 3979 765 4029 tom.
803 3975 920 4043 III.)
986 3998 1011 4023 ‹‹
1049 3977 1162 4047 Ego
1218 3976 1348 4030 dedi
1394 3976 1499 4030 tibi
1544 3975 1853 4031 Sichimam

146 4066 503 4135 praecipuam
535 4080 709 4134 super
738 4063 938 4118 fratres
969 4070 1118 4133 tuos,
1159 4081 1333 4135 quam
1380 4065 1573 4136 accepi
1616 4064 1686 4119 de
1732 4080 1851 4118 ma-

145 4153 313 4207 nibus
344 4152 815 4207 Amorrhaeorum
846 4152 907 4206 in
927 4153 1116 4223 gladio
1143 4169 1269 4207 meo
1292 4158 1347 4206 et
1366 4153 1591 4221 sagitta.
1623 4176 1649 4200 ‹‹
1672 4152 1850 4207 Sichi-

142 4257 235 4293 ma
258 4242 430 4311 juxta
450 4241 701 4295 Grmcam
725 4245 783 4294 et
804 4240 1060 4295 Latinam
1077 4241 1549 4295 consuetudinem
1570 4241 1848 4295 declinata

143 4334 244 4393 cst,
279 4334 419 4396 etc.,
454 4344 623 4398 usque
649 4329 723 4383 ad
750 4333 805 4383 et
836 4329 1183 4384 Mausoleum
1209 4329 1329 4400 ejus
1360 4328 1439 4383 ibi
1469 4345 1649 4401 usque
1680 4329 1849 4384 hodie
1875 4407 1877 4410 j

144 4417 420 4471 cernitur.

214 4504 412 4573 (Αυῡ.)
441 4502 599 4566 Quod
634 4504 939 4558 Sichimam
991 4504 1127 4559 dicit
1176 4505 1344 4559 Iacob
1394 4504 1745 4575 prmcipuam
1795 4520 1851 4557 se

150 4592 281 4646 dare
318 4592 442 4646 tilio
477 4608 581 4645 suo
611 4592 842 4663 Ioseph,
878 4598 929 4647 et
960 4592 1187 4647 addidit
1214 4593 1361 4663 quod
1395 4593 1709 4663 possederit
1726 4609 1849 4647 eam

148 4684 203 4734 in
249 4680 452 4750 gladio
500 4686 558 4732 et
603 4696 759 4746 arcu,
810 4682 1087 4751 quaeritur
1143 4682 1434 4751 quomodo
1483 4681 1554 4735 ad
1603 4681 1851 4735 litteram

146 4769 452 4823 conveniat
479 4769 616 4822 Gen.
653 4786 830 4823 xxxiv.
859 4770 1001 4824 Emit
1040 4770 1194 4824 enim
1238 4775 1466 4825 centum
1517 4770 1680 4841 agnis
1718 4786 1850 4839 pos-

148 4858 468 4911 sessionem
498 4856 676 4921 illam,
713 4874 831 4911 non
860 4858 1009 4928 cepit
1032 4859 1164 4928 jure
1196 4858 1350 4913 belli.
1384 4862 1471 4912 An
1502 4858 1635 4929 quia
1666 4858 1852 4911 Salem

148 4948 437 5002 civitatem
508 4945 893 5001 Sichimorum
940 4946 1044 5001 ﬁlii
1094 4947 1217 5017 ejus
1266 4951 1751 5017 expugnaverant,
1797 4950 1853 5000 et

146 5039 270 5105 jure
301 5035 443 5091 belli
472 5036 666 5106 potuit
690 5035 813 5105 ejus
840 5036 982 5102 ﬁeri,
1010 5042 1073 5090 ut
1093 5036 1313 5108 justum
1348 5037 1563 5090 bellum
1595 5051 1725 5088 cum
1774 5035 1853 5089 eis

150 5126 429 5191 videatur,
482 5124 582 5196 qui
631 5124 853 5195 priores
906 5125 1164 5179 fecerunt
1216 5125 1507 5196 injuriam,
1568 5124 1851 5180 contami—

153 5216 335 5269 nando
366 5214 495 5286 ejus
526 5214 754 5267 ﬁliam?
785 5214 896 5268 Cur
943 5230 1078 5285 ergo
1132 5231 1245 5268 nou
1295 5215 1453 5269 dedit
1496 5231 1619 5268 eam
1674 5215 1850 5285 majo-

155 5305 303 5357 ribus
331 5303 471 5357 ﬁliis
500 5302 640 5365 suis,
674 5302 776 5373 qui
812 5301 919 5356 hoc
960 5303 1261 5357 fecerunt?
1320 5302 1532 5357 Deinde
1589 5302 1635 5357 si
1682 5302 1851 5357 modo

155 5394 215 5443 de
270 5392 510 5447 victoria
560 5392 816 5462 glorians
858 5391 955 5445 dat
1008 5408 1135 5445 eam
1189 5392 1415 5463 Ioseph,
1478 5408 1578 5446 cur
1623 5393 1673 5446 ei
1717 5397 1853 5445 tunc

156 5482 563 5551 displicuerunt
590 5480 695 5535 lilii
729 5479 831 5551 qui
860 5478 965 5534 hoc
993 5480 1447 5536 commiserunt?
1470 5481 1581 5535 Cur
1605 5481 1851 5551 denique

161 5587 278 5624 Lllm
340 5588 435 5625 eos
488 5569 877 5635 benediceret,
930 5569 983 5624 id
1026 5569 1422 5642 exprobrando
1462 5568 1852 5625 memoravit?

1984 1782 2164 1831 meus,
2209 1769 2269 1819 tu
2327 1764 2598 1820 fortitudo
2658 1781 2866 1829 mea,»
2919 1770 2974 1818 et
3030 1764 3376 1835 principium
3428 1764 3679 1818 ﬁliorum

1984 1871 2263 1916 meorum,
2297 1860 2439 1919 etc.,
2480 1870 2650 1924 usque
2696 1855 2769 1908 ad
2824 1853 3194 1924 primogeniti
3242 1852 3502 1908 ordinem
3559 1868 3681 1923 per-

1981 1943 2197 1998 didisti.

2050 2032 2207 2087 Vens.
2274 2034 2323 2085 5.
2387 2062 2450 2069 ——
2516 2030 2802 2085 «Simeon.
2847 2034 2905 2083 et
2955 2029 3104 2094 Levi,
3142 2053 3167 2077 ››
3227 2035 3334 2083 etc.
3398 2028 3676 2096 (H1enox..

1979 2120 2071 2173 ubi
2128 2121 2344 2188 supra.)
2404 2120 2573 2173 LXX:
2634 2118 2863 2171 Simeon
2921 2124 2977 2171 et
3053 2118 3179 2171 Levi
3268 2118 3469 2171 fratres
3532 2132 3676 2171 con-

1980 2213 2409 2262 summaverunt
2432 2207 2793 2278 iniquitatem
2822 2207 3246 2262 adinventionis
3288 2224 3426 2275 suae,
3457 2228 3484 2255 η
3544 2212 3675 2272 etc.,

1976 2311 2145 2367 usque
2196 2296 2270 2350 ad
2320 2296 2436 2350 «in
2478 2296 2778 2350 consilium
2830 2312 3028 2350 eorum
3078 2312 3191 2350 non
3243 2296 3437 2350 veniat
3485 2295 3678 2349 anima

1977 2400 2121 2439 mea.
2158 2407 2184 2433 ›)

2048 2474 2212 2527 Vens.
2242 2477 2293 2527 8.
2322 2502 2393 2513 —
2424 2493 2450 2522 «
2483 2472 2648 2537 Iuda,
2682 2477 2735 2527 te
2795 2472 3130 2538 laudabunt,
3167 2492 3193 2525 ι)
3228 2477 3332 2526 etc.
3389 2473 3672 2541 (HIERON.,

1978 2562 2071 2615 ubi
2092 2561 2305 2631 supra.)
2338 2561 2481 2626 Quia
2518 2562 2661 2616 Iuda
2713 2564 2974 2629 confessio
3032 2563 3113 2616 vel
3159 2563 3278 2615 laus
3328 2561 3669 2631 interpreta-

1977 2655 2088 2715 tur,
2123 2655 2253 2714 etc.,
2287 2665 2456 2719 usque
2483 2649 2558 2704 ad
2592 2650 2755 2720 juxta
2783 2650 3051 2704 eumdem
3094 2665 3323 2703 sensum
3371 2648 3497 2702 allis
3546 2664 3670 2702 ver-

1974 2738 2060 2792 bis
2088 2738 2328 2793 Ecclesia
2377 2743 2746 2801 monstratur,
2796 2739 2866 2793 de
2918 2755 3031 2810 qua
3084 2738 3292 2791 dicitur
3345 2737 3539 2792 Matth.
3593 2754 3671 2791 v:

1979 2848 2003 2872 ‹‹
2039 2827 2163 2881 Non
2211 2830 2395 2898 potest
2446 2826 2640 2881 civitas
2686 2826 2955 2882 abscondi
3011 2842 3184 2897 super
3247 2830 3501 2879 montem
3567 2842 3670 2895 po-

1974 2914 2098 2968 sita.
2137 2937 2163 2963 ››

2045 3004 2196 3058 Vers.
2234 3008 2285 3057 tl.
2321 3032 2387 3043 -—-
2436 3004 2725 3063 «Catulus
2782 3002 2962 3058 leonis
3018 3002 3211 3057 Iuda:
3268 3001 3340 3055 ad
3390 3000 3667 3071 prtedam,

1974 3115 1998 3137 ‹‹
2032 3092 2113 3146 ﬁli
2140 3090 2240 3158 mi,
2273 3092 2580 3146 ascendisti
2609 3108 2621 3145 :
2656 3090 3018 3162 requiescens
3049 3090 3361 3144 accubuisti
3388 3094 3449 3144 ut
3498 3090 3605 3157 leo,
3640 3114 3663 3135 »ν

1968 3183 2073 3235 etc.
2132 3180 2304 3249 (1511).)
2359 3180 2451 3233 Vel
2501 3180 2721 3234 catulus
2764 3180 2944 3235 leonis
2986 3180 3045 3233 in
3096 3194 3299 3233 somno
3364 3177 3666 3249 requievit,

1968 3268 2102 3340 quia
2132 3284 2248 3322 non
2282 3267 2631 3332 necessitate,
2666 3268 2762 3322 sed
2788 3270 3084 3339 potestate.
3111 3267 3269 3323 Unde
3301 3283 3313 3321 :
3348 3288 3375 3314 «
3410 3268 3667 3320 Potesta—

1968 3361 2083 3410 tem
2108 3355 2290 3410 habeo
2322 3355 2575 3426 ponendi
2607 3358 2860 3409 animam
2920 3370 3131 3421 meam,
3188 3358 3244 3408 et
3292 3370 3460 3408 nemo
3518 3353 3669 3407 tollit

1968 3460 2093 3499 eam
2124 3460 2157 3497 a
2188 3460 2297 3511 me,
2328 3445 2422 3498 sed
2452 3459 2557 3515 ego
2585 3460 2737 3515 pono
2769 3459 2895 3497 eam
2928 3444 3101 3514 (Ioan.
3143 3442 3214 3508 x).
3248 3464 3273 3489 n
3324 3442 3483 3505 Quod
3531 3457 3665 3494 vero

1967 3533 2145 3597 addit,
2181 3556 2206 3581 ‹‹
2239 3539 2295 3586 et
2322 3532 2406 3605 [ut
2451 3534 2669 3586 catulus
2718 3533 2980 3599 leonis,»
3032 3531 3160 3585 inde
3206 3530 3358 3584 enim
3406 3535 3665 3583 mortuus

1967 3622 2116 3676 unde
2146 3626 2329 3676 natus.
2368 3622 2543 3676 Aiunt
2572 3620 2792 3692 physici
2821 3620 2975 3692 quod
3014 3618 3233 3673 catulus
3282 3620 3483 3687 leonis,
3534 3635 3661 3674 cum

1966 3710 2137 3765 fuerit
2166 3715 2349 3773 natus,
2384 3710 2567 3765 tribus
2595 3709 2795 3765 diebus
2827 3707 3041 3763 dormit
3066 3712 3123 3762 et
3148 3707 3332 3762 tribus
3379 3708 3660 3762 noctibus.

1969 3799 2179 3853 Deinde
2211 3798 2385 3869 patris
2447 3799 2673 3853 fremitu
2725 3798 3090 3852 tremefactus
3135 3797 3338 3851 cubilis
3373 3797 3531 3852 locus
3570 3813 3663 3852 ex-

1966 3887 2099 3942 citat
2178 3887 2606 3941 dormientem:
2658 3887 2914 3941 Christus
2964 3901 3193 3956 quoque
3244 3885 3303 3938 in
3342 3885 3514 3938 cubili
3570 3902 3659 3939 se-

1965 3976 2149 4047 pulcri
2172 3975 2374 4048 [tribus
2416 3976 2677 4029 noctibus
2718 3975 2932 4045 jacens,
2982 3973 3270 4027 somnium
3316 3973 3515 4027 mortis
3561 3974 3663 4027 im-

1966 4065 2159 4136 plevit.
2197 4064 2344 4118 Bene
2374 4078 2509 4133 ergo
2542 4063 2798 4117 Christus
2826 4066 2890 4116 ut
2920 4063 3006 4115 leo
3036 4061 3339 4131 requievit,
3387 4060 3485 4132 qui
3541 4077 3657 4115 non

1965 4155 2150 4208 solum
2177 4152 2375 4206 mortis
2406 4150 2792 4211 acerbitatem,
2827 4150 2924 4205 sed
2958 4154 3013 4204 et
3070 4149 3380 4220 imperium
3430 4150 3580 4217 vicit,
3606 4155 3663 4203 et

1964 4244 2027 4294 ut
2052 4240 2269 4294 catulus
2296 4239 2496 4305 leonis,
2555 4239 2693 4311 quia
2750 4239 2842 4293 die
2896 4238 3064 4293 tertia
3122 4237 3449 4292 resurrexit.
3504 4237 3657 4292 Unde

1964 4329 2205 4383 additur.

2034 4440 2059 4465 ‹‹
2092 4417 2227 4481 Quis
2277 4416 2574 4472 suscitabit
2625 4419 2803 4471 eum?
2866 4440 2889 4466 η
2925 4422 3032 4471 etc.
3099 4417 3316 4483 Nullus,
3395 4416 3656 4482 subaudi,

1961 4505 2069 4560 nisi
2099 4505 2221 4575 ipse
2250 4506 2351 4577 qui
2381 4507 2460 4560 ait
2479 4505 2639 4560 Ioan.
2678 4524 2713 4560 ιι
2750 4524 2761 4560 :
2816 4529 2839 4554 ‹‹
2872 4508 3079 4561 Solvite
3126 4506 3405 4577 templum
3450 4506 3555 4560 hoc
3602 4512 3659 4559 et

1959 4595 2017 4649 in
2049 4594 2237 4649 triduo
2270 4595 2617 4649 resuscitabo
2654 4596 2815 4649 illud.
2851 4618 2875 4641 η

2030 4686 2193 4737 Vens.
2258 4711 2319 4723 —
2380 4706 2405 4730 ‹‹
2440 4684 2560 4737 Non
2622 4684 2914 4739 auferetur
2972 4686 3257 4752 sceptrum
3315 4683 3382 4737 de
3427 4682 3649 4749 Iuda,»

1959 4777 2067 4825 etc.
2098 4771 2321 4826 Tandiu
2369 4772 2522 4826 enim
2572 4788 2635 4826 ex
2685 4772 2901 4826 semine
2939 4771 3099 4825 Iuda:
3149 4787 3311 4840 reges
3366 4771 3518 4842 apud
3566 4772 3657 4825 Iu-

1960 4858 2111 4911 daeos
2150 4858 2403 4923 fuerunt,
2428 4860 2609 4913 donec
2639 4860 2893 4913 Christus
2924 4875 2990 4912 ex
3034 4858 3259 4927 Virgine
3308 4864 3655 4913 nasceretur.

1962 4946 2184 5000 Primus
2209 4947 2363 5001 enim
2395 4947 2453 5001 in
2485 4953 2652 5017 gente
2680 4948 3009 5003 Iudzeorum
3042 4962 3137 5000 rex
3181 4947 3503 5018 alienigena
3550 4948 3657 5002 fuit

1961 5035 2233 5102 Herodes,
2261 5036 2492 5105 quando
2534 5036 2655 5106 jam
2699 5036 2954 5090 Christus
3002 5039 3166 5089 natus
3215 5040 3318 5090 est.
3366 5036 3472 5101 Qui
3521 5053 3656 5105 ergo

1961 5128 2131 5194 negat
2183 5125 2400 5179 venisse
2454 5124 2763 5191 Christum,
2810 5124 3072 5178 ostendat
3112 5140 3306 5194 regem
3365 5124 3434 5179 de
3502 5126 3656 5181 tribu

1957 5214 2099 5270 Iuda
2126 5212 2184 5268 in
2214 5219 2382 5283 gente
2412 5213 2761 5268 Iudaeorum.

2031 5304 2195 5355 Vens.
2228 5305 2308 5356 ll.
2333 5332 2400 5342 —
2430 5324 2450 5350 ι
2490 5302 2693 5373 Ligans
2714 5302 2783 5358 ad
2803 5302 3025 5357 vineam
3051 5304 3275 5375 pullum
3289 5321 3477 5361 suum.
3504 5309 3654 5357 netc.

1960 5393 2163 5445 Gentes
2233 5407 2375 5461 quas
2449 5391 2557 5445 sibi
2633 5392 2943 5462 subjunxit.
3009 5393 3163 5448 Unde
3220 5395 3415 5449 Ezech.
3478 5410 3656 5447 xvm:

1962 5500 1988 5531 (ι
2025 5481 2156 5533 Vivo
2196 5496 2323 5550 ego,
2359 5480 2489 5533 dicit
2524 5480 2817 5547 Dominus,
2848 5481 2958 5536 nisi
2984 5481 3087 5536 hos
3131 5482 3390 5537 homines
3423 5482 3655 5536 induam

1960 5569 2107 5623 sicut
2132 5569 2555 5623 vestimentum.
2590 5588 2617 5620 ››
2655 5570 2764 5624 Nos
2795 5570 2948 5624 enim
2990 5569 3244 5626 Christus
3272 5571 3333 5625 in
3382 5570 3658 5639 sanguine
