4064 6186
321 317 416 366 179

929 319 1322 374 WALAFltlDI
1363 319 1606 375 δ’]ἹίΑυί
1648 320 1842 376 FULI).
1892 321 2009 375 M0!

2191 323 2242 378 Ι).
2285 321 2466 378 PARS
2505 323 2546 378 Ι.
2590 353 2655 360 -
2694 322 3152 378 'l'llEOLOGlCA.

3720 326 3818 376 180

316 458 437 497 ιιι-ω
463 443 755 498 mundavit
803 443 1030 516 quando
1079 444 1222 498 sicut
1267 444 1465 498 hotrus
1517 445 1575 498 in
1615 444 1770 516 ligno
1819 444 2001 499 crucis
2039 450 2080 503 A
2111 450 2166 501 et
2195 445 2523 517 superbiam
2551 447 2899 500 excelsorum
2923 445 3265 512 humiliavit,
3301 451 3358 499 et
3404 445 3457 500 ei
3506 445 3674 499 datus
3728 450 3817 500 est

313 531 604 602 pependit,
658 536 714 586 et
753 548 818 586 ex
859 532 1035 586 latere
1079 519 1202 602 ejus
1241 547 1387 602 aqua
1431 531 1488 585 in
1538 531 1906 595 ablutionem,
1949 538 2004 588 et

313 617 543 688 sanguis
573 617 744 673 exivit
771 618 828 671 in
867 619 1344 688 redemptionem.

384 709 547 761 Vens.
588 711 668 761 l2.
704 737 766 746 —
801 729 821 755 ι
859 707 1184 760 Pulcliiores
1216 705 1386 775 oculi,
1411 726 1438 756 ι)
1477 711 1580 761 etc.
1635 707 1816 779 (ἰδιο.)
1861 708 2004 773 Quia

313 795 566 849 doctrina
595 811 793 848 eorum
827 795 1214 849 austeritatem
1245 795 1448 849 veteris
1494 794 1635 866 legis
1680 802 1999 867 exsuperat,

315 887 372 935 et
425 881 749 952 evangelica
810 886 1094 952 praecepta
1144 881 1384 935 clariora
1442 887 1574 936 sunt
1620 899 1793 954 quam
1863 883 2005 955 legis

315 970 600 1025 mandata.

388 1080 412 1109 ‹‹
446 1059 624 1123 Lacte,
664 1078 690 1111 »
721 1058 778 1112 id
809 1062 892 1112 est
922 1058 1181 1112 doctrina
1210 1057 1372 1129 legis,
1407 1074 1539 1130 qua!
1573 1060 1858 1113 carnalem
1904 1075 2003 1130 po-

316 1147 512 1217 pulum
549 1145 631 1200 vel
651 1147 948 1217 parvulum
973 1146 1114 1199 lacte
1145 1147 1333 1202 alebat
1366 1147 1498 1201 :sed
1524 1167 1548 1198 α
1582 1147 2000 1202 candidiores.»

319 1235 575 1290 Ecclesia:
604 1235 882 1303 doctores,
917 1233 1017 1305 qui
1048 1234 1252 1288 fortem
1284 1239 1340 1290 et
1366 1235 1616 1289 validum
1640 1235 1794 1290 verbi
1816 1235 2005 1291 cibum

315 1323 683 1389 manducent,
721 1326 778 1376 et
818 1321 1185 1377 distribuunt.
1239 1323 1395 1377 Unde
1453 1323 1620 1377 llcbr.
1681 1339 1757 1377 v:
1811 1325 2006 1378 «Per-

316 1414 592 1466 t‘ectorum
646 1416 730 1464 est
766 1410 980 1464 solidus
1024 1409 1201 1478 cibus,
1229 1431 1255 1460 ι
1309 1411 1407 1481 qui
1459 1410 1604 1466 bene
1655 1434 1678 1462 ι
1711 1411 2002 1466 candidio-

316 1517 404 1554 res
435 1501 578 1554 lacte
611 1519 637 1550 »
669 1499 951 1565 dicuntur,
987 1498 1123 1569 quia
1153 1499 1398 1566 candidi,
1432 1499 1562 1570 puri
1617 1505 1672 1554 et
1725 1501 1796 1555 ab
1847 1499 2004 1556 omni

317 1589 537 1644 macula
563 1588 746 1643 liberi.

386 1678 546 1731 Vens.
601 1679 682 1732 t3.
713 1707 780 1716 —
831 1697 856 1726 α
889 1676 1136 1731 Zabulon
1183 1677 1241 1731 in
1289 1677 1497 1746 littore,
1530 1701 1557 1728 ››
1608 1683 1712 1732 etc.
1770 1679 1839 1732 Ut
1883 1693 2004 1732 cre-

318 1765 582 1820 dentibus
653 1765 939 1835 refugium
1015 1771 1070 1818 et
1141 1763 1595 1834 periclitantibus
1652 1765 2002 1820 demonstret

319 1854 447 1909 tidei
473 1856 721 1925 portum.
757 1854 966 1909 Contra
995 1870 1194 1909 omnes
1223 1854 1500 1909 terminos
1529 1853 1723 1909 saeculi
1766 1854 2002 1910 solidata

319 1947 604 2013 exspectat
631 1941 990 2012 naufragium
1031 1943 1358 1998 Iudaeorum
1387 1942 1464 2014 {et
1507 1944 1780 2014 procellas
1817 1943 2001 1998 haere-

318 2032 560 2086 ticorum
596 2047 608 2084 :
646 2031 744 2101 qui
769 2031 1250 2086 circumferuntur
1276 2031 1435 2085 omni
1483 2038 1650 2086 vento
1703 2031 2000 2099 doctrinae,

319 2120 452 2174 inde
483 2119 653 2174 etiam
684 2118 921 2189 apostoli
975 2118 1155 2190 aliqui
1199 2119 1526 2189 assumpti:
1579 2119 1658 2174 ibi
1709 2136 1860 2190 sirpe
1902 2121 2005 2174 Do-

320 2208 511 2264 minus
540 2207 752 2262 docuit.
787 2207 1066 2278 Pertingit
1122 2210 1311 2261 autem
1357 2222 1539 2279 usque
1588 2207 1659 2262 ad
1708 2208 2000 2271 Sidonem,

320 2296 376 2351 id
412 2302 513 2358 est.
568 2311 749 2367 usque
802 2295 873 2350 ad
930 2300 1128 2366 gentes
1181 2296 1458 2367 pervenit.
1520 2296 1680 2351 Unde
1738 2298 1845 2352 lsa.
1904 2312 2002 2350 ix:

321 2405 347 2435 α
380 2386 550 2440 Terra
577 2384 847 2454 Zahulon,
877 2389 932 2437 et
960 2388 1110 2437 terra
1163 2383 1483 2455 Nephthali,
1516 2384 1606 2438 via
1647 2385 1820 2439 maris
1853 2389 2009 2439 trans

320 2472 646 2542 Jordanem,
681 2494 708 2521 ››
769 2477 874 2526 etc.
933 2471 1128 2540 Sidon,
1184 2476 1440 2526 venatio:
1497 2477 1554 2527 et
1603 2489 1670 2526 ex
1722 2472 1803 2527 eis
1876 2472 2010 2526 locis

323 2563 534 2632 sumpti
567 2564 697 2614 sunt
718 2565 1031 2630 venatores,
1067 2560 1137 2614 de
1195 2561 1401 2632 quibus
1457 2559 1663 2616 dicitur
1715 2562 1824 2616 Jer.
1876 2577 2006 2615 xvi:

327 2651 599 2704 «Mittam
649 2655 944 2704 venatores
995 2650 1224 2715 nmltos,
1281 2654 1337 2704 et
1387 2649 1745 2704 venabuntur
1803 2667 1896 2704 vos
1953 2651 2010 2705 in

325 2739 485 2794 omni
517 2742 728 2793 monte.

395 2829 560 2882 Vens.
626 2829 706 2892 t-i,
768 2832 850 2883 t5.
907 2858 974 2867 —
1031 2828 1359 2881 ulssachar.
1397 2847 1422 2878 ››
1488 2828 1744 2898 (Ηιι-ιηοκ.
1810 2830 2010 2894 Quaest.

330 2916 514 2985 Hebr.)
559 2917 777 2970 Bonum
809 2915 1149 2970 desideravit
1195 2917 1555 2986 requiescens
1603 2916 1750 2970 inter
1799 2916 2016 2970 medios

2110 535 2485 606 principatus,
2514 539 2570 588 et
2600 534 2800 596 honor,
2836 539 2892 588 et
2920 549 3182 600 regnum.

2181 621 2344 675 Vens.
2406 623 2494 676 2t.
2553 651 2619 660 -—-
2666 640 2694 673 α
2729 621 3052 692 Nephthali.
3089 639 3116 673 ››
3161 620 3443 690 (ῙῙΙΕΠΟΝ.)
3484 619 3807 688 Allegorice.

2115 709 2435 780 Virgultum
2506 708 2868 775 dissolutum,
2937 709 3079 763 dans
3140 708 3360 764 nationi
3421 707 3807 780 pulchritudi-

2113 813 2265 862 nem,
2300 801 2428 864 etc.,
2461 811 2631 867 usque
2657 797 2732 851 ad
2769 796 2904 868 quia
2929 795 3009 851 ibi
3054 797 3140 850 vel
3185 795 3432 851 maxime
3479 795 3694 864 docuit,
3743 801 3808 852 ut

2111 884 2170 938 in
2203 883 2503 955 Evangelio
2535 898 2764 955 quoque
2794 882 3069 954 scriptum
3097 887 3198 937 est.

2183 992 2208 1022 α
2243 971 2546 1043 Nephthali
2576 987 2772 1026 cervus
2803 972 3062 1034 emissus,
3098 995 3124 1021 ››
3184 974 3289 1026 etc.
3327 968 3508 1042 (lsm.)
3540 970 3810 1041 {Apostoli

2112 1059 2265 1114 enim
2325 1063 2381 1114 et
2430 1059 2852 1131 prasdicatores,
2911 1059 3180 1115 velociter
3253 1059 3597 1125 exsilientes,
3663 1058 3811 1113 sicut

2111 1147 2281 1215 cervi,
2311 1148 2713 1204 transcendunt
2765 1147 3173 1220 impedimenta
3220 1149 3435 1218 saeculi,
3487 1152 3545 1203 et
3590 1148 3808 1202 excelsa

2112 1237 2470 1304 meditantes,
2503 1237 2639 1291 dant
2667 1236 2898 1308 eloquia
2927 1236 3388 1306 pulchritudinis,
3421 1235 3480 1292 id
3528 1241 3613 1291 est
3664 1251 3812 1308 pra:-

2111 1325 2304 1381 dicant
2333 1325 2645 1380 doctrinam
2674 1325 2996 1380 Salvatoris.

2185 1413 2352 1467 νειιδ.
2407 1415 2592 1466 22-26.
2651 1411 2884 1466 «Filius
2949 1427 3272 1466 accrescens
3337 1411 3624 1482 Ioseph,»
3699 1416 3806 1465 etc.

2114 1503 2392 1570 (Humum,
2425 1501 2518 1554 ubi
2540 1501 2756 1571 supra.)
2787 1503 2826 1550 ’‹‹
2863 1500 3035 1556 Filius
3086 1516 3408 1555 accrescens
3460 1516 3633 1571 super
3679 1499 3811 1555 fon-

2113 1595 2252 1658 tem,
2284 1595 2413 1657 etc.,
2445 1603 2613 1658 usque
2641 1589 2716 1644 ad
2743 1588 3033 1661 imperans
3058 1605 3288 1661 quoque
3311 1590 3509 1644 decem
3548 1588 3813 1644 tribubus

2116 1679 2306 1735 lsrael.

2188 1769 2346 1823 Vens.
2378 1769 2465 1821 27.
2501 1786 2527 1818 (ι
2561 1765 2857 1837 Benjamin
2889 1767 3061 1838 lupus
3093 1781 3285 1837 rapax,
3325 1787 3346 1814 ι
3373 1769 3479 1821 etc.
3521 1765 3813 1835 (Rumone,

2110 1857 2268 1926 ibid.)
2300 1875 2326 1906 α
2361 1857 2520 1911 Mane
2565 1856 2824 1911 comedet
2869 1855 3122 1928 praedam
3167 1860 3225 1910 et
3254 1853 3325 1908 ad
3371 1870 3666 1926 vesperam
3727 1855 3812 1909 di-

2113 1946 2267 2000 videt
2296 1961 2502 2000 escam.
2530 1964 2558 1997 ι)
2615 1945 2953 2016 Quanquam
3009 1945 3078 2000 de
3125 1945 3300 1999 Paulo
3343 1943 3810 1999 manifestissime

2113 2032 2417 2106 prophetia
2445 2032 2538 2096 sit,
2590 2034 2742 2105 quod
2785 2033 2842 2087 in
2896 2033 3274 2088 adolescentia
3320 2048 3421 2086 sua
3466 2038 3805 2104 persecutus

2119 2121 2444 2188 Ecclesiam,
2500 2121 2559 2176 in
2615 2125 2900 2176 senectute
2953 2121 3297 2192 praedicator
3355 2119 3642 2191 Evangelii
3686 2119 3810 2174 fue-
3907 2143 3928 2162 -

2114 2211 2209 2278 rit,
2250 2215 2378 2276 etc.,
2417 2224 2586 2278 usque
2612 2209 2688 2263 ad
2732 2225 2901 2280 super
2951 2208 3338 2263 sacerdotibus
3385 2207 3508 2280 qui,
3557 2207 3812 2263 servien-

2116 2304 2201 2354 tes
2230 2299 2415 2366 altari,
2438 2298 2629 2352 vivant
2659 2297 2728 2352 de
2761 2297 2924 2352 altari
2948 2298 2991 2368 (ι
3024 2299 3142 2354 Cor.
3176 2296 3278 2367 ιχ).

2191 2409 2219 2437 ‹‹
2257 2385 2555 2458 Bcnjamin
2585 2386 2756 2457 lupus
2783 2402 2980 2457 rapax,
3018 2405 3045 2438 ιο
3073 2391 3176 2441 etc.
3212 2387 3389 2456 \lsm.)
3422 2384 3663 2450 Quidam
3711 2385 3813 2440 do-

2119 2480 2339 2530 ctorum
2387 2475 2492 2530 hoc
2539 2475 2607 2529 ad
2653 2473 3007 2529 Hierusalem
3072 2473 3284 2540 retulit,
3337 2478 3468 2541 etc.,
3527 2489 3694 2542 usque
3741 2473 3817 2527 ad

2120 2571 2255 2620 tunc
2311 2564 2528 2619 dividet
2581 2579 2788 2631 escam,
2843 2562 3169 2634 intelligens
3225 2579 3258 2616 a
3310 2561 3515 2633 spiritu
3574 2562 3816 2616 litteram

2122 2671 2244 2708 esse
2272 2652 2658 2718 dividendam,
2691 2651 2827 2723 quia
2869 2671 2896 2701 ι
2929 2652 3114 2706 littera
3163 2650 3385 2717 occidit,
3436 2650 3667 2722 spiritus
3709 2665 3815 2705 au-

2125 2748 2241 2798 tem
2271 2741 2517 2796 viviticat
2543 2740 2616 2809 (ll
2658 2741 2760 2798 Cor
2791 2740 2891 2811 Ill).
2928 2761 2955 2789 »

2196 2831 2357 2885 Vens.
2411 2833 2591 2886 28-31.
2645 2858 2716 2871 —
2774 2849 2803 2881 α
2834 2830 3043 2886 Omnes
3095 2828 3154 2883 hi
3207 2827 3264 2882 in
3306 2826 3588 2894 tribubus,
3626 2849 3648 2874 ι
3708 2833 3818 2882 etc.

2126 2920 2410 2984 Quaeritur
2437 2934 2539 2974 cur
2560 2918 2729 2973 Jacob
2760 2933 2962 2972 omnes
2999 2934 3146 2988 quos
3175 2917 3245 2972 de
3282 2917 3473 2972 liberis
3508 2921 3566 2971 et
3593 2915 3823 2970 ancillis

326 3004 579 3071 clericos,
613 3010 696 3059 etc
729 3047 740 3071 ,
772 3020 940 3074 usque
969 3005 1042 3058 ad
1072 3009 1126 3058 et
1150 3004 1278 3059 ideo
1310 3005 1360 3058 ei
1416 3021 1613 3059 omnes
1665 3005 1845 3059 tribus
1899 3021 2016 3060 ser-
2058 3021 2096 3076 ο
2127 3007 2342 3079 genuit,
2377 3008 2585 3079 aequali
2607 3007 2824 3062 honore
2853 3007 3000 3062 tilios
3037 3009 3093 3062 et
3121 3006 3376 3061 hmredes
3414 3004 3823 3061 constituerit?

328 3094 502 3160 viant,
534 3095 692 3165 quasi
729 3094 1000 3163 magistro
1029 3094 1177 3148 dona
1209 3099 1521 3163 portantes.

403 3204 428 3232 «
463 3183 756 3236 Aceubans
812 3181 960 3236 inter
1020 3181 1315 3250 terminos,
1345 3202 1365 3228 ο
1414 3185 1520 3234 etc.
1579 3181 1886 3247 Accubare,
1937 3186 2022 3236 est

332 3275 649 3340 exspectato
679 3270 1016 3324 munditiae
1065 3269 1376 3340 quiescere,
1419 3269 1676 3340 nihilque
1727 3269 1795 3324 de
1843 3286 2018 3324 mun-

332 3359 495 3412 danis
523 3374 799 3429 quaerere,
837 3357 932 3411 sed
964 3358 1164 3411 ultima
1213 3357 1557 3412 desiderare.
1609 3358 1790 3412 Fortis
1827 3359 2021 3414 asinus

336 3447 776 3518 requicmvidit,
835 3451 889 3500 ct
943 3451 1152 3500 terram
1209 3446 1534 3517 optimam:
1595 3463 1718 3500 cum
1779 3446 2020 3516 simplex

335 3536 619 3606 gentilitas
659 3536 724 3590 ad
765 3536 939 3590 robur
985 3535 1172 3607 operis
1219 3551 1275 3589 se
1337 3535 1535 3602 erexit,
1590 3535 1725 3606 quia
1754 3535 1846 3606 :ad
1897 3537 2023 3590 vitm

335 3624 578 3695 patriam
610 3624 810 3679 tendit.

403 3717 562 3769 Vens.
593 3719 765 3770 16-18.
788 3745 859 3756 -
881 3717 1028 3769 «Dan
1057 3713 1332 3784 judicabit
1353 3714 1631 3785 populum
1654 3729 1878 3780 suum,»
1914 3719 2020 3769 etc.

333 3803 479 3872 (Isin.
517 3806 573 3857 in
625 3806 776 3867 Gem,
827 3809 966 3856 tom.
1012 3803 1098 3871 V.)
1151 3801 1260 3856 Alii
1304 3817 1408 3872 per
1447 3801 1570 3855 haec
1599 3800 1770 3856 verba
1819 3806 2024 3873 putant

330 3891 562 3960 praedici
593 3891 1001 3945 Antichristum
1061 3890 1129 3944 de
1177 3890 1330 3944 tribu
1386 3890 1507 3944 Dan
1551 3889 1830 3958 futurum,
1891 3894 2021 3955 etc.,

331 3995 503 4050 usque
531 3979 604 4034 ad
643 3986 699 4035 et
756 3985 882 4052 post
927 3979 1200 4034 beneﬁcia
1250 3980 1394 4034 tictm
1446 3978 1762 4034 dulcedinis
1805 3985 2028 4034 exercet

330 4085 543 4123 cornua
574 4069 897 4139 potestatis.

403 4179 429 4209 ‹(
466 4159 584 4212 Dan
637 4157 915 4227 judicahit
970 4157 1248 4227 populum
1304 4173 1473 4212 suum
1531 4157 1676 4212 sicut
1728 4173 1908 4212 unum
1955 4157 2025 4213 de

329 4246 563 4316 sceptris
595 4247 784 4300 Israel.
823 4245 944 4298 Fiat
973 4246 1090 4298 Dan
1120 4245 1353 4299 coluber
1409 4245 1470 4299 in
1527 4246 1635 4313 via,
1689 4247 1921 4318 regulus
1961 4246 2023 4301 in

2130 3097 2264 3168 quia
2293 3096 2436 3151 sicut
2479 3096 2730 3150 Christus
2778 3095 3044 3150 omnibus
3087 3095 3186 3165 qui
3234 3110 3339 3166 per
3385 3093 3558 3149 fidem
3598 3095 3824 3165 corpori

2130 3188 2252 3257 ejus
2308 3185 2700 3252 conciliantur,
2751 3185 2878 3255 pari
2929 3185 3141 3239 honore
3205 3188 3264 3238 et
3327 3182 3508 3253 gloria
3573 3182 3826 3238 coelestia

2128 3267 2368 3341 praemia
2415 3267 2672 3338 largitur.
2733 3287 2762 3318 α
2796 3268 2918 3321 Non
2968 3271 3050 3321 est
3101 3267 3254 3322 enim
3303 3266 3385 3322 ibi
3437 3265 3700 3322 discretio
3750 3283 3824 3321 an

2130 3357 2359 3413 Iudaeus
2389 3355 2462 3410 sit
2490 3371 2562 3410 an
2604 3357 2847 3422 Graecus,
2900 3355 3176 3410 Barbarus
3221 3371 3295 3410 an
3347 3355 3577 3426 Scytha,
3629 3369 3828 3408 servus

2133 3462 2206 3500 an
2232 3445 2380 3500 liber
2409 3463 2422 3499 :
2461 3443 2595 3516 quia
2623 3459 2726 3514 per
2756 3443 2950 3498 omnia
2979 3448 3037 3499 et
3059 3444 3120 3498 in
3168 3443 3432 3498 omnibus
3469 3464 3489 3490 ι
3547 3442 3824 3506 Christus,

2134 3535 2234 3606 qui
2261 3535 2446 3589 forma
2475 3532 2619 3587 servi
2667 3533 2875 3599 induit,
2918 3538 2974 3587 et
3018 3548 3122 3604 pro
3172 3533 3354 3588 libero
3403 3537 3462 3588 et
3507 3548 3612 3603 pro
3662 3549 3828 3586 servo

2133 3622 2379 3684 servivit,
2413 3626 2476 3676 ut
2505 3621 2772 3676 omnibus
2803 3621 3024 3692 mquale
3072 3620 3287 3675 donum
3337 3620 3634 3690 largiatur.
3680 3621 3831 3686 Qui-

2133 3727 2357 3784 cunque
2389 3711 2542 3765 enim
2572 3711 2743 3766 tidem
2785 3709 3010 3764 Domini
3055 3713 3433 3780 promeretur,
3481 3709 3656 3764 nullis
3701 3724 3827 3763 ma-

2134 3801 2274 3856 culis
2305 3800 2548 3856 carnalis
2599 3798 2908 3854 nativitatis
2939 3799 3262 3854 otfuscatur.
3321 3798 3479 3852 Unde
3536 3798 3656 3854 Joel
3741 3815 3826 3853 u:

2137 3911 2164 3942 (ι
2199 3890 2492 3945 Effundam
2519 3889 2590 3944 de
2615 3888 2816 3960 spiritu
2851 3903 2980 3942 meo
3029 3903 3201 3959 super
3256 3903 3487 3942 omnem
3549 3888 3828 3956 carnem.)

2208 3979 2373 4034 Vens.
2413 3981 2500 4034 32.
2553 4009 2619 4018 —-
2668 3976 3114 4048 Appositusque,
3143 3996 3170 4024 η
3218 3980 3323 4030 etc.
3374 3975 3612 4046 (δι-ΗΑΒ.)
3657 3977 3829 4040 Quaa-

2135 4067 2375 4122 rcndum
2408 4068 2476 4122 de
2525 4083 2638 4140 quo
2687 4067 2902 4137 populo
2961 4065 3227 4120 dicatur?
3280 4065 3422 4119 Nam
3467 4065 3537 4119 de
3567 4063 3832 4135 patribus

2135 4157 2293 4213 nulla
2330 4155 2570 4229 quaestio
2600 4160 2703 4211 est.
2739 4157 2949 4210 Notum
2977 4158 3063 4209 est
3090 4153 3243 4208 cnim
3265 4153 3416 4226 quod
3447 4152 3516 4207 ad
3536 4152 3827 4207 Abraham

2134 4252 2192 4300 et
2221 4247 2377 4301 Isaac
2427 4245 2717 4317 appositus
2764 4249 2866 4310 est,
2911 4242 3010 4297 sed
3055 4243 3305 4314 populus
3354 4241 3662 4296 multitudo
3715 4247 3825 4296 est.

330 4313 550 4400 semita,
587 4335 850 4388 mordens
881 4334 1123 4404 ungulas
1149 4334 1301 4404 equi,
1335 4338 1392 4388 et
1420 4334 1582 4389 cadat
1609 4313 1872 4390 ascerisor
1899 4335 2019 4406 ejus
2054 4313 2096 4368 Ῑ)
2134 4335 2222 4391 Illi
2253 4339 2444 4390 autem
2461 4313 2592 4388 tam
2622 4333 2789 4404 pauci
2817 4349 2934 4386 nou
2963 4313 3230 4404 poterant
3258 4331 3508 4402 populus
3537 4331 3669 4386 dici.
3723 4333 3827 4386 ln-

330 4428 655 4476 retrorsum.
689 4421 1035 4475 Salvatorem
1064 4425 1230 4474 tuum
1285 4421 1652 4491 exspectabo,
1694 4421 1950 4476 Domine.
1986 4441 2015 4472 ι)

330 4513 608 4576 (ﬁnenem,
642 4511 735 4562 ubi
763 4509 970 4578 supra.)
1022 4497 1255 4563 Samson
1306 4509 1477 4580 judex
1529 4510 1698 4563 Israel
1751 4511 1820 4564 de
1866 4510 2016 4565 tribu

333 4603 450 4654 Dan
481 4599 604 4664 fuit,
637 4609 763 4665 etc.,
795 4614 963 4669 usque
993 4597 1066 4652 ad
1091 4602 1144 4651 et
1174 4598 1292 4668 ipse
1339 4597 1445 4651 erit
1490 4599 1833 4668 exspectatio
1877 4615 2013 4670 gen-

328 4689 488 4744 tium.

399 4780 558 4836 Vens.
619 4783 702 4846 t9,
759 4780 848 4831 20.
899 4807 965 4816 μ-
1014 4797 1037 4828 (ι
1071 4776 1258 4830 Cad.»
1324 4777 1594 4843 (finenem)
1647 4776 2018 4829 Latrunculus

326 4867 756 4922 latrocinabitur
787 4872 918 4922 ante
951 4883 1102 4930 eum,
1138 4871 1267 4931 etc.,
1301 4881 1467 4934 usque
1495 4864 1570 4919 ad
1598 4869 1653 4919 et
1711 4863 1870 4918 victis
1919 4864 2013 4918 ho-

326 4955 505 5010 stibus
533 4957 754 5010 fortiter
784 4955 1092 5011 dimicavit.

399 5063 424 5093 α
457 5044 570 5099 Gad
621 5047 904 5100 accinctus
955 5043 1308 5116 prmliabitur
1359 5047 1489 5098 ante
1555 5057 1704 5096 eum.
1747 5061 1769 5090 ι
1843 5040 2015 5111 (lem)

325 5133 578 5187 Christus
627 5141 755 5187 ante
799 5139 853 5187 et
897 5139 1047 5188 retro
1096 5132 1448 5204 prasliabitur
1487 5135 1686 5186 contra
1737 5129 2017 5185 Antichri-

325 5227 475 5276 stum
513 5240 523 5275 :
555 5228 704 5288 ante,
741 5225 959 5276 occulto
989 5224 1234 5276 adventu
1264 5220 1640 5286 humilitatis;
1665 5223 1810 5290 post,
1838 5219 2016 5274 mani-

323 5315 522 5366 festata
551 5311 733 5382 gloria
763 5311 1089 5380 majestatis.
1127 5311 1281 5366 Unde
1320 5311 1533 5382 Moyses
1585 5310 1746 5364 Deut.
1798 5323 2010 5362 xxxru:

326 5418 350 5450 α
384 5398 720 5453 Benedictus
749 5400 805 5452 in
836 5399 1152 5454 latitudine.
1192 5399 1328 5462 Gad,
1362 5398 1525 5470 quasi
1565 5398 1652 5452 leo
1697 5395 1976 5468 requievit
1998 5392 2036 5449 ε’

323 5487 586 5559 cepitque
619 5487 914 5543 brachium
947 5491 1002 5541 et
1034 5487 1322 5552 verticem,
1353 5494 1408 5542 et
1455 5488 1596 5542 vidit
1629 5485 2014 5558 principatum

325 5593 510 5632 suum.
547 5596 575 5627 ι)
618 5577 870 5632 Christus
902 5576 1051 5630 enini
1088 5576 1142 5630 in
1176 5577 1438 5646 sepulcro
1471 5576 1700 5646 quievit,
1746 5573 2012 5627 verticem

2129 4423 2502 4494 telligendum
2533 4437 2668 4493 ergo
2699 4421 2806 4475 hoc
2835 4420 3008 4476 etiam
3036 4419 3108 4475 de
3141 4420 3358 4492 angelis
3383 4419 3516 4487 dici,
3567 4419 3637 4474 ad
3675 4435 3827 4490 quo-

2127 4527 2256 4566 rum
2287 4510 2632 4573 societatem,
2666 4509 2735 4564 de
2766 4509 2980 4563 mundo
3027 4513 3404 4575 transeuntes,
3455 4513 3830 4580 apponuntur

2127 4600 2326 4655 sancti.
2389 4598 2548 4654 Unde
2602 4597 2772 4653 Hebr.
2834 4613 2962 4652 xu:
3014 4615 3042 4648 α
3073 4595 3400 4652 Accessistis
3448 4597 3516 4651 ad
3565 4601 3829 4653 montem

2125 4689 2282 4758 Sion,
2305 4691 2362 4743 et
2386 4687 2454 4742 ad
2485 4687 2839 4742 Hierusalem
2866 4686 3174 4752 caelestem,
3215 4689 3270 4740 et
3318 4685 3386 4740 ad
3437 4685 3827 4756 frequentiam

2127 4777 2485 4848 angelorum,
2520 4795 2546 4827 ι)
2579 4781 2685 4830 etc.

2820 4845 3043 4900 CAPUT
3077 4845 3132 4899 L.

2198 4952 2362 5005 Vens.
2397 4955 2495 5007 1-3.
2530 4981 2597 4992 -
2649 4971 2676 4999 ‹‹
2707 4949 2868 5015 Quod
2921 4965 3158 5004 cernens
3212 4949 3444 5019 Joseph,
3507 4949 3644 5004 ruit.
3690 4993 3702 5004 .
3750 4992 3761 5004 .
3810 4992 3828 5004 .

2128 5061 2156 5092 α
2189 5039 2537 5096 transierunt
2561 5039 2937 5111 quadraginta
2971 5038 3109 5093 dies.
3158 5036 3412 5109 (Smne)
3464 5037 3573 5103 Qui
3623 5053 3833 5093 nume-

2126 5144 2223 5184 rus
2247 5127 2599 5200 poenitentiae
2629 5133 2686 5197 et
2714 5127 3027 5183 humilitati
3055 5127 3337 5182 convenit.
3381 5126 3538 5181 Unde
3591 5127 3651 5181 in
3699 5127 3833 5199 lege

2127 5222 2182 5272 et
2212 5217 2272 5272 in
2310 5217 2609 5289 Evangelio
2638 5234 2670 5272 a
2697 5216 2994 5290 prophetis
3042 5222 3099 5272 et
3147 5216 3217 5271 ab
3255 5215 3379 5287 ipso
3435 5215 3678 5271 Domino
3730 5217 3833 5272 ob-

2125 5311 2385 5363 servatus
2415 5310 2520 5362 est.

2196 5395 2380 5466 (Anc)
2416 5394 2802 5466 Quadraginta
2831 5393 2951 5450 dies
2983 5393 3313 5464 sepulturae,
3357 5408 3499 5466 quos
3540 5400 3834 5451 memorat

2123 5483 2431 5554 Scriptura,
2465 5483 2608 5539 forte
2637 5483 3049 5555 {paenitentiam
3105 5482 3447 5556 significant,
3501 5498 3614 5554 qua
3660 5498 3828 5554 sepe-

2127 5573 2346 5627 liuntur
2375 5577 2622 5644 peccata.
2656 5573 2778 5629 Non
2819 5573 2974 5629 enim
3019 5573 3228 5629 frustra
3271 5571 3652 5644 quadraginta
3703 5573 3829 5627 dies
