4064 6186
208 283 295 332 181
1363 289 1619 345 GLOSSA
1660 292 1801 347 0RD

2034 334 2058 348 ι.
2100 327 2165 333 --
2210 297 2339 352 LIB.
2384 298 2541 355 GEN.

3606 312 3709 364 182

193 400 557 500 ἀεῙιξιιὶοι-υέιι
587 406 720 500 sunt
758 404 1072 500 constituti,
1133 407 1340 477 quibus
1362 409 1597 482 Moyses,
1629 417 1684 466 et
1734 413 1900 480 Elias,
1941 417 1987 469 A
2022 422 2267 486 quatuor
2300 434 2313 471 :
2347 420 2628 473 ternarius
2650 421 2895 491 pertinet
2933 426 2999 477 ad
3033 426 3307 497 animam,
3353 444 3482 500 qua)
3508 430 3710 485 irasci-

199 494 253 543 et
293 490 423 559 ipse
487 491 763 545 Dominus
816 492 1116 564 jejunavit,
1177 501 1233 549 et
1276 498 1515 553 Ecclesia
1548 501 1895 572 praecipuam

198 579 658 637 observationem
732 581 1088 652 jejuniorum
1144 585 1648 657 Quadragesimam
1716 596 1892 646 vocat.

199 668 357 723 Unde
415 674 473 724 et
527 669 678 741 apud
738 670 944 724 Jonam
997 672 1065 726 de
1119 674 1381 728 Ninivitis
1433 676 1709 747 scriptum
1763 684 1890 732 est:

198 780 222 803 ε(
278 758 489 813 Adhuc
548 758 930 830 quadraginta
986 761 1124 828 dies,
1184 767 1239 817 et
1293 764 1492 818 Ninive
1538 766 1899 821 subvertetur

196 847 344 916 (Jan.
406 848 509 915 in),
560 852 625 901 ut
680 863 784 917 per
841 852 924 903 tot
971 850 1110 916 dies,
1182 853 1636 907 accommodatos
1684 855 1899 908 scilicet

191 934 590 990 humiliationi
612 935 1036 1007 poenitentium,
1051 938 1449 1009 intelligantur
1469 940 1528 994 in
1544 941 1779 1011 jejuniis
1796 958 1898 995 sua

191 1024 416 1079 ﬂevisse
474 1029 725 1095 peccata,
786 1029 843 1079 et
893 1025 1229 1096 impetrasse
1262 1028 1731 1083 misericordiam.
1787 1031 1895 1084 Nec

192 1117 419 1167 tantum
452 1113 631 1168 luctui
661 1114 1091 1184 pasnitentium,
1151 1117 1241 1170 hic
1285 1133 1557 1171 numerus
1608 1119 1891 1173 convenit.

193 1202 587 1274 Quadraginta
618 1203 771 1257 enim
804 1203 924 1257 dies
962 1208 1091 1274 post
1123 1206 1596 1261 resurrectionem
1646 1207 1753 1261 fuit
1785 1208 1893 1261 Do-

193 1289 383 1342 minus
414 1305 547 1343 cum
593 1289 886 1359 discipulis
929 1290 1045 1345 suis
1093 1290 1310 1345 intrans
1354 1298 1410 1346 et
1454 1294 1670 1362 exiens,
1732 1310 1893 1347 mau-

190 1376 404 1431 dueins
447 1382 507 1430 et
542 1376 767 1443 bibens,
827 1378 925 1449 qui
998 1379 1119 1434 dies
1175 1380 1391 1435 laetitia:
1467 1382 1719 1436 fuerunt.
1786 1382 1895 1435 Nec

189 1465 558 1538 septuaginta
613 1467 953 1536 Interpretes
1019 1483 1233 1521 errasse
1264 1469 1531 1523 credendi
1587 1475 1719 1523 sunt
1795 1470 1893 1540 qui

186 1554 452 1608 dixerunt
488 1570 502 1608 :
539 1573 568 1605 α
610 1554 908 1621 Triduum,
941 1560 997 1609 et
1031 1556 1230 1610 Ninive
1279 1558 1674 1612 subvertetur:
1710 1577 1736 1608 ι)
1772 1575 1890 1612 ma-

178 1643 297 1713 jore
350 1644 518 1697 enim
588 1643 923 1697 auctoritate
982 1644 1205 1714 prazditi
1281 1662 1454 1716 quam
1513 1648 1887 1718 interpretum

182 1732 435 1786 cilicium
469 1737 575 1797 est,
611 1731 945 1802 prophetico
976 1732 1180 1803 spiritu
1211 1732 1348 1804 (quo
1406 1735 1579 1789 etiam
1639 1752 1737 1790 ore
1771 1751 1886 1789 uno

180 1819 231 1873 in
260 1820 385 1874 suis
409 1819 1006 1890 interpretationibus,
1043 1821 1199 1890 quod
1239 1838 1514 1893 magnum
1544 1823 1883 1878 miraculum

178 1908 302 1975 fuit,
332 1907 716 1963 consonuisse
746 1907 1065 1977 firmantur)
1120 1928 1146 1962 α
1182 1910 1456 1979 triduum,
1493 1935 1518 1961 υ
1550 1916 1885 1983 posuerunt,

178 1995 441 2068 quamvis
497 2012 617 2051 non
665 1996 1002 2068 ignorarent
1035 1998 1188 2069 quod
1225 2020 1251 2046 ‹‹
1286 1999 1668 2069 quadraginta
1703 1999 1823 2054 dies
1856 2019 1883 2049 »

179 2086 230 2141 in
276 2085 530 2140 Hebraeo
589 2086 951 2156 legerentur;
1007 2092 1068 2139 ut
1124 2086 1185 2140 in
1233 2087 1439 2142 Christi
1488 2087 1887 2142 cliriticatione

178 2175 649 2246 intelligerentur
676 2174 908 2230 dissolvi
937 2180 993 2229 et
1020 2175 1237 2229 aboleri
1267 2180 1508 2246 peccata,
1547 2196 1573 2226 «
1602 2175 1736 2247 quia
1768 2180 1885 2229 tra-

178 2264 325 2317 ditus
356 2268 443 2317 est
472 2267 713 2333 propter
742 2262 946 2317 delicta
977 2269 1190 2331 nostra,
1224 2268 1280 2317 et
1310 2264 1617 2317 resurrexit
1648 2270 1884 2334 prepter

174 2350 659 2422 justiticationem
694 2356 973 2407 nostram.
1012 2372 1039 2402 ι)
1074 2353 1408 2407 Clariticatio
1438 2358 1627 2407 autem
1663 2353 1889 2407 Domini

179 2440 234 2494 in
282 2439 721 2493 resurrectione
780 2444 837 2495 et
891 2440 1218 2494 ascensione
1277 2442 1653 2511 cognoscitur.
1707 2440 1888 2513 [Unde

178 2529 266 2584 hic
297 2528 572 2599 quamvis
590 2544 769 2582 unum
789 2534 845 2583 et
874 2529 1137 2583 eumdem
1172 2529 1437 2600 spiritum
1470 2530 1626 2584 dedit
1660 2546 1672 2583 :
1700 2530 1887 2600 primo

178 2628 498 2693 postquam
562 2623 893 2689 resurrexit,
936 2624 1183 2678 secundo
1240 2628 1544 2694 postquam
1584 2625 1883 2690 ascendit;

179 2718 231 2766 et
263 2711 409 2783 quia
440 2715 574 2782 post
630 2711 887 2765 triduum
941 2713 1264 2778 resurrexit,
1322 2718 1447 2784 post
1512 2713 1889 2783 quadraginta

180 2805 373 2853 autem
408 2798 536 2853 dies
566 2799 855 2854 ascendit:
913 2817 1089 2855 unum
1123 2800 1347 2867 horum,
1399 2801 1549 2871 quod
1605 2801 1888 2872 posterius

178 2891 391 2943 factum
427 2892 537 2953 est,
566 2904 670 2958 per
700 2904 1007 2944 numerum
1062 2890 1439 2961 quadraginta
1494 2890 1719 2945 dierum
1789 2893 1886 2945 tle-

179 2976 315 3029 brzei
352 2976 716 3046 signiﬁcant;
753 2979 993 3031 alterum
1039 2994 1172 3032 vero
1213 2979 1282 3032 de
1334 2978 1542 3043 triduo,
1602 2978 1752 3049 quod
1814 2979 1880 3032 ad
1919 2986 1957 3040 C

178 3065 447 3119 eamdem
474 3081 597 3118 rem
633 3066 900 3136 pertinet,
957 3066 1328 3137 Septuaginta
1377 3071 1713 3129 memorant,
1769 3084 1881 3120 non

179 3153 679 3225 interpretationis
708 3154 998 3221 servitute,
1029 3156 1124 3209 sed
1151 3155 1471 3226 prophetia:
1527 3157 1878 3209 auctoritate.

180 3245 300 3297 Non
366 3258 509 3313 ergo
552 3242 811 3298 dicamus
866 3260 1045 3297 unum
1096 3244 1303 3298 horum
1360 3244 1565 3299 falsum
1622 3262 1767 3314 esse,
1829 3252 1884 3298 et

180 3348 281 3401 pro
314 3330 452 3385 aliis
488 3331 897 3401 interpretibus
936 3337 1134 3387 contra
1182 3332 1324 3386 alios
1382 3333 1702 3403 litigemus;
1752 3350 1881 3387 cum

181 3420 259 3474 illi
279 3419 388 3491 qui
426 3436 495 3473 ex
536 3420 773 3474 Hebraeo
830 3420 1278 3491 interpretantur
1317 3424 1562 3491 probent
1608 3422 1881 3493 scriptum

180 3524 302 3563 esse
336 3508 497 3580 quod
528 3508 1004 3578 interpretantur;
1042 3515 1099 3563 et
1122 3509 1511 3580 ,Septuaginta
1557 3510 1881 3569 auctoritas,

178 3614 310 3668 quae
364 3601 531 3651 tanto
590 3596 861 3651 divinitus
904 3597 1050 3651 facto
1106 3597 1380 3651 miraculo
1428 3598 1882 3663 commendatur,

180 3692 341 3740 tanta
371 3686 432 3739 in
466 3685 727 3739 Ecclesiis
749 3690 1025 3739 vetustate
1056 3684 1335 3740 ﬁrmetur.
1724 3694 1727 3695 '

252 3796 279 3821 α
345 3774 728 3844 Septuaginta
768 3772 986 3835 diebus,
1037 3792 1066 3825 π
1121 3774 1356 3843 (Suum)
1408 3774 1631 3828 Ethnici
1681 3791 1883 3829 novem

180 3864 387 3917 diebus
445 3870 704 3915 mortuos
757 3878 886 3915 suos
940 3863 1170 3916 llebant.
1230 3861 1387 3917 Unde
1435 3868 1488 3915 et
1531 3863 1887 3917 novendialis

178 3966 334 4003 nona
382 3950 507 4003 dies
582 3948 904 4013 vocabatur,
963 3950 1194 4019 quando
1264 3949 1702 4020 sepeliebantur.
1787 3950 1886 4005 Dei

180 4040 434 4093 cultores
469 4042 686 4108 septem
718 4037 919 4091 diebus
949 4038 1243 4109 exsequias
1298 4038 1679 4093 celebrabant.
1728 4040 1883 4094 Unde

183 4128 352 4182 Eccli.
387 4144 553 4181 xxn:
599 4145 630 4177 α
688 4128 892 4180 Luctus
946 4126 1156 4180 mortui
1213 4130 1429 4196 septem
1480 4126 1645 4181 dies:
1704 4128 1887 4182 luctus

181 4222 385 4270 autem
428 4215 572 4269 fatui
623 4230 793 4268 omne
823 4219 1047 4285 tempus
1078 4214 1208 4267 vitae
1266 4214 1407 4285 ejus.
1448 4238 1467 4262 ω
1521 4215 1888 4287 Septenarius

182 4305 346 4359 enim
380 4303 644 4375 requiem
685 4303 982 4373 signiﬁcat.
1038 4303 1193 4357 Unde
1237 4303 1477 4374 septima
1509 4303 1627 4356 dies
1681 4304 1884 4357 sabba-

184 4399 335 4459 tum,
369 4392 427 4446 id
455 4397 541 4445 est
560 4395 769 4461 requies
793 4391 1016 4446 dicitur.
1050 4392 1347 4446 Celebrant
1402 4407 1538 4461 ergo
1585 4392 1886 4462 septimam

189 4481 345 4535 diem
405 4484 790 4545 mortuorum,
841 4483 1097 4551 optantes
1158 4478 1285 4533 illos
1330 4495 1459 4533 cum
1516 4480 1757 4534 Domino
1797 4495 1887 4534 re-

190 4570 491 4640 quiescere
551 4583 581 4621 a
642 4567 929 4622 laboribus
963 4568 1262 4638 praesentis
1293 4566 1441 4621 vitm.
1476 4568 1614 4622 Hinc
1646 4583 1781 4637 ergo
1811 4569 1890 4622 di-

192 4658 388 4712 citur:
426 4677 453 4707 α
487 4657 666 4711 Flevit
723 4672 854 4710 eum
906 4658 1175 4727 Egyptus
1217 4654 1577 4725 septuaginta
1609 4655 1826 4723 diebus,
1866 4680 1885 4704 ι.

193 4746 294 4815 qui
325 4749 413 4800 est
452 4744 789 4815 deeuplatus
827 4744 1200 4815 septenarius.
1251 4744 1467 4814 Septies
1523 4744 1677 4798 enim
1736 4745 1887 4811 deni,

194 4834 562 4905 septuaginta
591 4838 742 4887 sunt.
778 4835 966 4887 Potest
994 4833 1166 4889 etiam
1204 4831 1315 4887 dici
1370 4832 1506 4904 quia
1553 4832 1698 4885 sicut
1724 4832 1891 4885 tertia

194 4923 317 4978 dies
347 4922 565 4977 mortui
617 4922 808 4992 agitur
858 4938 891 4976 a
920 4921 1202 4987 ﬁdelibus,
1254 4923 1319 4975 ut
1370 4920 1586 4990 anima,
1636 4937 1765 4991 qua:
1813 4925 1896 4973 est

197 5012 435 5083 triplicis
492 5017 739 5078 naturae,
802 5011 1162 5082 requiescat;
1232 5010 1307 5064 ita
1341 5010 1617 5080 septimus
1646 5010 1765 5063 dies
1810 5025 1894 5063 ce-

198 5101 468 5167 lebratur,
503 5104 570 5153 ut
600 5100 793 5153 anima
823 5100 1046 5170 corpori
1086 5099 1503 5167 reconcilietur,
1546 5116 1673 5169 quae
1726 5115 1895 5153 carne

202 5190 466 5244 illiciente
530 5189 800 5259 peccavit.
853 5189 913 5241 In
957 5188 1277 5258 septenario
1327 5188 1501 5241 etiam
1533 5188 1644 5241 tria
1683 5192 1898 5242 suntet

2005 505 2159 568 bilis,
2193 512 2248 562 et
2274 508 2755 579 concupiscibilis,
2813 517 2867 565 et
2918 514 3208 569 rationalis
3266 521 3377 583 est;
3412 523 3711 589 quaterna-

2005 595 2123 649 rius
2155 596 2223 649 ad
2256 612 2478 667 corpus,
2512 598 2613 669 qui
2642 604 2888 670 quatuor
2912 607 3128 657 constat
3165 605 3479 661 elementis.

2078 683 2244 737 Vens.
2280 684 2435 738 4-21.
2492 713 2565 726 -
2619 707 2640 734 ι
2705 687 2770 739 Et
2801 689 3026 757 expleto
3058 690 3318 759 planctus
3351 698 3628 764 tempore,
3676 720 3696 744 ο

2006 774 2110 826 etc.
2198 772 2400 841 (Αυς.)
2487 772 2645 837 Quod
2722 776 3013 830 mandavit
3092 779 3305 849 Ioseph
3379 782 3701 851 potentibus

2006 860 2248 931 :Egypti,
2285 866 2346 915 ut
2375 860 2626 916 dicerent
2671 862 2953 918 Pharaoni
2984 866 3217 921 nomine
3250 869 3408 938 ejus:
3449 889 3475 918 ‹‹
3535 872 3701 926 Pater

2005 962 2168 1001 maus
2197 948 2479 1018 adjuravit
2509 966 2599 1002 me
2641 949 2865 1005 dicens:
2902 952 2963 1005 In
3005 961 3379 1009 monumento
3411 958 3563 1026 quod
3595 974 3699 1027 ego

2002 1036 2110 1089 feci
2141 1035 2364 1090 mihiin
2402 1040 2554 1091 terra
2587 1039 2868 1108 Chanaan,
2898 1040 2977 1095 ibi
3016 1057 3107 1096 me
3134 1045 3399 1114 sepelies;
3457 1068 3482 1091 ιι
3530 1062 3693 1115 quas-

2006 1124 2150 1178 ritur
2198 1126 2485 1196 quomodo
2539 1143 2737 1180 verum
2782 1129 2872 1190 sit,
2922 1145 3053 1183 cum
3109 1131 3230 1184 haec
3286 1133 3453 1185 verba
3516 1137 3690 1203 patris

2004 1214 2147 1282 ejus,
2189 1229 2318 1267 cum
2350 1214 2420 1267 de
2454 1214 2746 1282 sepultura
2769 1217 3087 1283 mandaret,
3115 1234 3229 1271 non
3255 1219 3540 1291 legantur.
3579 1222 3683 1276 Sed

2004 1302 2069 1356 ad
2092 1302 2435 1356 sententiam
2472 1303 2643 1356 verba
2681 1309 2813 1358 sunt
2842 1306 3157 1373 referenda,
3192 1308 3335 1362 sicut
3364 1326 3538 1379 supra
3586 1313 3698 1365 alia

2002 1391 2266 1444 similiter
2307 1391 2526 1445 iterata.
2587 1392 2874 1447 Voluntati
2927 1394 3080 1448 enim
3121 1397 3489 1451 enuntianda).
3531 1404 3588 1451 et
3638 1401 3696 1452 in

2004 1479 2262 1533 notitiam
2302 1482 2676 1550 perferenda},
2714 1488 2939 1551 oportet
2976 1483 3145 1537 verba
3183 1485 3411 1539 servire.
3466 1488 3503 1541 F
3509 1487 3690 1541 odisse

2000 1572 2191 1622 autem
2215 1568 2323 1622 sibi
2350 1569 2519 1623 Jacob
2548 1569 2871 1640 sepulcrum
2903 1587 3185 1642 nusquam
3243 1574 3509 1644 superius
3541 1576 3689 1644 legi-

1999 1660 2111 1721 tur,
2143 1656 2237 1710 sed
2270 1661 2438 1723 certe,
2480 1656 2589 1711 nisi
2618 1657 2873 1724 fudisset,
2910 1675 3024 1713 non
3056 1659 3232 1715 modo
3257 1661 3552 1718 diceretur.

2072 1745 2238 1798 Vnus.
2290 1747 2367 1799 10.
2398 1774 2469 1786 -
2501 1765 2528 1796 (ι
2565 1746 2966 1817 Veneruntque
2996 1748 3066 1802 ad
3095 1763 3291 1802 aream
3318 1750 3479 1815 Atad,
3520 1771 3540 1798 ι
3577 1754 3681 1804 etc.

2000 1832 2099 1885 Hic
2128 1834 2284 1886 locus
2335 1838 2490 1886 trans
2549 1833 2856 1888 Jordanem
2889 1840 2993 1896 est,
3042 1839 3097 1888 et
3145 1835 3315 1890 distat
3362 1836 3433 1891 ab
3462 1836 3694 1891 Itebron

1998 1921 2357 1991 septuaginta
2390 1937 2660 1990 passuum
2690 1922 2961 1977 millibus.
2988 1924 3380 1993 Praetergressi
3405 1930 3538 1979 sunt
3558 1942 3693 1995 ergo

2000 2010 2184 2063 locum
2216 2009 2273 2061 in
2308 2026 2419 2080 quo
2451 2010 2737 2064 debebant
2766 2011 3005 2080 sepelire
3032 2027 3186 2079 eum,
3211 2017 3267 2065 et
3293 2019 3488 2081 postea
3509 2018 3694 2069 trans-

1998 2098 2077 2151 ito
2106 2096 2353 2151 Jordane
2409 2098 2701 2151 redierunt
2742 2098 2811 2151 ad
2847 2098 3029 2152 locum
3090 2100 3333 2169 duplicis
3385 2103 3691 2173 speluncae.

2001 2186 2158 2240 Unde
2189 2185 2369 2255 quaeri
2399 2190 2585 2256 potest
2605 2202 2781 2256 quare
2814 2187 2919 2240 hoc
2950 2187 3203 2241 fecerint.
3229 2189 3286 2243 Si
3315 2189 3451 2243 dicit
3487 2191 3695 2261 aliquis

1997 2275 2132 2345 quia
2160 2274 2309 2328 bella
2360 2273 2658 2338 timebant,
2718 2274 2864 2329 sicut
2928 2275 3032 2329 lilii
3092 2278 3264 2330 Israel
3321 2277 3691 2333 circumducti

2004 2379 2105 2434 per
2133 2363 2421 2416 desertum
2450 2362 2826 2433 quadraginta
2873 2364 3057 2427 annis,
3127 2364 3307 2417 donec
3358 2366 3690 2420 transmisso

1999 2452 2244 2505 Jordane
2266 2454 2545 2504 venerunt
2573 2450 2644 2504 ad
2679 2454 2888 2505 terram
2922 2452 3335 2521 promissionis.
3365 2454 3472 2507 Sed
3506 2456 3688 2524 majo-

1998 2539 2076 2593 ris
2129 2538 2525 2609 signilicantite
2592 2554 2759 2592 causa
2797 2539 3009 2593 factum
3063 2546 3147 2594 est
3216 2540 3341 2594 hoc.
3424 2543 3487 2595 lu
3567 2544 3690 2597 loco

1998 2627 2150 2682 enim
2174 2644 2303 2698 qua:
2332 2642 2465 2680 area
2492 2628 2640 2680 Arad
2689 2627 2912 2693 dicitur,
2974 2634 3167 2698 postea
3218 2629 3520 2684 multitudo
3550 2631 3692 2686 tilio-

2000 2733 2127 2771 rum
2198 2716 2369 2769 Israel
2448 2731 2812 2769 murmurans
2864 2721 3058 2770 contra
3115 2718 3442 2786 Dominum,
3495 2720 3687 2774 divino

1999 2804 2129 2876 igne
2159 2810 2499 2874 consumpta
2531 2808 2631 2857 est.
2654 2806 2833 2858 Tanto
2869 2822 3005 2874 ergo
3036 2806 3221 2859 luctus
3247 2811 3500 2860 nontam
3537 2824 3687 2862 mors

1994 2893 2183 2959 Jacob,
2217 2908 2388 2963 quam
2419 2892 2585 2946 ruina
2610 2893 2808 2963 populi
2840 2895 3031 2947 futura
3054 2895 3375 2964 lugebatur.

2068 2984 2332 3048 Vens.22,
2367 2984 2453 3034 ‘23.
2497 3011 2565 3020 —-
2598 3002 2625 3028 ι(
2658 2981 2918 3051 Vixitque
2948 2988 3179 3036 centum
3207 2984 3400 3037 decem
3442 2985 3622 3037 annis.
3657 3003 3682 3033 υ

1991 3070 2187 3142 (Are,
2214 3073 2271 3123 in
2330 3071 2489 3135 Gem,
2522 3074 2660 3123 tom.
2700 3070 2815 3139 lll.)
2844 3072 2983 3125 Cum
3009 3072 3113 3125 hos
3142 3071 3289 3125 filios
3313 3070 3564 3124 ﬁliorum
3601 3069 3685 3121 vel

1992 3162 2225 3230 nepotes
2258 3157 2504 3211 liliorum
2534 3158 2683 3211 dicat
2737 3159 3024 3229 Scriptura
3074 3160 3283 3229 Joseph
3338 3158 3577 3211 vivendo
3612 3158 3682 3209 vi-

1994 3247 2163 3311 disse,
2207 3246 2495 3316 quomodo
2539 3246 2732 3315 jungit
2763 3263 2859 3300 eos
2910 3247 3202 3316 sexaginta
3247 3246 3501 3317 quinque
3561 3246 3684 3298 ani-

1995 3336 2338 3389 Iuabuscnm
2360 3335 2569 3405 quibus
2590 3336 2760 3389 Jacob
2787 3337 3089 3404 Aﬂgyptum
3119 3334 3528 3401 dicitintrasse,
3552 3340 3683 3399 etc.,

1993 3439 2160 3493 usque
2206 3423 2279 3477 ad
2318 3439 2447 3492 quae
2478 3423 2575 3475 illo
2630 3423 2752 3475 vivo
2786 3422 3229 3493 propagabatur,
3270 3439 3373 3493 per
3403 3439 3573 3493 quem
3607 3423 3685 3476 fa-

1993 3520 2146 3565 ctum
2174 3518 2256 3565 est
2284 3517 2347 3564 ut
2375 3511 2795 3581 ingrederetur.

2067 3602 2225 3654 γωδ.
2252 3601 2340 3653 2’s.
2374 3629 2441 3638 —
2496 3620 2516 3648 ι
2551 3600 2852 3669 Asportate
2882 3616 3027 3665 ossa,
3065 3624 3088 3646 υ
3147 3605 3251 3653 etc.
3292 3599 3526 3667 (Sume)
3584 3600 3681 3653 ,Ιο-
3714 3628 3717 3631 ι

1995 3690 2153 3759 sepb,
2202 3688 2347 3741 sicut
2407 3691 2567 3757 pater
2630 3688 2772 3758 ejus,
2850 3692 3059 3741 terram
3122 3687 3517 3758 promissionis
3570 3693 3685 3740 tota

1996 3781 2185 3830 mente
2216 3776 2590 3841 desiderabat,
2639 3782 2693 3828 et
2723 3776 3030 3831 incolatum
3079 3777 3304 3846 Aigypti
3368 3775 3685 3829 detestaba-

1995 3870 2106 3919 tur.
2157 3865 2265 3917 Nos
2314 3880 2568 3935 quosque
2646 3866 2942 3920 moraliter
2994 3865 3246 3930 instruit,
3310 3868 3373 3917 ut
3428 3863 3686 3934 quandiu

1996 3968 2191 4005 sumus
2222 3951 2279 4005 in
2331 3953 2434 4005 hoc
2481 3952 2717 4015 mundo,
2766 3958 2976 4006 terram
3026 3951 3445 4022 promissionis,
3489 3951 3546 4005 id
3604 3956 3689 4003 est

1996 4040 2327 4099 viventium,
2362 4055 2587 4108 semper
2640 4040 3047 4106 desideremus,
3095 4048 3150 4093 et
3210 4039 3283 4093 ibi
3334 4039 3687 4109 requiescere

1995 4131 2255 4196 aptemus
2286 4141 2297 4179 :
2334 4128 2486 4196 quod
2512 4127 2657 4180 bene
2689 4128 2769 4195 lit,
2804 4129 2849 4182 si
2902 4144 3207 4181 numerum
3272 4141 3553 4181 annorum
3602 4127 3685 4178 Jo-

1997 4217 2135 4285 seph
2194 4216 2446 4269 moribus
2507 4215 2820 4270 imitemur.
2880 4218 3115 4271 Centum
3176 4216 3325 4270 enim
3388 4219 3443 4269 et
3493 4215 3686 4269 decem

1999 4304 2124 4357 vitae
2154 4303 2317 4357 annis
2365 4304 2602 4373 expletis
2654 4310 2913 4359 mortuus
2967 4310 3095 4359 est:
3151 4321 3255 4359 nos
3286 4318 3513 4376 quoque
3566 4307 3690 4355 stu-

2001 4393 2235 4447 deamus
2255 4409 2359 4463 per
2392 4393 2643 4463 decalogi
2674 4395 3090 4448 observantiam
3136 4394 3205 4449 ad
3236 4397 3507 4448 inteream
3564 4397 3694 4445 bea-

2003 4480 2305 4536 titudinem
2338 4497 2510 4552 quam
2568 4483 2960 4536 centenarium
3027 4482 3326 4553 signiﬁcat,
3372 4480 3689 4552 pervenire.

2076 4568 2232 4621 Vens.
2294 4570 2380 4620 25.
2431 4597 2499 4607 —
2558 4587 2585 4619 (ι
2640 4569 2910 4623 Conditus
2961 4569 3333 4623 aromatibus.
3371 4586 3396 4620 ν
3457 4568 3713 4637 (Srnan.)‘

2008 4655 2158 4710 Felix
2195 4660 2279 4710 est
2320 4655 2510 4711 anima
2541 4672 2691 4728 qua},
2724 4657 3073 4712 aromatibns
3131 4657 3409 4711 virtutum
3467 4652 3696 4707 condita

2006 4744 2065 4799 in
2095 4744 2279 4799 loculo
2312 4746 2567 4816 corporis
2611 4747 2846 4817 degens,
2887 4746 3146 4817 quotidie
3202 4742 3558 4816 proliciendo
3590 4755 3696 4810 pe-

2009 4830 2171 4884 renni
2202 4830 2329 4884 vitae
2371 4838 2711 4887 reservatur.
2746 4832 3036 4903 Siquidem
3083 4832 3140 4883 in
3199 4830 3331 4896 fide,
3363 4844 3461 4899 spe
3489 4832 3545 4883 et
3572 4826 3698 4880 cha-

2009 4920 2175 4972 ritate
2201 4919 2485 4974 custodita
2513 4920 2703 4988 fuerit,
2745 4936 2849 4991 per
2886 4920 3125 4990 gratiam
3159 4917 3362 4973 Christi
3402 4914 3697 4988 pervenire

2011 5007 2323 5063 merebitur
2353 5008 2423 5062 ad
2454 5008 2701 5079 speciem
2737 5008 2943 5062 divina:
2987 5005 3512 5077 contemplationis,
3538 5003 3700 5072 cujus

2009 5096 2234 5168 adoptio
2255 5098 2503 5168 perfecta
2533 5102 2618 5151 est
2647 5096 2878 5162 laetitia;
2912 5096 3061 5150 unde
3088 5096 3228 5166 psal.
3281 5110 3346 5147 xv
3381 5109 3392 5146 :
3431 5115 3457 5142 ‹‹
3503 5092 3697 5147 Adim-

2010 5186 2189 5258 plebis
2219 5202 2311 5241 me
2344 5187 2536 5241 ltetitia
2563 5202 2689 5239 cum
2722 5185 2879 5238 vultu
2910 5190 3028 5239 tuo.
3071 5208 3090 5233 ρ
