4064 6186
320 258 416 309 183
928 252 1321 310 WALAFRIDI
1361 253 1604 308 STRABI
1647 253 1845 307 ΗΜ).
1893 251 2016 306 ΜοΒ

2204 254 2243 302 ⁷).
2291 248 2462 304 PARS
2503 248 2542 301 1.
2584 278 2649 285 -—
2690 247 3140 302 'I'IIEOLOGICA.

3713 249 3812 301 lS-i

1617 497 1960 582 LIBER
2018 493 2504 582 EXODUS.

531 675 786 729 Hebraice
819 675 1028 727 VEELLE
1067 673 1281 726 Seuoru
1325 677 1521 738 (mnu:
1561 655 1742 740 HSm),
1782 670 1843 725 id
1869 673 1967 736 est,
2012 671 2016 722 Ι

2204 685 2302 724 um
2341 684 2580 732 nonius;
2624 667 2808 723 Graece
2847 673 3112 732 ΕΞΟΔΟΣ,
3155 669 3217 722 id
3255 673 3333 722 est
3373 669 3584 722 EXITL’S.

690 893 1159 949 PROTHEMATA
1202 894 1272 948 ιΝ
1313 892 1624 947 EXODUM.

391 1019 577 1086 (ΗΑΒ.)
628 1020 690 1072 In
758 1015 1144 1072 Pentateucho
1203 1016 1422 1070 excellit
1487 1014 1727 1081 Exodus,
1787 1015 1844 1069 in
1894 1029 2008 1085 quo

321 1123 466 1180 pene
496 1105 690 1161 omnia
753 1109 1108 1159 sacramenta
1130 1104 1338 1176 quibus
1377 1102 1619 1158 Ecclesia
1681 1101 2007 1167 instruitur,

323 1195 640 1266 tignraliter
694 1193 1114 1265 exprimuntur.
1177 1194 1282 1246 Per
1319 1192 1674 1262 corporalem
1733 1190 1888 1245 enim
1917 1207 2008 1244 ex-

321 1284 464 1337 itum
515 1282 765 1338 ﬁliorum
819 1282 992 1336 Israel
1042 1280 1110 1334 de
1161 1279 1404 1351 Egypto
1454 1279 1759 1350 corporalis
1819 1283 2014 1333 noster

323 1372 509 1426 exitus
572 1372 643 1426 de
696 1372 939 1442 Egypto
1005 1368 1290 1440 spirituali
1347 1368 1627 1439 signatur.
1695 1369 1802 1421 Per
1859 1383 2015 1421 mare

326 1460 606 1528 Rubrum,
655 1466 714 1514 et
757 1459 1068 1514 Pharaonis
1125 1457 1580 1512 submersionem
1619 1461 1789 1528 atque
1843 1459 2012 1526 ngy-

325 1549 601 1619 ptiorum,
634 1547 905 1618 baptismi
918 1545 1253 1618 mysterium
1277 1549 1334 1600 et
1353 1545 1738 1616 spiritualium
1769 1547 2015 1600 hostium

326 1638 607 1691 interitus.
650 1638 756 1691 Per
795 1635 969 1707 typici
1019 1635 1152 1705 agni
1210 1634 1686 1700 immolationem,
1747 1635 2012 1689 Hebraao-

327 1741 455 1779 rum
499 1725 921 1790 liberationem,
975 1724 1092 1776 veri
1121 1722 1270 1794 Agni
1318 1724 1509 1792 passio
1565 1729 1623 1777 et
1671 1727 1868 1777 nostra
1919 1739 2016 1778 re-

327 1813 606 1883 demptio.
640 1813 719 1866 De
747 1813 886 1865 coelo
948 1811 1119 1865 datur
1147 1825 1378 1876 manna,
1428 1815 1484 1865 et
1539 1826 1688 1882 aqua
1727 1812 1804 1867 de,
1854 1815 2019 1882 petra

331 1901 428 1955 llic
447 1905 525 1954 est
548 1903 708 1970 panis
739 1902 834 1969 qui
859 1900 925 1954 de
953 1900 1077 1954 caelo
1116 1899 1391 1953 descendit
1447 1901 1639 1968 (Joan.
1708 1899 1782 1970 vi)
1833 1905 1890 1954 et
1917 1901 2016 1955 do-

329 1988 511 2043 ctrina
536 1988 760 2044 Christi.
811 1990 874 2042 In
906 1993 1098 2042 monte
1129 1987 1338 2042 dantur
1382 1993 1668 2058 praecepta
1715 1992 1886 2060 atque
1923 1989 2017 2058 ju-

330 2077 474 2132 dicia
516 2077 729 2148 populo
763 2077 882 2142 Dei,
935 2081 999 2131 ut
1049 2077 1311 2147 supernis
1345 2077 1716 2147 subjiciamur
1767 2077 2015 2148 discipli-

333 2167 437 2220 nis.
508 2165 982 2232 Tahernaculum,
1059 2170 1116 2219 et
1202 2182 1332 2219 vasa
1389 2167 1511 2237 ejus
1589 2170 2015 2232 construuntur,
2059 2174 2101 2229 Β

330 2255 514 2308 cultus
542 2257 598 2307 et
626 2253 902 2308 sacriﬁcia
933 2253 1313 2325 imperantur,
1376 2255 1586 2325 quibus
1619 2254 1878 2310 Ecclesiae
1923 2271 2021 2308 or-

333 2346 500 2396 natus
528 2347 586 2396 et
641 2341 962 2414 spiritualia
1005 2341 1280 2406 sacriﬁcia
1333 2342 1748 2413 signiﬁcantur.
1799 2343 2022 2413 Mystica

333 2431 525 2485 unctio
571 2435 628 2485 et
665 2431 1040 2502 thymiamata
1085 2431 1487 2498 conﬁciuntur,
1521 2430 1728 2502 quibus
1787 2431 2025 2485 sanctiﬁ-

333 2519 478 2572 catio
508 2519 741 2588 spiritus
771 2524 829 2573 et
869 2519 1140 2573 orationis
1189 2519 1561 2573 odoramenta
1615 2518 2022 2572 commendan-

334 2614 446 2662 tur.
483 2609 623 2662 Hinc
680 2608 889 2662 Paulus
935 2609 1058 2662 ait:
1114 2610 1302 2664 Omnes
1359 2607 1596 2662 eamdem
1639 2623 1810 2662 escam
1865 2609 2025 2675 spiri-

336 2694 534 2748 tualem
600 2695 1079 2749 manducaverunt.
1140 2701 1188 2748 et
1254 2709 1431 2749 omnes
1512 2695 1752 2749 eumdem
1837 2700 2025 2764 potum

334 2784 676 2850 spiritualem
702 2784 973 2850 biberunt,
1031 2789 1135 2838 etc.

408 2873 447 2942 (l
481 2874 606 2928 Cor.
642 2873 719 2942 χ.)
751 2873 896 2927 Hinc
929 2888 1160 2944 quoque
1191 2874 1432 2927 Joannes
1465 2890 1477 2927 :
1523 2875 1684 2927 Facta
1730 2879 1856 2928 sunt
1895 2873 2024 2937 haec,

333 2961 543 3030 inquit,
573 2965 632 3015 ut
668 2961 961 3030 Scriptura
993 2963 1305 3031 impleretur
1337 2978 1350 3014 :
1396 2962 1464 3017 Os
1512 2977 1616 3016 non
1663 2963 2026 3016 comminuelis

334 3064 401 3101 ea:
428 3065 484 3102 co
522 3050 713 3118 (Joan.
743 3052 881 3118 xix).

410 3137 591 3206 (Ben)
658 3139 801 3193 Velle
867 3139 1081 3194 Semoth
1139 3139 1365 3207 (ﬂint?
1434 3124 1627 3204 H531)
1698 3139 2022 3193 llebraice:

340 3222 516 3286 ἔξοδος
543 3227 732 3280 Graece
757 3241 768 3280 :
801 3227 1027 3290 emodus,
1064 3229 1242 3280 critus
1271 3227 1355 3279 vel
1386 3242 1626 3293 egressus
1660 3226 1871 3280 Latine.

909 3341 1132 3394 CAPUT
1174 3341 1458 3394 PRIMUM.

2045 889 2175 946 Ain
2226 905 2386 946 carne
2422 891 2599 957 magis
2650 892 3011 944 necessarium
3051 894 3130 945 est
3185 897 3411 961 propter
3468 906 3586 948 vos.
3667 895 3815 949 Dum

2119 978 2274 1033 enim
2305 982 2500 1033 manet
2528 977 2590 1032 in
2614 981 2787 1046 terra,
2820 977 2876 1032 id
2908 982 2994 1032 est
3037 977 3100 1032 in
3129 994 3307 1033 carne
3355 995 3479 1046 sua,
3535 981 3819 1052 multipli-

2119 1071 2278 1122 catur
2308 1066 2590 1122 credendo
2619 1065 2880 1125 Ecclesia.
2938 1065 3284 1137 acquirendo
3336 1069 3612 1140 populum
3675 1071 3814 1132 Deo,

2121 1161 2176 1211 et
2225 1156 2294 1210 ab
2335 1155 2691 1209 Hierusalem
2749 1171 2927 1225 usque
2967 1155 3038 1210 ad
3099 1155 3381 1227 Illyricum
3446 1158 3817 1229 Evangeliuin

2122 1243 2510 1317 praedicando.

2195 1334 2356 1386 Vens.
2417 1334 2566 1387 8-10.
2627 1361 2697 1372 —
2749 1333 3006 1388 Surrexit
3053 1334 3258 1388 interea
3309 1349 3407 1388 rea:
3439 1350 3608 1390 novus
3656 1350 3824 1406 super

2124 1424 2438 1490 Egyptum,
2475 1426 2582 1477 etc.
2639 1421 2843 1492 (ORIG.)
2874 1422 3193 1488 Allegorice.
3247 1422 3344 1477 Hic
3392 1428 3478 1477 est
3533 1423 3819 1492 diabolus,

2126 1509 2225 1580 qui
2256 1509 2405 1564 diruit
2434 1511 2494 1563 in
2520 1509 2678 1564 corde
2700 1524 2796 1565 suo
2829 1525 2844 1563 :
2891 1512 3010 1567 Non
3042 1515 3120 1564 est
3153 1511 3326 1577 Deus;
3357 1511 3457 1582 qui
3487 1512 3644 1583 genti
3677 1528 3820 1580 suae,

2125 1597 2182 1650 id
2207 1601 2290 1651 est
2314 1597 2584 1668 apostatis
2616 1597 2852 1666 angelis,
2889 1597 3029 1652 dicit
3061 1613 3074 1651 :
3121 1601 3252 1653 Ecce
3306 1601 3538 1668 populus
3574 1602 3816 1669 ﬁliorum

2130 1686 2324 1753 Israel,
2357 1701 2558 1741 eorum
2606 1685 2820 1740 scilicet
2858 1685 2958 1757 qui
3005 1692 3243 1757 possunt
3274 1692 3464 1742 mente
3516 1691 3698 1744 Deum
3745 1691 3826 1745 vi-

2127 1775 2280 1834 dere,
2309 1774 2602 1845 potentior
2647 1778 2732 1829 est
2749 1774 2912 1829 nobis
2947 1792 2960 1829 :
3004 1777 3211 1842 Venite,
3263 1778 3636 1846 opprimamus
3700 1794 3822 1834 eum

2127 1866 2419 1933 sapienter.
2452 1863 2635 1918 Sentit
2668 1863 2932 1919 diabolus
2958 1864 3093 1934 quia
3150 1880 3393 1936 magnus
3441 1866 3516 1920 sit
3571 1867 3825 1937 populus

2130 1953 2322 2016 Israel,
2363 1955 2419 2006 et
2466 1952 2668 2007 fortior
2723 1952 2864 2023 ipso,
2923 1951 3060 2023 quia
3117 1968 3268 2022 saepe
3323 1969 3660 2024 congressus
3719 1961 3824 2020 est,

2129 2056 2279 2112 saepe
2308 2046 2629 2112 superatur.
2691 2041 2805 2096 Scit
2839 2041 3008 2096 Jacob
3051 2041 3325 2095 luctatum
3356 2057 3498 2108 esse,
3551 2047 3608 2097 et
3661 2044 3826 2114 adju-

2131 2129 2281 2183 torio
2331 2129 2521 2201 angeli
2574 2129 2891 2184 obtinuisse
2947 2134 3146 2184 contra
3187 2130 3599 2199 adversarium,
3661 2131 3822 2188 inva-

2134 2217 2304 2271 luisse
2332 2233 2463 2271 cum
2494 2219 2629 2272 Deo.
2660 2217 2924 2272 Aliorum
2971 2233 3202 2288 quoque
3258 2225 3584 2274 sanctorum
3641 2221 3827 2276 luctas

2132 2306 2346 2374 sensit,
2382 2305 2704 2377 spiritualia
2755 2306 3067 2360 certamina
3131 2306 3369 2377 pertulit
3421 2324 3436 2362 ε
3510 2308 3678 2364 timet
3755 2326 3828 2365 ne

2133 2395 2364 2465 quando
2404 2395 2630 2449 eveniat
2682 2395 2918 2461 bellum,
2971 2399 3028 2449 et
3077 2394 3438 2452 consentiant
3490 2397 3831 2452 adversariis

2135 2499 2276 2554 ejus,
2311 2486 2368 2537 et
2397 2481 2618 2537 divictis
2674 2482 2755 2536 cis
2785 2483 3028 2555 (devicto
3075 2484 3160 2552 eo)
3201 2483 3494 2540 discedant
3543 2485 3614 2541 de
3673 2492 3826 2541 terra

2134 2588 2254 2626 sua.
2305 2571 2536 2626 Videtur
2581 2571 2721 2625 mihi
2773 2587 2839 2626 ex
2888 2572 2976 2626 his
3026 2587 3155 2644 quae
3208 2572 3543 2644 patriarchis
3601 2577 3659 2628 et
3698 2590 3832 2646 pro-

2119 2659 2322 2730 phetis
2373 2659 2441 2713 de
2506 2659 2749 2714 adventu
2809 2658 3016 2714 Christi
3073 2659 3323 2714 indicata
3377 2660 3616 2725 fuerant,
3688 2663 3829 2734 quia

2136 2747 2306 2802 sentit
2333 2753 2634 2802 venturum
2665 2747 2766 2820 qui
2793 2752 2964 2802 exuat
3007 2747 3356 2819 principatus
3386 2750 3509 2820 ejus
3537 2755 3595 2804 et
3634 2755 3828 2822 potes-

2135 2842 2300 2905 tates,
2355 2853 2486 2892 cum
2553 2837 2760 2892 ﬁducia
2830 2836 3146 2909 triumphet
3207 2854 3302 2892 eos
3364 2844 3420 2893 et
3476 2839 3692 2909 aftligat
3771 2840 3834 2895 in

2138 2926 2292 2998 ligno
2315 2925 2514 2980 crucis.

2209 3017 2372 3084 (the.
2400 3018 2458 3068 iu
2493 3015 2690 3078 Exod,
2734 3019 2870 3068 tom.
2916 3014 3006 3083 II.)
3057 3017 3124 3068 In
3172 3014 3468 3070 Clironicis
3517 3014 3743 3071 Eusebii
3773 3021 3833 3070 et

2139 3103 2474 3173 Hieronymi
2502 3103 2761 3174 legimus,
2795 3107 2918 3164 etc.,
2951 3118 3119 3171 usque
3177 3103 3252 3157 ad
3281 3108 3334 3157 et
3365 3104 3422 3158 in
3454 3105 3600 3158 mari
3631 3105 3829 3160 Rubro

2138 3193 2326 3263 periit,
2364 3191 2527 3244 multi
2560 3192 2883 3244 Pharaones
2916 3190 3167 3245 fuerunt.

2209 3281 2391 3348 (Ome.
2433 3281 2615 3333 homil.
2642 3279 2710 3349 t.)
2745 3280 3041 3333 Moraliter.
3075 3279 3331 3334 Primum
3363 3279 3652 3351 requirere
3699 3281 3832 3336 volo

2140 3369 2268 3438 quis
2298 3373 2382 3422 est
2411 3385 2503 3422 rex
2545 3367 2789 3438 zEgypto
2836 3367 2934 3438 qui
2976 3368 3080 3421 scit
3114 3368 3344 3440 Ioseph,
3392 3376 3449 3423 et
3499 3369 3599 3440 qui
3626 3370 3831 3424 nescit.

412 3459 571 3510 Vens.
620 3459 669 3510 5.
705 3485 772 3496 —
801 3458 976 3510 Erant
1016 3457 1190 3522 igitur
1246 3470 1422 3510 omnes
1468 3459 1664 3510 anima:
1713 3472 1893 3512 eorum
1938 3457 2033 3525 qui
2073 3464 2112 3519 C
2144 3459 2288 3510 Dum
2307 3457 2460 3511 enim
2482 3456 2578 3510 ille
2609 3460 2876 3526 regnaret
2901 3455 3001 3526 qui
3046 3456 3260 3511 sciebat
3305 3458 3534 3527 Joseph,
3596 3473 3711 3512 non
3753 3458 3839 3513 di-

339 3548 540 3614 egressi
564 3549 690 3599 sunt
710 3545 776 3598 de
801 3545 1002 3610 femore
1037 3544 1235 3605 Jacob,
1257 3546 1624 3612 septuaginta.
1659 3549 1763 3599 etc.
1797 3545 2027 3616 Septua-

341 3635 500 3706 ginta
547 3632 776 3698 animm,
837 3631 891 3686 id
952 3638 1054 3698 est,
1113 3631 1477 3702 septuaginta
1538 3632 1818 3703 discipuli,
1899 3649 2026 3688 cum

340 3723 532 3790 Jacob,
577 3721 634 3775 id
690 3725 796 3790 est,
845 3719 1090 3783 Christo,
1146 3720 1547 3789 ingrediuntur
1588 3721 1648 3774 in
1700 3723 2026 3792 ASgyptum,

343 3811 398 3865 id
445 3814 548 3874 est,
607 3810 909 3873 mundum,
973 3808 1129 3862 missi
1182 3808 1394 3863 scilicet
1451 3809 1519 3863 ad
1579 3811 2024 3879 praedicandum.

341 3898 540 3964 Aliter,
608 3898 972 3969 septuaginta
1055 3897 1263 3952 animae
1350 3899 1654 3968 Aigyptum
1734 3899 2026 3968 ingressae,

343 3987 575 4058 mystice
604 3986 665 4040 in
697 4001 934 4040 numero
965 3984 1318 4039 remissionis
1349 3985 1724 4056 accipiuntur,
1787 3992 1850 4041 ut
1897 3987 2031 4040 huic

343 4076 556 4131 scilicet
592 4077 818 4141 saeculo,
873 4073 1022 4145 quod
1054 4090 1156 4144 per
1208 4075 1514 4145 Aigyptum
1570 4075 1870 4146 ﬁguratur,
1906 4080 2033 4147 post

346 4171 501 4220 tanta
529 4169 760 4235 peccata
791 4163 957 4216 detur
984 4161 1243 4216 remissio
1266 4166 1648 4232 peccatorum.

416 4253 574 4304 Vsus.
618 4254 669 4318 6,
718 4255 768 4304 7.
802 4279 869 4290 —
915 4250 1026 4314 Quo
1057 4253 1285 4316 mortuo,
1341 4253 1447 4304 etc.
1505 4252 1657 4321 (lsw.
1719 4253 1776 4304 in
1837 4252 2029 4319 Brod.)

346 4341 434 4397 Sic
485 4344 784 4410 postquam
831 4353 998 4391 verus
1043 4338 1252 4409 Ioseph
1309 4354 1410 4409 pro
1470 4338 1736 4393 omnibus
1788 4339 2035 4410 gustavit

349 4435 610 4490 mortem,
641 4433 698 4482 et
734 4426 1013 4481 destruxit
1044 4443 1175 4481 enm
1206 4428 1304 4498 qui
1351 4428 1550 4482 mortis
1588 4429 1896 4500 imperium
1931 4431 2031 4484 ha-

346 4521 532 4585 bebat,
565 4515 971 4587 multiplicatus
1000 4520 1085 4570 est
1122 4518 1367 4587 populus
1417 4517 1692 4572 ﬁdelium.
1730 4517 1846 4572 Nisi
1878 4519 2033 4573 enim

347 4611 405 4664 in
459 4615 609 4662 terra
666 4621 910 4677 granum
972 4609 1262 4660 mortuum
1328 4604 1548 4670 fuisset,
1623 4607 1804 4660 solum
1879 4623 2033 4661 man-

348 4699 527 4752 sisset.

419 4786 619 4854 (Omo.,
651 4786 786 4839 hom.
821 4787 864 4837 l.
909 4787 966 4838 in
995 4783 1196 4852 Exod.)
1230 4783 1287 4839 Si
1319 4785 1593 4838 moriatur
1630 4783 1691 4837 in
1723 4790 1776 4838 te
1804 4785 2029 4856 Joseph.

347 4874 405 4927 id
449 4878 550 4941 est,
619 4872 1112 4928 mortiﬁcationem
1166 4871 1372 4926 Christi
1417 4872 1477 4926 in
1529 4878 1585 4927 te
1641 4872 1937 4944 suscipias,
1979 4878 2034 4926 et

351 4959 656 5013 mortiﬁces
695 4959 953 5015 membra
1009 4963 1108 5013 tua
1157 4964 1407 5031 peccato,
1459 4959 1915 5030 multiplicantur
1972 4959 2033 5014 in

347 5053 400 5100 te
441 5047 545 5100 ﬁlii
595 5048 785 5115 ISraeI,
840 5064 1036 5102 sensus
1075 5049 1287 5103 scilicet
1328 5049 1464 5103 boni
1503 5053 1559 5104 et
1598 5049 1941 5120 Spirituales.
1976 5047 2033 5103 Si

347 5136 500 5190 enim
556 5153 754 5192 sensus
824 5139 1007 5193 carnis
1073 5140 1506 5207 mortiﬁcentur,
1577 5157 1772 5195 sensus
1823 5139 2032 5194 animae

345 5230 620 5293 crescunt,
659 5229 716 5280 et
779 5227 1156 5283 morientibus
1215 5229 1273 5282 in
1312 5234 1365 5284 te
1421 5229 1588 5292 vitiis,
1639 5228 1873 5282 virtutes
1929 5243 2031 5280 au-

345 5319 572 5383 gentur,
612 5318 669 5368 et
697 5319 848 5368 terra
903 5321 956 5368 te
1015 5317 1357 5388 multiplicat
1403 5317 1461 5371 in
1515 5316 1782 5388 operibus
1841 5315 2028 5381 bonis,

342 5419 469 5472 qua:
511 5419 612 5473 per
669 5402 918 5456 ofﬁcium
978 5405 1231 5474 corporis
1306 5405 1721 5460 ministrentur.
1791 5404 2030 5459 Paulum

341 5490 815 5561 multiplicaverat
865 5497 1029 5558 terra,
1061 5491 1159 5562 qui
1191 5492 1414 5547 dicebat
1446 5509 1458 5546 :
1509 5495 1822 5548 Permanere
1854 5498 2031 5547 autem

2138 3553 2348 3601 cuntur
2378 3546 2572 3601 afllicti
2615 3545 2720 3599 ﬁlii
2771 3547 2965 3610 Israel,
3017 3562 3204 3617 neque
3257 3546 3316 3600 in
3365 3547 3483 3602 luto
3543 3552 3600 3604 et
3655 3551 3840 3604 latere

2139 3635 2496 3705 consumpti;
2529 3650 2715 3706 neque
2746 3633 2982 3688 masculi
3011 3651 3211 3689 eorum
3261 3636 3465 3704 necati,
3518 3642 3575 3692 et
3602 3637 3838 3693 feminae

2139 3724 2462 3786 viviﬁcalze;
2487 3725 2580 3776 sed
2613 3739 2741 3776 cum
2769 3723 2938 3792 empit
2998 3739 3264 3794 regnare,
3311 3724 3411 3795 qui
3442 3741 3556 3779 non
3598 3732 3840 3781 noverat

2137 3813 2363 3882 Josepli.
2393 3813 2447 3866 Si
2483 3812 2752 3865 Dominus
2793 3811 2940 3883 regit
2970 3828 3095 3876 nos,
3153 3817 3208 3866 et
3262 3829 3460 3868 sensus
3502 3817 3710 3870 mentis
3743 3819 3839 3875 vel

2140 3900 2345 3953 animae
2378 3904 2586 3954 nostrae
2633 3899 2994 3954 illuminatur
3030 3918 3063 3954 a
3097 3902 3232 3967 Deo,
3287 3917 3613 3958 memorans
3666 3905 3832 3959 Chri-

2141 3993 2291 4040 stum
2337 3987 2706 4041 resurrexisse
2736 4003 2770 4040 a
2809 3988 3072 4056 mortuis,
3129 3989 3191 4042 in
3228 3989 3490 4061 Egypto,
3533 3992 3589 4046 id
3629 3997 3713 4046 est
3771 3994 3833 4047 in

2140 4091 2309 4129 carne
2366 4081 2584 4143 nostra,
2643 4075 2873 4146 spiritus
2925 4081 3117 4131 noster
3159 4093 3400 4147 regnum
3441 4094 3571 4132 cum
3607 4080 3836 4150 justitia

2141 4168 2319 4232 tenet,
2352 4169 2409 4218 et
2452 4163 2601 4218 ﬁlios
2645 4164 2834 4228 Israel,
2884 4163 2938 4218 id
2971 4171 3056 4219 est
3113 4182 3310 4220 sensus
3350 4166 3713 4222 rationabiles
3744 4170 3838 4224 vel

2141 4251 2397 4318 virtutes,
2429 4252 2515 4321 {in
2542 4252 2658 4306 luto
2691 4258 2749 4307 et
2796 4253 2967 4306 latere
3005 4269 3122 4308 non
3160 4255 3468 4322 consumit,
3529 4273 3630 4310 nec
3681 4258 3838 4313 curis

2144 4341 2384 4395 terrenis
2412 4343 2622 4396 atterit.
2659 4342 2714 4395 Si
2753 4340 2961 4394 horum
2995 4343 3328 4396 memoriam
3381 4359 3580 4398 sensus
3641 4349 3841 4400 noster

2142 4429 2478 4500 perdiderit,
2516 4429 2802 4483 Clu-istum
2833 4429 3096 4484 nescierit
3130 4447 3142 4484 :
3207 4436 3342 4486 tunc
3385 4433 3663 4502 sapientia
3708 4450 3836 4489 car-

2142 4517 2248 4578 nis,
2286 4533 2415 4588 qua:
2446 4521 2532 4572 est
2558 4517 2791 4571 inimica
2833 4518 2967 4586 Deo,
3001 4519 3248 4573 succedit
3300 4518 3359 4573 in
3387 4536 3659 4591 regnum;
3691 4521 3837 4577 allo-

2143 4606 2337 4675 quitur
2386 4609 2618 4676 gentem
2664 4621 2845 4670 suam,
2898 4605 2958 4661 id
3009 4612 3094 4660 est
3140 4623 3443 4678 corporeus
3491 4609 3834 4678 voluptates,

2147 4697 2201 4745 et
2231 4692 2499 4746 vitiorum
2526 4693 2764 4748 ducibus
2795 4693 2868 4748 ad
2916 4695 3221 4748 consilium
3267 4696 3501 4763 vocatis,
3555 4697 3835 4752 deliberat

2147 4786 2342 4835 contra
2381 4782 2527 4836 ﬁlios
2585 4782 2772 4850 Israel,
2829 4784 3115 4852 quomodo
3153 4784 3696 4850 circumveniuntur,
3727 4800 3836 4855 op-

2144 4869 2464 4940 primantur
2495 4871 2631 4934 luto,
2686 4875 2742 4925 et
2784 4871 2959 4925 latere
3010 4872 3374 4942 affligantur;
3417 4889 3603 4928 mares
3654 4889 3834 4944 expo-

2144 4965 2302 5023 nant,
2366 4958 2606 5014 feminas
2637 4959 2809 5026 alant,
2851 4960 3134 5036 aediﬁcent
3178 4960 3432 5015 civitates
3489 4962 3735 5032 Egyptii
3778 4969 3841 5018 et

2141 5047 2393 5101 civitates
2423 5047 2690 5102 munitas.
2742 5049 2854 5103 Nec
2908 5050 3224 5119 putandum
3264 5053 3350 5105 est
3405 5049 3627 5104 divinos
3657 5050 3842 5107 libros

2143 5137 2540 5208 Egyptiorum
2569 5143 2727 5210 gesta
2759 5155 2989 5194 narrare
3020 5140 3140 5195 sine
3170 5155 3338 5194 causa
3363 5157 3376 5196 :
3419 5141 3516 5196 sed
3542 5157 3672 5212 qua:
3711 5146 3846 5197 scri-

2138 5231 2238 5296 pta
2267 5231 2412 5293 sunt,
2443 5227 2517 5281 ad
2542 5234 2783 5283 nostram
2803 5228 3106 5283 doctrinam
3131 5231 3339 5298 scripta
3369 5235 3496 5284 sunt
3518 5233 3691 5296 (Rom.
3716 5233 3838 5301 xv),

2144 5321 2205 5369 ut
2233 5315 2332 5386 qui
2356 5317 2479 5370 haec
2509 5316 2692 5380 audis,
2726 5317 2771 5371 si
2804 5317 3039 5372 forsitan
3082 5317 3401 5386 baptizatus
3432 5335 3492 5373 es
3546 5325 3604 5373 et
3648 5335 3835 5373 annu-

2142 5408 2390 5458 meratus
2431 5405 2581 5457 inter
2626 5404 2773 5458 ﬁlios
2806 5406 2997 5472 Israel,
3029 5410 3084 5460 et
3119 5406 3411 5476 suscepisti
3446 5407 3503 5461 in
3535 5413 3586 5462 te
3643 5407 3836 5462 Domi-

2140 5509 2278 5547 num
2312 5509 2522 5564 regem,
2553 5499 2608 5546 et
2653 5498 2782 5562 post
2828 5494 2950 5548 haec
2982 5493 3227 5548 volueris
3258 5495 3539 5551 declinare
3572 5501 3627 5550 et
3657 5509 3836 5565 opera
