4064 6186
198 296 293 348 1833
1341 292 1603 349 GLOSSA
1643 293 2049 350 ORDINARIA.
2095 326 2161 333 ——
2208 297 2335 350 LIB.
2382 297 2585 351 ΕΧΟΙ).
3613 306 3705 357 186

193 423 386 477 saeculi
412 438 602 493 agere,
655 425 813 476 actus
859 424 1026 476 terra:
1066 426 1123 476 et
1152 421 1305 475 lutea
1350 420 1580 490 explere
1629 420 1886 475 ministe-
1926 424 1968 478 A
1998 420 2257 489 doceant,
2285 426 2343 477 et
2377 438 2480 477 nos
2500 423 2744 479 artiﬁces
2775 424 3010 480 malitia:
3034 420 3260 480 faciant.
3306 427 3371 480 Et
3396 428 3531 498 quia
3565 434 3697 483 sunt

196 510 318 565 ria:
354 512 505 565 scias
549 510 689 582 quia
734 510 980 564 surrexit
1022 509 1079 564 in
1128 513 1185 564 te
1232 526 1329 564 rex
1370 509 1537 574 alius,
1582 508 1683 580 qui
1720 508 1902 563 nescit

197 602 429 671 loseph,
462 615 562 655 rex
593 599 855 671 ASgypti;
887 600 1007 669 ipse
1035 603 1089 653 te
1110 598 1264 670 cogit
1282 599 1353 653 ad
1381 614 1553 669 opera
1581 616 1704 664 sua,
1739 603 1797 653 et
1816 599 1897 653 la-

196 696 372 744 terem
406 689 636 761 operari
656 694 713 744 et
731 690 918 744 lutum
938 703 953 757 ;
977 688 1119 759 ipse,
1146 688 1598 760 snperappositis
1609 687 1899 759 magistris

195 782 245 830 et
274 776 768 849 compulsoribus,
800 777 869 831 ad
901 792 1077 847 opera
1123 780 1352 831 terrena
1396 776 1639 847 flagellis
1667 776 1802 847 agit,
1835 782 1900 830 nt

193 865 444 920 zediﬁces
480 865 567 920 illi
615 865 907 920 civitates:
945 881 1049 936 per
1098 865 1375 920 saeculum
1407 865 1725 919 discurrere
1766 865 1901 920 facit

190 954 390 1022 maris,
424 959 483 1009 et
516 960 681 1009 terra:
713 955 996 1009 elementa
1026 969 1130 1024 pro
1161 940 1470 1024 cupiditate
1497 954 1728 1009 turbare
1765 969 1778 1009 :
1813 954 1895 1008 fo-

192 1059 319 1097 rum
356 1042 559 1097 litibus
588 1044 816 1113 pulsare
855 1048 912 1097 et
938 1059 1041 1113 pro
1073 1043 1279 1112 exiguo
1307 1048 1475 1097 terrae
1516 1043 1729 1113 cespite
1758 1060 1897 1114 pro-

193 1132 455 1202 pinquos
497 1131 708 1202 jnigiis
741 1130 980 1202 fatigare
1007 1148 1020 1198 ;
1053 1131 1294 1185 castitati
1326 1132 1605 1197 insidiari,
1639 1132 1897 1203 decipere

193 1220 613 1285 innocentiam,
673 1219 832 1274 domi
878 1219 1046 1281 fozda,
1079 1219 1217 1272 foris
1259 1220 1532 1287 crudelia,
1580 1220 1732 1274 intra
1759 1236 1895 1275 con-

189 1309 465 1363 cientiam
511 1308 796 1378 flagitiosa
849 1307 1238 1371 committere;
1293 1308 1349 1361 in
1384 1309 1718 1378 hujusmodi
1757 1308 1896 1363 scito

188 1403 242 1451 te
268 1395 401 1468 regi
444 1396 672 1467 Λίδη)ῑὶ
706 1396 973 1463 militare,
1004 1395 1153 1466 quod
1195 1401 1279 1448 est
1317 1396 1519 1451 mundi
1550 1398 1720 1468 hujus
1774 1396 1894 1467 spi-

192 1486 301 1539 ritu
324 1485 448 1555 agi.

254 1574 424 1628 Vsus.
466 1575 659 1627 11-13.
705 1600 775 1613 —
820 1574 1122 1641 Praeposuit.
1157 1574 1343 1641 itaque
1384 1575 1478 1642 eis,
1521 1578 1625 1627 etc.
1689 1574 1893 1641 (Ome)

2010 511 2176 565 multi
2220 512 2475 581 magistri
2528 512 2782 577 malitiae,
2824 525 2970 584 quos
3011 514 3264 583 praefecit
3320 516 3559 583 Pharao,
3602 518 3699 588 qui

2006 598 2315 669 imperant,
2360 600 2615 671 exigunt,
2659 606 3002 673 extorquent
3047 607 3275 658 terrena
3320 619 3539 674 opera:
3576 605 3701 658 ideo

2008 687 2229 742 Christo
2281 689 2540 743 veniente
2604 689 2739 744 fecit
2797 692 2939 745 alios
2996 691 3257 746 doctores
3323 697 3519 748 contra
3575 694 3703 749 illos

2005 781 2351 847 pugnantes,
2404 778 2503 849 qui
2545 778 2912 849 subjicientes
2962 796 3165 835 omnes
3206 780 3568 852 principatus
3609 798 3703 838 eo-

2009 879 2160 931 rum,
2198 871 2254 920 et
2281 871 2612 937 potestates,
2646 873 2702 921 et
2739 867 2994 933 virtutes,
3028 868 3341 923 defendant
3370 886 3403 923 a
3435 869 3705 923 violentia

2006 953 2154 1008 ﬁlios
2198 955 2389 1019 Israel,
2432 959 2489 1009 et
2536 956 2772 1011 doceant
2819 957 3129 1011 Israelitica
3177 973 3370 1029 opera,
3412 963 3471 1011 et
3512 963 3703 1012 mente

2009 1042 2198 1097 videre
2231 1044 2449 1109 Deum;
2484 1044 2810 1115 relinquere
2853 1061 3026 1116 opera
3076 1046 3405 1113 Pharaonis,
3440 1045 3592 1101 exire
3633 1047 3702 1101 de

2004 1133 2157 1184 terra
2202 1132 2450 1203 Egypti,
2511 1134 2804 1203 Egyptios
2852 1150 3039 1190 mores
3094 1139 3151 1190 et
3215 1140 3400 1189 totum
3454 1139 3700 1190 veterem

2006 1219 2298 1273 hominem
2341 1237 2469 1274 cum
2521 1223 2739 1275 actibus
2786 1222 2904 1276 suis
2955 1239 3182 1288 exuere,
3224 1228 3281 1277 et
3328 1224 3566 1279 induere
3598 1241 3704 1280 no-

2005 1323 2160 1372 vum,
2188 1308 2289 1379 qui
2320 1310 2635 1364 secundum
2668 1312 2845 1365 Deum
2871 1317 3094 1365 creatus
3119 1317 3220 1365 est.

2079 1397 2252 1467 (Isin)
2287 1398 2458 1452 lsrael
2490 1400 2771 1469 populum
2803 1399 3210 1466 Christianum,
3240 1402 3458 1456 Pharao
3497 1401 3699 1456 diabo-

2006 1487 2124 1540 lum
2156 1486 2439 1556 signiﬁcat
2472 1504 2483 1540 :
2519 1486 2620 1557 qui
2649 1488 2753 1541 luti
2784 1492 2839 1541 et
2893 1488 3083 1541 lateris
3135 1488 3376 1560 imponit
3427 1489 3697 1560 gravissi-

2009 1590 2169 1628 mum
2195 1576 2425 1645 jugum,
2459 1577 2790 1631 servitutem
2821 1576 3032 1631 scilicet
3066 1577 3280 1631 terreni
3328 1582 3385 1631 et
3430 1578 3700 1633 lutulenti

189 1661 493 1731 Diabolus,
547 1666 857 1715 convocata
925 1665 1093 1731 gente
1168 1678 1291 1728 sua,
1358 1662 1683 1733 opprimere
1740 1662 1897 1733 cupit
1927 1704 1968 1758 Β
2009 1664 2231 1734 operis;
2262 1664 2522 1717 admistis
2547 1664 2739 1734 paleis,
2773 1665 2827 1719 id
2868 1669 2970 1732 est,
3005 1665 3227 1719 levibus
3256 1670 3312 1719 et
3341 1666 3703 1721 irrationabi-

189 1752 605 1805 rationabilem
645 1765 900 1817 sensum,
949 1750 1050 1820 qui
1107 1765 1259 1803 nunc
1317 1749 1633 1821 ﬁguraliter
1688 1752 1894 1806 dicitur

192 1840 365 1893 Israel
402 1854 416 1891 :
451 1837 698 1909 praeﬁcit
738 1838 1044 1908 magistros
1093 1853 1357 1907 operum,
1389 1839 1488 1908 qui
1535 1844 1743 1909 cogant
1799 1856 1897 1893 eos

187 1929 409 1982 discere
451 1943 630 1998 opera
690 1927 897 1993 carnis,
961 1926 1275 1980 secundum
1332 1927 1473 1981 illud
1530 1928 1735 1998 psalmi
1782 1944 1891 1981 cv:

186 2018 477 2073 Commisti
512 2020 637 2069 sunt
668 2018 810 2069 inter
847 2020 1048 2082 gentes,
1081 2019 1131 2068 et
1161 2014 1469 2069 didicerunt
1507 2032 1669 2085 opera
1697 2032 1892 2071 eorum.

187 2106 359 2159 Docet
391 2103 680 2158 aedificare
711 2102 967 2157 civitates
1016 2102 1319 2156 Pharaoni.
1361 2103 1612 2173 Pliitom,
1643 2120 1771 2175 qua:
1812 2104 1893 2158 si-

186 2193 430 2263 gniﬁcat
470 2207 529 2246 os
559 2192 898 2259 defectionis,
936 2191 1023 2244 vel
1054 2191 1271 2261 abyssi,
1313 2197 1371 2244 et
1400 2192 1716 2255 Ramesses,
1764 2210 1895 2265 quae

188 2289 269 2337 est
315 2284 611 2337 commotio
663 2284 837 2350 tinea,
897 2286 954 2334 et
1003 2281 1108 2347 0n,
1157 2280 1210 2335 id
1260 2288 1345 2335 est
1390 2282 1718 2352 Heliopolis,
1767 2301 1895 2353 quin

186 2372 402 2426 dicitur
441 2371 645 2425 civitas
673 2370 828 2424 solis.
878 2369 1077 2423 Deﬁcit
1106 2386 1188 2434 os,
1233 2386 1363 2424 cum
1410 2372 1769 2425 mendacium
1812 2374 1894 2425 lu-

187 2461 393 2532 quitnr
452 2476 489 2513 a
539 2458 777 2513 veritate
827 2463 881 2511 et
927 2457 1384 2528 probationibus.
1442 2459 1539 2513 llle
1612 2461 1683 2515 al)
1730 2461 1894 2514 initio

188 2549 441 2603 mendax
480 2548 612 2613 fuit,
661 2553 717 2601 et
769 2547 899 2601 ideo
940 2547 1081 2601 tales
1109 2546 1362 2601 civitates
1387 2549 1507 2602 vult
1556 2550 1665 2603 sibi
1713 2550 1892 2605 aedili-

184 2638 297 2691 cari
356 2654 370 2690 :
419 2652 479 2691 os
521 2636 725 2705 abyssi,
787 2636 923 2705 quia
960 2634 1191 2706 abyssus
1244 2637 1582 2706 perditionis
1637 2640 1758 2708 ejus
1812 2643 1898 2693 est

190 2731 349 2780 locus
376 2743 390 2789 ;
427 2726 542 2778 alia
570 2726 692 2794 ejus
730 2724 925 2777 civitas
959 2730 1043 2777 est
1076 2729 1356 2778 commotio
1387 2728 1575 2779 linea}:
1610 2727 1709 2797 qui
1740 2728 1893 2781 enim

188 2830 317 2867 cum
358 2812 644 2882 sequitur,
678 2811 757 2864 ibi
782 2810 1128 2865 thezaurizat
1156 2812 1254 2865 ubi
1296 2812 1448 2866 tinea
1477 2813 1806 2891 demolitur,
1841 2827 1897 2869 et

188 2903 343 2957 fures
406 2901 693 2955 effodiunt
747 2905 804 2954 et
859 2899 1123 2954 furantur
1172 2902 1381 2969 (Matth.
1446 2902 1541 2970 γι).
1602 2902 1891 2958 Civitatem

187 3005 427 3061 quoque
467 2990 611 3044 Solis
641 2988 905 3054 aediﬁcat,
935 2988 1076 3043 falso
1108 2988 1343 3043 nomine
1392 2989 1797 3060 transﬁgurans
1844 3009 1898 3047 se
1925 2991 1963 3046 C

187 3082 243 3132 in
283 3080 548 3145 angelum
580 3078 732 3132 lucis.
772 3079 838 3132 In
885 3076 973 3131 his
1022 3082 1258 3149 occupat
1299 3084 1540 3148 mentes,
1574 3097 1704 3150 quae
1734 3081 1895 3136 facta:

186 3169 322 3217 sunt
367 3168 433 3216 ut
476 3161 709 3216 videant
762 3163 963 3216 Deum.
1029 3163 1305 3233 Prospicit
1349 3167 1542 3217 tamen
1595 3164 1894 3219 imminere

188 3252 297 3306 sibi
327 3251 487 3306 bella
524 3254 581 3305 et
604 3256 894 3304 maturum
920 3251 1105 3321 gentis
1136 3267 1252 3305 suae
1284 3251 1523 3307 exitium
1545 3253 1704 3318 ;ideo
1734 3253 1891 3319 dicit,

188 3341 338 3394 Gens
374 3338 551 3393 Israel
594 3338 742 3393 valet
790 3354 964 3408 super
996 3354 1120 3407 nos,
1167 3341 1384 3393 utinam
1436 3346 1492 3393 et
1543 3357 1644 3394 nos
1687 3342 1894 3396 sentiat

188 3428 379 3481 valere
411 3443 590 3497 super
619 3442 677 3480 se
730 3444 743 3480 :
780 3433 845 3481 ut
885 3426 1099 3481 scilicet
1146 3428 1542 3498 cogitationes,
1591 3436 1647 3482 et
1684 3446 1889 3484 concu-

187 3516 501 3585 piscentias
542 3516 738 3581 malas,
789 3532 929 3587 quas
958 3515 1235 3582 immittit,
1269 3533 1382 3570 non
1446 3518 1749 3588 suscipiam
1796 3519 1892 3573 sed

180 3605 374 3674 jacula
398 3603 586 3675 ignita
618 3609 777 3657 scuto
806 3604 939 3658 ﬁdei
968 3605 1262 3674 repellam,
1292 3611 1347 3658 et
1378 3606 1436 3658 in
1468 3607 1735 3662 omnibus
1761 3625 1889 3679 qua:

185 3692 570 3763 suggesserit,
602 3692 787 3746 dicam
816 3708 827 3745 :
873 3693 1020 3747 Vade
1043 3700 1205 3758 retro,
1239 3694 1447 3748 Satana
1482 3710 1494 3747 :
1529 3697 1791 3765 scriptum
1812 3701 1889 3751 est

186 3786 325 3837 enim
362 3798 375 3834 :
410 3783 699 3836 Dominum
731 3782 906 3836 Deum
934 3786 1086 3835 tuum
1124 3782 1402 3846 adorabis,
1435 3787 1484 3836 et
1520 3785 1607 3839 illi
1642 3787 1743 3838 soli
1771 3800 1889 3839 ser-

190 3874 293 3925 vies
327 3870 549 3939 (Matth.
576 3872 673 3939 IV).
705 3869 813 3923 Sed
843 3873 900 3924 et
943 3870 1051 3925 hoc
1077 3872 1229 3941 quod
1265 3870 1419 3938 dicit,
1466 3873 1543 3925 Ne
1573 3873 1717 3926 forte
1744 3874 1887 3927 acci-

186 3961 277 4013 dat
308 3958 481 4013 nobis
519 3958 755 4026 bellum,
786 3963 842 4012 et
879 3959 1238 4013 consentiant
1275 3959 1331 4012 hi
1380 3976 1507 4014 cum
1554 3961 1888 4016 adversariis

188 4048 422 4109 nostris,
467 4064 533 4101 ex
572 4047 925 4118 propheticis
954 4048 1185 4102 vocibus
1222 4049 1493 4118 praevidet
1534 4049 1641 4103 sibi
1687 4057 1884 4105 ventu-

184 4154 316 4191 rum
348 4137 595 4202 bellum,
622 4140 679 4190 et
719 4136 1236 4207 derelinquendum
1271 4154 1328 4191 se
1358 4155 1392 4192 a
1430 4138 1564 4192 ﬁliis
1611 4140 1801 4205 Israel,
1829 4145 1887 4193 et

184 4226 341 4297 quod
390 4226 755 4280 consentiant
804 4226 1123 4280 adversario
1163 4227 1303 4297 ejus,
1337 4232 1395 4282 et
1424 4227 1768 4297 adjiciantur
1814 4229 1881 4284 ad

184 4315 519 4369 Dominum.
578 4314 692 4367 Hoc
748 4319 834 4369 est
877 4315 1031 4386 quod
1071 4315 1345 4370 Jeremias
1397 4316 1475 4369 ait
1532 4315 1672 4386 (cap.
1732 4319 1881 4372 xvul.

183 4405 461 4459 Clamavit
500 4403 727 4472 perdia,
779 4406 1123 4471 congregavit
1162 4419 1280 4467 quae
1326 4419 1431 4458 non
1470 4407 1708 4474 peperit,
1753 4407 1885 4471 fecit

182 4494 438 4557 divitias,
475 4496 525 4545 et
554 4507 659 4545 non
690 4493 747 4545 in
762 4492 976 4561 judicio
1009 4507 1024 4545 :
1056 4495 1115 4547 in
1142 4492 1373 4547 dimidio
1401 4493 1611 4548 dierum
1639 4495 1755 4563 ejus
1790 4495 1880 4549 de-

182 4582 495 4649 relinquent
544 4595 681 4646 eum,
712 4586 763 4634 et
804 4584 861 4635 in
898 4582 1204 4636 novissimis
1243 4583 1355 4636 suis
1394 4584 1500 4638 erit
1525 4584 1743 4637 stultus.
1791 4583 1881 4637 In-

185 4670 395 4739 telligit
433 4684 572 4738 ergo
605 4668 891 4738 perdicem
937 4685 1016 4737 se,
1050 4685 1179 4741 quae
1211 4686 1327 4724 non
1358 4670 1598 4741 peperit,
1649 4688 1885 4744 congre-

181 4773 379 4827 gasse;
412 4756 492 4828 [et
539 4757 692 4827 quod
744 4756 825 4823 bi,
866 4774 1008 4829 quos
1056 4758 1178 4812 sine
1221 4758 1442 4829 judicio
1491 4764 1879 4832 congregavit,

184 4846 522 4917 relinquent
550 4861 703 4910 eum,
739 4850 794 4899 et
834 4851 1147 4916 sequentur
1178 4847 1487 4914 Christum,
1521 4848 1621 4918 qui
1659 4850 1879 4919 genuit.

186 4936 307 5005 Ipse
360 4935 575 4989 stultus
632 4934 969 5003 remanebit,
1002 4951 1131 4989 cum
1178 4936 1248 4990 ad
1301 4936 1575 4991 factorem
1616 4953 1783 4993 suum
1827 4943 1883 4995 et

183 5028 487 5095 parentem
527 5022 792 5077 universa
842 5026 1100 5078 creatura
1144 5025 1500 5095 confugerit;
1554 5025 1679 5080 ideo
1732 5027 1881 5083 indi-

185 5117 412 5183 gnatur,
443 5111 637 5165 dicens
671 5127 683 5164 :
721 5112 801 5165 Ne
832 5116 1219 5182 expugnantes
1244 5129 1349 5167 nos
1374 5118 1577 5168 exeant
1614 5115 1683 5169 de
1731 5121 1883 5170 terra

186 5206 397 5256 nostra.
437 5202 561 5255 Non
597 5200 721 5255 vult
762 5216 864 5254 nos
910 5200 1061 5255 exire
1092 5200 1161 5255 de
1204 5207 1353 5255 terra
1392 5218 1514 5268 sua,
1562 5207 1624 5257 ut
1655 5219 1882 5275 semper

186 5297 479 5361 portemus
513 5291 830 5363 imaginem
860 5291 1075 5345 terreni
1108 5308 1121 5346 :
1155 5306 1225 5345 ne
1269 5308 1336 5347 eo
1369 5292 1564 5348 relicto
1592 5292 1881 5365 fugiamus

183 5381 247 5431 ad
281 5397 414 5434 eum
441 5380 541 5451 qui
571 5396 861 5451 praeparat
876 5380 920 5434 it
948 5396 1193 5451 regnum
1222 5382 1521 5447 caelorum,
1545 5382 1877 5455 relinquen-

186 5474 264 5522 tes
302 5470 621 5539 imaginem
664 5469 891 5530 terreni,
924 5474 982 5523 et
1019 5469 1390 5540 suscipientes
1421 5470 1730 5542 imaginem
1762 5490 1878 5528 caa-

188 5558 355 5614 Iestis.
393 5559 526 5613 ldeo
557 5557 759 5613 statuit
788 5558 1090 5628 magistros
1119 5575 1381 5630 operum,
1418 5559 1518 5631 qui
1546 5565 1696 5615 artes
1748 5578 1878 5616 suas

2010 1751 2156 1805 libus
2190 1752 2351 1805 factis
2383 1769 2395 1805 :
2427 1758 2488 1806 ut
2518 1752 2784 1807 omnibus
2818 1769 2991 1807 onere
3040 1759 3403 1825 peccatorum
3455 1771 3697 1825 oppres-

2005 1840 2100 1903 sis,
2137 1856 2305 1895 nemo
2355 1841 2429 1894 sit
2460 1841 2559 1911 qui
2588 1858 2832 1912 regnum
2863 1842 2986 1912 ejus
3017 1842 3307 1914 disperdat
3359 1848 3459 1898 aut
3490 1844 3703 1899 vincat:

2077 1929 2238 1983 Vens.
2299 1933 2379 1983 15.
2435 1961 2500 1969 —
2549 1933 2705 1985 Dixit
2751 1945 2930 1986 autem
2984 1948 3083 1985 rea:
3134 1934 3362 2002 κερνρεί
3409 1933 3705 1989 obstetrici-

2007 2017 2124 2083 bus,
2168 2022 2276 2070 etc.
2310 2018 2496 2087 (Oaic.
2533 2020 2672 2072 hom.
2708 2020 2787 2088 2)
2828 2020 2955 2073 llaec
2987 2036 3101 2073 non
3135 2023 3318 2075 solum
3367 2020 3425 2074 in
3458 2022 3700 2085 mundo,

2005 2105 2104 2175 qui
2134 2107 2408 2176 Egyptus
2441 2106 2815 2177 spiritualiter
2847 2108 3074 2176 dicitur,
3115 2110 3209 2164 sed
3251 2109 3311 2164 in
3349 2126 3701 2180 unoquoque

2004 2198 2261 2248 nostrum
2289 2196 2772 2265 deprehendimus
2807 2212 2820 2251 :
2856 2197 3124 2267 princeps
3154 2198 3326 2269 hujus
3356 2198 3556 2253 mundi
3585 2215 3698 2253 non

2004 2283 2123 2335 vult
2151 2282 2423 2337 viviﬁcari
2458 2284 2761 2352 masculos,
2800 2285 2898 2339 sed
2925 2285 3203 2353 feminas;
3236 2287 3297 2341 in
3327 2287 3541 2342 femina
3569 2304 3701 2343 caro

2005 2376 2062 2425 et
2095 2371 2328 2426 affectus
2367 2372 2554 2427 carnis
2584 2373 2920 2444 designatur
2953 2392 2965 2429 :
3004 2375 3089 2429 vir
3117 2381 3310 2430 autem
3342 2376 3699 2431 rationabilis

2005 2462 2092 2512 est
2136 2475 2355 2525 sensus,
2409 2464 2464 2514 et
2506 2461 2904 2519 intellectualis
2943 2470 3027 2519 est
3073 2464 3325 2535 spiritus,
3372 2464 3471 2535 qui
3517 2470 3701 2535 potest

2004 2545 2251 2600 coelestia
2284 2564 2511 2617 capere,
2551 2549 2729 2603 Deum
2769 2549 3109 2620 intelligere,
3141 2568 3270 2622 quae
3310 2568 3536 2606 sursum
3565 2560 3699 2607 sunt

2006 2652 2282 2706 quaerere.
2323 2638 2481 2691 Hunc
2509 2637 2629 2691 odit
2658 2638 2920 2709 princeps
2951 2640 3173 2710 Egypti
3206 2644 3260 2693 et
3290 2642 3480 2695 necari
3511 2644 3693 2712 cupit;

2003 2725 2163 2795 cupit
2183 2731 2374 2779 autem
2397 2742 2525 2797 quae
2551 2726 2736 2780 carnis
2765 2732 2919 2795 sunt,
2948 2727 3155 2795 vivere,
3190 2733 3246 2783 et
3261 2745 3391 2799 quae
3411 2729 3480 2783 ad
3514 2735 3693 2784 mate-

2004 2814 2147 2867 riam
2168 2814 2457 2884 pertinent
2473 2814 2855 2884 corporalem,
2877 2814 2997 2868 heec
3018 2831 3131 2868 non
3152 2816 3337 2869 solum
3362 2816 3571 2881 vivere,
3597 2818 3691 2871 sed

2005 2900 2203 2971 augeri
2224 2905 2278 2954 et
2300 2902 2475 2955 excoli
2506 2918 2519 2955 :
2546 2902 2835 2956 vultenim
2858 2907 2923 2957 ut
2946 2919 3141 2957 omnes
3164 2903 3413 2957 carnalia
3446 2905 3693 2974 sapiant,

2004 2989 2341 3059 temporalia
2363 2994 2420 3044 et
2446 3006 2576 3060 quae
2598 2996 2729 3044 sunt
2760 3007 2932 3061 super
2962 2996 3171 3045 terram
3194 2999 3487 3063 quaerant;
3526 3011 3694 3050 nemo

2008 3077 2151 3131 levet
2181 3078 2247 3131 ad
2289 3079 2493 3132 ccelum
2528 3078 2760 3145 oculos;
2794 3096 2963 3133 nemo
2993 3081 3251 3151 requirat
3282 3083 3430 3137 unde
3456 3084 3565 3137 huc
3597 3100 3692 3137 ve-

2005 3166 2194 3231 nerit;
2256 3182 2425 3220 nemo
2476 3167 2719 3237 patriam
2772 3168 3099 3238 paradisum
3154 3172 3497 3226 recordetur.
3552 3173 3694 3227 Cum

2004 3269 2141 3324 ergo
2178 3254 2387 3309 videris
2416 3255 2678 3310 homines
2707 3255 2766 3309 in
2808 3257 3196 3327 voluptatibus
3252 3259 3421 3314 vitam
3465 3262 3694 3326 ducere,

2004 3342 2140 3395 luxu
2173 3342 2416 3409 fluitare,
2450 3344 2721 3397 conviviis
2764 3349 2821 3399 et
2846 3345 3219 3415 impndicitiis
3270 3364 3503 3419 Operam
3536 3350 3691 3416 dare,

2002 3430 2141 3485 scito
2172 3431 2308 3501 quia
2338 3432 2397 3485 in
2429 3432 2516 3485 bis
2547 3449 2641 3487 rex
2676 3434 2899 3505 [Egypli
2936 3435 3217 3489 masculos
3255 3440 3438 3498 necat.
3474 3441 3531 3491 et
3559 3439 3695 3493 vivi~

2002 3520 2131 3574 ticat
2161 3521 2424 3574 feminas.
2460 3521 2516 3576 Si
2546 3538 2679 3576 vero
2713 3540 2890 3576 unum
2934 3524 3004 3578 de
3042 3525 3196 3578 mille
3227 3526 3296 3579 ad
3332 3526 3510 3580 Deum
3559 3544 3692 3581 con-

2000 3610 2162 3677 verti,
2192 3612 2386 3665 oculos
2414 3628 2638 3667 sursum
2668 3613 2907 3685 erigere,
2950 3620 3165 3669 aeterna
3194 3632 3471 3687 quaerere,
3507 3618 3692 3672 odisse

1999 3698 2230 3753 delicias
2268 3704 2325 3754 et
2380 3701 2685 3767 luxuriam,
2738 3719 2931 3756 amare
2990 3702 3400 3759 continentiam
3459 3722 3470 3759 :
3520 3707 3691 3760 istum

1998 3788 2162 3857 quasi
2206 3790 2523 3843 masculum
2573 3790 2760 3845 necari
2809 3791 2968 3862 cupit
3016 3793 3254 3857 Pharao,
3308 3795 3688 3865 persequitur,

1999 3877 2153 3930 mille
2184 3877 2464 3931 machinis
2489 3883 2820 3949 oppugnat;
2858 3880 2977 3934 odit
3011 3882 3173 3947 tales,
3205 3882 3391 3936 vivere
3432 3882 3490 3935 in
3522 3883 3691 3953 ΑΕΗ-γ-

1996 3969 2095 4034 pto
2135 3981 2251 4019 non
2282 3965 2434 4019 sinit.
2468 3966 2604 4020 Inde
2634 3972 2719 4020 est
2760 3969 2912 4038 quod
2941 3969 3001 4022 in
3032 3970 3136 4023 hoc
3166 3971 3382 4024 mundo
3411 3973 3555 4025 servi
3589 3972 3685 4026 Dei

1996 4054 2281 4108 habentur
2309 4054 2681 4126 contemptui,
2723 4057 2963 4127 expositi
3009 4058 3407 4125 contumeliis;
3445 4060 3573 4113 inde
3624 4061 3681 4114 in

1996 4158 2093 4196 eos
2113 4142 2241 4196 odia
2270 4147 2326 4196 et
2350 4144 2772 4213 persecutiones
2803 4145 3180 4198 concitantur.

2068 4231 2473 4287 Obstetricibus.
2524 4233 2721 4299 (Orum,
2765 4233 2926 4304 ibid.)
2981 4235 3088 4289 lste
3132 4234 3303 4289 etiam
3359 4236 3687 4290 obstetrices

1997 4335 2363 4390 corrumpere
2404 4320 2626 4375 nititur.
2668 4323 2908 4387 Quarum
2937 4339 3044 4378 una
3086 4324 3379 4379 vocabatur
3425 4326 3683 4394 Scphom,

1994 4408 2052 4462 id
2075 4413 2177 4474 est,
2216 4424 2437 4479 passer;
2478 4411 2652 4464 altera
2688 4412 2861 4477 Phua,
2904 4411 3115 4467 scilicet
3162 4413 3355 4469 rubens
3406 4414 3492 4467 vel
3539 4429 3685 4467 vere-

1995 4498 2205 4565 cunda;
2246 4514 2349 4569 per
2402 4499 2504 4553 has
2549 4499 2737 4552 necari
2789 4516 2973 4554 mares
3022 4505 3078 4555 et
3125 4501 3395 4554 viviﬁcari
3443 4500 3687 4555 feminas

1995 4585 2199 4655 quaerit
2244 4586 2387 4640 :sed
2443 4591 2500 4640 et
2529 4586 2805 4641 timebant
2837 4588 3168 4643 obstetrices
3221 4591 3418 4656 Deum,
3467 4595 3521 4643 et
3572 4606 3684 4643 non

1994 4676 2138 4726 sicut
2184 4674 2455 4744 prmcepit
2503 4675 2603 4740 eis,
2659 4676 2933 4730 fecerunt.
2984 4677 3324 4732 Obstetrices
3366 4678 3686 4732 docuerunt

1993 4766 2124 4816 ante
2168 4778 2268 4816 nos
2308 4764 2616 4833 quamdam
2656 4764 3011 4819 rationabilis
3051 4765 3391 4821 eruditionis
3438 4766 3680 4820 formam

1992 4854 2208 4905 tenere.
2243 4851 2580 4905 Obstetrices
2610 4853 2762 4907 enim
2786 4854 3022 4909 medica!
3051 4859 3202 4917 sunt,
3238 4859 3295 4907 et
3325 4859 3438 4907 tam
3463 4870 3681 4908 mascu-

1994 4940 2075 4993 los
2121 4944 2415 4995 nascentes
2466 4957 2641 5012 quam
2693 4941 2935 4995 feminas
2978 4942 3189 4996 fovent.
3242 4941 3497 4996 Eruditio
3543 4958 3682 5013 ergo

1991 5029 2315 5083 communis
2372 5033 2457 5083 est
2506 5030 2863 5084 rationabilis
2913 5031 3169 5093 scientia,
3213 5035 3268 5085 et
3322 5031 3393 5085 ad
3450 5046 3679 5086 omnem

1992 5133 2138 5188 pene
2187 5118 2449 5189 pervenit
2494 5135 2748 5187 sensum,
2789 5135 2990 5174 omnes
3037 5120 3266 5177 instruit
3306 5124 3362 5174 et
3412 5121 3580 5175 fovet.
3626 5121 3681 5173 Si

1990 5207 2121 5277 quis
2146 5207 2205 5260 in
2238 5223 2305 5261 ea
2324 5208 2504 5261 virilis
2533 5207 2917 5275 animifuerit,
2951 5208 3048 5279 qui
3076 5209 3213 5263 velit
3241 5210 3491 5264 omlestia
3520 5226 3679 5279 qua.»

1993 5312 2138 5361 rere,
2191 5296 2383 5352 divina
2420 5296 2643 5363 sectari,
2697 5296 2852 5351 velut
2891 5297 3207 5352 medicatus
3246 5304 3301 5352 et
3346 5299 3529 5365 fortis,
3582 5314 3684 5367 per

1992 5384 2092 5438 has
2122 5384 2472 5439 eruditiones
2500 5385 2571 5439 ad
2602 5384 2925 5441 divinorum
2957 5386 3395 5458 intelligentiam
3433 5389 3684 5457 paratior

1990 5474 2236 5529 veniret.
2290 5475 2383 5528 Est
2437 5473 2590 5528 enim
2625 5491 2759 5540 una,
2812 5476 2965 5529 velut
3014 5492 3225 5545 passer,
3262 5493 3390 5547 quae.
3443 5476 3677 5531 celsiora

1989 5564 2168 5629 docet,
2199 5569 2254 5619 et
2284 5564 2635 5622 rationabilis
2678 5567 2950 5622 doctrina:
2988 5567 3189 5639 pennis
3217 5567 3271 5622 in
3326 5569 3503 5624 altum
3547 5584 3675 5641 pro-
