4052 6180
352 309 447 385 t8_7

961 305 1352 362 WALAFHIDI
1399 307 1644 361 STRABl
1685 307 1878 363 l-‘ULD.
1924 305 2094 362 ΜΟΝ.
2134 307 2285 365 Ol’l’.
2329 306 2504 361 PARS
2542 306 2583 361 Ι.
2627 335 2694 343 -
2735 304 3190 361 THEOLOGICA.
3542 322 3575 343 ὀ

3747 310 3840 361 1δὸ

347 430 552 496 vocat;
582 418 1000 496 altera,’rubcns
1029 427 1115 482 vel
1149 427 1472 495 utrecunda,
1513 426 1747 482 moralis
1775 430 1880 493 est,
1916 442 2038 482 mo-
2077 428 2126 484 Α
2156 426 2336 483 cendo
2384 426 2540 482 enim
2589 429 2804 482 conata:
2862 431 3000 482 sunt
3048 427 3358 484 infantium
3411 429 3582 485 vitam
3628 435 3841 501 tegere,

347 533 438 571 res
489 516 807 588 componit,
865 516 1269 572 verecundiam
1314 515 1479 571 docet
1540 520 1597 570 et
1654 515 2037 571 honestatem.

350 606 486 662 Mihi
510 610 706 661 tamen
745 605 901 677 (quia
942 605 1082 660 dicit
1112 604 1406 677 Scriptura
1434 605 1502 659 de
1532 604 1619 659 his
1647 604 1805 675 quod
1853 607 2040 659 timue-

350 699 481 750 runt
527 697 712 763 Deum,
755 699 805 749 et
855 709 963 748 non
1010 696 1254 761 fecerunt
1297 693 1468 763 iuxta
1521 698 1851 763 praceptum
1894 694 2040 762 regis

354 781 598 855 Egypti)
643 782 911 838 videntur
938 781 1239 853 utriusque
1265 781 1613 837 Testamenti
1646 783 1888 853 llguram
1920 797 2038 837 ser-

352 889 503 939 vare,
563 875 619 927 et
674 871 948 942 Sephora,
1011 886 1141 942 quas
1181 885 1374 940 passer
1416 870 1850 942 interpretatur,
1901 869 2034 941 legi,

351 976 483 1031 qua:
521 958 835 1031 spiritualis
872 962 975 1024 est,
1012 957 1314 1013 convenire
1348 973 1362 1012 :
1397 959 1557 1014 Phua
1583 973 1741 1027 vero,
1771 973 1902 1030 qua:
1942 972 2038 1011 ru-

353 1047 479 1103 bens
508 1046 597 1102 vel
624 1046 946 1115 verecunda,
977 1045 1231 1101 indicare
1275 1046 1599 1118 Evangelia,
1645 1062 1774 1117 qua:
1827 1045 2038 1101 Christi

347 1133 627 1204 sanguine
655 1133 885 1203 rubent,
917 1137 974 1188 et
1000 1149 1106 1204 per
1131 1133 1464 1189 universum
1499 1135 1780 1191 mundum
1817 1132 2036 1205 passio-

346 1222 438 1277 nis
466 1237 671 1277 cruore
700 1222 956 1277 rutilant.
983 1222 1069 1278 Ab
1095 1222 1185 1277 his
1213 1238 1350 1292 ergo
1406 1223 1615 1278 animas
1643 1239 1772 1295 quae
1800 1237 2039 1278 nascun-

346 1316 441 1364 tur
469 1310 530 1365 in
581 1309 841 1380 Ecclesia,
865 1311 1023 1367 velut
1061 1311 1458 1367 obstetricibus
1494 1311 1870 1379 medicantur,
1903 1310 2040 1383 quia

348 1397 419 1452 de
447 1397 755 1469 Scripturis
795 1402 997 1454 cuncta
1028 1398 1366 1455 eruditionis
1417 1398 1800 1455 medicamina
1845 1400 2035 1455 confe-

347 1490 573 1542 runtur.
607 1488 809 1544 Tentat
836 1494 1031 1543 tamen
1060 1488 1281 1543 Pharao
1310 1504 1415 1559 per
1443 1489 1544 1544 has
1580 1505 1784 1544 nccare
1812 1503 2033 1544 mascu-

347 1576 452 1643 los,
481 1591 611 1631 cum
653 1576 923 1631 studiosis
976 1577 1037 1632 in
1085 1577 1293 1633 divinis
1337 1577 1641 1650 Scripturis
1687 1579 1934 1633 hereses
1978 1581 2038 1633 et

345 1680 523 1736 prava
559 1666 825 1737 dogmata
881 1666 1154 1737 suggerit.
1209 1666 1317 1721 Sed
1355 1671 1464 1721 stat
1491 1666 1785 1722 immobile
1830 1665 2035 1722 funda-

349 1758 610 1809 mentum
687 1753 808 1809 Dei.
869 1756 1099 1810 Timent
1150 1754 1482 1811 obstetrices
1546 1757 1747 1823 Deum,
1814 1754 1876 1810 id
1927 1757 2031 1820 est,

349 1841 617 1897 timorem
651 1842 751 1896 Dei
781 1842 1010 1905 docent,
1045 1844 1145 1914 qui
1191 1849 1277 1898 est
1330 1843 1560 1900 initium
1596 1844 1913 1914 sapientiae.
1945 1843 2036 1898 Sic

349 1929 769 2000 competentius
797 1935 1025 2003 aptatur
1061 1932 1215 2003 quod
1256 1932 1531 2004 sequitur,
1584 1933 1721 2004 quia
1758 1932 2039 1988 timebant

350 2018 681 2075 obstetrices
719 2020 923 2088 Deum,
955 2019 1213 2076 fecerunt
1249 2020 1358 2076 sibi
1399 2022 1619 2077 domos.
1645 2022 1810 2087 Quod
1840 2037 2039 2076 secun-

346 2107 486 2163 dum
534 2096 810 2175 litteram,
856 2108 1076 2165 nullam
1114 2110 1583 2181 consequentiam
1622 2110 1796 2167 habet
1851 2130 1864 2166 :
1920 2125 2037 2165 non

348 2195 505 2250 enim
548 2200 851 2268 propterea
905 2197 1110 2252 domus
1160 2197 1245 2265 fit,
1296 2197 1432 2270 quia
1480 2198 1719 2255 timetur
1762 2200 1931 2254 Deus.
1981 2197 2039 2253 Si

348 2288 540 2338 autem
572 2283 767 2339 videas
816 2285 1107 2356 quomodo
1163 2285 1470 2358 Scriptura:
1516 2286 1658 2342 Novi
1716 2291 1774 2342 et
1824 2285 2041 2341 Veteris

351 2372 697 2427 Testamenti
735 2372 1004 2429 timorem
1059 2374 1161 2430 Dei
1210 2374 1477 2431 docentes
1531 2375 1735 2431 domos
1781 2374 2041 2430 Ecclesia:

351 2460 580 2524 faciant,
612 2466 668 2516 et
698 2465 884 2517 totum
913 2462 1109 2517 orbem
1141 2463 1405 2517 domibus
1434 2463 1709 2517 orationis
1739 2463 2038 2534 impleant,

351 2550 772 2607 rationabiliter
797 2550 1073 2623 scriptum
1104 2551 1406 2607 videbitur.
1437 2550 1529 2607 Sic
1580 2568 1716 2623 ergo
1763 2550 1888 2606 istae
1942 2550 2041 2605 ob-

354 2639 633 2707 stctrices,
689 2640 825 2712 quia
879 2639 1086 2695 timent
1142 2641 1344 2707 Deum,
1392 2640 1448 2696 id
1488 2643 1592 2708 est,
1627 2640 1892 2695 timorem
1941 2638 2042 2694 Dei

351 2729 580 2792 docent,
629 2744 745 2784 non
801 2728 1018 2784 faciunt
1072 2733 1425 2801 praeceptum
1454 2728 1604 2800 regis
1648 2728 1895 2801 Egypti,
1946 2728 2043 2783 sed

352 2817 642 2873 viviﬁcant
686 2818 984 2885 masculos,
1017 2833 1124 2873 nec
1170 2823 1365 2873 tamen
1408 2817 1616 2874 dicitur
1655 2817 1791 2890 quia
1837 2833 2043 2890 parue-

352 2913 485 2962 runt
539 2906 783 2962 feminas
839 2906 1208 2962 viviﬁcantes.
1278 2908 1395 2978 Ego
1453 2911 1644 2962 autem
1693 2906 2046 2963 confidenter

2148 516 2501 579 mentiendo.
2530 531 2717 571 suam.

2216 605 2362 672 (Aea
2390 647 2404 670 ,
2438 603 2498 659 iu
2531 604 2632 658 lib.
2683 603 2750 658 de
2777 604 3157 661 Locutionibus
3196 606 3254 658 in
3293 604 3497 674 Emod.,
3528 608 3669 660 tom.
3721 606 3844 675 ΙΙΙ.)

2150 694 2217 749 Et
2244 693 2379 764 quia
2422 693 2743 748 timuerunt
2788 691 3125 747 obstetrices
3157 692 3356 759 Deum,
3387 697 3534 760 etc.,
3565 708 3736 763 usque
3766 693 3845 748 ad

2148 784 2211 834 ut
2240 781 2311 835 ad
2354 779 2538 851 ipsam
2590 780 2824 835 domum
2861 779 3180 834 faciendam
3225 780 3511 852 pertinere
3557 780 3837 846 videatur,

2146 868 2299 940 quod
2348 872 2768 940 consequenter
2796 884 2830 922 a
2872 868 3060 923 Laban
3098 883 3317 924 merces
3361 868 3662 925 statuenda
3703 884 3838 941 pro-

2145 959 2397 1029 ponitur.

2218 1047 2389 1100 Vens.
2436 1045 2533 1102 22.
2587 1074 2656 1086 —
2702 1046 2962 1115 Praecepit
3012 1060 3138 1114 ergo
3186 1046 3424 1114 Pharao,
3475 1049 3583 1101 etc.
3630 1045 3838 1116 (Oaic.,

2147 1134 2328 1188 homil.
2363 1131 2440 1204 2.)
2480 1132 2749 1205 Egyptii,
2793 1132 3000 1204 quibus
3058 1134 3154 1188 hic
3203 1134 3478 1206 praecepit
3507 1135 3728 1190 Pharao
3776 1139 3846 1190 ut

2146 1221 2388 1277 feminas
2444 1226 2670 1277 tantum
2716 1220 3021 1291 vivificant,
3067 1222 3309 1277 oderant
3354 1222 3652 1277 masculos.
3699 1222 3845 1278 Ode-

2147 1314 2283 1366 runt
2333 1309 2488 1365 enim
2541 1309 2799 1377 virtutes,
2852 1309 2989 1365 vitia
3018 1310 3371 1365 nutrierunt.
3404 1310 3564 1364 Nunc
3606 1323 3841 1380 quoque

2145 1398 2488 1455 insidiantur
2527 1397 2798 1470 Egyptii,
2833 1397 2882 1453 si
2923 1402 3192 1453 nascatur
3228 1398 3514 1453 masculus
3560 1396 3837 1463 Hebraeis,

2147 1493 2210 1543 ut
2230 1487 2422 1543 statim
2451 1487 2818 1555 interﬁciant,
2858 1485 2969 1542 nisi
3000 1490 3253 1554 caveant,
3301 1486 3601 1542 observent
3626 1491 3686 1541 et
3739 1501 3838 1540 oc-

2145 1576 2381 1643 cultant.
2414 1575 2604 1630 Refert
2639 1574 2929 1646 Scriptura
2958 1573 3113 1646 quod
3140 1573 3211 1629 de
3254 1573 3405 1629 tribu
3458 1573 3589 1631 Levi
3625 1572 3837 1645 aliquis

2145 1664 2346 1737 genuit
2371 1664 2709 1732 masculum,
2752 1668 2810 1719 et
2849 1662 2991 1719 vidit
3035 1662 3314 1719 infantem
3342 1679 3465 1718 esse
3512 1662 3838 1735 elegantem

2146 1759 2205 1808 et
2231 1752 2530 1809 occultavit
2558 1768 2713 1808 eum.
2759 1752 2838 1806 Ne
2883 1766 3020 1823 ergo
3054 1751 3341 1823 justitiam
3380 1757 3637 1806 nostram
3664 1749 3840 1806 facia-

2144 1857 2273 1897 mus
2318 1856 2508 1896 coram
2583 1839 2934 1906 hominibus,
3004 1838 3104 1894 sed
3151 1840 3344 1894 clauso
3402 1839 3549 1894 ostio
3608 1854 3844 1894 oremus

2145 1932 2371 1986 Patrem
2401 1933 2661 1985 nostrum
2709 1928 2772 1983 in
2800 1927 3045 1991 occulto,
3089 1930 3148 1983 et
3192 1927 3404 1983 nesciat
3440 1926 3673 1983 sinistra
3699 1926 3839 2000 quid

2144 2018 2315 2074 faciat
2343 2018 2596 2081 dextera,
2631 2033 2705 2072 ne
2736 2015 3046 2089 diripiatur
3075 2015 3145 2072 ab
3184 2016 3481 2088 Egyptiis,
3515 2015 3847 2081 invadatur,

2147 2105 2414 2163 ﬂuctibus
2469 2107 2892 2177 submergatur.
2942 2104 3000 2161 Si
3053 2104 3200 2160 facio
3244 2106 3667 2175 eleemosynam
3704 2103 3849 2176 quia

2147 2201 2234 2251 est
2265 2211 2409 2266 opus
2460 2194 2581 2257 Dei,
2625 2193 2939 2249 masculum
2990 2208 3231 2266 genero;
3261 2194 3359 2249 sed
3400 2193 3448 2249 si
3491 2194 3717 2250 laudem
3766 2193 3842 2247 ab

2146 2282 2481 2340 hominibus
2511 2298 2730 2355 quaero,
2761 2286 2818 2337 et
2855 2297 2974 2336 non
3025 2283 3276 2356 occulto,
3299 2282 3523 2354 rapitur
3549 2283 3619 2338 ab
3671 2284 3843 2353 Aigy-

2147 2373 2299 2446 ptiis,
2329 2372 2389 2427 in
2433 2372 2650 2427 ﬂumen
2682 2371 2980 2441 mergitur,
3022 2375 3078 2426 et
3115 2375 3276 2427 tanto
3315 2371 3512 2427 labore
3569 2377 3846 2444 tantoque

2149 2461 2336 2516 studio
2367 2460 2643 2532 :Egyptiis
2682 2460 3000 2516 masculum
3031 2458 3227 2531 genui.

2223 2549 2511 2620 Quidquid
2538 2550 2797 2616 feminini
2829 2549 3111 2619 (iustiore,
3149 2550 3209 2603 in
3238 2550 3638 2616 Ecclesiasten.,
3677 2564 3726 2602 c.
3760 2552 3839 2615 3).

2156 2638 2489 2710 Ubicunque
2524 2637 2581 2691 in
2613 2635 2923 2708 Scripturis
2966 2635 3178 2690 femina
3206 2636 3420 2708 legitur
3454 2642 3512 2692 et
3540 2653 3703 2691 sexus
3730 2637 3845 2691 fra-

2153 2726 2343 2798 gilior,
2373 2726 2444 2781 ad
2469 2724 2725 2780 materiae
2748 2724 3188 2796 intelligentiam
3218 2726 3644 2781 transferamus.
3684 2724 3847 2780 Unde

2154 2821 2211 2870 et
2253 2816 2472 2870 Pharao
2528 2830 2646 2869 non
2695 2814 2817 2869 vult
2870 2815 3149 2868 masculos
3192 2813 3369 2881 nasci,
3422 2815 3522 2869 sed
3578 2813 3849 2881 feminas,

2155 2921 2285 2977 qua:
2314 2903 2571 2959 materia:
2614 2907 2747 2958 sunt
2799 2901 3023 2971 vicinae,
3052 2906 3111 2957 et
3145 2902 3432 2957 contrario
3467 2902 3659 2956 nullus
3707 2917 3848 2955 san-

357 2996 507 3063 dico,
553 3012 668 3050 non
707 2995 997 3051 viviticant
1037 2996 1299 3051 feminas.
1336 2997 1531 3069 Neque
1563 2995 1718 3051 enim
1763 2995 1900 3050 vitia
1946 2999 2046 3049 aut
2078 3014 2118 3070 α
2156 2999 2380 3048 ctorum
2412 2991 2524 3047 nisi
2561 3007 2794 3064 perraro
2833 2990 3077 3049 feminas
3122 2989 3388 3060 genuisse
3432 2994 3718 3044 narratur.
3748 2989 3855 3044 So-

354 3083 583 3139 luxuria
607 3082 668 3138 in
699 3083 947 3139 Ecclesia
976 3083 1274 3152 docentur,
1308 3088 1407 3139 aut
1432 3088 1662 3156 peccata
1691 3083 2042 3149 nutriuntur,

356 3172 513 3243 quod
553 3172 676 3226 vult
721 3172 943 3227 Pharao
975 3187 1107 3227 cum
1135 3172 1409 3228 viviﬁcari
1447 3172 1691 3228 feminas
1713 3172 1899 3243 jubet,
1946 3171 2047 3226 sed

357 3261 480 3315 sola
507 3260 689 3315 virtus
707 3260 983 3316 excolitur
1007 3265 1063 3316 et
1083 3261 1347 3317 nutritur.
1379 3263 1589 3316 Verum
1610 3261 1733 3316 hinc
1751 3260 1824 3316 ad
1844 3275 2047 3315 unum—

355 3363 645 3420 quemque
677 3348 1009 3404 referamus.
1041 3348 1097 3403 Si
1122 3350 1291 3403 times
1323 3350 1521 3416 Deum,
1554 3364 1669 3403 non
1701 3348 1869 3403 facias
1898 3363 2045 3418 prae-

357 3442 587 3508 ceptum
619 3436 771 3509 regis
807 3438 1034 3509 Egypti
1070 3454 1082 3492 :
1116 3438 1212 3492 ille
1243 3437 1393 3492 enim
1426 3437 1684 3509 praecipit
1723 3436 1875 3492 utin
1905 3435 2045 3491 deli-

356 3525 459 3581 ciis
479 3526 654 3592 vivas,
684 3526 989 3597 priesentia
1022 3525 1385 3598 concupiscas
1408 3541 1425 3598 ;
1456 3531 1539 3594 tu,
1573 3527 1619 3580 si
1646 3525 1814 3581 times
1845 3526 2044 3592 Deum,

357 3619 416 3670 et
444 3613 676 3669 exhibes
731 3613 982 3669 officium
1035 3614 1371 3679 obstetricis,
1412 3614 1620 3669 animae
1667 3619 1782 3668 tum
1829 3613 1875 3666 si
1912 3628 2046 3666 con-

360 3704 507 3759 ferre
551 3703 737 3773 cupis,
793 3701 1042 3757 viviticas
1092 3705 1390 3772 masculos,
1434 3703 1490 3758 id
1547 3709 1653 3770 est,
1712 3701 2046 3757 interiorem

361 3791 677 3859 hominem,
711 3791 811 3863 qui
859 3791 918 3846 in
957 3796 1013 3847 te
1043 3797 1144 3856 est,
1178 3791 1480 3847 medicaris
1534 3797 1593 3846 et
1633 3793 1808 3860 foves,
1840 3795 1897 3846 et
1947 3805 2050 3863 per

357 3884 517 3934 actus
549 3885 605 3935 et
634 3879 954 3934 intellectus
981 3880 1166 3934 bonos
1200 3880 1373 3934 vitam
1403 3879 1650 3951 acquiris
1678 3884 1973 3934 aeternam.

433 3969 595 4023 Vens.
660 3971 851 4024 t6-2l.
917 3997 981 4010 -—
1032 3969 1099 4023 Si
1146 3969 1420 4024 masculus
1468 3970 1660 4035 fuerit,
1718 3973 1825 4023 etc.
1877 3965 2046 4037 (1510.)

360 4057 681 4125 Allegorice.
731 4056 903 4112 Jubet
960 4057 1175 4112 Pharao
1214 4058 1495 4112 masculos
1547 4056 1747 4123 occidi,
1806 4054 2051 4110 feminas

360 4144 548 4200 vivere
582 4162 595 4200 :
638 4144 718 4199 sic
748 4145 1026 4211 diabolus,
1059 4161 1132 4200 ne
1162 4146 1339 4217 possit
1359 4146 1536 4200 robur
1553 4144 1687 4200 fidei
1721 4144 2048 4217 praevalere,

365 4232 679 4289 interfectis
728 4232 1056 4299 virtutibus,
1092 4235 1211 4288 vult
1241 4233 1373 4289 vitia
1400 4234 1610 4302 vivere,
1662 4233 1951 4304 fortesque
1996 4235 2053 4287 et

362 4322 557 4377 viriles
607 4320 787 4376 animi
826 4338 1045 4388 sensus,
1075 4322 1284 4394 quibus
1317 4321 1506 4378 divina
1553 4322 1826 4394 sapimus,
1858 4321 1918 4377 id
1948 4325 2052 4386 est,

365 4411 671 4476 rationem,
690 4410 1082 4481 prudentiam,
1106 4411 1507 4480 constantiam,
1529 4409 2055 4482 innocentiamque,

365 4507 424 4556 et
448 4501 620 4555 ﬁdem
655 4499 858 4555 nititur
900 4499 1194 4568 occidere;
1233 4505 1292 4555 et
1321 4500 1471 4572 quod
1502 4498 1839 4567 femineum,
1876 4499 2056 4554 imbe-

366 4591 584 4658 cillum,
614 4588 818 4660 fragile
858 4593 917 4643 et
946 4604 1191 4660 pronum
1234 4593 1320 4644 est
1361 4588 1431 4644 ad
1460 4588 1618 4655 vitia,
1661 4588 1819 4659 cupit
1864 4603 2057 4660 super-

365 4694 511 4748 esse,
566 4676 625 4732 id
695 4680 796 4742 est,
855 4662 1257 4744 ambitionem,
1329 4675 1681 4746 violentiam,
1732 4675 2057 4747 libidinem,

363 4763 743 4833 iracundiam,
801 4768 858 4819 et
904 4764 994 4819 his
1033 4762 1263 4832 similia,
1316 4779 1446 4835 quin
1490 4764 1837 4819 feminarum
1874 4764 2057 4835 figura

365 4858 517 4907 sunt.

439 4942 597 4995 Vaas.
634 4944 720 4997 t9.
751 4970 817 4981 —
850 4940 976 5007 Quae
1012 4940 1425 5012 responderunt,
1458 4945 1562 4994 etc.
1591 4939 1752 5010 (Anc.
1797 4943 1854 4994 in
1901 4940 2054 5005 Gem,

366 5034 505 5085 tom.
541 5028 653 5099 ΙΙΙ.)
685 5029 975 5095 Quaeritur
1015 5035 1207 5084 utrum
1248 5029 1387 5084 talia
1419 5027 1713 5083 mendacia
1744 5028 2059 5099 approbata

367 5118 490 5173 sine
519 5114 860 5174 auctoritate
882 5117 1095 5187 divina,
1125 5122 1258 5185 etc.,
1288 5132 1459 5188 usque
1483 5117 1558 5170 ad
1587 5130 1834 5187 quorum
1865 5119 2055 5171 autem

360 5207 483 5277 jam
513 5206 866 5262 conversatio
888 5206 947 5261 in
979 5206 1135 5261 caelis
1167 5209 1273 5273 est,
1302 5220 1421 5260 non
1452 5221 1551 5261 eos
1593 5203 1815 5259 mstimo
1842 5202 2057 5274 linguas

368 5295 605 5349 modum
635 5293 784 5351 circa
810 5295 1107 5350 veritatem
1136 5294 1559 5365 falsitatemque
1587 5292 1849 5364 exemplo
1878 5291 2055 5347 obste-

368 5381 577 5437 tricum
599 5383 807 5439 debere
827 5384 1156 5439 informare.

440 5473 658 5538 (Gaza,
707 5473 924 5538 Norat,
977 5472 1075 5526 lib.
1123 5486 1349 5537 xxxviii,
1395 5486 1527 5540 cap.
1566 5474 1621 5536 2,
1675 5472 1746 5525 3.l
1794 5470 2055 5525 Summo-

370 5577 508 5631 pere
538 5560 853 5617 cavendum
901 5564 987 5615 est
1017 5558 1396 5625 mendacium,
1447 5564 1577 5625 etc.,
1619 5574 1787 5629 usque
1815 5558 1893 5613 ad
1935 5574 2059 5629 par-

2155 3083 2361 3153 lusque
2393 3081 2481 3136 Sal
2490 3080 2683 3152 phaat,
2711 3079 2812 3152 qui
2841 3079 2901 3134 in
2930 3077 3176 3149 peccatis
3214 3083 3474 3133 mortuus
3512 3082 3616 3145 est,
3645 3092 3855 3132 omnes

2156 3170 2304 3226 tilias
2329 3170 2530 3241 genuit
2562 3186 2574 3223 :
2605 3169 2777 3225 Jacob
2802 3168 2975 3224 unius
2994 3166 3129 3221 filiae
3157 3172 3318 3238 pater
3337 3172 3444 3236 est,
3476 3171 3532 3222 et
3560 3168 3633 3221 ob
3664 3166 3855 3238 ipsam

2154 3258 2527 3329 periclitatur.

2853 3399 3079 3453 CAPUT
3113 3399 3180 3452 ll.

2228 3525 2397 3579 VERS.
2447 3526 2553 3578 1-5.
2610 3552 2669 3563 -
2718 3525 2980 3592 Egressus
3017 3526 3115 3590 est,
3165 3526 3273 3578 etc.
3305 3522 3469 3593 (Itan.
3531 3524 3587 3576 in
3643 3519 3853 3580 Exod.,

2155 3619 2296 3670 tom.
2331 3613 2421 3681 ll.)
2453 3611 2593 3667 Hinc
2622 3611 2898 3682 .Iosephus
2930 3611 3011 3665 ait
3042 3627 3055 3666 :
3094 3612 3346 3666 Metuens
3386 3615 3580 3665 autem
3615 3612 3853 3665 Amratu

2155 3719 2226 3758 ue
2252 3707 2450 3773 captus
2476 3699 2650 3771 regias
2688 3700 2791 3755 ira;
2819 3700 3231 3767 succumberet,
3261 3703 3391 3763 etc.,
3421 3713 3599 3769 usque
3625 3696 3701 3753 ad
3728 3698 3854 3753 sive

2157 3790 2417 3855 educere,
2441 3791 2506 3842 ut
2536 3793 2619 3842 est
2646 3788 2826 3842 Moses
2854 3788 2925 3842 de
2956 3787 3195 3842 flumine
3218 3786 3472 3842 eductus.

2228 3879 2404 3945 Atleg.
2439 3878 2711 3932 Parentes
2737 3874 2896 3942 Mosi,
2954 3891 3205 3947 quorum
3249 3874 3423 3930 fidem
3458 3879 3517 3929 et
3561 3890 3732 3946 opera
3762 3873 3857 3928 lex

2162 3966 2435 4022 naturalis
2463 3964 2770 4020 decorabat
2817 3963 2941 4033 (lu.,
2985 3963 3172 4034 ibid),
3210 3978 3380 4033 usque
3415 3962 3489 4016 ad
3538 3960 3662 4033 ipsa
3707 3976 3857 4032 quo-

2161 4070 2271 4126 que
2301 4054 2535 4109 docetur
2563 4051 2897 4107 erubescere
2927 4050 3080 4106 idola
3108 4051 3318 4106 colere.

2239 4145 2338 4197 Vir
2391 4141 2457 4197 de
2503 4140 2679 4211 domo,
2731 4144 2838 4195 etc.
2891 4139 3109 4211 (Dion)
3170 4139 3296 4193 Non
3350 4137 3473 4193 sine
3537 4137 3859 4192 oeconomia

2160 4236 2321 4303 pater
2366 4230 2581 4287 Moseos
2619 4227 3081 4300 praetermittitur
3113 4243 3127 4283 :
3161 4243 3295 4282 nam
3323 4226 3393 4297 {et
3447 4224 3727 4293 Christus,
3753 4242 3858 4281 cu-

2082 4306 2124 4362 D
2156 4321 2252 4391 jus
2277 4325 2476 4392 typum
2508 4318 2744 4391 gerebat
2762 4318 2963 4386 Moses,
2996 4316 3120 4371 sine
3152 4323 3311 4387 patre
3336 4320 3440 4372 est.

2235 4410 2400 4463 νεεδ.
2431 4408 2485 4462 2.
2527 4437 2597 4447 —
2620 4408 2691 4462 Et
2717 4406 2930 4476 videns,
2959 4410 3069 4460 etc.
3106 4406 3451 4473 (Censesn,
3498 4405 3640 4460 hom.
3689 4403 3759 4459 5t
3798 4406 3861 4458 in

2164 4498 2287 4552 Act.
2323 4494 2543 4567 apost.).
2579 4492 2832 4550 Mirabile
2853 4497 2941 4549 est
2969 4493 3121 4565 quod
3150 4508 3266 4547 non
3291 4508 3395 4565 per
3411 4508 3480 4548 ea
3508 4506 3637 4564 quas
3665 4490 3864 4545 viden-

2164 4593 2257 4641 tur
2284 4584 2605 4641 securitatis
2634 4583 2923 4661 esse,.sed
2965 4583 3137 4655 plane
3169 4599 3273 4655 per
3318 4582 3630 4648 contraria,
3658 4579 3860 4636 omnia

2162 4691 2267 4748 pro
2296 4673 2462 4729 nobis
2489 4674 2657 4729 fiunt.
2690 4672 2866 4729 Jussit
2901 4672 3121 4728 Pharao
3154 4672 3215 4727 in
3245 4671 3465 4727 ﬂumen
3494 4669 3695 4744 projici
3719 4684 3862 4741 pue-

2164 4779 2287 4830 ros;
2321 4761 2437 4818 nisi
2457 4760 2700 4834 projecti
2732 4760 2973 4817 fuissent
3007 4760 3198 4832 pueri,
3225 4775 3346 4815 non
3373 4758 3573 4814 fuisset
3601 4761 3863 4813 servatus

2162 4852 2378 4907 Moses:
2438 4852 2669 4922 quando
2728 4849 3080 4916 servabatur,
3140 4864 3260 4903 non
3310 4851 3433 4903 erat
3484 4847 3546 4902 in
3596 4846 3859 4912 honore;

2164 4939 2394 5012 quando
2422 4938 2711 5010 expositus
2758 4942 2860 5007 est,
2892 4941 3029 4992 tunc
3062 4937 3248 4993 factus
3289 4937 3350 4991 in
3379 4936 3600 4991 honore
3630 4938 3735 4990 est.
3766 4933 3862 4989 Mi-

2166 5032 2332 5082 natus
2365 5031 2451 5082 est
2479 5026 2563 5082 illi
2594 5026 2847 5093 Iudaeus,
2896 5026 3091 5081 dicens
3123 5041 3137 5081 :
3183 5023 3462 5095 Numquid
3498 5038 3580 5078 me
3623 5022 3868 5078 occidere

2165 5122 2224 5172 tu
2243 5116 2375 5173 vis?
2413 5119 2474 5170 et
2500 5115 2609 5171 hoc
2638 5114 2722 5169 illi
2748 5114 2965 5186 profuit
2995 5118 3057 5169 ut
3111 5111 3615 5186 philosopharetur
3642 5112 3702 5165 in
3740 5111 3870 5165 soli-

2166 5205 2365 5261 tudine
2395 5220 2460 5259 ac
2487 5219 2684 5260 secure
2714 5202 2945 5258 viveret.

2235 5292 2444 5363 (01116.,
2469 5292 2608 5349 hom.
2640 5293 2716 5364 2.)
2757 5293 3084 5360 Allegorice.
3118 5287 3433 5347 Pharaonis
3481 5287 3600 5344 ﬁlia
3650 5291 3739 5342 est
3771 5288 3869 5342 Ec-

2166 5380 2338 5435 clesia
2389 5380 2459 5436 de
2496 5379 2766 5453 gentibus
2811 5383 3179 5451 congregata,
3213 5377 3306 5432 cui
3363 5392 3468 5449 per
3516 5376 3869 5448 prophetam

2164 5468 2373 5524 dicitur
2404 5485 2416 5522 :
2451 5470 2771 5525 Obliviscere
2817 5470 3074 5538 populum
3116 5474 3266 5523 tuum
3313 5472 3365 5522 et
3420 5466 3637 5521 domum
3679 5468 3870 5535 patris

2168 5561 2267 5623 tui,
2329 5560 2460 5627 quia
2498 5560 2800 5628 concupivit
2847 5574 2945 5612 res:
3000 5559 3227 5627 speciem
3266 5561 3416 5610 tuam
3461 5554 3638 5619 (Psal.
3686 5558 3865 5615 κων.)
