4064 6186
182 318 280 368 IS'J

1329 317 1586 371 CLOSSA
1626 318 2029 373 OllDlNAltlA.
2074 349 2139 356 ——
2184 320 2309 373 ιλιι.
2358 319 2561 373 ΕΧΟΙ).

3609 324 3704 374 190

171 447 299 500 Haec
327 451 420 499 est
438 461 576 517 ergo
616 463 747 517 quas
777 446 944 502 exivit
973 447 1040 501 de
1082 448 1251 502 domo
1298 449 1497 518 patris,
1531 454 1585 503 et
1630 449 1786 505 venit
1815 450 1887 504 ad
1923 446 1967 498 Α
1996 456 2233 495 menum
2264 444 2571 512 acceperat.
2606 440 2715 494 Sed
2746 441 3055 496 Pharaonis
3083 441 3198 495 lilia
3238 440 3499 495 liberavit
3563 457 3694 495 eum

169 550 367 604 aquas,
422 540 488 588 ut
548 535 894 590 lavaretura
940 538 1181 607 peccatis
1234 553 1363 607 qum
1416 542 1773 593 contraxerat
1823 539 1881 593 in

169 622 340 676 domo
373 624 588 694 patris:
624 630 681 678 et
710 626 904 679 statim
965 625 1175 679 viscera
1226 626 1633 681 misericordias
1691 644 1880 682 susce-

169 710 270 781 pit,
302 715 367 765 et
399 712 635 766 miserta
663 719 750 767 est
770 714 1002 768 infantis
1034 730 1047 781 ;
1073 714 1194 768 haec
1214 714 1447 769 veniens
1476 715 1533 769 in
1587 716 1878 786 paludem,

170 799 395 853 invenit
438 802 632 855 Mosen
678 802 964 871 jacentem
1023 803 1348 872 expositum
1380 820 1412 857 a
1467 804 1604 871 suis,
1662 809 1717 859 et
1750 805 1884 859 fecit

169 904 299 941 eum
333 889 570 943 nutriri.
607 890 867 944 Nutritur
893 891 1041 963 apud
1074 908 1229 959 suos,
1263 892 1345 946 ibi
1395 893 1511 963 agit
1555 892 1879 962 infantiam;

169 977 379 1031 fortior
421 978 605 1033 factus
655 978 883 1033 ducitur
932 979 1003 1034 ad
1058 996 1206 1046 eam,
1243 981 1547 1052 adoptatur
1575 982 1635 1035 in
1675 982 1880 1037 tilium.

170 1064 354 1118 Moses
404 1063 597 1135 legem
648 1065 950 1137 signiticet.
1014 1068 1261 1123 Veniens
1325 1084 1462 1141 ergo
1516 1070 1759 1124 Ecclesia
1813 1072 1881 1124 al

166 1168 350 1224 aquas
382 1153 677 1225 baptismi,
702 1156 949 1226 suscepit
997 1157 1184 1227 legem
1237 1157 1389 1212 intra
1440 1158 1582 1213 tibin
1658 1160 1883 1213 conclu-

167 1257 313 1306 sam,
348 1246 410 1296 et
438 1241 724 1297 bitumine
780 1243 1023 1298 linitam.
1084 1246 1247 1300 Tibin
1300 1262 1434 1317 ergo
1481 1253 1563 1301 est
1618 1248 1883 1317 tegminis

164 1345 353 1399 genus
386 1346 455 1385 ex
488 1347 705 1403 papyro
742 1338 1094 1399 contextum,
1129 1340 1184 1388 et
1212 1335 1386 1406 virgis
1424 1337 1508 1389 vel
1565 1353 1631 1390 ex
1677 1338 1884 1391 cortice

165 1417 447 1473 arborum
505 1419 835 1476 formatum.
883 1423 1116 1478 Jaeebat
1158 1439 1295 1495 ergo
1356 1425 1446 1478 lex
1505 1426 1695 1479 clausa
1737 1426 1885 1485 intra

166 1510 509 1579 hujusmodi
534 1512 811 1581 tegmina,
852 1514 976 1583 pice
1006 1518 1063 1568 et
1108 1514 1389 1569 bitumine
1441 1515 1620 1582 linita,
1682 1517 1885 1570 vilibus

166 1598 382 1653 scilicet
412 1603 473 1653 et
503 1599 635 1653 tetri
671 1601 1001 1656 Judaaorum
1054 1603 1339 1670 sensibus;
1398 1605 1662 1659 sordebat
1711 1605 1885 1659 oblita

166 1702 352 1758 usque
392 1703 514 1757 quo
558 1687 799 1743 Ecclesia
848 1690 1066 1745 veniret
1096 1707 1162 1746 ex
1201 1692 1487 1763 gentibus,
1526 1697 1579 1747 et
1634 1708 1883 1747 assume-

168 1779 253 1829 ret
276 1790 413 1828 eam
443 1774 519 1829 de
548 1774 716 1829 luteis
746 1780 803 1830 et
840 1777 1183 1846 palustribus
1213 1778 1371 1844 locis,
1405 1777 1553 1832 intra
1600 1780 1893 1850 sapientiae

169 1865 327 1918 aulas
360 1869 421 1918 et
473 1863 682 1935 regalis
741 1870 904 1919 tecta.
959 1866 1260 1921 Infantiam
1310 1871 1504 1922 tamen
1559 1868 1710 1939 apud
1768 1884 1898 1922 suos

170 1952 473 2023 transigit:
500 1954 653 2023 apud
676 1953 804 2008 illos
825 1954 974 2007 enim
990 1954 1089 2024 qui
1110 1971 1236 2009 eam
1259 1956 1635 2026 spiritualiter
1671 1973 1787 2012 non
1813 1958 1898 2010 in-

172 2041 476 2111 telligunt,
510 2042 747 2112 parvula
779 2047 881 2102 est,
916 2049 974 2096 et
1000 2043 1210 2111 infans,
1242 2045 1647 2098 etlactantium
1681 2046 1897 2100 habens

173 2130 325 2183 cibos
354 2145 370 2183 :
403 2145 540 2183 cum
573 2130 638 2183 ad
674 2130 975 2184 Ecclesiam
1012 2132 1183 2197 venit,
1246 2132 1448 2186 fortior
1503 2138 1589 2187 est
1637 2135 1812 2187 Moses
1843 2141 1900 2188 et

172 2218 457 2283 validior;
494 2222 684 2272 amoto
713 2218 867 2272 enim
912 2220 1192 2274 velamine
1244 2221 1471 2285 litterie,
1528 2222 1810 2293 perfectus
1840 2223 1898 2277 iu

172 2304 421 2360 lectione
453 2307 583 2376 ejus
613 2305 773 2360 cibus
804 2306 1116 2362 invenitur.
1155 2308 1468 2363 Mercedem
1520 2310 1897 2364 nutrimento-

169 2411 297 2449 rum
332 2395 553 2466 accipit
580 2411 613 2448 a
642 2394 763 2450 filia
788 2396 1120 2462 Pharaonis,
1148 2397 1298 2467 apud
1340 2414 1513 2469 quam
1573 2400 1657 2452 lex
1710 2400 1899 2453 nasci-

170 2491 261 2539 tur
284 2490 347 2537 et
379 2484 659 2538 nutritur.
701 2484 810 2539 Sed
843 2485 980 2555 quid
1015 2491 1098 2539 est
1145 2486 1296 2556 quod
1358 2486 1659 2558 Synagoga
1698 2488 1902 2559 accipit

172 2571 238 2624 ab
273 2570 592 2625 Ecclesia?
627 2570 771 2634 Quia
826 2571 966 2626 illud
1045 2572 1198 2643 quod
1253 2574 1427 2627 Moses
1482 2574 1645 2628 dicit:
1701 2578 1814 2643 Ego
1847 2578 1901 2629 in

176 2676 271 2713 non
304 2665 526 2727 gentem
569 2662 628 2713 in
680 2662 1074 2716 emutationcm
1124 2676 1216 2716 vos
1255 2662 1511 2717 inducam
1542 2677 1553 2715 :
1579 2666 1638 2718 in
1694 2670 1899 2731 gentem

178 2742 563 2815 insipientum,
593 2750 649 2800 in
709 2750 849 2801 iram
904 2764 995 2803 vos
1057 2750 1351 2803 concitabo.
1412 2749 1715 2822 Synagoga
1762 2767 1898 2821 ergo

177 2837 238 2889 de
291 2836 553 2889 Ecclesia
597 2836 744 2890 hanc
798 2837 1118 2891 mercedem
1179 2836 1382 2908 accipit
1437 2844 1498 2892 ut
1556 2839 1704 2893 ultra
1753 2840 1897 2894 idola

180 2941 287 2977 non
322 2925 505 2978 colat:
568 2924 764 2978 videns
804 2925 957 2979 enim
1015 2926 1254 2995 gentiles
1304 2926 1383 2980 ita
1437 2926 1508 2980 ad
1540 2928 1719 2981 Deum
1766 2944 1899 2981 con-

178 3029 397 3078 versos,
463 3023 525 3067 ut
599 3014 748 3067 ultra
803 3012 954 3068 idola
1033 3014 1308 3079 nesciant,
1396 3015 1682 3070 erubescit
1751 3017 1898 3070 ultra

179 3103 335 3156 idola
396 3102 610 3156 colere.
678 3103 790 3155 Nos
860 3118 1110 3173 quoque,
1170 3103 1215 3155 si
1263 3104 1615 3157 Pharaonem
1702 3105 1899 3159 habui-

181 3207 305 3244 mus
337 3196 591 3261 patrem,
618 3190 665 3243 si
709 3207 811 3244 nos
848 3191 909 3243 in
970 3190 1241 3260 operibus
1294 3192 1458 3245 malis
1498 3192 1718 3264 genuit,
1767 3210 1897 3247 cum

181 3278 511 3334 venerimus
562 3278 631 3332 ad
689 3294 882 3349 aquas,
941 3294 1296 3332 assumamus
1360 3280 1544 3350 legem
1607 3282 1703 3334 Dei
1738 3296 1750 3335 :
1785 3296 1896 3334 non

181 3368 342 3422 nobis
368 3368 644 3421 sordeant
673 3366 875 3421 littera:
906 3367 1062 3421 velut
1089 3372 1320 3439 tegmen
1370 3369 1676 3422 obscurum
1701 3386 1714 3435 ;
1771 3386 1899 3439 quas

183 3472 351 3526 parva
384 3456 513 3526 ejus
544 3459 677 3508 sunt
708 3462 763 3509 et
809 3456 1075 3509 lactantia
1130 3457 1499 3511 comedamus
1533 3474 1546 3524 ;
1596 3474 1726 3528 quas
1775 3459 1895 3527 perl

180 3548 326 3599 facta
358 3560 680 3608 sumamus,
716 3550 772 3598 et
799 3544 950 3598 intra
990 3545 1172 3599 cordis
1200 3550 1345 3599 tecta
1394 3546 1607 3617 regalia
1661 3547 1898 3601 colloce-

184 3649 332 3687 mus.
370 3633 661 3688 Grandem
711 3638 768 3685 et
819 3632 1069 3687 validum
1125 3633 1400 3688 habemus
1460 3636 1693 3689 Mosen:
1750 3635 1897 3688 nihi-

182 3721 248 3775 de
280 3738 353 3775 eo
384 3736 649 3792 parvum,
682 3721 826 3776 nihil
865 3721 973 3775 vile
1030 3722 1361 3789 sentiamus,
1412 3723 1509 3777 sed
1569 3728 1751 3778 totum
1775 3740 1901 3777 ma-

156 3808 490 3878 gnificum,
523 3813 712 3863 totum
768 3809 1087 3881 egregium,
1143 3815 1327 3865 totum
1392 3811 1659 3881 elegans:
1714 3817 1899 3865 totum

185 3898 339 3951 enim
374 3913 656 3968 magnum
686 3902 787 3964 est,
848 3899 998 3969 quod
1053 3899 1348 3970 spirituale
1396 3903 1499 3965 est,
1529 3906 1585 3954 et
1639 3900 1900 3953 sublimis

187 3986 611 4057 intelligentiae.

259 4076 429 4129 Vens.
487 4078 604 4129 6-8.
666 4106 731 4114 —
803 4076 1135 4143 Cernensque
1192 4078 1246 4128 in
1305 4091 1368 4129 ea
1418 4078 1729 4145 parvulum,
1795 4083 1898 4141 etc,

190 4162 452 4233 (Tarson)
504 4164 746 4231 Mystice.
828 4164 940 4217 Hoc
989 4162 1074 4217 illi
1128 4162 1491 4233 potissimum
1548 4164 1901 4219 circumcisio

191 4252 436 4320 prodere
460 4251 664 4323 potuit,
724 4251 982 4306 nondum
1029 4252 1184 4305 enim
1234 4251 1479 4322 A‘igyptii
1532 4254 1642 4306 tale
1689 4260 1902 4325 myste-

189 4340 342 4394 rium
375 4340 746 4403 admiserant,
804 4341 934 4394 licet
991 4340 1325 4395 succedente
1381 4346 1640 4411 tempore
1691 4344 1761 4397 ad
1796 4346 1901 4397 lle-

194 4428 484 4483 braaorum
514 4428 894 4483 imitationem
926 4429 1371 4484 circumcisionis
1403 4430 1585 4501 legem
1640 4431 1901 4486 observa-

193 4517 400 4571 verint.
464 4517 621 4572 Unde
692 4518 1011 4572 Jeremias:
1066 4518 1423 4573 Cousiderabo
1499 4534 1676 4575 omnes
1758 4537 1899 4590 pra:-

188 4607 406 4673 putium
482 4609 941 4674 circumsecantes,
1030 4607 1313 4675 Egyptios
1391 4612 1439 4661 rt
1488 4608 1628 4677 ﬁlios
1710 4608 1897 4663 Edam.

190 4696 332 4759 (Jer.
376 4694 470 4762 ix).

259 4782 651 4852 (1510.)Moses,
682 4781 740 4837 id
799 4786 885 4838 est
933 4781 1208 4847 Christus,
1240 4782 1307 4835 ad
1366 4783 1579 4836 flumen
1612 4784 1816 4838 lavacri
1848 4790 1904 4840 et

192 4887 397 4941 aquam
432 4869 699 4941 baptismi
722 4887 755 4923 a
784 4869 1047 4925 ﬁdelibus
1102 4870 1410 4938 invenitur,
1445 4876 1585 4934 etc.,
1648 4875 1903 4941 usquead

192 4964 241 5012 et
271 4975 406 5013 eum
441 4959 707 5030 religiosa
756 4959 1151 5013 observatione
1213 4958 1584 5030 suscipientes
1641 4965 1896 5015 tuentur.

256 5049 424 5103 Vens.
478 5050 631 5102 9-H.
686 5077 754 5088 —-
799 5047 1169 5117 Adultumque
1215 5048 1474 5116 tradidit,
1538 5053 1645 5102 etc.
1703 5050 1899 5120 (ΗΑΒ.)

195 5136 380 5191 Refert
410 5137 694 5207 Joscphus
724 5135 877 5206 quod
936 5135 1054 5190 tilia
1095 5138 1407 5190 Pharaonis
1474 5138 1733 5192 adultum
1787 5140 1898 5194 Mo-

196 5241 285 5277 sen
317 5225 389 5279 ad
424 5230 646 5295 patrem
677 5240 845 5278 suum
880 5224 1130 5291 adduxit,
1164 5225 1255 5279 cui
1283 5225 1377 5279 ille
1405 5242 1677 5279 coronam
1737 5243 1899 5282 suam

196 5312 485 5383 imposuit,
520 5329 695 5382 quam
735 5313 926 5366 statim
980 5314 1159 5368 Moses
1188 5314 1448 5384 projecit,
1513 5315 1789 5385 quoniam
1820 5316 1898 5370 ibi

196 5406 477 5474 scalptum
535 5402 909 5456 simulacrum
957 5402 1118 5456 vidit.
1163 5403 1321 5457 Unde
1369 5404 1630 5458 sacerdos
1687 5404 1787 5475 qui
1819 5405 1898 5459 ibi

197 5490 403 5558 aderat,
428 5490 951 5545 voluitinteriicere
981 5506 1135 5557 eum,
1190 5490 1385 5545 dicens
1432 5490 1570 5562 quia
1627 5494 1897 5562 Egyptus

196 5584 330 5633 esset
382 5578 771 5634 subvertenda
801 5594 902 5649 per
943 5578 1132 5650 ipsum
1164 5579 1308 5635 sicut
1365 5595 1434 5634 ex
1499 5581 1726 5635 oraculo
1792 5581 1899 5634 dae-

1992 530 2133 585 Cum
2172 536 2364 585 autem
2394 530 2659 601 perfectae
2682 534 2827 584 esset
2855 530 3060 598 (etatis,
3096 529 3298 584 missus
3348 534 3433 584 est
3460 546 3493 582 a
3553 532 3706 584 Pha-

1991 634 2163 672 raone
2204 622 2399 672 contra
2446 617 2755 688 EthiOpes.
2821 619 3076 689 Cumque
3122 618 3292 671 sciret
3318 634 3415 688 per
3482 618 3706 672 deserta

1992 707 2351 778 serpentibus
2369 706 2537 776 plena
2562 722 2620 760 se
2648 706 3058 777 profecturum,
3093 706 3227 760 tulit
3268 706 3469 773 ibides,
3532 706 3587 761 id
3620 714 3706 760 est

1992 795 2237 850 ciconiae
2285 795 2661 867 Egyptiacas,
2720 799 3017 865 castraque
3073 800 3316 849 metatus
3374 795 3705 865 proferebat

1992 900 2105 950 eas,
2143 890 2206 939 ut
2255 890 2547 956 serpentes
2634 884 2975 939 devorarent
3035 890 3092 939 et
3150 885 3443 955 fugerent:
3512 885 3705 955 sicque

1992 974 2265 1028 exercitus
2298 988 2529 1027 securus
2555 973 2903 1045 transigebat
2961 978 3207 1027 noctem.
3265 975 3405 1027 Cum
3460 989 3596 1043 ergo
3619 989 3708 1031 ve-

1991 1062 2168 1117 nisset
2188 1062 2256 1116 ad
2283 1062 2573 1117 civitatem
2604 1078 2777 1133 quam
2807 1067 3237 1133 expugnaturus
3271 1067 3412 1129 erat,
3474 1063 3703 1120 adama-

1992 1151 2071 1205 vit
2101 1166 2233 1206 eum
2264 1150 2592 1222 Ethiopum
2624 1150 2842 1221 regina,
2877 1156 2931 1205 et
2982 1151 3294 1205 secundum
3356 1151 3703 1215 condictum,

1992 1239 2277 1294 civitatem
2311 1240 2363 1294 ei
2394 1239 2647 1304 tradidit,
2671 1244 2727 1293 et
2756 1240 2985 1311 nupsit:
3020 1239 3150 1293 inde
3183 1244 3265 1293 est
3319 1238 3469 1309 quod
3516 1243 3707 1291 Aaron

1992 1333 2047 1382 et
2068 1329 2240 1383 Maria
2264 1328 2480 1399 jurgati
2515 1333 2649 1382 sunt
2677 1328 2948 1381 adversus
2972 1328 3156 1382 Mosen
3188 1332 3427 1398 propter
3486 1327 3706 1380 Altinio—

1996 1418 2207 1487 pissam
2243 1432 2496 1470 uxorem.

2064 1507 2223 1560 Vsus.
2263 1509 2345 1560 t2.
2382 1536 2449 1547 —
2489 1508 2734 1573 Cumque
2790 1506 3256 1573 circumsperisset
3319 1503 3419 1557 huc
3440 1507 3605 1571 atque
3632 1502 3709 1554 il—

1999 1593 2107 1647 luc.
2134 1592 2295 1661 (AL'G.
2324 1596 2520 1662 Quaest.
2546 1593 2605 1646 in
2636 1591 2835 1661 Eatod.)
2895 1591 2972 1645 De
3024 1590 3131 1645 hoc
3182 1590 3326 1643 facto
3384 1589 3520 1645 Mosi
3574 1588 3710 1641 satis

2003 1680 2414 1751 disputavimus
2452 1680 2512 1733 in
2543 1679 2639 1734 illo
2669 1695 2857 1750 opere,
2891 1679 3044 1750 quod
3087 1679 3155 1732 de
3199 1679 3311 1731 vita
3367 1676 3709 1749 patriarcha-

2006 1786 2132 1823 rum
2166 1769 2436 1823 adversus
2466 1770 2735 1823 Faustum
2767 1768 3113 1838 scripsimus,
3148 1773 3340 1820 utrum
3398 1766 3621 1820 indoles
3651 1765 3710 1818 in

2006 1873 2073 1911 eo
2106 1856 2404 1911 laudabilis
2433 1856 2625 1923 fuerit,
2657 1871 2770 1927 qua
2799 1856 2906 1910 hoc
2944 1860 3236 1926 peccatum
3282 1852 3595 1920 admiserit,
3612 1853 3714 1906 sie-

2006 1951 2069 2000 ut
2095 1945 2238 1999 uber
2268 1951 2418 1999 terra
2443 1948 2574 1999 ante
2628 1944 2791 1999 utilia
2837 1944 3058 1999 semina
3096 1943 3346 2015 quadam
3400 1941 3711 1996 herbarum

2005 2033 2296 2087 inutilium
2346 2032 2637 2087 ferocitate
2679 2033 2979 2087 laudatur:
3037 2049 3109 2086 an
3151 2032 3341 2101 ipsum
3394 2030 3604 2085 factum
3624 2031 3721 2100 ju-

2005 2122 2364 2176 stilicandum
2403 2122 2515 2175 sit?
2548 2122 2709 2185 Quod
2738 2121 2863 2175 ideo
2892 2136 3009 2174 non
3040 2120 3281 2185 videtur,
3310 2119 3447 2190 quia
3494 2118 3711 2172 nullam

2006 2210 2189 2264 adhuc
2219 2209 2531 2280 legitimam
2587 2213 2927 2279 potestatem
2979 2207 3233 2278 gerebat,
3292 2222 3394 2260 nec
3441 2205 3715 2261 divinitus

2007 2304 2316 2369 acceptam,
2366 2313 2470 2351 nec
2520 2297 2775 2351 humana
2821 2296 3089 2349 societate
3148 2294 3505 2349 ordinatam:
3540 2299 3597 2349 et
3624 2298 3715 2348 ta-

2010 2402 2163 2452 men,
2198 2386 2344 2439 sicut
2397 2385 2716 2456 Stephanus
2768 2385 2845 2438 ait
2890 2384 2951 2438 in
3007 2383 3239 2439 Actibus
3303 2384 3713 2453 apostolorum,

2009 2475 2242 2546 putabat
2273 2474 2593 2541 intelligere
2651 2474 2853 2528 fratres
2884 2489 3034 2539 suos,
3088 2473 3238 2543 quod
3270 2488 3376 2542 per
3403 2487 3535 2526 eum
3564 2472 3712 2525 Deus

2008 2564 2170 2617 daret
2200 2563 2440 2617 salutem
2467 2562 2597 2625 illis,
2628 2567 2688 2615 ut
2708 2578 2809 2633 per
2846 2561 2951 2615 hoc
3007 2560 3401 2614 testimonium
3457 2558 3719 2613 videatur

2010 2654 2185 2707 Moses
2213 2654 2329 2723 jam
2360 2651 2632 2705 divinitus
2691 2650 3015 2703 admonitus
3082 2649 3253 2720 (quod
3308 2648 3596 2719 Scriptura
3648 2665 3715 2701 eo

2009 2747 2131 2800 loco
2162 2742 2325 2807 tacet)
2361 2741 2467 2793 hoc
2499 2740 2708 2793 audere
2737 2738 3007 2809 potuisse.

2082 2830 2251 2899 (1510.)
2326 2830 2642 2895 Allcgorice.
2696 2829 2890 2891 Moses,
2949 2826 3007 2880 id
3056 2831 3141 2881 est
3196 2820 3472 2889 Christus,
3547 2828 3719 2895 Αἰξων-

2010 2919 2213 2987 ptium,
2248 2917 2300 2970 id
2336 2922 2420 2972 est
2451 2917 2743 2971 diabolum
2798 2915 2964 2969 nobis
2994 2915 3053 2968 in
3102 2914 3206 2968 hac
3262 2913 3717 2985 peregrinatione

1940 3006 2369 3087 Cinjuriosum,
2426 3022 2538 3059 non
2600 3004 2959 3059 defendendo
3025 3003 3247 3069 occidit,
3309 3008 3365 3056 et
3430 3003 3490 3055 iu
3548 3018 3720 3055 arena

2010 3095 2200 3148 obruit
2252 3094 2519 3148 occisum.
2586 3096 2738 3148 Latet
2786 3093 2940 3147 enim
2983 3094 3045 3149 in
3075 3091 3156 3145 eis
3195 3090 3294 3162 qui
3342 3090 3543 3145 stabile
3602 3107 3716 3144 non

2011 3183 2220 3237 habent
2248 3182 2708 3237 fundamentum.
2746 3181 3049 3235 Ecclesium
3077 3196 3209 3234 vero
3270 3181 3327 3233 in
3360 3184 3517 3250 petra
3542 3178 3718 3232 sedili-

2010 3280 2116 3338 cat,
2147 3278 2203 3326 et
2232 3288 2326 3325 eos
2352 3271 2451 3342 qui
2478 3271 2714 3325 verbum
2746 3272 2867 3339 ejus
2914 3270 3158 3323 audiunt
3208 3273 3263 3321 et
3317 3268 3533 3322 faciunt
3579 3284 3722 3338 prn-

2011 3360 2167 3415 denti
2197 3360 2314 3414 viro
2335 3366 2646 3431 comparat,
2670 3360 2768 3430 qui
2803 3358 3101 3413 aediﬁcavit
3160 3358 3395 3412 domum
3435 3373 3595 3410 suam
3628 3372 3721 3409 su-

2012 3476 2113 3530 pra
2133 3458 2358 3513 iirmam
2382 3463 2621 3528 petram.
2654 3458 2805 3511 Alios
2835 3473 2968 3510 vero
3019 3457 3191 3510 stulto
3251 3460 3566 3525 comparat,
3623 3455 3719 3525 qui

2010 3563 2181 3618 supra
2214 3564 2442 3600 arenam
2476 3546 2740 3601 aediﬁcat.

2086 3637 2245 3690 Vens.
2285 3639 2367 3690 13.
2402 3665 2468 3674 -—
2530 3637 2598 3689 Et
2644 3650 2885 3702 egressus
2945 3634 3032 3687 die
3078 3634 3267 3695 altero,
3330 3638 3434 3687 etc.
3499 3634 3557 3685 In
3619 3634 3725 3685 hoc

2014 3725 2465 3793 Mosesiiguram
2524 3722 2729 3777 Christi
2771 3722 2963 3792 gessit,
3019 3721 3117 3791 qui
3182 3721 3428 3773 duorum
3484 3722 3722 3790 populo-

2013 3829 2137 3866 Ium
2189 3812 2528 3867 discordiam
2588 3810 2645 3864 in
2709 3827 2765 3864 se
2825 3809 3085 3879 augulari
3161 3809 3347 3878 lapide
3426 3810 3722 3879 pacificare

2014 3901 2245 3955 studuit.
2296 3902 2402 3966 Qui
2462 3901 2731 3970 injuriam
2776 3898 2907 3953 fecit
2936 3904 2991 3951 et
3046 3899 3537 3951 reconciliatorem
3586 3913 3723 3951 con-

2014 3989 2261 4059 tempsit,
2320 3988 2584 4041 Judaicus
2640 3991 2742 4051 est,
2804 3985 2902 4055 qui
2964 3983 3431 4054 praedicationem
3517 3983 3723 4037 Christi

2013 4075 2433 4130 reconciliantis
2468 4074 2698 4143 repulit,
2733 4079 2788 4127 et
2817 4072 3097 4126 credentis
3143 4072 3343 4142 populi
3394 4072 3567 4126 hostis
3600 4087 3725 4141 per-

2015 4164 2171 4219 stitit.
2219 4164 2375 4219 Unde
2425 4164 2582 4218 Joan.
2648 4178 2726 4216 ix:
2767 4165 2845 4216 Tu
2900 4161 3201 4230 discipulus
3248 4162 3395 4215 illius
3475 4164 3569 4225 sis,
3628 4176 3721 4215 nos

2014 4254 2277 4325 discipuli
2310 4256 2461 4309 Mosi.

1946 4321 1986 4375 ι)
2088 4321 2256 4399 νέης.
2293 4344 2477 4398 lli-21.
2527 4372 2592 4381 —
2648 4343 2848 4395 Timuit
2904 4342 3094 4409 Moses,
3140 4344 3251 4395 etc.
3324 4343 3509 4408 (Αυο.)
3559 4338 3615 4392 Si
3646 4338 3723 4391 sic

2013 4434 2370 4502 divulgatum
2401 4434 2486 4484 est
2514 4427 2749 4483 verbum
2781 4428 2907 4482 hoc.
2948 4428 3069 4481 Duo
3130 4431 3263 4481 sunt
3318 4426 3373 4479 in
3405 4427 3509 4479 hac
3568 4425 3724 4477 locu-

2012 4522 2167 4575 tione
2197 4517 2560 4585 atlendenda,
2624 4516 2758 4587 quia
2812 4516 3024 4587 pendet
3081 4515 3295 4570 scilicet
3350 4513 3635 4567 sententia
3667 4518 3722 4566 et

2014 4608 2091 4662 sic
2129 4607 2360 4663 dimissa
2391 4610 2495 4671 est,
2528 4604 2733 4659 deinde
2778 4604 2913 4675 quia
2969 4602 3201 4657 verbum
3261 4619 3361 4673 pro
3418 4604 3563 4657 facto
3618 4620 3722 4673 ρυ-

2013 4696 2143 4750 suit.

2083 4786 2243 4839 Vens.
2274 4786 2359 4837 22.
2398 4813 2463 4822 -
2486 4785 2613 4852 Qum
2639 4782 2868 4851 peperit,
2924 4784 3031 4835 etc.
3094 4781 3412 4848 Allcgoricc.
3470 4778 3725 4833 Christus

1964 4880 1975 4883 ’
2015 4872 2312 4927 Ecclesium
2344 4870 2412 4924 de
2452 4868 2716 4940 gentibus
2775 4866 2883 4922 sibi
2932 4866 3240 4936 copulavit,
3298 4882 3425 4936 quin
3486 4882 3723 4919 munere

2008 4961 2250 5031 Spiritus
2281 4957 2629 5028 septiformis
2661 4972 2775 5010 una
2805 4959 2890 5009 est
2918 4954 2977 5009 in
3020 4954 3132 5008 iide
3180 4955 3477 5008 catholica.
3543 4956 3719 5010 Unde:

2016 5054 2132 5107 Una
2159 5054 2235 5104 est
2266 5047 2507 5102 columba
2542 5061 2688 5107 mea;
2723 5060 2851 5114 quae
2883 5043 3089 5114 gignit,
3135 5043 3319 5098 lilium
3345 5044 3445 5114 qui
3492 5050 3726 5098 vocatur

2010 5138 2242 5201 advena,
2297 5140 2354 5189 et
2397 5135 2640 5189 alterum
2706 5130 2806 5201 qui
2888 5132 2990 5185 Dei
3069 5131 3430 5201 adjutorium:
3487 5133 3719 5187 advenae

2010 5226 2163 5280 enim
2209 5229 2343 5278 sunt
2401 5220 2574 5275 sancti
2634 5236 2805 5290 super
2856 5224 3085 5285 terram,
3148 5220 3245 5274 sed
3299 5221 3397 5275 Dei
3445 5221 3725 5292 adjutorio

2014 5329 2307 5384 nunquam
2339 5316 2548 5366 carent.

2079 5404 2239 5456 Vens.
2291 5403 2468 5456 23-25.
2522 5428 2589 5439 —
2648 5400 2770 5452 Post
2833 5399 3059 5450 multum
3124 5411 3247 5449 vero
3301 5398 3576 5464 temporis,
3609 5401 3718 5449 etc.

2012 5492 2315 5561 Postquam
2364 5489 2537 5542 Moses
2596 5486 2654 5539 in
2718 5491 2870 5538 terra
2920 5484 3142 5538 Madian
3222 5484 3384 5537 duxit
3459 5498 3723 5537 uxorem'

2011 5582 2269 5632 mortuus
2309 5581 2392 5631 est
2418 5592 2509 5630 rex
2547 5574 2769 5649 zEgypti
2802 5591 2813 5627 :
2850 5573 2983 5641 quia
3014 5590 3138 5626 cum
3174 5574 3429 5627 Christus
3481 5573 3539 5625 in
3585 5574 3721 5627 orbe
