4064 6186
294 309 381 361 till
911 303 1302 359 WALAI-‘ltlDl
1344 302 1592 358 STltABl
1638 303 1834 358 FULD.
1878 301 2040 356 MON.
2079 299 2233 356 OPP.
2282 300 2453 355 PARS
2491 298 2531 353 Ι.
2573 327 2642 335 -
2682 294 3141 352 TllEOLOGICA.

281 434 570 485 terrarum
622 432 821 500 gentes
851 426 919 482 ad
976 427 1149 482 tidem
1187 426 1483 492 convertit,
1559 426 1878 481 destructus
1909 426 1988 480 esl
2019 427 2063 481 A

286 517 644 590 principatus
673 516 904 571 diaboli.

383 607 814 672 Ingemiscentes.
889 602 1006 658 Nisi
1081 608 1336 656 moratur
1390 601 1449 655 in
1480 605 1535 654 te
1593 617 1689 655 rex
1747 600 1990 671 ASgypti,

289 710 403 749 non
432 693 727 764 cognoscis
753 696 810 747 te
860 690 1111 762 opprimi
1163 690 1432 744 servitute
1484 690 1730 761 Egypti,
1779 694 1835 743 et
1855 705 1991 759 cpe-

289 783 447 837 ribus
476 783 581 837 luti
613 786 671 837 et
719 781 942 842 lateris:
1006 797 1111 834 nec
1157 780 1325 834 corde
1379 778 1725 850 ingemiscis,
1752 794 1853 833 nec
1906 794 1994 832 vo—

286 870 538 927 ciferaris
566 871 636 926 ad
670 871 970 925 Dominum
1010 873 1075 923 ut
1104 868 1307 923 liberet
1333 871 1409 923 te.

996 1008 1221 1063 CAPUT
1256 1008 1349 1061 lll.

386 1137 548 1189 Vens.
601 1137 713 1201 2,3.
767 1163 835 1173 —
886 1134 1274 1202 Apparuitque
1304 1133 1371 1185 ei.
1429 1132 1610 1199 (lsm.)
1663 1133 1986 1199 Allegoricc.

296 1227 424 1280 Erat
465 1224 699 1278 ﬂamma
741 1220 803 1275 in
833 1221 1000 1288 rubo,
1065 1225 1121 1275 et
1168 1236 1287 1275 non
1341 1220 1722 1275 cremabatur.
1775 1221 1988 1288 Bubus,

287 1314 466 1384 spinae
498 1315 867 1382 peccatorum
897 1309 1225 1364 Judteorum
1258 1325 1271 1362 :
1305 1309 1536 1363 ﬂamma
1566 1307 1625 1362 in
1674 1308 1836 1374 rubo,
1896 1323 1993 1361 ver

284 1403 423 1456 bum
452 1400 573 1467 Dei,
608 1399 667 1454 id
690 1404 775 1453 est
803 1399 895 1453 lex
921 1399 1050 1453 data
1070 1398 1152 1452 illi
1184 1398 1426 1469 populo.
1481 1397 1590 1452 Sed
1647 1401 1704 1451 et
1760 1397 1993 1451 ﬂamma

286 1489 493 1543 rubum
524 1502 642 1543 non
673 1487 978 1554 comburit,
1004 1486 1138 1558 quia
1205 1488 1293 1540 lex
1330 1486 1463 1541 data
1510 1492 1739 1558 peccata
1788 1502 1989 1540 eorum

285 1594 401 1633 non
450 1577 763 1632 consumit.
834 1576 944 1631 Alii
992 1576 1051 1630 in
1116 1575 1260 1630 rubo
1318 1576 1648 1630 ﬂammante
1689 1575 1991 1630 Ecclesiam

282 1666 633 1737 intelligunt,
680 1681 808 1738 qua:
857 1663 1353 1735 persecutionibus
1400 1664 1812 1730 inﬂammatur,
1862 1679 1990 1734 quae

287 1757 557 1826 loquente
584 1754 657 1809 ad
689 1768 748 1808 se
789 1753 1030 1809 Domino
1060 1769 1175 1807 non
1223 1758 1527 1807 crematur.
1565 1753 1725 1817 Quod
1790 1751 1991 1807 Domi-

286 1861 393 1897 nus
427 1843 563 1899 Mosi
582 1843 642 1897 in
670 1842 812 1896 rubo
860 1842 1147 1913 apparuit,
1197 1841 1447 1896 ostendit
1481 1841 1617 1912 quia
1646 1842 1705 1895 in
1745 1841 1990 1896 Ecclesia

285 1937 526 2003 apparet
556 1931 842 1996 ﬁdelibus,
903 1947 1008 1985 nec
1058 1929 1213 1985 alibi.
1270 1930 1445 1984 Aiunt
1507 1929 1735 1985 Hebraei
1775 1929 1901 1985 ideo
1931 1930 1990 1984 in

285 2023 430 2077 rubo
490 2024 671 2077 Deum
730 2023 1061 2093 apparuisse
1113 2020 1268 2077 Mosi.
1323 2036 1395 2075 ne
1443 2026 1671 2092 possent
1725 2019 1830 2074 sibi
1856 2020 1990 2075 inde

284 2110 505 2165 idolum
526 2111 783 2182 sculpere
826 2110 1033 2165 Judaei.
1091 2110 1331 2182 Semper
1368 2109 1523 2164 enim
1564 2111 1713 2164 Deus
1759 2109 1989 2164 idolola-

284 2199 411 2254 triae
442 2199 799 2254 occasionem
828 2198 1048 2254 recidit.

358 2287 680 2356 (Gnec.lib.
714 2304 823 2342 xxu
863 2289 1077 2354 Moral,
1132 2303 1254 2359 cap.
1315 2287 1424 2358 20.)
1479 2288 1657 2342 Moses
1712 2285 1990 2341 admistus

286 2375 561 2446 Egypﬁis
591 2375 755 2446 quasi
778 2374 1050 2446 vigilabat
1082 2374 1321 2443 mundo,
1352 2374 1482 2430 ideo
1513 2390 1708 2429 vocem
1766 2373 1990 2430 Domini

283 2480 399 2518 non
430 2464 701 2518 audiebat
742 2480 756 2519 :
790 2464 885 2517 sed
934 2463 1211 2518 exstincto
1272 2464 1534 2535 Egypto,
1594 2466 1897 2535 postquam
1927 2462 1987 2517 in

283 2553 568 2606 desertum
604 2552 783 2622 fugit,
812 2552 951 2606 dum
980 2551 1096 2606 illic
1122 2553 1503 2624 quadraginta
1531 2551 1695 2605 annis
1752 2550 1929 2619 degit,
1957 2567 1989 2604 a

284 2632 524 2686 terrenis
594 2631 938 2686 tumultibus
1017 2632 1380 2697 obdormivit,
1437 2635 1493 2686 et
1549 2631 1678 2685 ideo
1736 2631 1988 2685 divinam

284 2737 478 2775 vocem
534 2721 806 2791 percepit.
864 2722 1005 2775 Cum
1058 2720 1212 2776 enim
1265 2738 1427 2777 mens
1479 2722 1550 2776 ab
1611 2721 1989 2776 exterioribus

283 2810 526 2881 sopitur,
556 2810 792 2864 verbum
825 2809 924 2864 Dei
954 2815 1214 2879 penetrat
1241 2810 1510 2864 veracius.
1535 2812 1745 2865 Aurem
1774 2809 1987 2882 quippe

282 2899 469 2954 cordis
525 2900 694 2953 turba
747 2904 1101 2953 terrenarum
1154 2899 1566 2971 cogitationum
1625 2905 1986 2970 perstrepens

283 2987 517 3042 claudit.
555 2989 679 3042 Non
710 2987 865 3042 enim
897 2988 1142 3057 perfecte
1173 2987 1344 3042 homo
1377 2988 1587 3044 sufﬁcit
1617 2989 1688 3043 ab
1738 2993 1981 3059 utraque
2020 3009 2059 3063 ρ

286 3076 523 3141 divisus,
570 3075 706 3147 quia
757 3074 805 3128 si
854 3076 1103 3130 exterius
1152 3076 1411 3130 auditum
1466 3077 1670 3148 aperit,
1752 3076 1992 3131 interius

283 3164 659 3220 obsurdescit.

357 3254 530 3308 Vens.
569 3256 623 3307 2.
683 3284 749 3292 ——
806 3254 1036 3310 Cerncns
1080 3258 1257 3307 autem
1284 3256 1558 3315 Dominus.
1593 3257 1698 3315 etc.
1749 3252 1987 3321 (Geec.,

283 3343 446 3411 praef.
472 3344 532 3395 in
563 3342 781 3407 Moral.,
812 3357 861 3397 c.
895 3341 972 3411 2.)
1006 3342 1256 3411 Angelus
1309 3340 1407 3412 qui
1461 3340 1600 3395 Mosi
1658 3341 1991 3410 apparuisse

286 3429 644 3497 describitur,
682 3429 849 3484 modo
874 3428 1168 3496 Dominus,
1202 3429 1370 3483 modo
1424 3430 1660 3500 angelus
1712 3444 1992 3484 memora-

285 3524 381 3572 tur
413 3519 703 3588 :angelus,
741 3517 877 3589 quia
902 3518 1147 3572 exterius
1204 3517 1492 3589 loquendo
1546 3517 1744 3584 servit;
1805 3519 1992 3572 Domi-

286 3623 415 3672 nus,
485 3606 621 3677 quia
675 3605 917 3660 interius
973 3606 1283 3676 praesidens
1353 3606 1625 3676 loquendi
1682 3606 1989 3661 efﬁcaciam

286 3692 508 3748 tribuit.
534 3695 673 3748 Cum
706 3693 862 3749 enim
914 3694 1157 3764 loquens
1215 3694 1284 3749 ab
1342 3693 1617 3748 interiore
1672 3694 1910 3763 regitur,
1937 3698 1993 3750 et

284 3798 387 3853 per
442 3781 781 3853 obsequium
833 3783 1092 3852 angelus,
1127 3786 1182 3836 et
1238 3798 1341 3853 per
1387 3782 1820 3854 inspirationem
1883 3784 1989 3838 Do-

286 3873 477 3927 minus
508 3877 874 3927 memoratur.

364 3961 589 4014 Vocavit
644 3976 763 4014 eum
846 3960 911 4013 de
966 3960 1161 4026 medio,
1219 3963 1323 4014 etc.
1400 3962 1583 4030 (Gneo.
1655 3960 1733 4025 lib
1823 3976 1988 4015 xxvm

286 4048 471 4102 Morel
500 4091 513 4111 .
538 4064 587 4103 c.
616 4048 687 4116 ὅ.)
763 4048 923 4118 Saepe
961 4048 1131 4102 simul
1162 4054 1219 4103 et
1273 4050 1514 4103 terrenis
1558 4054 1614 4104 et
1667 4049 1991 4104 cmlestibus

285 4136 619 4190 substantiis
639 4152 742 4208 per
769 4136 1003 4207 angelos
1032 4136 1287 4207 loquitur
1315 4138 1461 4191 Deus
1486 4153 1498 4191 :
1539 4137 1684 4191 sicut
1731 4138 1822 4192 hic
1853 4153 1982 4191 cum

285 4224 480 4295 ignem
513 4224 837 4295 rubumque
867 4224 1120 4289 sociavit,
1149 4230 1321 4295 atque
1340 4225 1495 4280 aliud
1527 4225 1809 4296 superius,
1835 4227 1983 4281 aliud

285 4290 761 4380 inferiusjunxit:
801 4310 947 4376 Quid
979 4316 1114 4365 tunc
1134 4290 1317 4366 solum
1350 4312 1564 4382 agitur,
1587 4290 1717 4369 cum
1751 4290 1984 4386 aliquod
2020 4290 2059 4341 ί)

286 4415 558 4469 magnum
600 4415 665 4452 ex
695 4398 1091 4469 conjunctione
1130 4400 1407 4470 signatur.
1433 4401 1574 4455 Nam
1605 4418 1707 4474 per
1763 4418 1991 4458 succen-

288 4502 416 4540 sum
444 4485 652 4540 rubum
693 4486 880 4539 Mosen
940 4486 1255 4557 alloquens,
1312 4486 1562 4542 ostendit
1612 4488 1750 4559 quia
1793 4489 1991 4545 doctor

288 4574 487 4646 populi
519 4575 698 4639 ﬁeret,
743 4574 842 4645 qui
894 4580 952 4629 et
996 4574 1139 4646 legis
1190 4576 1483 4629 ﬂammam
1541 4577 1882 4648 perciperet,
1934 4586 1991 4634 et

287 4663 495 4733 peccati
521 4663 746 4735 spinam
770 4679 884 4717 non
908 4663 1141 4718 vitaret:
1179 4668 1241 4717 ut
1278 4664 1428 4735 quod
1489 4680 1558 4719 ex
1614 4666 1713 4720 illo
1772 4667 1988 4737 populo

288 4751 481 4816 exiret,
509 4752 609 4823 qui
630 4751 764 4823 igne
793 4751 1018 4806 deitatis
1048 4752 1235 4806 carnis
1279 4756 1488 4809 nostra:
1536 4758 1765 4824 peccata
1826 4755 1988 4826 quasi

288 4840 417 4895 rubi
446 4841 669 4911 spinam
701 4841 997 4911 acciperet,
1023 4846 1075 4895 et
1123 4841 1579 4913 inconsumptam
1619 4843 1990 4899 humanitatis

288 4929 661 4984 substantiam
692 4930 753 4984 in
784 4930 906 5001 ipsa
933 4930 1243 4985 divinitatis
1272 4929 1505 4985 ﬂamma
1555 4936 1822 4986 servaret.

360 5021 520 5075 Vens.
572 5024 694 5075 5-7.
760 5050 829 5062 -
884 5022 1037 5077 Solve
1066 5022 1502 5088 calceamentum,
1561 5027 1666 5076 etc.
1733 5024 1989 5093 (Tneon)

292 5109 439 5161 Duas
467 5107 539 5161 ob
570 5122 656 5161 res
704 5107 869 5177 jubet
919 5110 1301 5165 calceamenta
1359 5110 1619 5165 solvere:
1688 5111 1896 5182 primo,
1925 5115 1990 5165 ut

289 5197 477 5268 ipsum
534 5195 717 5265 magis
766 5213 831 5251 ac
874 5197 1060 5268 magis
1109 5198 1447 5269 religiosum
1517 5217 1579 5255 ac
1634 5206 1990 5254 reverentem

290 5283 506 5349 reddat,
541 5288 602 5337 ut
632 5299 762 5338 cum
792 5289 1038 5339 tremore
1069 5287 1338 5342 mandata
1390 5288 1513 5358 ejus
1555 5288 1791 5359 accipiat
1823 5309 1837 5354 -,
1867 5294 1991 5342 tum

288 5372 460 5425 etiam
509 5370 768 5425 eruditur
804 5387 917 5441 qua
979 5372 1201 5427 ratione
1253 5375 1570 5429 sacerdotes
1620 5375 1676 5428 in
1730 5376 1992 5429 taberna-

288 5460 411 5513 culo
452 5458 549 5513 Dei
580 5458 945 5512 ministrent:
1006 5458 1174 5512 nudis
1232 5460 1384 5514 enim
1440 5462 1680 5531 pedibus
1735 5462 1991 5516 sacerdo-

289 5551 399 5605 tale
429 5566 636 5605 munus
664 5549 914 5604 obibant.

3692 295 3799 345 l9‘.’

2172 424 2346 495 (1519.)
2401 423 2542 489 Quia
2589 422 2782 477 nullus
2834 419 3048 475 scilicet
3103 419 3276 490 digne
3336 418 3665 483 consistere,
3726 414 3811 470 vel

2112 515 2289 568 Deum
2316 513 2505 568 videre
2537 515 2747 582 potest,
2774 509 2885 564 nisi
2913 513 3117 563 cuncta
3156 516 3384 565 terrena
3440 510 3496 561 et
3547 505 3814 561 mortalia

2104 609 2372 679 deponat.
2428 606 2626 671 Aliter,
2698 608 2955 660 veterum
3020 604 3371 659 consuetudo
3456 608 3580 657 erat
3656 612 3718 657 ut
3766 603 3814 657 si

2103 712 2346 768 sponsus
2410 710 2681 766 sponsam
2739 692 3088 764 repudiaret,
3156 691 3217 747 in
3283 691 3514 761 signum
3586 690 3811 762 repudii

2102 786 2558 841 discalcearetur.
2620 784 2752 839 ldeo
2811 785 2988 839 Moses
3043 782 3369 837 discalceari
3414 782 3669 853 jubetur,
3706 797 3812 836 nec

2102 877 2170 931 ad
2205 874 2526 941 Ecclesiam,
2554 890 2684 945 quae
2714 873 2775 928 in
2804 874 2948 928 rubo
2980 871 3352 943 signiﬁcatur,
3404 869 3570 942 quasi
3635 886 3808 941 spon-

2099 982 2193 1020 sus
2258 964 2486 1019 accedat
2549 964 2863 1028 calceatus;
2916 962 3025 1015 hoc
3076 960 3231 1015 enim
3277 959 3501 1015 Christo
3577 970 3809 1013 servan‘

2101 1054 2265 1116 dum,
2299 1052 2399 1124 qui
2428 1067 2595 1106 verus
2640 1056 2726 1106 est
2777 1066 3038 1121 sponsus.
3094 1051 3170 1105 De
3226 1064 3341 1119 quo
3397 1049 3643 1103 Joannes
3704 1046 3810 1100 ait:

2102 1163 2128 1192 «
2162 1143 2335 1213 Cujus
2368 1157 2485 1196 non
2541 1156 2669 1196 sum
2719 1140 2928 1212 dignus
2981 1139 3198 1194 solvere
3245 1135 3547 1208 corrigiam
3593 1135 3809 1190 calcea-

2111 1231 2306 1286 menti.
2342 1252 2367 1279 η
2394 1233 2573 1299 (Joan.
2598 1229 2659 1298 1.)

2168 1321 2329 1373 Vens.
2362 1321 2413 1372 6.
2443 1318 2647 1384 —Ego
2677 1332 2797 1373 sum
2846 1320 3005 1384 Deus,
3067 1316 3213 1384 etc.(
3266 1316 3454 1370 HILAR.
3509 1313 3610 1368 lib.
3646 1328 3696 1367 ιν
3741 1312 3809 1367 de

2103 1408 2414 1477 Trinitale.)
2444 1407 2571 1461 Non
2599 1405 2766 1460 aliter
2817 1404 3168 1476 loquendum
3227 1404 3297 1459 de
3351 1403 3466 1458 Deo
3499 1405 3583 1457 est
3625 1416 3809 1473 quam

2101 1500 2165 1550 ut
2191 1496 2316 1566 ipse
2341 1496 2411 1550 ad
2465 1493 2907 1566 intelligentiam
2941 1498 3193 1547 nostram
3241 1492 3312 1547 de
3342 1507 3401 1546 se
3437 1491 3661 1545 locutus
3692 1494 3795 1545 est.

2098 1585 2351 1655 Angelus
2382 1582 2483 1639 Dei
2512 1587 2617 1650 est,
2649 1582 2748 1653 qui
2774 1582 2836 1636 in
2866 1581 3000 1652 igne
3029 1581 3099 1637 de
3122 1581 3266 1636 rubo
3311 1579 3614 1651 apparuit:
3657 1584 3717 1633 et
3736 1578 3807 1633 de

2103 1672 2245 1727 rubo
2277 1671 2338 1726 in
2368 1671 2502 1742 igne
2528 1673 2677 1727 Deus
2731 1671 3022 1743 loquitur;
3089 1670 3266 1725 habes
3317 1667 3806 1740 dispensationem

2097 1761 2160 1816 in
2190 1762 2414 1833 angelo,
2446 1761 2581 1833 quia
2613 1760 2673 1815 in
2704 1760 2909 1831 angelo
2960 1758 3212 1814 ofﬁcium
3260 1761 3365 1825 est,
3400 1773 3516 1811 non
3574 1762 3805 1836 natura;

2102 1851 2275 1906 habes
2303 1850 2365 1905 in
2421 1854 2641 1905 natura;
2694 1848 2927 1904 nomine
2989 1849 3190 1916 Deum,
3230 1846 3365 1918 quia
3415 1846 3654 1917 angelus
3706 1843 3808 1899 Del

2101 1940 2249 1995 Deus
2282 1944 2386 1994 est.

2170 2029 2325 2082 Vens.
2351 2032 2401 2081 7.
2436 2056 2505 2067 —-
2544 2026 2670 2082 Vidi
2698 2027 3075 2092 afﬂictionem,
3126 2027 3230 2077 etc.
3319 2023 3534 2093 (tinem,
3595 2023 3798 2076 Mora].

2099 2116 2318 2188 Sparsis
2370 2115 2507 2169 foris
2567 2114 2854 2169 mentibus
2890 2113 2963 2168 ad
3009 2112 3261 2183 seipsum
3340 2110 3528 2166 redire
3598 2110 3809 2182 cuique

2098 2205 2327 2260 difﬁcile
2355 2209 2482 2259 est:
2513 2203 2647 2275 quia
2700 2219 2873 2274 prava
2912 2202 3118 2256 itinera
3173 2200 3349 2254 semel
3396 2204 3588 2270 captos
3643 2203 3806 2252 tanto

2098 2292 2506 2346 delectabiliter
2534 2296 2751 2357 tenent,
2776 2295 2991 2360 quanto
3023 2288 3177 2359 quod
3207 2286 3456 2354 libuerit,
3491 2302 3604 2340 non
3645 2285 3800 2341 licet.
3838 2342 3842 2346 ,

2101 2380 2246 2446 Quia
2275 2397 2405 2435 cum
2433 2379 2748 2449 disciplina).
2772 2394 2981 2432 munus
3013 2394 3128 2432 non
3150 2376 3359 2442 obviat,
3414 2375 3572 2429 nulla
3629 2374 3802 2428 retri-

2099 2470 2352 2524 butionis
2383 2467 2730 2538 prospicitur
2760 2482 2927 2536 paena
2983 2482 3113 2536 qua:
3159 2468 3387 2518 terreat.
3430 2463 3536 2518 Sed
3591 2462 3802 2516 clausis

2097 2549 2274 2603 oculis
2300 2548 2486 2602 cordis
2542 2547 2931 2619 praecipitatur
2971 2546 3259 2610 anima,et
3308 2549 3467 2598 tanto
3543 2543 3800 2597 securius

2098 2640 2249 2695 mala
2323 2636 2650 2709 temporalis
2723 2640 3005 2707 penetrat,
3091 2637 3304 2706 quanto
3378 2631 3578 2687 durius
3648 2631 3803 2686 bona

2098 2733 2310 2783 aeterna
2368 2725 2651 2797 desperat.
2734 2723 2843 2777 Sed
2900 2723 3009 2776 ista
3082 2721 3459 2791 reproborum
3543 2717 3805 2790 nequitia

2098 2817 2405 2872 electorum
2435 2815 2631 2879 vitam,
2693 2811 2856 2883 quasi
2910 2826 3087 2881 grana
3118 2825 3151 2863 a
3205 2808 3404 2879 paleis,
3467 2813 3715 2879 separat,
3748 2813 3808 2861 et

2100 2906 2238 2960 dum
2270 2902 2494 2974 afﬂigit,
2547 2900 2822 2972 expedit:
2880 2898 3015 2969 quia
3072 2897 3209 2952 dum
3266 2897 3513 2952 violenta
3565 2895 3803 2966 ingerit,

2099 2995 2367 3051 festinare
2393 2992 2462 3047 ad
2509 3006 2755 3062 superna
2808 2987 3133 3057 compellit;
3191 2985 3347 3057 quod
3379 2984 3439 3038 in
3495 2984 3804 3039 Israelitico

2101 3083 2338 3155 populo,
2374 3082 2520 3137 Mose
2537 3083 2771 3133 vocante
2803 3081 2861 3132 et
2906 3076 3196 3131 Pharaone
3253 3073 3538 3141 saeviente,
3606 3072 3801 3143 signa-

2099 3177 2211 3227 tur.
2273 3172 2449 3226 Moses
2496 3167 2648 3222 enim
2721 3167 2792 3220 ad
2847 3164 3165 3219 vocandum
3241 3162 3446 3217 missus
3502 3165 3606 3225 est,
3670 3178 3801 3215 cum

2102 3260 2317 3314 Pharao
2373 3257 2534 3311 duris
2578 3255 2846 3326 operibus
2905 3255 3134 3323 urgeret
3199 3258 3262 3305 ut
3336 3250 3481 3305 alius
3548 3250 3807 3305 vocando

2100 3349 2369 3416 traheret,
2402 3346 2544 3399 alius
2564 3343 2853 3398 saaviendo
2905 3342 3246 3412 impelleret,
3280 3344 3343 3394 ut
3370 3340 3531 3410 plebs
3578 3338 3637 3393 in
3684 3355 3806 3392 ser-

2098 3436 2237 3490 vitio
2279 3433 2525 3504 turpiter
2572 3432 2703 3499 ﬁxa,
2754 3430 2841 3485 vel
2901 3432 3115 3493 vocata,
3167 3427 3254 3482 vel
3303 3427 3551 3497 impulsa
3602 3441 3805 3479 move—

2103 3529 2302 3589 retur;
2339 3523 2445 3576 hoc
2468 3520 2721 3593 quotidie
2750 3518 2943 3589 agitur
3000 3517 3139 3572 dum
3189 3515 3511 3587 prmdicatis
3557 3514 3803 3568 coelesti-

2099 3613 2205 3667 bus
2238 3609 2489 3683 preamiis
2516 3609 2713 3663 smvire
2744 3608 2805 3661 in
2825 3608 3035 3662 electos
3066 3605 3293 3675 reprobi
3334 3603 3754 3674 permittuntur
3785 3619 3799 3656 :

2099 3705 2165 3756 ut
2217 3717 2361 3772 quos
2408 3702 2697 3769 Aigyptus,
2759 3697 2817 3751 id
2877 3700 2965 3751 est
3020 3695 3135 3748 vita
3204 3709 3476 3765 praesens,
3518 3692 3805 3763 oppressit

2099 3788 2419 3854 blandiens,
2452 3787 2683 3856 adjuvet
2713 3801 2976 3857 premens
3004 3801 3018 3851 ;
3056 3788 3118 3837 ut
3142 3784 3278 3838 dum
3304 3784 3452 3836 Deus
3508 3784 3802 3852 provocat,

2100 3876 2383 3931 cruciatus
2404 3875 2680 3945 impellat.

2172 3967 2331 4019 Vens.
2360 3966 2500 4019 8-13.
2548 3993 2613 4001 ——
2666 3963 2737 4016 Et
2790 3960 3012 4015 educam
3067 3960 3133 4013 de
3189 3964 3352 4025 terra,
3414 3963 3520 4012 etc.
3581 3958 3804 4025 (Casa,

2099 4053 2264 4107 homll
2317 4054 2423 4119 32.)
2474 4049 2620 4104 Budi
2662 4047 2877 4118 populo
2934 4046 3003 4100 de
3070 4045 3339 4117 praesenti
3409 4045 3522 4099 vita
3583 4044 3803 4114 aliquid

2098 4139 2549 4212 promittendum
2606 4137 2732 4205 fuit,
2785 4141 2849 4190 ut
2911 4140 3104 4207 posset
3153 4135 3213 4188 in
3270 4134 3463 4189 futuro
3513 4133 3804 4188 robustius

2098 4230 2351 4284 solidari.
2385 4228 2444 4283 Si
2470 4226 2623 4281 enim
2673 4241 2844 4295 parva
2902 4240 3017 4278 non
3064 4224 3365 4294 acciperet,
3424 4238 3634 4293 magna
3685 4238 3804 4275 non

2097 4319 2372 4374 crederet.
2406 4317 2551 4371 Deus
2580 4330 2715 4383 ergo
2741 4312 3036 4383 largiendo
3061 4317 3289 4366 terrena
3326 4310 3523 4365 suadet
3575 4314 3633 4364 et
3686 4326 3800 4362 cu:-

2101 4407 2278 4468 lestia,
2342 4410 2405 4458 ut
2456 4401 2777 4473 percipiens
2834 4400 2992 4471 quod
3045 4399 3291 4465 videbat,
3334 4401 3591 4470 speraret
3642 4398 3801 4469 quod

2104 4512 2214 4549 non
2248 4492 2491 4547 videbat.

2170 4586 2233 4638 1n
2272 4587 2470 4637 terram
2492 4581 2684 4633 bonam
2741 4582 2790 4631 et
2841 4577 3163 4646 spatiosam,
3216 4576 3276 4627 in
3330 4578 3479 4628 terra
3513 4588 3631 4642 quae
3676 4574 3801 4639 ﬂuit

2101 4673 2253 4734 lacte,
2291 4676 2397 4724 etc.
2453 4666 2636 4735 (Ibid)
2670 4668 2921 4720 Praesens
2968 4661 3311 4735 prosperitas
3357 4660 3665 4731 aliquando
3697 4660 3800 4715 da-

2101 4766 2209 4827 tur,
2243 4763 2309 4813 ut
2344 4758 2417 4813 ad
2462 4755 2759 4811 meliorem
2817 4752 2989 4807 vitam
3037 4756 3323 4822 provocet,
3380 4748 3687 4822 aliquando
3735 4756 3804 4804 ut

2100 4847 2158 4901 iu
2197 4850 2476 4901 aeternum
2531 4843 2757 4915 plenius
2806 4841 3057 4896 damnet.
3120 4839 3260 4893 Hinc
3324 4838 3591 4893 Israelitis
3649 4842 3805 4892 terra

2100 4936 2368 4991 Chanaan
2393 4930 2773 5003 promittitur,
2808 4934 2872 4984 ut
2911 4928 3258 5000 quandoque
3284 4926 3353 4982 ad
3411 4930 3624 4981 aeterna
3678 4941 3805 4996 spes

2098 5023 2276 5077 randa
2323 5023 2707 5093 provocentur
2741 5037 2754 5073 :
2813 5018 2949 5091 quia
2976 5018 3137 5073 rudis
3188 5017 3439 5088 populus
3476 5016 3805 5086 promissio-

2102 5111 2269 5165 nibus
2309 5126 2425 5165 non
2474 5108 2750 5178 crederet,
2822 5109 2989 5163 nisia
3052 5108 3401 5179 promissore
3468 5106 3683 5177 aliquid
3744 5107 3807 5162 in

2100 5199 2284 5253 vicino
2316 5198 2651 5271 perciperet.
2677 5199 2799 5253 Non
2852 5213 2989 5269 ergo
3046 5198 3233 5250 solum
3279 5212 3379 5267 spe
3433 5196 3500 5250 ad
3547 5212 3652 5261 res,
3707 5197 3809 5251 sed

2101 5288 2268 5343 rebus
2294 5287 2639 5359 quandoque
2659 5287 2728 5341 ad
2760 5302 2920 5357 spem
2954 5285 3214 5340 trahitur.
3279 5285 3438 5340 Unde
3493 5287 3633 5354 psal.
3667 5302 3751 5339 ειν
3792 5303 3804 5339 :

2103 5380 2169 5431 Et
2191 5377 2340 5430 dedit
2385 5378 2499 5431 illis
2553 5378 2794 5443 regiones
2849 5376 3106 5441 gentium,
3130 5379 3178 5428 et
3228 5374 3435 5427 labores
3477 5375 3810 5442 papa-tamn

2100 5466 2471 5536 possederunt,
2518 5468 2579 5518 ut
2643 5463 2949 5519 custodiant
2994 5462 3411 5531 justiﬁcationcs
3476 5462 3593 5530 ejus
3655 5466 3702 5513 el
3736 5465 3809 5516 lc—

2101 5569 2217 5620 gem
2238 5555 2543 5622 requirant.
