4064 6186
210 282 291 334 l93
1302 271 1558 328 GLOSSA
1597 271 2001 327 OHDINARIA.
2044 301 2111 307 —
2156 272 2280 325 LIB.
2328 268 2530 325 EXOD.
3574 274 3669 323 ltl’i

259 401 412 453 Vsas.
449 397 625 450 lli-t6.
672 424 742 436 —
769 394 876 462 Qui
895 397 994 463 est,
1025 395 1176 449 misit
1222 408 1302 449 me
1334 394 1409 448 ad
1436 409 1547 461 vos,
1582 399 1697 461 etc.
1721 392 1852 448 Mit-
1884 396 1928 449 A
1967 392 2181 448 scilicet
2203 392 2262 447 in
2294 392 2407 447 fine
2439 391 2662 459 mundi,
2696 407 2816 445 sese
2839 393 2909 447 ad
2944 392 3115 448 ﬁdem
3144 394 3406 466 colliget;
3443 397 3667 451 colubri

210 490 327 543 titur
360 486 525 540 Moses
580 483 651 538 ad
685 483 1044 539 Pharaonem
1098 483 1454 554 puniendum
1511 488 1567 537 et
1622 482 1853 537 tandem

206 575 587 633 occidendum:
643 572 817 628 missa
866 576 950 627 est
995 572 1087 626 lex
1118 572 1185 626 ad
1217 572 1509 627 diabolum
1553 572 1856 627 destruen-

207 668 336 722 dum.

261 753 636 823 Hieronymus,
678 750 933 805 scribens
962 748 1031 804 ad
1051 748 1369 803 Marcellam
1402 747 1471 803 de
1516 748 1714 803 decem
1752 764 1855 802 no-

205 842 420 897 minibus
449 839 565 908 Dei,
612 843 770 893 sexto
800 839 922 893 loco
953 837 1117 908 ponit
1171 852 1383 891 nomen
1432 838 1585 891 ehieh
1642 838 1855 905 (mna),

204 930 327 1003 quod
360 929 414 983 in
445 928 629 983 Exodo
683 928 892 999 legitur
932 944 944 981 :
988 927 1093 993 Qui
1155 931 1250 991 est,
1280 928 1429 981 misit
1457 942 1538 980 me
1597 926 1672 981 ad
1742 940 1853 981 vos.

207 1022 329 1075 Deus
354 1018 496 1072 enim
556 1018 731 1084 solus,
788 1017 889 1087 qui
936 1014 1235 1070 exordium
1294 1030 1409 1069 non
1457 1014 1653 1084 habet,
1706 1030 1856 1068 verte

204 1106 426 1161 essentne
465 1119 676 1159 nomen
730 1110 921 1159 tenet:
974 1102 1129 1175 quod
1180 1119 1283 1174 per
1321 1103 1589 1173 angelum
1639 1102 1855 1157 dictum

204 1199 270 1249 est
294 1194 415 1249 Mosi
451 1208 660 1247 nomen
699 1192 823 1263 ejus
847 1190 1144 1263 querenti,
1191 1191 1325 1262 quia
1355 1190 1415 1244 in
1444 1192 1568 1261 ejus
1624 1207 1854 1261 compa-

205 1282 388 1337 ratione
416 1280 514 1352 qui
545 1296 674 1335 vere
704 1285 807 1346 est,
851 1280 988 1351 quia
1016 1279 1503 1335 incommutabilis
1533 1284 1635 1347 est,
1692 1278 1855 1352 quasi

204 1387 297 1426 non
319 1375 441 1425 sunt
469 1385 598 1440 qua:
629 1368 927 1422 mutabilia
956 1372 1125 1435 sunt;
1183 1368 1339 1439 quod
1406 1368 1560 1423 enim
1628 1369 1852 1435 dicitur,

203 1460 303 1525 fuit,
332 1474 436 1513 non
456 1463 543 1512 est
571 1476 584 1511 :
613 1462 669 1511 et
698 1457 849 1528 quod
876 1456 1104 1524 dicitur,
1131 1457 1258 1523 erit,
1287 1457 1545 1512 nondum
1572 1461 1673 1512 est.
1710 1459 1856 1512 Deus

202 1553 361 1603 autem
384 1552 605 1602 tantum
634 1550 737 1612 est,
769 1545 869 1616 qui
907 1561 1020 1599 non
1051 1544 1209 1599 novit
1235 1545 1428 1613 fuisse,
1460 1546 1547 1600 vel
1598 1546 1855 1600 futurum

202 1652 316 1692 esse.
344 1636 494 1690 Solus
524 1640 718 1690 autem
760 1636 925 1689 Pater
953 1650 1083 1688 cum
1108 1634 1248 1689 Filio
1299 1638 1356 1689 et
1403 1635 1619 1705 Spiritu
1659 1641 1853 1691 sancto

202 1740 305 1779 vere
331 1729 429 1779 est.
467 1724 642 1795 Cujus
673 1722 932 1778 essentia:
964 1728 1355 1793 comparatum
1411 1729 1671 1777 nostrum
1712 1739 1850 1789 esse,

203 1830 293 1867 non
316 1818 428 1881 est;
458 1813 615 1867 unde
644 1818 703 1867 et
732 1812 974 1867 dicimus
1003 1828 1017 1865 :
1051 1812 1200 1866 Vivit
1240 1812 1405 1880 Deus,
1440 1812 1577 1883 quia
1614 1813 1858 1867 essentia

202 1902 360 1956 divina
383 1902 493 1956 vita
524 1901 682 1969 vivit,
715 1916 888 1972 quam
919 1916 1073 1954 mors
1103 1916 1219 1954 non
1246 1900 1439 1954 habet.

258 1991 403 2045 Vsas.
441 1993 632 2045 17-20.
665 2019 734 2030 —
764 1989 855 2044 Ad
893 1994 1095 2044 terram
1150 1992 1397 2057 ﬂuentem
1428 1990 1564 2044 lacte
1598 1994 1649 2044 et
1684 1991 1854 2057 melle,

199 2083 281 2132 etc.
308 2078 477 2149 (Anc.,
520 2079 721 2144 qust.
750 2079 784 2132 4
835 2080 895 2132 in
919 2076 1127 2148 Exod.)
1168 2078 1372 2133 Utrum
1431 2078 1539 2133 hoc
1595 2079 1857 2150 spiritua-

201 2169 303 2222 Iiter
342 2168 594 2239 accipere
649 2166 943 2234 debemus,
986 2166 1121 2238 quia
1180 2167 1488 2222 secundum
1541 2168 1857 2239 proprieta-

199 2261 288 2311 tem
312 2270 418 2311 non
444 2256 571 2311 haec
596 2260 719 2310 erat
758 2259 907 2310 terra
937 2272 1066 2327 quae
1115 2255 1248 2310 data
1306 2260 1393 2310 est
1437 2256 1730 2311 Hebraeis?
1770 2260 1856 2311 An

200 2345 364 2400 modus
393 2344 696 2400 locutionis
715 2348 830 2409 ‘ast,
884 2360 997 2416 qua
1034 2343 1262 2399 ubertas
1292 2347 1349 2399 et
1385 2344 1630 2399 suavitas
1688 2349 1855 2399 terrm

202 2435 428 2490 laudatur
444 2433 475 2488 τ

254 2525 393 2578 Vens.
430 2527 521 2578 2t.
556 2552 630 2564 —
654 2522 771 2578 Non
799 2521 1077 2586 exhibitis,
1128 2525 1231 2575 etc.
1265 2522 1448 2591 (Auc.,
1494 2520 1653 2589 ibid.)
1693 2520 1855 2585 Quod

200 2612 448 2667 mandavit
497 2610 777 2666 Dominus
825 2608 1071 2663 Hebraeis
1124 2614 1186 2664 ut
1237 2608 1557 2680 acciperent
1584 2609 1655 2663 ab
1687 2611 1853 2679 Egy-

200 2701 303 2770 ptiis
327 2716 448 2755 vasa
479 2705 755 2770 argentea
783 2701 839 2752 et
868 2713 1060 2761 aurea,
1094 2702 1150 2752 et
1179 2704 1412 2764 vestem,
1470 2702 1641 2770 atque
1686 2696 1856 2752 addi-

198 2788 275 2856 dit,
295 2794 339 2843 et
373 2788 762 2859 przdabimini
797 2801 902 2851 eos,
962 2786 1214 2841 mandati
1273 2786 1443 2858 hujus
1500 2803 1616 2841 non
1670 2790 1857 2858 potest

197 2892 290 2931 esse
308 2877 575 2948 injustam
614 2874 915 2946 judicium.
967 2874 1291 2929 Mandatum
1324 2875 1479 2930 enim
1518 2875 1615 2929 Dei
1647 2878 1752 2942 est,
1784 2874 1852 2929 de

1967 483 2209 536 caudam
2237 488 2454 546 tenens,
2490 481 2624 552 quia
2655 497 2786 535 eum
2837 498 3012 553 quem
3045 484 3347 538 mortalem
3400 491 3535 539 ante
3566 486 3666 540 de-

1968 576 2247 642 spexerat,
2309 572 2367 624 in
2431 570 2635 625 ultima
2682 576 2843 641 parte
2904 570 3160 625 Ecclesiae
3220 572 3661 645 Redemptorem

1967 676 2133 714 suum
2190 659 2570 731 conﬁtebitur.
2624 659 2752 713 Mox
2811 675 3048 730 serpens
3104 661 3162 713 in
3220 661 3437 731 virgam
3497 663 3663 729 redit,

1966 748 2102 820 quia
2148 752 2214 802 ut
2264 748 2528 803 Iudaicus
2565 748 2813 819 populus
2869 748 2929 802 in
2985 749 3273 804 Christum
3326 750 3664 815 crediderit,

1966 852 2094 891 mox
2134 837 2205 891 ad
2229 836 2511 906 judicium
2534 836 2591 890 in
2622 841 2903 907 potestate
2933 837 3246 892 divinitatis
3278 854 3396 893 suae
3424 855 3661 911 appare-

1966 925 2051 980 bit
2081 942 2093 979 :
2120 930 2181 979 ut
2214 924 2334 995 jam
2366 941 2601 995 serpens
2628 925 2898 996 virgasit:
2924 926 3058 997 quia
3086 926 3185 997 qui
3216 926 3275 981 in
3308 931 3461 983 terra
3487 928 3662 984 homo

1968 1015 2266 1085 despectus
2289 1018 2389 1081 est,
2426 1014 2496 1069 de
2525 1014 2664 1069 coelo
2715 1014 2951 1069 veniens
3005 1031 3178 1086 super
3229 1018 3461 1087 angelos
3508 1019 3663 1073 vide-

1967 1103 2123 1158 bitur
2156 1104 2321 1157 Deus.

2040 1192 2210 1261 (lsm.)
2261 1191 2504 1261 Serpens
2552 1192 2833 1261 persuasit
2889 1192 3111 1247 homini
3182 1199 3448 1249 mortem.
3514 1196 3660 1250 Mors

1966 1296 2103 1351 ergo
2152 1296 2184 1333 a
2238 1285 2528 1349 serpente;
2592 1280 2749 1351 virga
2814 1281 2872 1334 in
2916 1286 3200 1353 serpente,
3285 1284 3543 1337 Christus
3603 1286 3662 1340 in

1968 1375 2171 1423 morte.
2204 1369 2435 1439 Expavit
2466 1370 2643 1423 Moses
2673 1376 2726 1423 et
2753 1369 2897 1439 fugit
2929 1386 2941 1423 :
2979 1377 3202 1424 mortuo
3250 1371 3402 1426 enim
3436 1372 3658 1429 Christo

1966 1461 2313 1526 expaverunt
2338 1455 2601 1526 discipuli
2628 1474 2657 1510 a
2689 1472 2786 1527 spe
2817 1456 2875 1509 in
2907 1473 3018 1527 qua
3049 1458 3281 1511 fuerunt
3305 1459 3655 1513 recedentes.

1965 1544 2359 1616 Apprehendit
2383 1545 2645 1611 caudam,
2680 1544 2734 1598 id
2771 1551 2855 1599 est
2884 1546 3222 1615 posteriora,
3264 1552 3319 1600 et
3368 1548 3546 1602 factus
3578 1553 3663 1602 est

1964 1635 2123 1704 virga
2156 1650 2168 1687 :
2202 1633 2337 1704 quia
2378 1634 2566 1705 primo
2596 1634 2832 1699 occisus,
2883 1639 3076 1705 postea
3109 1635 3341 1706 patratis
3372 1636 3659 1703 omnibus,

1967 1723 2037 1777 ad
2072 1722 2126 1777 id
2160 1723 2311 1794 quod
2342 1722 2528 1777 fuerat
2557 1722 2909 1793 resurgendo
2958 1739 3217 1777 reversus
3258 1729 3363 1789 est,
3405 1725 3505 1778 ubi
3557 1741 3659 1795 per

1966 1812 2141 1866 vitam
2171 1814 2350 1866 morte
2383 1816 2739 1882 consumpta,
2789 1810 2935 1865 nihil
2967 1812 3026 1865 in
3057 1828 3123 1865 eo
3167 1813 3445 1883 serpentis
3478 1829 3661 1884 appa-

1967 1900 2099 1954 ruit.
2134 1900 2229 1955 Vel
2261 1900 2440 1954 cauda
2469 1898 2769 1970 serpentis,
2804 1899 2931 1953 linis
2961 1900 3173 1968 saeculi,
3216 1900 3352 1972 quia
3392 1901 3472 1955 sic
3505 1918 3659 1955 mor-

1966 1988 2154 2042 talitas
2187 1988 2447 2042 Ecclesiae
2486 2003 2590 2057 per
2653 1986 2872 2041 lubrica
2926 1992 3190 2058 tempora
3235 1988 3511 2058 volvitur;
3561 1990 3659 2043 alii

1965 2080 2124 2141 eunt,
2157 2075 2253 2129 alii
2274 2074 2513 2129 veniunt
2534 2090 2637 2146 per
2669 2079 2931 2141 mortem,
2962 2080 3235 2147 tanquam
3268 2093 3370 2148 per
3418 2093 3659 2149 serpen-

1965 2168 2103 2231 tem,
2131 2179 2234 2235 per
2248 2180 2419 2235 quem
2447 2179 2602 2217 mors
2632 2162 2909 2217 seminata
2929 2168 3048 2218 est:
3082 2165 3179 2219 sed
3214 2165 3270 2219 in
3299 2165 3412 2221 line
3442 2168 3657 2234 seaculi,

1966 2258 2239 2325 tanquam
2277 2252 2478 2312 cauda,
2535 2252 2787 2306 redimus
2842 2252 2912 2307 ad
2964 2269 3199 2307 manum
3259 2255 3379 2321 Dei,
3452 2271 3657 2328 appre-

1964 2342 2127 2397 hensi
2159 2341 2572 2413 reparabimus,
2601 2346 2658 2395 et
2690 2341 2996 2396 novissima
3051 2342 3283 2399 inimica
3332 2350 3516 2399 morte
3559 2346 3657 2399 dc-

1964 2435 2195 2498 structa,
2256 2435 2617 2501 resurgentes
2670 2430 2731 2484 in
2778 2431 3030 2502 ldextera
3098 2432 3197 2486 Dei
3262 2432 3419 2504 virga
3496 2435 3658 2505 regni

1966 2519 2182 2575 erimus
2195 2562 2207 2575 .

2036 2609 2198 2662 Vens.
2229 2610 2281 2673 6,
2319 2609 2369 2661 8.
2403 2635 2540 2661 —...
2574 2609 2727 2663 Mitte
2754 2623 2973 2662 manum
3002 2613 3169 2671 tuam,
3212 2613 3317 2663 etc.
3372 2612 3655 2677 (Pnocoe)

1965 2696 2209 2761 Quidam
2239 2699 2499 2749 asserunt
2524 2695 2666 2749 illud
2695 2699 3024 2766 portentum
3047 2696 3352 2767 contigisse
3380 2703 3445 2754 ut
3474 2706 3659 2755 osten-

1963 2785 2194 2840 deretur
2216 2784 2371 2855 justo
2402 2800 2517 2838 non
2554 2799 2675 2838 esse
2731 2785 2917 2855 legem
2946 2784 3215 2855 positam.
3258 2786 3409 2841 Licet
3451 2788 3658 2843 deinde

1964 2873 2119 2944 leges
2149 2873 2385 2942 sanciat,
2414 2889 2526 2944 quo
2556 2877 2721 2943 pacto
2752 2872 2985 2927 morbus
3006 2874 3181 2944 leprm
3211 2875 3285 2929 sit
3322 2876 3656 2931 examinan-

199 2981 286 3036 qno
308 2982 416 3021 non
441 2964 844 3037 judicandum,
881 2962 978 3017 sed
1008 2963 1523 3034 obtemperandum
1567 2964 1694 3018 fuit.
1730 2964 1855 3034 Ipse
1892 2985 1931 3041 ς
1963 2964 2088 3030 dus,
2132 2966 2188 3016 et
2216 2961 2552 3016 immundus
2596 2961 3077 3032 pronuntiandus,
3136 2968 3328 3018 tamen
3367 2965 3657 3037 plerasque

196 3054 321 3109 enim
346 3054 500 3109 novit
518 3068 699 3126 quam
724 3052 875 3123 juste
908 3051 1283 3117 mandaverit,
1313 3052 1385 3106 ad
1436 3067 1660 3107 servum
1718 3067 1857 3123 per--

196 3142 307 3197 tinet
332 3143 663 3198 obedienter
688 3141 872 3195 facere
901 3140 1053 3211 quod
1084 3140 1399 3195 mandavit.

249 3232 392 3287 Vsus.
438 3234 527 3286 2'2.
562 3260 636 3272 -—
680 3232 827 3286 Vasa
864 3234 1138 3298 argentea.
1180 3232 1498 3301 Argentum
1553 3234 1612 3284 et
1649 3244 1857 3284 aurum

198 3319 251 3373 ab
290 3320 553 3392 £gyptiis
580 3318 879 3390 lpetimus,
927 3317 1079 3372 unde
1128 3317 1559 3372 tabernaculum
1615 3318 1729 3372 Deo
1772 3316 1855 3371 fa-

196 3406 462 3475 bricemur,
522 3423 661 3463 cum
719 3411 916 3477 poetas
968 3411 1027 3461 et
1082 3404 1455 3475 philosophos
1484 3404 1751 3475 legimus,
1794 3409 1859 3459 ut

196 3495 409 3551 divinam
435 3495 794 3567 Scripturam
843 3493 1158 3565 sapientius
1214 3498 1271 3547 et
1326 3492 1624 3547 fecundius
1677 3508 1853 3564 expo-

196 3599 384 3641 namus.
1794 3592 1802 3601 ‘

841 3723 1063 3778 CAPUT
1096 3723 1185 3777 IV.

250 3851 388 3905 Vns.
417 3853 537 3904 2-5.
595 3874 666 3888 —
718 3846 862 3913 Quid
910 3850 988 3899 est
1027 3845 1193 3914 quod,
1242 3850 1348 3900 etc.
1404 3846 1623 3916 (Care)
1675 3846 1853 3902 Moses

194 3938 420 3992 ludaicns
478 3936 771 4009 populus;
820 3934 1003 4005 virga,
1059 3934 1375 3988 Divinitatis
1408 3940 1695 4004 potestas;
1731 3951 1851 3990 ser-

194 4038 319 4092 pens,
351 4025 555 4081 Christi
588 4022 907 4078 mortalitas
937 4039 951 4077 :
982 4022 1119 4094 quia
1157 4022 1309 4077 enim
1368 4039 1473 4093 per
1530 4029 1852 4094 serpentem

194 4124 333 4179 mors,
363 4129 462 4183 per
492 4116 822 4182 serpentem
863 4110 1178 4165 mortalitas
1229 4110 1507 4180 signatur.
1562 4112 1660 4165 Vel
1717 4111 1853 4182 quia

193 4202 429 4270 scriptum
488 4206 579 4256 est
635 4200 829 4256 Matth.
865 4215 899 4253 ι
937 4215 949 4253 :
994 4200 1175 4254 Estote
1211 4198 1507 4268 prudentes
1561 4202 1700 4254 sicut
1737 4214 1851 4254 ser-

1966 3053 2121 3123 leges
2159 3050 2239 3105 ita
2268 3050 2548 3112 feruntur,
2579 3049 2741 3121 quasi
2772 3049 2959 3104 stultis
2984 3056 3041 3105 et
3078 3050 3392 3106 infantibus
3424 3053 3654 3109 dentur.

1965 3139 2122 3195 Adeo
2163 3143 2371 3193 nostra:
2400 3137 2723 3193 inﬁrmitati
2754 3154 2811 3192 se
2840 3140 3233 3194 accommodat
3264 3141 3414 3195 Deus
3442 3142 3469 3195 ?

1963 3231 2009 3298 ε,
2038 3228 2212 3297 (ῘΒΙΟ.)
2241 3227 2436 3281 Manus
2465 3226 2616 3296 alba,
2649 3226 2703 3281 id
2734 3232 2818 3282 est
2849 3228 3167 3291 immunda,
3198 3229 3359 3284 albor
3409 3231 3560 3285 enim
3601 3232 3654 3287 in

1965 3320 2094 3371 cute
2123 3317 2279 3387 lepra
2306 3319 2409 3380 est,
2432 3331 2549 3368 non
2581 3315 2809 3370 candor.
2847 3316 2971 3387 Ipsa
3001 3316 3156 3371 enim
3188 3318 3490 3373 haereditas
3539 3322 3656 3388 Dei,

1966 3405 2023 3460 id
2052 3409 2138 3459 est
2168 3404 2438 3475 populus,
2492 3405 2644 3459 foras
2701 3405 2771 3459 ab
2824 3422 2889 3459 eo
2951 3405 3154 3459 missus
3211 3407 3389 3461 factus
3420 3414 3506 3463 est
3554 3410 3658 3464 im-

1966 3494 2234 3548 mundus.
2269 3493 2425 3547 Unde
2457 3494 2599 3564 psal.
2659 3508 2824 3548 Lxxm
2859 3512 2872 3550 :
2909 3496 2973 3550 Ut
3003 3494 3139 3564 quid
3185 3500 3384 3551 avertis
3439 3514 3655 3552 manum

1878 3646 1889 3655 κ
1966 3587 2115 3637 tuam
2144 3586 2193 3636 et
2221 3582 2502 3636 dexteram
2547 3587 2717 3650 tuum,
2774 3588 2879 3637 etc.
2913 3583 3021 3637 Sed
3050 3590 3311 3639 revocata
3340 3589 3423 3639 est
3452 3602 3658 3640 manus

1965 3670 2025 3724 in
2058 3669 2267 3736 sinum,
2310 3674 2367 3724 et
2396 3686 2618 3724 reversa
2648 3676 2733 3725 est
2757 3671 2824 3725 ad
2854 3672 3104 3726 colorem
3135 3689 3340 3728 suum:
3391 3673 3469 3728 sic
3496 3676 3656 3745 plebs

1962 3760 2217 3827 Judaica,
2249 3760 2497 3815 alienata
2520 3776 2554 3813 a
2595 3759 2727 3813 sinu
2758 3760 2876 3826 Dei,
2918 3760 3070 3814 foras
3102 3761 3403 3817 immunda
3430 3779 3655 3819 reman-

1964 3846 2072 3915 sit;
2102 3848 2199 3902 sed
2226 3853 2505 3912 revocata,
2537 3847 2748 3902 redibit
2775 3848 2842 3903 ad
2879 3849 3186 3918 pristinum
3218 3852 3484 3917 colorem,
3526 3868 3656 3907 cum

1963 3936 2259 4005 agnoverit
2286 3936 2655 3990 Salvatorem.
2690 3938 2910 3992 Cecitas
2970 3939 3113 3993 enim
3141 3954 3210 3992 ex
3231 3944 3393 4009 parte
3430 3944 3656 4010 contigit

1962 4026 2022 4077 in
2052 4025 2221 4078 Israel
2251 4023 2423 4093 (Rom.
2459 4026 2557 4092 χι).

2036 4112 2199 4165 Vnus.
2240 4114 2294 4179 9,
2348 4114 2431 4165 l0.
2489 4141 2555 4151 —
2614 4112 2773 4167 Sume
2836 4128 3052 4182 aquam,
3102 4118 3208 4168 etc.
3261 4116 3436 4187 (lsnn.)
3494 4118 3659 4188 Aqua

1961 4200 2239 4271 p0pulum
2270 4199 2594 4270 signiﬁcat;
2651 4200 2801 4255 unde
2840 4204 3017 4272 Apoc.
3076 4218 3233 4259 xvn:
3286 4207 3473 4274 Aquas
3518 4222 3657 4276 quas

189 4295 368 4357 pentes;
394 4295 448 4345 et
482 4290 623 4361 quia
651 4303 874 4342 summa
904 4286 1232 4357 prudentia,
1264 4287 1320 4341 id
1348 4290 1432 4341 est
1465 4286 1567 4341 Dei
1618 4288 1847 4358 sapien-
1880 4302 1923 4358 ι)
1958 4288 2169 4355 vidisti,
2192 4290 2384 4358 populi
2412 4293 2539 4343 sunt
2559 4296 2608 4343 et
2628 4294 2827 4358 gentes.
2861 4292 3111 4361 Populus
3143 4309 3280 4364 ergo
3307 4295 3550 4349 vertitur
3596 4297 3653 4350 iu

191 4376 271 4446 tia,
308 4378 597 4432 incarnata
626 4380 748 4430 est:
785 4380 935 4431 recte
965 4375 1088 4445 ejus
1126 4374 1445 4428 mortalitas
1496 4374 1554 4428 in
1587 4381 1852 4446 serpente

193 4464 451 4534 ﬁguratur.
488 4464 653 4522 Unde
677 4465 840 4519 loan.
876 4479 927 4518 iv
960 4479 974 4517 :
1028 4464 1181 4518 Sicut
1234 4464 1501 4517 exultavit
1529 4465 1698 4518 Moses
1734 4479 1850 4517 ser-

190 4558 365 4618 pentem
390 4556 447 4608 in
470 4551 812 4622 deserto,',ita
841 4550 1081 4605 exaltari
1108 4554 1316 4619 oportet
1351 4551 1551 4604 Filium
1597 4550 1848 4605 hominis.

194 4638 340 4695 loses
381 4642 604 4714 virgam
636 4639 868 4695 tenuit:
920 4638 1057 4710 quia
1099 4638 1367 4693 lndaicus
1416 4640 1667 4710 populus
1719 4645 1852 4694 ante

193 4726 526 4802 Redemptori
579 4729 883 4785 adventum
903 4727 964 4781 in
996 4726 1094 4781 Dei
1124 4730 1401 4797 potestate
1448 4728 1696 4781 conlisus
1725 4732 1849 4795 est;

192 4815 237 4869 in
256 4820 449 4874 terram
471 4818 733 4891 projecit,
762 4816 896 4889 quia
927 4832 1031 4886 per
1060 4815 1410 4887 patriarchas
1448 4820 1505 4870 et
1545 4817 1851 4886 prophetas

193 4902 336 4959 Deum
376 4905 790 4961 incarnandnm
837 4902 1166 4969 nuntiavit;
1212 4903 1371 4973 virga
1425 4902 1486 4957 in
1551 4904 1851 4959 colubrum

190 4996 411 5059 vertii'w,
440 4995 581 5067 quia
627 4993 879 5049 Christus
912 4993 1060 5047 Deus
1080 4990 1170 5060 εἰη
1215 5007 1275 5047 se
1304 5008 1671 5062 permanens,
1704 5009 1848 5047 mor-

192 5080 290 5135 talis
320 5090 398 5137 est
424 5083 485 5137 in
515 5081 752 5137 homine
776 5080 991 5151 “actus.
1032 5079 1144 5134 Sed
1210 5084 1268 5133 et
1316 5080 1494 5133 Moses
1550 5080 1850 5134 colubrum

192 5173 505 5242 conspiciens
535 5170 854 5242 pertimuit,
882 5172 941 5223 et
987 5168 1151 5238 fugit,
1188 5168 1323 5240 quia
1350 5168 1618 5222 Judaicus
1667 5184 1850 5239 popu-

192 5256 260 5313 lns
280 5259 405 5314 dum
436 5260 723 5315 Christum
758 5258 1058 5312 mortalem
1091 5256 1249 5319 vidit,
1284 5258 1465 5311 Deum
1489 5256 1718 5311 credere
1750 5273 1849 5311 ex-

193 5348 330 5410 pavit.
356 5350 455 5403 Cui
477 5348 715 5419 juhetur
746 5352 809 5401 ut
864 5345 1101 5399 caudam
1163 5349 1374 5411 teneat,
1419 5345 1551 5416 quia
1604 5346 1849 5416 populus

195 5438 267 5503 qui
294 5440 448 5493 modo
478 5439 712 5492 credere
770 5441 1008 5501 recusat,
1044 5435 1103 5489 in
1160 5440 1411 5489 extrema
1443 5435 1695 5504 corporis
1745 5436 1852 5488 Do-

197 5525 349 5579 miaici
379 5531 558 5599 parte,
613 5527 665 5581 id
715 5529 819 5592 est,
876 5523 1193 5597 posteriore
1257 5527 1511 5596 tempore
1565 5522 1845 5589 Ecclesim,

1963 4376 2322 4449 sanguinem,
2346 4377 2403 4432 id
2431 4381 2534 4445 est,
2568 4377 2629 4431 in
2658 4378 2953 4450 sanguinis
2975 4380 3177 4435 Christi
3206 4382 3398 4438 tidem.

2034 4467 2196 4521 Vsus.
2256 4468 2339 4521 lO.
2382 4495 2453 4507 —
2483 4466 2732 4536 Obsecro,
2764 4470 3002 4535 nomine,
3050 4473 3154 4534 etc,
3215 4470 3382 4541 (Anc.
3447 4474 3646 4539 Quaest.

1960 4555 2019 4608 in
2057 4555 2262 4626 Exod.)
2313 4554 2473 4619 Quod
2532 4556 2610 4610 ait
2674 4557 2850 4611 Moses
2893 4556 2963 4611 ad
3012 4558 3366 4613 Dominum:
3436 4561 3656 4629 Precor,

1961 4642 2210 4709 Domine,
2286 4658 2393 4698 non
2442 4659 2559 4699 sum
2608 4646 2856 4713 eloquens
2918 4650 3043 4701 ante
3100 4648 3403 4703 hesternum
3483 4667 3652 4720 neque

1960 4734 2085 4784 ante
2123 4730 2619 4787 nudiustertianum
2680 4733 2841 4800 diem,
2885 4750 3056 4803 neque
3096 4751 3164 4789 ex
3194 4751 3296 4804 quo
3334 4740 3544 4807 accpisti
3583 4741 3651 4794 lo-

1960 4821 2059 4889 qui
2083 4820 2291 4885 famulo
2346 4826 2452 4886 tuo,
2490 4821 2831 4893 intelligitur
2876 4822 3106 4877 credere
3156 4840 3318 4895 posse
3369 4826 3493 4881 fieri
3554 4830 3651 4884 Dei

1959 4908 2253 4963 voluntate
2295 4909 2482 4965 subito
2513 4912 2899 4982 eloquentem,
2954 4927 3084 4966 cum
3142 4913 3325 4968 dicit:
3371 4931 3543 4986 neque
3586 4934 3654 4973 ex

1960 5010 2064 5065 quo
2091 4999 2299 5066 caapisti
2328 4998 2477 5067 loqui
2503 5000 2711 5065 famulo
2750 5004 2860 5067 tuo,
2887 5004 3163 5070 tanquam
3193 5004 3499 5059 ostendens
3526 5006 3652 5061 ﬁeri

1960 5084 2209 5155 potuisse
2242 5090 2301 5140 ut
2338 5086 2436 5157 qui
2494 5092 2625 5141 ante
2659 5087 2987 5141 hesternum
3034 5093 3089 5141 et
3130 5090 3648 5149 nndiustertianum

1958 5172 2109 5227 diem
2141 5174 2412 5246 eloquens
2439 5190 2555 5229 non
2582 5175 2794 5242 fuisset,
2831 5180 3063 5247 repente
3085 5176 3247 5233 ﬁeret
3280 5196 3345 5234 ex
3377 5197 3492 5253 quo
3514 5200 3641 5238 cum

1958 5260 2056 5315 illo
2089 5262 2362 5316 Dominus
2395 5263 2551 5334 loqui
2589 5263 2779 5333 coepit.

2028 5350 2209 5419 (0am.
2269 5351 2453 5405 homil.
2496 5354 2526 5406 3
2586 5354 2645 5406 in
2692 5352 2889 5424 Exod.)
2951 5354 3092 5409 Dum
3150 5361 3296 5411 esset
3356 5360 3534 5414 Moses
3592 5362 3650 5415 in

1959 5436 2223 5509 Egypto,
2257 5441 2313 5491 et
2356 5438 2680 5495 erudiretur
2708 5441 2868 5496 omni
2915 5444 3195 5514 sapientia
3250 5445 3646 5517 Egyptorum,

1957 5540 2074 5579 non
2104 5530 2221 5579 erat
2243 5525 2441 5595 gracili
2496 5543 2647 5596 voce,
2691 5545 2794 5584 nec
2824 5530 3021 5585 tardus
3064 5532 3277 5603 lingua,
3332 5548 3433 5588 nec
3476 5537 3645 5607 proti-
