4064 6186
359 269 463 321 19Ξ5

976 265 1373 321 WALAFRIDI
1413 265 1659 321 STllABl
1703 265 1897 321 FULD.
1943 265 2029 320 ΜΟ

2225 265 2312 320 PP.
2363 267 2533 322 I‘Al‘tS
2576 265 2616 319 Ι.
2659 293 2725 302 -
2765 263 3223 319 ΤΙΙΕΟΙιΟΟΙΟΑ.
3762 267 3859 316 tm:

353 389 578 442 tebatur
606 403 665 442 se
715 387 1163 457 incloquentem.
1225 386 1356 439 Erat
1403 383 1579 449 enim,
1637 389 1916 454 quantum
1971 385 2042 438 ad
2076 386 2118 442 Α
2159 386 2352 451 deant;
2385 391 2436 440 et
2456 388 2552 454 qui
2580 385 2784 448 vident,
2818 387 2942 440 caci
2993 384 3154 454 ﬁant.
3196 384 3331 448 Quis
3379 389 3567 438 autem
3603 385 3715 440 nisi
3776 388 3863 440 in-

353 476 665 548 Aigyptios,
721 491 943 530 sonora:
1001 474 1154 529 vocis
1205 479 1262 528 et
1299 472 1645 544 eloquentiae
1692 473 2050 544 incompara-

354 563 504 619 bilis.
539 562 642 619 Ubi
669 569 862 618 autem
895 560 996 617 Dei
1026 576 1219 616 vocem
1265 559 1502 628 audivit,
1556 564 1614 613 et
1659 559 1886 631 eloquia
1937 561 2048 614 D0-

354 653 498 708 mini
529 652 795 723 suscepit,
845 651 1019 705 sentit
1049 665 1245 704 vocem
1294 665 1455 703 suam
1507 648 1800 719 gracilem,
1833 653 1889 703 et
1926 648 2046 702 exi-

355 743 468 797 lem
503 741 860 812 tardamque,
895 744 952 794 et
982 738 1316 810 impeditam
1365 737 1645 808 linguam,
1703 741 1760 791 et
1815 753 1873 790 se
1925 754 2050 808 pro-

355 831 578 885 nuntiat
606 835 851 896 mutum,
888 843 1019 882 cum
1049 827 1249 897 incipit
1303 840 1643 895 cognoscere
1676 841 1874 880 verum
1910 827 2048 880 Ver-

354 919 510 984 bum,
545 917 696 989 quod
725 916 927 970 eratin
959 913 1240 986 principio
1290 913 1441 983 apud
1499 914 1674 967 Deum
1721 913 1906 982 (Joan.
1963 913 1996 983 1)
2033 931 2044 967 :

355 1007 524 1062 mutis
548 1007 705 1062 enim
737 1005 1081 1060 animalibus
1105 1003 1363 1074 quamvis
1393 1002 1654 1057 indoctus
1687 1002 1857 1056 homo
1889 1019 2043 1056 com-

353 1101 607 1166 paretur,
637 1095 910 1166 eloquens
939 1093 1256 1159 videbitur;
1285 1092 1332 1145 si
1362 1108 1493 1145 vero
1527 1091 1763 1146 eruditis
1822 1095 1878 1146 et
1929 1093 2045 1146 elo-

355 1183 680 1256 quentibus,
714 1182 921 1236 stultus
950 1185 1006 1236 et
1041 1185 1250 1235 mutus.
1283 1183 1355 1234 At
1409 1179 1455 1234 si
1502 1179 1628 1250 quis
1669 1179 1766 1233 Dei
1812 1179 2048 1234 verbum

351 1279 408 1328 et
435 1271 686 1328 divinam
719 1271 980 1342 respiciat
1005 1269 1342 1340 sapientiam
1384 1269 1564 1322 multo
1599 1267 1846 1338 amplius
1871 1284 2044 1338 quam

349 1362 502 1434 apud
535 1377 640 1415 nos
671 1360 949 1432 pendens,
1009 1359 1157 1428 apud
1223 1359 1398 1411 Deum
1455 1362 1680 1410 mutum
1733 1373 1791 1410 se
1833 1357 2043 1410 animal

352 1449 736 1522 protitebitur.
774 1449 932 1504 Unde
996 1448 1132 1520 psal.
1189 1463 1329 1501 Lxxu
1365 1463 1376 1500 :
1441 1448 1506 1499 Ut
1531 1447 1830 1516 iumentum
1867 1447 2048 1512 factus

351 1555 471 1594 sum
495 1539 646 1610 apud
676 1543 745 1593 te.
777 1537 916 1603 Quia
937 1537 1114 1608 igitur
1159 1536 1218 1590 in
1258 1535 1314 1589 id
1347 1535 1740 1603 intelligentiae
1785 1533 2045 1604 profecit,

2156 473 2337 528 sciens
2401 473 2707 528 crediderit
2753 473 2974 544 aliquid
3049 472 3271 528 homini
3347 473 3660 528 secundum
3726 476 3864 530 vitia

2158 562 2480 633 corporalia
2533 578 2697 634 posse
2755 562 3006 616 accidere
3072 562 3223 633 quod
3287 562 3434 615 Deus
3497 563 3698 618 nolit?
3748 563 3862 618 Sed

2159 667 2288 706 eum
2309 653 2463 722 juste
2493 656 2680 706 totum
2712 651 2855 706 velle
2887 667 3059 704 nemo
3091 650 3350 720 ambigit.

2228 741 2390 795 Vens.
2428 742 2512 807 12,
2553 742 2640 795 13.
2688 768 2758 781 -—-
2789 742 2953 807 Perge
2997 742 3188 808 igitur,
3241 746 3348 794 etc.
3407 740 3600 808 (Αυο.)
3643 742 3860 808 Altego-

2157 830 2282 883 rice.
2315 827 2475 892 Quod
2517 827 2655 882 dicit
2687 828 2966 882 Dominus
2995 828 3066 882 ad
3113 828 3300 882 Mosen
3335 844 3347 880 :
3379 828 3487 884 Sed
3545 845 3688 884 nunc
3716 831 3858 885 vade

2157 921 2234 983 tu,
2267 921 2316 970 et
2346 931 2440 983 ego
2467 919 2714 987 aperiam
2751 931 2808 972 os
2839 923 3012 984 tuum,
3057 922 3108 971 et
3137 919 3408 972 instruam
3449 922 3498 972 te
3535 933 3655 987 quae
3710 920 3858 974 tocu-

2155 1009 2309 1060 turus
2377 1021 2452 1074 es,
2498 1010 2736 1078 apparet
2787 1022 2906 1061 non
2959 1010 3184 1061 tantum
3251 1005 3684 1061 instructionem
3743 1008 3864 1062 oris

2153 1095 2252 1149 sed
2287 1095 2455 1148 etiam
2501 1094 2684 1165 ipsam
2736 1095 3093 1167 apertionem
3144 1095 3214 1150 ad
3258 1094 3356 1149 Dei
3403 1094 3647 1165 gratiam
3678 1097 3860 1166 perti-

2154 1199 2310 1238 nere.
2347 1184 2469 1238 Non
2500 1183 2655 1238 enim
2687 1185 2784 1252 ait,
2821 1185 2992 1255 Aperi
3021 1200 3086 1239 os
3114 1187 3302 1250 tuum,
3351 1187 3408 1238 et
3437 1199 3544 1254 ego
3575 1183 3860 1240 instruam

2154 1275 2245 1336 te;
2276 1273 2372 1326 sed
2426 1277 2734 1344 utrumque
2793 1272 3095 1344 promittit,
3145 1272 3397 1343 aperiam
3449 1277 3504 1328 et
3550 1272 3854 1329 instruam.

2156 1361 2221 1415 In
2248 1361 2468 1431 psalmo
2497 1366 2688 1415 autem
2712 1378 2850 1416 Lxxx
2875 1379 2887 1416 :
2927 1363 3119 1416 Dilata
3146 1375 3204 1415 os
3232 1366 3412 1428 tuum,
3458 1366 3508 1415 et
3552 1377 3646 1430 ego
3677 1362 3860 1417 adim-

2150 1450 2304 1520 plebo
2333 1450 2490 1504 illud.
2528 1450 2632 1504 Ubi
2663 1449 2946 1521 significat
2985 1450 3038 1504 in
3096 1449 3327 1504 homine
3386 1451 3739 1504 voluntatem
3771 1466 3860 1504 ac—

2153 1538 2402 1609 cipiendi
2432 1539 2586 1610 quod
2619 1540 2768 1594 Deus
2817 1539 2993 1593 donat
3024 1538 3257 1599 volenti,
3298 1541 3362 1592 ut
3417 1537 3488 1593 ad
3543 1539 3861 1594 voluntatis

353 1634 420 1684 ιιι
444 1645 504 1682 se
552 1631 943 1698 cognosceret,
997 1625 1149 1695 quod
1189 1629 1273 1678 est.
1307 1639 1514 1722 magna
1558 1639 1688 1693 pars
1731 1621 2044 1723 sapientiae,
2082 1667 2123 1723 Β
2159 1627 2458 1683 exordium
2487 1629 2790 1699 pertineat,
2820 1629 3008 1683 Dilata
3061 1643 3117 1682 os
3171 1631 3340 1695 tuum,
3393 1627 3464 1682 ad
3515 1627 3614 1682 Dei
3661 1634 3854 1683 autem

353 1716 739 1771 remuneravit
777 1731 907 1770 eum
954 1713 1146 1768 divina
1190 1711 1448 1784 dignatio
1496 1712 1688 1766 dicens
1725 1727 1736 1764 :
1787 1711 2049 1780 Aperiam

356 1823 412 1861 os
441 1812 614 1872 tuum,
638 1809 742 1860 etc.
781 1802 937 1859 Beati
991 1818 1238 1874 quorum
1297 1819 1358 1855 os
1417 1802 1564 1856 Deus
1620 1798 1806 1870 aperit
1847 1805 1908 1853 ut
1964 1801 2048 1852 lo-

352 1898 622 1966 quantur.
661 1893 818 1948 Unde
856 1892 998 1964 psal.
1063 1906 1241 1945 Lxxx:
1288 1889 1474 1945 Dilata
1529 1903 1586 1944 os
1651 1894 1823 1956 tuum,
1869 1893 1918 1941 et
1955 1903 2049 1955 ego

356 1983 588 2052 implebo
621 1980 784 2037 illud.
816 1979 1093 2035 Similiter
1123 1978 1332 2033 Paulus
1363 1976 1493 2030 dicit
1552 1976 1621 2030 ad
1681 1975 1883 2046 Ephes,
1944 1992 1998 2029 vi
2031 1992 2043 2029 :

357 2073 424 2126 Ut
474 2071 633 2125 detur
685 2071 822 2124 mihi
877 2083 1046 2123 sermo
1098 2070 1158 2122 in
1213 2069 1489 2136 aper-tione
1517 2068 1626 2120 oris
1683 2067 1812 2118 mei.’
1841 2065 2046 2118 Eorum

351 2176 489 2231 ergo
512 2159 613 2231 qui
640 2175 779 2212 vera
801 2159 1138 2229 loquuntur,
1171 2171 1232 2208 os
1264 2155 1412 2209 Deus
1436 2153 1624 2224 aperit
1656 2170 1670 2207 2
1708 2169 1908 2207 eorum
1947 2153 2047 2224 qui

354 2252 670 2321 loquuntur
699 2245 1082 2313 mendacium,
1137 2243 1345 2298 falsum
1388 2241 1807 2311 testimonium,
1845 2241 2048 2295 scurri-

352 2337 560 2404 litates,
616 2334 1021 2406 turpitudines,
1063 2347 1442 2388 susurronum
1483 2346 1714 2402 quoque
1765 2335 1819 2386 et
1853 2329 2042 2385 detra-

351 2430 596 2491 ctorum,
653 2428 710 2479 et
765 2439 962 2477 eorum
1007 2420 1108 2492 qui
1162 2421 1341 2475 otiosa
1388 2420 1726 2491 loquuntur,
1785 2418 2047 2474 diabolus

353 2515 539 2586 aperit
568 2532 651 2569 os.
687 2515 764 2568 De
797 2512 939 2568 Juda
968 2511 1215 2566 refertur
1243 2510 1403 2564 Joan.
1455 2525 1574 2576 xm,
1609 2511 1744 2579 quia
1797 2511 2048 2564 introivit

354 2606 414 2658 in
443 2603 598 2658 illum
619 2603 876 2668 Satanas,
924 2605 975 2656 et
998 2601 1234 2670 misitjin
1263 2614 1353 2653 cor
1383 2598 1501 2668 ejus
1541 2603 1603 2652 ut
1631 2597 1867 2652 traderet
1903 2613 2042 2652 eum.

351 2692 425 2746 Os
450 2707 588 2762 ergo
619 2691 743 2761 ejus
781 2688 1026 2760 aperuit,
1073 2691 1137 2742 ut
1167 2687 1498 2758 loqueretur
1522 2686 1665 2754 {cum
1725 2685 2044 2750 Pharis-teis,

349 2777 638 2852 quomodo
684 2793 817 2832 eum
880 2778 1130 2831 traderet
1167 2779 1396 2845 accepta
1451 2774 1716 2846 pecunia.
1792 2774 1913 2828 Non
1964 2780 2047 2829 est

347 2872 540 2923 autem
561 2882 752 2939 parvas
781 2865 982 2936 gratia:
1011 2865 1334 2919 discernere
1363 2879 1424 2917 os
1458 2863 1610 2934 quod
1652 2862 1834 2933 aperit
1873 2864 2041 2930 Deus,

2161 1717 2425 1787 gratiam,
2456 1722 2507 1772 et
2536 1717 2763 1788 implebo
2791 1717 2948 1772 illud.

2233 1805 2391 1859 Vens.
2429 1806 2507 1860 14.
2539 1835 2612 1847 -
2662 1808 2844 1861 Iratus
2901 1806 3156 1860 Dominus
3215 1806 3274 1860 in
3313 1805 3546 1873 Moysen,
3596 1806 3696 1871 ait,
3746 1811 3852 1860 etc.

2160 1892 2318 1962 (Are.
2381 1894 2580 1960 Quaest.
2625 1895 2690 1948 10
2742 1896 2802 1948 in
2861 1892 3060 1962 Exod.)
3106 1892 3341 1948 Videtur
3378 1897 3652 1963 tanquam
3711 1893 3859 1949 difﬁ-

2158 1981 2314 2036 denti
2370 1998 2485 2036 non
2556 1982 2777 2038 dedisse
2844 1981 3240 2053 plenissimam
3299 1981 3646 2046 facultatem,
3719 1987 3854 2044 etc,

2159 2085 2326 2140 usque
2371 2070 2446 2125 ad
2472 2071 2635 2142 cujus
2681 2070 2928 2142 figuram
2986 2075 3148 2141 gerat
3187 2070 3340 2125 velut
3391 2069 3612 2124 medius
3674 2071 3856 2125 Moses

2157 2158 2308 2212 inter
2338 2160 2515 2214 Deum
2546 2165 2604 2214 et
2631 2162 2840 2227 Aaron,
2877 2163 2933 2214 et
2961 2162 3145 2214 Aaron
3193 2157 3344 2214 inter
3400 2159 3589 2214 Mosen
3649 2165 3705 2214 et
3751 2175 3853 2230 po-

2157 2248 2379 2319 pulum.

2226 2337 2388 2393 Vens.
2448 2338 2631 2390 15-18.
2660 2365 2726 2376 -
2779 2338 2847 2393 Et
2897 2351 2990 2405 ego
3021 2350 3114 2391 ero
3151 2338 3212 2390 in
3239 2351 3328 2391 ore
3360 2339 3451 2392 tuo
3487 2340 3539 2392 et
3582 2339 3641 2391 in
3671 2352 3760 2391 ore
3788 2338 3853 2391 it-

2156 2425 2283 2492 tius,
2317 2430 2424 2482 etc.
2455 2425 2664 2495 (ORIG.)
2712 2424 2836 2480 Non
2887 2426 3074 2479 solum
3130 2424 3266 2480 Mosi
3323 2424 3678 2496 promittitur
3726 2440 3854 2495 ape-

2155 2512 2257 2566 riri
2281 2529 2341 2567 os
2371 2530 2404 2567 a
2435 2514 2701 2581 Domino,
2751 2513 2848 2568 sed
2909 2517 2965 2568 et
2991 2515 3197 2567 Aaron.
3245 2512 3459 2566 Dicitur
3486 2512 3640 2567 enim
3683 2529 3696 2568 :
3732 2513 3850 2582 Ego

2154 2601 2410 2672 aperiam
2439 2618 2501 2656 os
2531 2607 2694 2656 tuum
2725 2605 2782 2656 et
2832 2617 2894 2656 os
2946 2600 3124 2670 illius,
3163 2605 3218 2655 et
3249 2600 3529 2656 instruam
3573 2617 3670 2656 vos
3717 2617 3848 2672 quae

2157 2690 2391 2744 faciatis.

2228 2780 2390 2835 Vsus.
2431 2781 2513 2834 19.
2547 2809 2609 2819 -
2641 2780 2799 2834 Ducit
2831 2794 2956 2846 ergo
2986 2779 3270 2846 Dominus,
3293 2781 3399 2833 etc.
3436 2778 3624 2847 (Ace.,
3659 2779 3845 2833 Locut.

2153 2869 2212 2922 in
2243 2868 2394 2934 Gem,
2422 2872 2559 2922 tom.
2590 2868 2711 2938 III.)
2764 2869 2897 2922 Post
2926 2866 3047 2922 dies
3098 2871 3288 2921 autem
3340 2867 3556 2921 multos
3585 2870 3850 2922 mortuus

347 2963 405 3013 et
434 2957 587 3029 quod
620 2955 806 3028 aperit
855 2954 1135 3010 diabolus.
1191 2952 1391 3024 Aperit
1431 2952 1602 3006 etiam
1643 2953 1824 3006 Deum
1881 2967 2044 3006 aures
2081 2963 2121 3019 ο
2159 2962 2245 3011 est
2275 2973 2372 3011 rex
2421 2957 2667 3028 Aigypti.
2719 2957 2868 3011 Dixit
2906 2961 3097 3010 autem
3145 2955 3421 3010 Dominus
3451 2955 3522 3010 ad
3566 2956 3758 3010 Mosen
3790 2954 3849 3008 iu

349 3051 678 3101 sanctorum
719 3044 788 3099 ad
843 3043 1128 3098 audienda
1180 3041 1352 3097 verba
1410 3039 1641 3107 divina;
1703 3041 1891 3095 unde:
1930 3042 2041 3095 Do-

347 3135 540 3189 minus
569 3133 787 3205 aperiet
812 3131 954 3188 mihi
985 3147 1202 3187 aurem.
1245 3129 1440 3200 Aperit
1485 3129 1698 3196 oculos,
1734 3129 1878 3182 sicut
1905 3144 2041 3196 ape-

348 3223 463 3278 ruit
487 3223 683 3278 oculos
707 3225 880 3291 Agar,
921 3225 977 3276 et
1003 3219 1145 3275 vidit
1173 3223 1415 3290 puteum
1465 3233 1628 3288 aqua:
1659 3217 1826 3283 vivaz;
1890 3216 2041 3270 unde

349 3311 610 3367 Eliseus:
651 3312 848 3380 Aperi,
889 3309 1118 3363 Domine
1161 3308 1336 3362 oculos
1374 3309 1533 3376 pueri
1586 3308 1688 3371 tui,
1728 3311 1788 3360 ut
1834 3305 2038 3372 videat,

345 3404 478 3470 quia
511 3401 699 3470 plures
742 3402 868 3453 sunt
903 3397 1178 3451 nobiscum
1211 3396 1299 3466 (ιν
1340 3398 1465 3461 Reg.
1534 3395 1626 3464 vi).
1677 3393 1846 3448 Auris
1907 3409 2039 3447 vero

347 3504 478 3559 quas
516 3504 622 3559 per
675 3485 1059 3540 eruditionem
1118 3483 1348 3538 Domini
1399 3482 1673 3552 aperitur,
1731 3480 2039 3552 aliquando

344 3582 543 3647 aperta
598 3580 705 3646 est,
755 3575 1066 3646 aliquando
1114 3573 1346 3640 clausa;
1397 3571 1596 3626 unde:
1659 3571 1738 3627 Ne
1801 3569 2040 3641 recipias

345 3665 608 3721 auditum
639 3680 851 3720 vanum
883 3662 1072 3735 (Eccli.
1102 3661 1251 3733 xm).
1301 3661 1357 3716 Si
1391 3661 1656 3716 dicuntur
1701 3675 1862 3722 vana,
1913 3675 2040 3730 pro-

344 3754 495 3820 fana,
527 3753 739 3826 turpia,
773 3752 873 3824 qui
911 3751 1069 3807 novit
1118 3750 1500 3806 eruditionem
1542 3748 1791 3812 Domini,
1826 3749 2041 3804 claudit

347 3859 548 3898 aurem
589 3847 648 3898 et
675 3842 814 3897 dicit
846 3858 860 3896 :
888 3843 1002 3908 Ego
1029 3846 1209 3896 autem
1232 3841 1373 3895 sicut
1403 3843 1603 3905 mutus,
1650 3841 1748 3906 qui
1773 3853 1879 3893 non
1909 3852 2036 3906 ape-

341 3935 455 3988 ruit
497 3949 556 3988 os
582 3948 760 3999 suum,
819 3937 869 3986 et
925 3933 1065 3986 sicut
1109 3928 1309 3984 surdus
1357 3944 1462 3984 non
1505 3926 1794 3982 audiebam
1851 3927 2033 3996 (Psat.

341 4023 568 4092 xxxvu).
601 4021 659 4076 Si
689 4037 820 4076 vero
863 4019 934 4075 ad
959 4018 1265 4074 utilitatem
1309 4017 1518 4072 animus
1564 4015 1856 4088 pertinent
1907 4031 2035 4087 qua:

343 4109 636 4180 dicuntur,
673 4110 721 4164 si
752 4110 821 4164 de
862 4111 974 4164 Deo
1004 4123 1192 4164 sermo
1237 4112 1342 4174 est,
1391 4106 1438 4161 si
1481 4121 1667 4161 mores
1724 4105 1908 4172 docet,
1963 4103 2036 4158 ad

338 4199 578 4254 virtutes
606 4198 827 4267 invitat,
873 4197 1009 4253 vitia
1039 4200 1272 4264 resecat,
1306 4212 1472 4251 aures
1527 4198 1756 4266 pateant
1805 4197 1859 4248 et
1919 4197 2037 4248 tota

347 4286 556 4342 animae
580 4287 780 4356 janua.
811 4285 1136 4340 Notandum
1163 4288 1355 4338 autem
1403 4282 1541 4353 quia
1569 4299 1794 4337 summa
1841 4281 2035 4336 mode-

341 4374 558 4430 ratione
596 4390 696 4429 usa
727 4377 814 4428 est
841 4373 928 4428 lex
959 4376 1024 4427 ut
1049 4372 1264 4427 diceret
1291 4390 1308 4426 :
1369 4372 1485 4427 Non
1513 4372 1737 4440 recipies
1787 4369 2038 4424 auditum

341 4479 571 4531 vanum;
605 4478 726 4518 non
775 4461 935 4529 dixit,
996 4462 1122 4516 Non
1161 4459 1392 4526 audies;
1438 4449 1558 4524 sed,
1620 4460 1738 4515 Non
1789 4459 2033 4528 recipies.

345 4554 486 4609 Nam
517 4568 661 4607 vana
697 4566 848 4622 saape
878 4548 1145 4605 audimus
1178 4565 1192 4603 :
1239 4547 1484 4604 Marcion
1526 4546 1680 4602 cnim
1726 4551 1782 4601 et
1829 4547 2035 4601 Valen-

348 4643 523 4709 tinus,
556 4645 612 4695 et
631 4656 828 4694 omnes
869 4642 1066 4693 contra
1097 4637 1419 4692 Creatorem
1474 4635 1844 4706 disputantes,
1891 4650 2037 4689 vana

340 4732 699 4803 loquuntur;
753 4729 1082 4800 frequenter
1126 4730 1319 4780 tamen
1349 4724 1615 4779 audimus
1646 4727 1710 4778 ut
1747 4723 2034 4777 contradi-

339 4836 556 4889 camus,
583 4819 681 4874 sed
708 4835 824 4874 non
849 4817 1178 4887 recipimus,
1214 4814 1349 4887 quia
1397 4813 1628 4868 illorum
1684 4829 1744 4867 os
1774 4812 2035 4868 diabolus

339 4909 544 4981 aperit.
601 4908 880 4980 Dignatur
937 4905 1209 4961 Dominus
1263 4902 1485 4975 aperire
1542 4918 1604 4957 os
1653 4905 1930 4969 nostrum,
1972 4907 2036 4957 ut

337 4996 624 5069 possimus
684 4995 1169 5052 contradicentem
1198 4992 1506 5059 revincere,
1567 4994 1627 5046 et
1677 4989 1944 5045 obturare
1971 5007 2034 5044 os

338 5085 490 5157 quod
518 5085 782 5140 diabolus
801 5084 1004 5156 aperit.

415 5175 574 5228 Vens.
612 5177 694 5229 11.
735 5203 796 5212 --—
856 5175 988 5243 Quis
1033 5173 1166 5240 fecit
1221 5185 1277 5226 os
1333 5167 1622 5224 hominis?
1679 5170 1784 5221 etc.
1851 5168 2029 5237 (Auc.,

338 5263 534 5330 Quaest.
589 5263 670 5332 8.)
719 5261 864 5316 Sunt
905 5261 1004 5331 qui
1065 5261 1176 5314 Deo
1224 5257 1664 5318 calumniantur,
1708 5255 1795 5308 vel
1841 5255 2032 5324 potius

341 5350 648 5422 Scriptura:
671 5348 887 5403 Veteris
912 5347 1257 5403 Testamenti
1307 5346 1442 5418 quia
1489 5344 1634 5399 dixit
1674 5344 1823 5398 Deus
1878 5342 2029 5413 quod

338 5439 536 5495 fecerit
573 5443 819 5494 mutum.
855 5435 1001 5502 Quid
1059 5450 1193 5505 ergo
1233 5434 1430 5490 dicunt
1482 5433 1552 5488 de
1585 5431 1805 5487 Christo
1834 5435 2030 5501 aperte

338 5528 559 5585 dicente
587 5529 748 5584 Joan.
810 5543 888 5582 xz
948 5527 1061 5594 Ego
1099 5525 1238 5592 veni,
1297 5525 1500 5592 utqui
1565 5537 1670 5577 non
1729 5519 1914 5577 rident
1954 5521 2030 5573 vi-

2150 3045 2372 3100 Madian
2405 3061 2418 3100 :
2453 3046 2620 3113 Vade,
2655 3060 2816 3114 perge
2848 3047 2908 3100 in
2938 3047 3253 3114 Egyptum,
3281 3048 3386 3099 etc.
3418 3044 3590 3100 Multa
3638 3043 3700 3098 in
3759 3043 3850 3098 his

2149 3133 2334 3188 verbis
2362 3133 2612 3187 notanda
2643 3137 2774 3188 sunt
2817 3149 3026 3204 genera
3068 3131 3397 3188 locutionis.
3445 3131 3636 3186 Primo
3692 3131 3848 3187 enim

2148 3221 2336 3293 inquit
2363 3239 2376 3276 ε
2420 3221 2587 3287 Vade,
2609 3236 2773 3291 perge
2792 3215 2849 3275 in
2881 3223 3198 3291 Egyptum,
3221 3225 3496 3292 tanquam
3540 3237 3657 3275 non
3687 3220 3849 3276 suffi-

2147 3315 2302 3364 ceret
2340 3310 2607 3376 alterum,
2643 3309 2871 3376 deinde,
2903 3312 3106 3364 mortui
3142 3314 3271 3364 sunt
3306 3324 3483 3364 omnes
3514 3311 3611 3377 qui
3638 3324 3847 3378 quaere-

2148 3397 2278 3453 bant
2315 3401 2555 3452 animam
2581 3401 2753 3462 tuam,
2802 3413 2932 3452 cum
2964 3399 3148 3453 solum
3178 3413 3372 3470 regem
3411 3397 3642 3468 )Egypti
3698 3397 3848 3453 Scri-

2146 3490 2316 3556 ptura
2370 3490 2657 3540 mortuum
2679 3486 2934 3541 dixerit:
2983 3487 3053 3541 de
3081 3502 3196 3557 quo
3246 3487 3365 3541 solo
3407 3491 3573 3540 antea
3626 3485 3846 3542 dictum

2143 3574 2331 3629 fuerat
2360 3574 2511 3646 quod
2538 3576 2731 3630 Mosen
2758 3575 3052 3647 qurerebat
3093 3575 3350 3629 occidere
3384 3591 3396 3628 :
3451 3591 3522 3629 an
3552 3574 3676 3645 ipse
3710 3581 3845 3646 post

2145 3663 2284 3718 alios
2313 3663 2576 3718 inimicos
2606 3663 2841 3718 ultimus
2875 3669 3132 3718 mortuus
3161 3669 3246 3718 est
3267 3663 3295 3718 ‘P
3325 3661 3484 3728 Quod
3526 3662 3576 3717 si
3623 3662 3704 3717 ita
3733 3667 3842 3732 est,

2145 3767 2261 3806 non
2290 3752 2523 3817 locutio,
2548 3752 2643 3807 sed
2672 3768 2872 3806 sensus
2901 3756 3002 3806 est.
3027 3762 3033 3770 '

2219 3841 2380 3897 Vens.
2414 3844 2502 3898 '20.
2555 3872 2622 3881 —
2658 3842 2802 3895 Tulit
2841 3855 2967 3908 ergo
2999 3841 3226 3908 Moyses,
3275 3845 3380 3895 etc.
3414 3840 3604 3911 (AUG.,
3645 3839 3844 3906 Quaest.

2149 3931 2212 3984 t2
2241 3931 2299 3984 in
2329 3930 2531 4000 Exod.)
2572 3929 2736 3995 Quod
2765 3928 2982 3984 dictum
3025 3932 3128 3996 est,
3171 3927 3310 3999 quia
3364 3929 3544 3984 Moses
3600 3943 3844 3984 uxorem

2144 4022 2200 4072 et
2223 4017 2466 4073 infantes
2513 4033 2647 4072 suos
2696 4015 2976 4087 imposuit
3031 4032 3203 4087 super
3252 4015 3600 4080 vehiculum,
3654 4021 3718 4070 ut
3777 4017 3840 4071 in

2144 4106 2454 4178 Egyptum
2500 4105 2650 4161 iret:
2711 4110 2911 4177 postea
2957 4120 3090 4158 vero
3128 4104 3322 4158 Jethro
3379 4120 3538 4158 socer
3574 4105 3698 4175 ejus
3727 4103 3847 4160 illic

2143 4211 2273 4249 cum
2301 4193 2382 4250 eis
2413 4194 2678 4258 occurrit,
2709 4209 2840 4248 cum
2898 4191 3185 4247 eduxisset
3234 4193 3514 4264 populum
3564 4193 3635 4248 de
3678 4193 3844 4263 A-lgy-

2147 4287 2288 4354 pto;
2345 4282 2784 4354 intelligendum
2814 4285 2916 4342 est.
2949 4285 3080 4351 post
3125 4280 3304 4346 illam,
3363 4297 3493 4353 quas
3532 4281 3603 4336 ab
3633 4282 3840 4350 angelo

2147 4373 2337 4428 futura
2365 4375 2505 4438 erat,
2536 4369 3014 4436 interfectionem,
3067 4369 3200 4424 Mosi
3223 4370 3307 4424 vel
3338 4369 3569 4425 infantis
3599 4386 3842 4426 uxorem

2148 4475 2434 4515 reversam
2483 4458 2656 4512 fuisse
2695 4473 2826 4512 cum
2864 4457 3135 4529 parvulis.
3188 4458 3330 4513 Nam
3387 4457 3621 4530 quidam
3672 4464 3842 4530 puta-

2145 4553 2348 4603 verunt
2392 4553 2628 4619 pr0pter
2663 4547 2772 4602 hoc
2800 4547 3070 4618 angelum
3104 4547 3394 4617 terruisse,
3415 4563 3489 4602 ne
3531 4549 3600 4603 ad
3649 4548 3840 4620 impe-

2146 4637 2466 4693 dimentum
2525 4636 2830 4691 ministerii
2885 4635 3157 4691 divinitus
3239 4635 3493 4707 impositi
3558 4636 3845 4692 femineus

2145 4742 2308 4780 sexus
2337 4724 2725 4780 comitaretur.

2216 4815 2372 4868 Vens.
2443 4815 2638 4868 21—23.
2709 4844 2770 4854 —-
2834 4815 2948 4880 Ego
3017 4812 3290 4868 indui-cbo
3345 4829 3435 4868 cor
3490 4815 3626 4884 ejus.
3679 4816 3841 4882 (AC0.

2145 4904 2314 4961 Serm.
2347 4901 2456 4971 88.)
2488 4901 2634 4967 Quid
2673 4906 2776 4969 est,
2831 4916 2926 4971 ego
2956 4900 3227 4956 indurabo
3273 4917 3364 4957 cor
3399 4903 3536 4972 ejus,
3569 4902 3678 4957 nisi
3707 4918 3842 4958 cum

2145 4990 2386 5046 abfuerit
2442 4990 2626 5061 gratia
2681 5005 2829 5058 mea,
2883 4989 3130 5045 obduret
3189 4989 3358 5044 illum
3400 4989 3660 5062 nequitia
3695 4993 3845 5046 sua?

2141 5079 2294 5134 Sicut
2322 5079 2547 5150 quoties
2576 5078 2759 5134 nimio
2789 5079 3003 5150 frigore
3034 5078 3455 5150 constringitur
3492 5095 3661 5151 aqua,
3709 5081 3848 5136 solis

2143 5168 2330 5222 calore
2361 5167 2798 5239 superveniente
2854 5168 3185 5236 resolvitur;
3246 5172 3304 5222 et
3354 5167 3678 5222 discedente
3719 5169 3845 5224 sole

2143 5257 2350 5311 iterum
2400 5256 2760 5312 obduratur:
2813 5256 2892 5310 ita
2933 5261 3295 5328 peccatorum
3338 5255 3552 5328 frigore
3605 5256 3844 5327 refrige-

2143 5345 2246 5399 scit
2267 5345 2513 5399 cbaritas
2533 5347 2867 5412 multorum,
2903 5351 2958 5400 et
3003 5346 3158 5401 velut
3187 5344 3395 5418 glacies
3440 5345 3837 5411 obdurantur;

2141 5436 2196 5486 et
2227 5447 2356 5487 cum
2387 5433 2540 5486 calor
2571 5431 2780 5487 divinae
2819 5432 3224 5488 misericordias
3279 5433 3692 5503 supervenerit,
3752 5448 3836 5488 re-

2142 5520 2459 5575 solvuntur.
2515 5521 2626 5574 Hoc
2690 5520 2746 5574 in
2799 5521 3091 5576 Pharaone
3166 5520 3584 5592 cognoscimus,
3636 5538 3670 5576 a
3723 5537 3838 5593 quo
