4064 6186
200 280 272 327 ΗΠ
1286 266 1539 323 ίὶιο58Ᾱ
1578 265 1989 323 OBDINARH.
2034 294 2099 302 —-
2144 265 2267 319 LIB.
2313 263 2511 319 EXOD.
3560 268 3656 317 198

192 395 389 468 quoties
423 389 641 463 ﬂagella
694 393 915 443 remota
962 392 1114 451 sunt,
1149 404 1208 443 se
1263 391 1460 443 contra
1511 387 1688 442 Deum
1742 386 1841 441 ob-
1884 389 1925 442 Δ
1950 400 2089 455 ergo
2112 384 2179 439 de
2202 386 2438 456 {Egypto
2469 404 2485 437 :
2517 382 2931 455 relinquendus
2951 387 3034 437 est
3065 382 3330 449 mundus,
3354 398 3472 438 non
3501 384 3658 448 loco,

194 487 395 540 duratus
444 478 651 546 erexit;
733 477 959 549 quoties
1016 477 1259 531 afﬂictus
1325 481 1427 539 est,
1488 475 1842 547 supplicavit.
1955 475 2050 528 sed
2076 475 2291 537 animo,
2325 474 2371 527 si
2401 474 2660 527 volumus
2692 472 2901 527 servire
2937 472 3196 526 Domino.
3233 472 3369 527 Inde
3407 473 3654 527 Joannes

197 574 294 628 Non
320 574 551 639 estergo
584 566 857 637 iniquitas
906 566 963 619 in
1009 568 1141 621 Deo.
1189 566 1343 621 Unde
1399 582 1517 619 non
1572 571 1687 619 tam
1739 580 1845 634 po-
1957 564 2075 617 ait:
2110 564 2312 628 Fitioli,
2343 563 2507 616 nolite
2534 561 2762 629 diligere
2806 560 3085 627 mundum,
3128 576 3296 629 neque
3332 576 3395 614 ea
3435 576 3554 629 quae
3596 563 3652 614 in

197 661 340 717 tentia
366 673 532 730 quam
562 655 840 727 patientia
871 655 969 712 Dei
1010 655 1362 710 Pharaonem
1395 654 1527 709 fecit
1556 653 1845 709 obdurari.
1956 652 2157 707 mundo
2178 657 2303 707 sunt
2336 654 2379 706 (ι
2401 653 2570 705 Joan.
2606 650 2687 720 ιι).

197 751 343 815 Quam
384 762 501 800 rem
536 745 708 800 etiam
753 744 900 798 circa
946 745 1281 798 vernaculos
1330 748 1554 797 nostros
1604 743 1851 796 solemus
2029 759 2186 812 νεης,
2222 760 2273 811 2,
2327 787 2393 795 __
2420 756 2524 822 Qui
2577 762 2655 809 ρει
2710 756 3007 810 Dominus?
3057 754 3395 825 Superbiam
3439 753 3653 808 diaboli

198 853 441 904 exercere,
473 834 678 906 quibus
709 834 1031 905 frequenter
1063 832 1423 903 peccantibus
1466 831 1849 903 indulgemus,

2040 847 2245 917 primit,
2286 845 2386 916 qui
2433 844 2599 898 subdi
2661 845 2771 898 Deo
2827 849 3218 909 contemnens,
3266 842 3388 897 ait:
3436 843 3647 897 Similis

198 928 453 983 dicentes:
498 924 608 993 Ego
639 923 809 976 talem
843 926 896 975 te
937 921 1061 988 feci,
1095 937 1203 992 ego
1237 921 1339 975 tibi
1385 920 1669 992 parcendo
1713 935 1849 990 pro-

2040 958 2044 982 ι
2078 937 2359 990 Altissimo
2392 935 2521 1003 (lsa.
2557 934 2706 1003 xiv);
2737 936 2793 987 et
2841 932 3003 1004 quasi
3046 932 3115 986 de
3174 930 3403 986 Domini
3448 931 3652 985 nativi-

200 1016 401 1069 terviam
434 1018 583 1066 tuam
613 1010 1143 1081 negligentiamque
1173 1009 1406 1065 nutrivi.
1959 1030 2074 1080 tam
2107 1024 2395 1090 dubitans,
2431 1022 2568 1077 dicit
2604 1040 2615 1077 ;

254 1102 392 1199 νίν·
434 1100 682 1199 ,ῗίχῖ
1156 1097 1601 1199 υοωίξξξδνξθίξλ
1659 1098 1848 1199 (Αιῖδν
2030 1130 2089 1185 Si
2121 1131 2289 1185 Filius
2350 1131 2451 1183 Dei
2496 1145 2567 1196 es,
2630 1129 2716 1183 dic
2771 1132 2830 1182 ut
2884 1128 3094 1199 lapides
3143 1130 3241 1183 isti
3295 1142 3461 1197 panes
3516 1130 3653 1196 fiant

1962 1218 2176 1289 (Matth.
2224 1220 2316 1287 ιν).
2355 1220 2555 1273 Postea
2586 1234 2716 1271 vero
2749 1218 2911 1288 quasi
2953 1223 3141 1272 coacte
3195 1217 3487 1271 dmnones
3537 1216 3653 1269 ela-
3692 1277 3705 1286 ο

1962 1313 2287 1361 naverunt:
2349 1306 2492 1374 Quid
2538 1309 2733 1360 venisti
2778 1311 2902 1360 ante
2951 1311 3156 1375 tempus
3205 1311 3453 1374 torquere
3520 1308 3662 1358 nos?

1964 1396 2173 1451 Scimus
2224 1396 2355 1464 quia
2398 1410 2451 1449 es
2508 1396 2673 1449 Filius
2733 1396 2835 1448 Dei
2878 1394 3106 1463 (Matth.
3166 1396 3305 1459 Vill.)
3367 1394 3498 1447 Post
3545 1397 3658 1446 tor-

1966 1488 2159 1538 menta
2187 1483 2390 1551 sciunt,
2411 1499 2539 1555 quae
2569 1486 2700 1536 ante
2730 1482 2871 1535 scire
2901 1482 3223 1536 noluerant.
3261 1482 3481 1536 Pharao
3523 1497 3657 1552 quo-

1964 1589 2076 1643 que
2106 1572 2435 1627 verberatus
2468 1588 2570 1643 pro
2602 1588 2660 1625 se
2687 1570 2997 1641 supplicari
3028 1570 3098 1624 ad
3134 1570 3440 1625 Dominum
3473 1576 3652 1640 rogat.

1900 1673 1940 1729 Β
1971 1663 2105 1728 Quis
2135 1666 2212 1716 est
2240 1660 2508 1729 dominus,
2536 1666 2596 1715 ut
2620 1660 2843 1715 audiam
2891 1674 3070 1714 rocem
3115 1660 3276 1729 ejus?
3328 1664 3433 1714 etc.
3488 1660 3655 1714 Vides

1968 1748 2106 1821 quid
2132 1748 2253 1819 agit
2280 1749 2455 1803 cruda
2482 1748 2787 1819 superbia;
2822 1747 3083 1802 videbitis
3123 1748 3294 1818 paulo
3323 1751 3451 1818 post
3489 1764 3665 1819 quan-

1969 1843 2093 1893 tum
2122 1837 2350 1909 proﬁcit
2378 1837 2437 1891 in
2468 1837 2708 1909 ﬂagellis
2738 1854 2751 1892 :
2786 1842 3068 1908 quantum
3102 1836 3302 1891 melior
3340 1835 3666 1890 verberatus

1972 1927 2255 1995 efﬁcitur;
2288 1926 2385 1998 qui
2408 1926 2579 1981 modo
2628 1925 2784 1989 dicit.
2840 1925 3036 1981 Nescio
3083 1924 3411 1987 Dominum,
3462 1923 3666 1977 verbe-

1971 2020 2127 2070 ratus
2157 2015 2412 2070 dicturus
2443 2020 2527 2070 est
2560 2032 2571 2070 :
2609 2015 2775 2070 Orate
2807 2031 2911 2086 pro
2964 2030 3054 2067 me
3104 2013 3432 2067 Dominum.
3488 2013 3664 2067 Nemo

1973 2120 2109 2175 ergo
2142 2103 2220 2159 ita
2248 2104 2568 2159 ineruditus
2600 2103 2673 2158 sit
2700 2104 2907 2158 divinae
2947 2102 3283 2173 disciplinae,
3338 2108 3398 2156 ut
3444 2101 3670 2172 ﬂagella

1975 2193 2168 2249 divina
2192 2193 2504 2264 perniciem
2536 2196 2693 2264 putet
2731 2196 2789 2247 et
2835 2192 3117 2263 poenalem
3164 2191 3481 2245 interitum.
3535 2192 3670 2245 Ecce

199 1193 366 1256 Quasi.
430 1192 480 1243 tl
543 1191 597 1242 in
640 1186 838 1256 Exod.)
883 1187 1006 1241 Alia
1047 1189 1280 1241 littera:
1323 1188 1398 1241 Et
1450 1188 1661 1253 factum
1690 1191 1767 1240 est
1798 1189 1855 1239 in

198 1283 270 1333 ria
301 1277 367 1331 ad
400 1279 757 1342 refectionem,
817 1275 1055 1329 olivitwit
1092 1277 1143 1329 ei
1188 1276 1434 1343 angelus,
1483 1280 1533 1330 et
1581 1275 1856 1344 quaerebat

198 1383 293 1420 eum
342 1365 613 1421 occidere:
669 1370 718 1418 et
762 1369 1039 1433 assumpto
1097 1364 1340 1433 Sephora
1377 1365 1579 1419 calculo
1630 1367 1857 1418 circum-

198 1454 306 1509 cidit
332 1455 649 1523 praeputium
674 1454 780 1521 ﬁlii
807 1455 913 1517 sui,
946 1458 996 1506 et
1052 1452 1293 1522 procidit
1331 1453 1402 1506 ad
1446 1452 1605 1521 pedes
1647 1453 1765 1521 ejus
1808 1456 1858 1505 et

198 1545 360 1597 dixit:
416 1543 580 1598 Stetit
608 1543 838 1609 sanguis
885 1542 1308 1595 circumcisionis
1353 1543 1588 1607 infantis
1638 1542 1762 1609 mei,
1810 1545 1859 1593 et

198 1634 382 1685 recessit
408 1631 474 1684 ab
501 1646 560 1684 eo
597 1636 820 1700 propter
848 1629 942 1684 hoc
991 1630 1136 1698 quod
1182 1631 1328 1684 dimit
1360 1646 1373 1684 :
1434 1632 1595 1686 Stetit
1634 1632 1858 1699 sanguis

199 1721 603 1774 circumcisionis.
638 1718 893 1773 Primum
935 1720 1214 1789 quaeritur
1264 1734 1436 1789 quem
1480 1718 1709 1773 volebat
1755 1735 1856 1772 an-

201 1809 333 1879 gelus
365 1806 713 1875 interﬁcere,
766 1811 895 1873 etc.,
954 1822 1121 1876 usque
1165 1806 1238 1860 ad
1288 1822 1492 1877 magno
1538 1806 1647 1860 nisi
1695 1806 1860 1861 fallor

201 1900 545 1951 sacramento.

258 1986 394 2039 Vens.
425 1988 515 2053 25,
548 1987 637 2039 26.
690 2014 759 2024 -
792 1986 1031 2053 Sponsus
1076 1987 1424 2051 sanguinum,
1484 1989 1560 2048 tu,
1618 1989 1721 2039 etc.
1764 1985 1863 2040 Se~

200 2074 416 2128 cundum
463 2072 789 2133 historiam,
838 2078 1020 2127 mater
1063 2073 1294 2144 gentilis
1351 2073 1644 2128 admirans
1703 2075 1860 2129 novi-

200 2168 342 2218 tatem
373 2162 471 2229 rei,
526 2162 722 2234 potuit
767 2161 955 2217 dicere
1010 2161 1145 2216 Mosi
1183 2177 1197 2215 :
1249 2162 1489 2232 Sponsus
1534 2166 1863 2232 sanguinum

201 2258 246 2307 tu
268 2253 388 2306 mihi
413 2266 502 2318 es;
546 2250 731 2323 quasi,
765 2250 910 2305 ritus
940 2253 1051 2305 tute
1082 2250 1267 2321 gentis
1298 2250 1449 2321 cogit
1490 2266 1579 2305 me
1628 2252 1863 2306 fundere

200 2339 500 2410 sanguinem
566 2338 671 2393 lilii
734 2338 864 2401 mei,
926 2338 1080 2409 quod
1132 2336 1256 2391 aliis
1303 2337 1570 2405 gentibus
1620 2354 1739 2391 non
1781 2343 1867 2391 est

202 2428 361 2483 moris.
419 2426 651 2498 Mystice
695 2432 888 2481 autem
944 2426 1202 2497 Sephora
1244 2425 1553 2481 Ecclesium
1605 2426 1675 2480 de
1720 2442 1867 2497 gen-

199 2516 324 2570 tibus
348 2515 655 2587 signiﬁcat,
689 2531 821 2586 quae
853 2514 1195 2586 praeputium
1236 2514 1341 2569 ﬂlii
1375 2514 1483 2581 sui,
1512 2514 1569 2568 id
1603 2519 1686 2570 est
1720 2529 1867 2585 gen-

201 2604 293 2658 tilis
320 2605 536 2676 populi,
579 2604 937 2659 acutisssima
983 2610 1167 2675 petra,
1222 2603 1279 2657 id
1311 2607 1396 2657 est
1416 2601 1661 2673 Spiritus
1689 2601 1868 2656 sancti

203 2692 439 2763 doctrina,
504 2694 595 2748 vel
657 2694 756 2748 illa
834 2696 991 2762 petra
1023 2691 1093 2747 de
1123 2707 1237 2763 qua
1264 2691 1474 2745 dicitur
1520 2692 1566 2746 ll
1616 2692 1742 2745 Cor.
1811 2706 1863 2745 x.

205 2784 329 2837 Petra
372 2788 551 2837 autem
604 2787 725 2837 erat
778 2781 1045 2847 Christus,
1105 2780 1401 2852 exspoliat,
1458 2784 1520 2834 ut
1560 2780 1869 2834 mundetur

205 2870 256 2923 ab
278 2869 422 2925 omni
452 2870 895 2942 inquinamento
925 2869 1110 2923 carnis
1138 2872 1194 2923 et
1236 2868 1473 2940 spiritus
1508 2885 1522 2923 :
1572 2872 1643 2924 Et
1694 2867 1870 2939 {exuat

204 2964 390 3013 veterem
418 2960 686 3014 hominem
716 2974 837 3013 cum
911 2958 1121 3013 actibus
1185 2960 1301 3012 suis
1365 2957 1497 3027 (Col.
1573 2961 1677 3024 ιιι).
1745 2958 1866 3013 Stat
1903 2967 1943 3023 c

1975 2281 2146 2336 etiam
2190 2281 2407 2336 Pharao
2454 2280 2792 2335 durissimus
2839 2279 3069 2352 proﬁcit
3111 2279 3488 2334 verberatus:
3536 2285 3670 2334 ante

1974 2371 2127 2425 enim
2158 2370 2395 2425 verbera
2416 2370 2725 2425 Dominum
2757 2369 2953 2438 nescit,
2984 2368 3444 2439 verberatusque;
3475 2384 3578 2439 pro
3612 2385 3670 2421 se

1975 2462 2139 2530 rogat
2162 2459 2513 2531 supplicari;
2547 2466 2600 2515 et
2627 2458 2930 2530 proficiens
2978 2462 3043 2512 ut
3080 2456 3280 2528 poenis,
3339 2456 3445 2511 scit
3491 2473 3670 2526 agno-

1976 2560 2130 2599 scere
2160 2560 2262 2599 cur
2289 2545 2583 2616 puniatur.
2634 2545 2839 2610 Nescio,
2885 2543 2987 2613 ait,
3024 2544 3334 2607 Dominum,
3393 2542 3449 2596 in
3499 2543 3673 2597 Evan-

1977 2633 2127 2704 gelio
2162 2633 2489 2687 verberatus
2518 2632 2784 2687 emendat
2814 2632 2958 2686 hanc
2988 2647 3204 2695 vocem,
3264 2631 3400 2700 quia
3454 2631 3671 2685 daemo-

1980 2738 2080 2777 nes
2134 2723 2557 2777 clamaverunt:
2613 2724 2821 2778 Scimus
2874 2726 2923 2776 te
2952 2723 3075 2790 quis
3122 2720 3251 2775 sis:
3297 2726 3352 2773 tu
3398 2735 3451 2774 es
3504 2722 3671 2775 Filius

1986 2813 2088 2867 Dei
2114 2813 2245 2866 vivi.
2280 2814 2406 2868 Post
2433 2811 2661 2881 ﬂagella
2690 2810 2861 2865 etiam
2883 2810 3053 2864 Israel
3085 2808 3354 2871 dimittet,
3396 2813 3451 2863 et
3499 2808 3671 2863 etiam

1981 2899 2211 2969 urgebit
2239 2899 2413 2954 exire.
2455 2900 2620 2957 Nulla
2663 2902 2805 2953 enim
2852 2900 3073 2953 societas
3120 2899 3229 2951 luci
3274 2896 3348 2949 act
3405 2898 3671 2963 tmebras,

204 3046 327 3102 enim
381 3047 617 3118 sanguis
673 3046 1122 3102 circumcisionis
1179 3047 1408 3118 quando
1496 3046 1869 3116 corruptibile

204 3134 288 3188 hoc
313 3134 505 3191 induet
535 3135 1037 3207 incorruptionem
1053 3177 1065 3191 .

258 3224 397 3281 Vens.
457 3224 661 3279 27-41.
716 3253 787 3266 -
836 3226 1096 3293 Dixitque
1154 3225 1429 3289 Dominus,
1490 3228 1596 3279 etc.
1657 3224 1869 3294 (0mo.,

205 3310 314 3366 hom.
342 3315 455 3382 3‘2.)
488 3313 753 3368 Occurrit
779 3315 969 3367 Aaron
1012 3312 1209 3382 Moysi,
1246 3316 1304 3367 et
1350 3311 1522 3367 exivit
1576 3312 1645 3367 de
1703 3314 1870 3382 Egy-

206 3404 297 3469 pto.
340 3401 441 3457 Sed
490 3400 738 3456 interest
778 3400 876 3455 ubi
922 3405 1181 3455 occurrat
1208 3400 1363 3466 Mosi,
1394 3401 1557 3471 cujus
1614 3416 1678 3455 os
1744 3416 1875 3471 ape.

206 3487 428 3545 riendum
451 3495 592 3545 esta
630 3488 873 3543 Domino
908 3506 921 3543 :
974 3488 1219 3543 occurrit
1258 3493 1449 3543 autem
1505 3488 1565 3543 in
1613 3495 1871 3544 montem

206 3575 299 3629 Dei.
321 3578 507 3633 Merito
542 3595 611 3633 os
645 3578 766 3649 ejus
796 3577 1072 3649 aperitur,
1107 3577 1207 3648 qui
1238 3577 1486 3632 occurrit
1516 3578 1573 3631 in
1608 3582 1861 3633 montem

207 3665 301 3718 Dei.
335 3668 547 3735 Petrus,
580 3667 828 3722 Iacobus
859 3672 916 3721 et
942 3667 1191 3721 Joannes
1220 3666 1278 3719 in
1311 3671 1509 3721 monte
1542 3673 1598 3721 et
1636 3669 1865 3722 transti-

205 3760 432 3821 guratum
494 3754 808 3809 Dominum
857 3756 1049 3809 Jesum
1118 3754 1313 3809 videre
1389 3761 1739 3820 meruerunt,
1815 3761 1871 3811 et

206 3841 359 3897 lloseu
384 3849 438 3899 et
460 3845 646 3899 Eliam
684 3859 816 3898 cum
850 3844 972 3915 ipso
998 3844 1058 3898 in
1088 3843 1288 3914 gloria.
1334 3844 1413 3897 'l‘u
1460 3860 1707 3917 quoque,
1760 3846 1868 3899 nisi

207 3932 489 3987 ascenderis
516 3931 798 4001 :montem
840 3932 959 4001 Dei,
1010 3936 1068 3987 et
1114 3932 1193 3987 ibi
1238 3933 1551 3987 occurreris
1609 3932 1764 4000 Mosi,
1812 3934 1867 3988 id

208 4024 272 4073 est
318 4021 418 4076 nisi
473 4022 767 4077 excelsum
821 4022 963 4093 legis
1011 4037 1309 4076 ascensum
1359 4021 1692 4085 ascenderis,
1761 4022 1869 4076 nisi

207 4108 438 4178 spiritalis
494 4110 902 4181 intelligentiae
958 4126 1231 4165 cacumen
1282 4110 1575 4175 invaseris,
1626 4126 1743 4164 non
1785 4115 1871 4165 est

205 4197 379 4253 ostium
407 4204 681 4270 apertum
707 4214 741 4252 a
775 4198 1037 4253 Domino.
1066 4198 1125 4253 Si
1155 4199 1213 4253 in
1252 4197 1459 4253 humili
1500 4199 1621 4253 loco
1671 4200 1871 4252 litteras

1980 2990 2129 3044 nulla
2159 3003 2289 3059 pars
2310 2988 2471 3059 ﬁdeli
2509 3004 2628 3042 cum
2661 2987 2874 3059 inﬁdeli
2898 2988 2970 3058 (Il
3003 2988 3123 3043 Cor.
3156 2989 3255 3056 γι).

2054 3097 2217 3150 Vens.
2282 3098 2332 3150 3.
2393 3126 2461 3135 ——
2518 3095 2665 3150 Deus
2722 3094 3066 3150 Hebrzorum
3123 3095 3334 3148 vocavit
3384 3109 3498 3162 nos,
3560 3099 3669 3151 etc.

1982 3186 2141 3253 (Acs.
2177 3187 2232 3239 in
2263 3183 2466 3253 Exod.)
2510 3182 2794 3248 Quaeritur
2838 3182 3128 3254 quomodo
3164 3182 3381 3253 papulo
3431 3182 3669 3247 dicatur,

1980 3277 2111 3339 etc.,
2138 3288 2305 3342 usque
2331 3272 2405 3327 ad
2428 3276 2491 3327 ut
2514 3273 2732 3342 justum
2751 3270 3035 3343 judicium
3067 3273 3468 3341 consequatur.

2053 3362 2262 3430 (ORIG.)
2294 3362 2603 3416 Moraliter.
2638 3361 2750 3415 lter
2781 3359 2953 3414 tridui
2986 3359 3053 3414 de
3085 3361 3324 3430 rEgypto
3352 3354 3674 3429 proﬁcisci-

1980 3466 2130 3512 mur,
2164 3449 2211 3504 si
2250 3451 2328 3504 ita
2378 3466 2482 3504 nos
2528 3450 2599 3505 ab
2652 3449 2812 3503 omni
2860 3448 3295 3519 inquinamento
3345 3446 3571 3511 animas,
3618 3449 3675 3498 et

1979 3539 2256 3610 corporis,
2289 3554 2353 3592 ac
2382 3538 2615 3609 spiritus
2641 3553 3062 3603 conservemus,
3094 3543 3157 3590 ut
3190 3537 3410 3605 integer
3440 3533 3675 3605 spiritus

1981 3631 2197 3697 noster,
2246 3631 2303 3682 et
2348 3626 2559 3692 anima,
2606 3630 2663 3681 et
2715 3641 2938 3697 corpus,
2983 3625 3041 3679 in
3091 3625 3242 3679 diem
3293 3623 3496 3678 Christi
3547 3638 3670 3676 ser-

1978 3722 2160 3771 velur.

2051 3823 2253 3892 (Οιιιθ.)
2320 3821 2516 3877 Tridui
2569 3821 2677 3875 iter
2731 3819 3147 3890 proliciscimur
3193 3819 3262 3874 de
3335 3818 3561 3889 Egyto,
3620 3818 3667 3871 si

1977 3911 2397 3977 rationabilem,
2464 3910 2759 3976 moralem,
2817 3909 3137 3963 naturalem
3187 3906 3548 3978 sapientiam,
3602 3907 3672 3962 de

1981 4001 2147 4056 rebus
2205 3998 2588 4054 mundialibus
2626 3996 2968 4064 auferentes,
3037 3997 3107 4050 ad
3172 3996 3434 4051 instituta
3478 3995 3674 4050 divina

1977 4089 2383 4144 convertimus.
2426 4085 2621 4142 Tridui
2669 4085 2777 4139 iter
2826 4085 2896 4139 de
2946 4085 3182 4156 Egypto
3234 4082 3670 4154 proliciscimur,

1978 4178 2024 4232 si
2056 4176 2421 4249 puriﬁcantes
2447 4175 2507 4229 in
2531 4174 2697 4229 nobis
2727 4173 2899 4241 dicta,
2938 4173 3085 4226 facta
3126 4172 3213 4225 vel
3254 4172 3501 4242 cogitata
3546 4171 3675 4239 (tria

204 4286 408 4351 steteris,
443 4254 584 4341 .non
648 4286 943 4341 occurristi
995 4286 1135 4342 Mosi
1183 4286 1243 4341 in
1289 4292 1542 4341 montem
1588 4286 1723 4353 Dei;
1757 4303 1871 4341 non
1912 4254 2116 4321 nsunt
2144 4266 2298 4320 enim
2328 4264 2435 4319 hoc
2482 4280 2582 4353 Per
2623 4278 2751 4353 ίῙΡεΒ
2808 4262 3068 4353 δοῐξιίηεδ
3106 4276 3337 4353 Ρεῗίξεδΐθ
3388 4261 3670 4353 Ροεξιιηι)ν

204 4388 252 4424 os
278 4377 426 4430 tuum
457 4375 697 4447 aperuit
726 4376 895 4439 Deus,
927 4390 1115 4447 neque
1147 4375 1417 4430 instruxit
1445 4391 1573 4447 quae
1604 4380 1659 4430 te
1701 4392 1869 4446 opor-

204 4465 296 4516 teat
342 4464 496 4536 loqui
527 4485 543 4532 ;
575 4464 691 4519 nisi
722 4467 906 4520 Aaron
937 4464 1105 4535 Moysi
1150 4464 1207 4517 in
1261 4468 1456 4518 monte
1512 4464 1867 4531 occurrisset,

206 4549 289 4603 nisi
316 4553 429 4623 ejus
456 4568 694 4608 sensum
727 4552 961 4607 vidisset
999 4553 1413 4618 arduumynon
1443 4552 1497 4608 ei
1543 4553 1872 4625 loqueretur

208 4639 344 4694 verba
388 4642 504 4706 Dei,
570 4656 762 4713 neque
815 4641 1081 4696 virtutem
1160 4640 1456 4712 signorum
1526 4641 1865 4707 tradidisset,

1980 4354 2295 4409 efﬁciamur
2319 4351 2519 4407 mundi
2543 4351 2736 4420 corde,
2786 4354 2850 4405 ut
2898 4351 3077 4404 Deum
3121 4349 3315 4404 videre
3359 4347 3667 4419 possimus.

1983 4442 2251 4514 Princeps
2277 4457 2411 4496 vero
2436 4440 2666 4512 {Egypti
2701 4438 2801 4493 ubi
2847 4438 3001 4494 videt
3049 4455 3107 4492 se
3140 4436 3532 4492 vehementius
3576 4452 3672 4491 ur-

1980 4532 2101 4603 geri
2134 4536 2200 4587 ut
2251 4530 2503 4586 dimittat
2556 4530 2830 4600 populum
2883 4528 3004 4594 Dei,
3052 4528 3301 4582 secundo
3356 4527 3474 4580 loco
3518 4527 3675 4597 cupit

1978 4622 2285 4693 impetrare
2316 4625 2378 4673 ut
2398 4634 2515 4673 non
2550 4618 2777 4689 longius
2810 4618 3036 4686 abeant,
3070 4634 3142 4671 ne
3188 4622 3370 4671 totum
3415 4615 3671 4669 triduum

1977 4709 2431 4782 proficiscantur,
2477 4707 2715 4763 dicens:
2764 4708 2841 4765 Ne
2882 4708 3036 4772 longe
3083 4705 3313 4760 abeatis.
3374 4704 3497 4758 Non
3555 4706 3676 4759 vult

1979 4799 2147 4868 longe
2177 4813 2211 4852 a
2239 4813 2297 4853 se
2328 4796 2454 4851 ﬁeri
2504 4796 2782 4868 populum
2824 4794 2941 4849 Dei.
2974 4794 3105 4849 Vult
3151 4793 3327 4860 enim,
3372 4792 3417 4846 si
3457 4808 3574 4847 non
3614 4792 3673 4847 in

1980 4888 2143 4953 facto,
2180 4886 2269 4940 vel
2293 4886 2353 4941 in
2384 4900 2647 4941 sermone
2693 4887 2964 4957 peccent;
3015 4882 3063 4937 si
3117 4897 3233 4937 non
3281 4880 3340 4937 in
3388 4898 3670 4943 sermone,
3708 4906 3727 4933 κ

1978 4974 2067 5033 vel
2100 4975 2159 5030 in
2188 4973 2555 5045 cogitatione.
2591 4973 2713 5028 Non
2742 4972 2862 5027 vult
2908 4975 2974 5025 ut
3015 4974 3201 5025 totum
3237 4969 3492 5024 triduum
3537 4986 3569 5024 a
3616 4986 3675 5024 se

1977 5062 2430 5135 proﬁciscantur.
2474 5061 2677 5117 Vultin
2707 5060 2872 5115 nobis
2896 5060 2982 5114 vel
3009 5074 3193 5114 unum
3231 5058 3406 5125 diem,
3474 5058 3674 5114 videli-

1979 5156 2083 5218 cet,
2117 5151 2175 5207 in
2204 5152 2331 5206 aliis
2357 5150 2520 5217 duos,
2550 5150 2609 5204 in
2640 5149 2765 5204 aliis
2812 5153 2996 5203 totum
3049 5147 3306 5203 triduum
3354 5148 3671 5219 possidere.

1983 5240 2137 5296 Beati
2158 5239 2242 5295 illi
2271 5239 2372 5311 qui
2401 5239 2472 5294 ab
2495 5254 2563 5294 eo
2594 5242 2778 5293 totum
2809 5237 3062 5291 triduum
3091 5237 3387 5292 recedunt.

2056 5348 2218 5403 Viam
2250 5345 2408 5401 trium
2438 5345 2647 5399 dierum
2696 5346 2756 5400 in
2801 5343 3167 5408 solitudinem,
3220 5349 3273 5400 et
3311 5346 3678 5413 sacriﬁcemus

1984 5436 2116 5502 Deo,
2173 5440 2279 5490 etc.
2341 5433 2510 5505 (lsru.)
2570 5433 2731 5487 Viam
2788 5432 2963 5487 trium
3020 5431 3244 5488 dierum
3312 5432 3678 5487 ambulamus

1979 5527 2247 5580 exeuntes
2274 5523 2342 5578 de
2374 5524 2631 5594 .Egypto,
2672 5526 2729 5575 ot
2774 5521 2841 5577 ad
2892 5521 3079 5576 locum
3125 5520 3526 5593 perveniamus
3581 5520 3677 5576 ubi

208 4739 359 4796 neque
384 4730 727 4802 participem
750 4729 898 4785 tanti
928 4728 1182 4801 mysterii
1220 4728 1573 4785 concivisset.

859 4871 1082 4926 CAPUT
1123 4872 1183 4924 V.

260 4992 399 5049 Vens.
458 4999 503 5048 l.
549 5024 622 5034 —
830 4997 1047 5049 Dimitte
1097 4995 1360 5065 populum
1409 5011 1606 5050 meum.
1661 4996 1866 5065 (Omo.,

210 5078 377 5137 hom.3
432 5086 491 5138 in
550 5083 757 5153 Exod.)
821 5083 939 5137 Non
1018 5084 1140 5137 vult
1198 5084 1373 5137 Moses
1412 5089 1479 5139 ut
1519 5086 1767 5156 populus
1811 5084 1871 5140 in

210 5166 412 5241 Egypto
442 5171 672 5242 positus
700 5170 905 5224 serviat
936 5171 1075 5239 Deo,
1107 5169 1207 5224 sed
1257 5173 1318 5223 ut
1368 5175 1529 5225 exeat
1581 5170 1641 5226 in
1680 5171 1869 5226 deser-

213 5256 324 5320 tum,
349 5266 402 5312 et
429 5258 510 5313 ibi
570 5257 802 5312 serviat.
865 5258 1008 5312 Dum
1061 5258 1217 5312 enim
1271 5257 1398 5329 quis
1444 5258 1503 5312 in
1557 5258 1871 5313 tenebrosis

214 5346 368 5399 seculi
394 5346 619 5401 actibus
652 5350 866 5410 manet,
915 5350 972 5400 et
1014 5345 1073 5400 in
1114 5345 1481 5416 negotiorum
1526 5346 1871 5402 obscuritate

217 5438 443 5501 versatur,
478 5451 600 5490 non
632 5439 819 5506 potest
851 5434 1062 5488 servire
1118 5435 1252 5489 Deo.
1294 5435 1413 5491 Non
1453 5437 1593 5489 enim
1648 5439 1872 5506 potestis

218 5524 378 5577 servire
399 5527 494 5579 Deo
523 5528 577 5579 et
628 5522 1207 5595 mammona:(.l1atth.
1252 5525 1348 5594 vn).
1402 5522 1737 5579 Exeundum
1787 5528 1873 5579 est
