4052 6180
350 281 448 333 199

961 279 1352 334 WALAFRIDI
1393 279 1636 334 STRABI
1682 278 1882 334 FULD.
1931 279 1996 334 Μ(

2208 278 2287 332 Ῥ.
2331 275 2506 333 PARS
2545 276 2584 330 1.
2626 303 2694 314 -
2734 274 3190 331 THEOLOGICA.

3737 278 3842 327 200

338 401 638 456 immolare
674 401 945 456 debemus
987 401 1246 456 Domino.
1302 403 1426 457 Hac
1489 402 1577 456 via
1623 401 1875 458 Christus
1939 405 2025 456 est
2055 401 2101 457 A
2138 417 2220 470 ea,
2251 406 2358 457 etc.
2388 402 2629 470 Mystice.
2658 401 2732 455 Ex
2765 415 2880 472 quo
2909 399 3070 471 loqui
3108 401 3279 471 coepit
3327 399 3510 455 Moses
3556 402 3627 457 ad
3685 402 3832 457 Pha-

341 489 440 561 qui
469 488 547 543 ait
573 489 734 543 Joan.
769 505 859 544 xxv
893 505 905 543 :
938 491 1051 556 Ego
1081 505 1197 546 sum
1226 493 1342 556 via,
1374 493 1577 545 veritas
1601 495 1652 544 et
1707 493 1844 545 vita.
1889 489 2034 554 Quia

339 579 496 634 enim
545 579 826 633 confessio
894 578 1068 634 fuerit
1120 579 1403 635 Christum
1461 596 1578 648 ore,
1627 585 1685 634 et
1730 580 2034 635 crediderit

341 666 512 722 corde
543 667 696 738 quod
738 669 885 722 Deus
932 668 1096 722 illum
1147 668 1436 722 suscitavit
1474 669 1640 723 tertia
1688 669 1802 739 die,
1845 670 2032 724 salvus

339 755 468 825 erit,
502 756 836 827 perveniens
874 756 943 811 ad
992 757 1182 812 locum
1224 757 1283 811 in
1323 773 1438 828 quo
1490 757 1820 813 immolatur
1868 759 2024 813 sacri-

337 844 526 900 ticium
557 845 758 900 laudis.

411 968 654 1039 (Sinam)
708 970 866 1024 Viam
920 970 1092 1024 trium
1147 968 1412 1035 diemm,‘
1451 973 1556 1024 etc.
1621 968 1806 1023 Tertia
1869 985 2031 1024 man-

341 1058 522 1124 sione,
552 1062 858 1129 postquam
902 1057 1253 1112 transierunt
1299 1073 1454 1112 mare
1505 1057 1787 1121 Rubrum,
1837 1073 2033 1129 perve-

342 1151 550 1202 nerunt
597 1146 796 1212 Ethan,
850 1146 947 1218 qui
991 1147 1145 1201 locus
1192 1147 1362 1201 etiam
1409 1147 1560 1200 Mara
1599 1150 1848 1208 vocatur,
1900 1161 2031 1216 pro-

339 1241 465 1308 pter
493 1251 714 1290 amaras
745 1251 939 1306 aquas.
977 1235 1074 1290 Vel
1106 1235 1282 1290 trium
1305 1235 1552 1299 dierum,
1605 1234 1663 1289 id
1699 1238 1801 1300 est,
1855 1234 2032 1289 trium

338 1322 644 1390 mensium,
691 1323 826 1395 quia
871 1324 1040 1378 tertio
1088 1339 1281 1378 mense
1331 1328 1640 1396 postquam
1683 1324 1752 1378 de
1791 1325 2032 1394 Egypto

335 1411 613 1478 exierunt,
683 1417 1070 1482 pervenerunt
1110 1411 1262 1480 Sina,
1299 1412 1398 1466 ubi
1445 1411 1922 1479 sacriﬁcaverunt,
1979 1414 2035 1466 et

335 1501 522 1573 legem
552 1505 914 1572 acceperunt,
948 1500 1046 1554 ubi
1072 1506 1324 1556 erectum
1355 1504 1437 1555 est
1466 1501 1918 1555 tabernaculum.

409 1589 614 1656 (01116.,
669 1590 808 1644 hom.
861 1591 890 1644 3
948 1590 1007 1643 in
1056 1589 1255 1659 Exod.)
1308 1589 1466 1643 Nunc
1525 1605 1754 1660 quoque
1830 1589 2030 1656 Moses,

2143 506 2378 546 raonem
2410 489 2594 561 magis
2625 489 2902 561 affligitur
2941 490 3186 561 populus
3219 489 3317 544 Dei
3355 507 3366 544 :
3399 506 3462 544 ex
3496 506 3611 562 quo
3646 491 3702 545 iu
3725 491 3848 545 aui-

2141 595 2298 635 mam
2331 594 2517 633 sermo
2570 577 2669 632 Dei
2720 578 3000 650 pervenit,
3041 578 3300 633 diabolus
3342 579 3526 633 acrius
3574 579 3844 651 insurgit,

2142 673 2200 725 et
2254 668 2477 739 majora
2531 667 2668 721 vitia
2724 666 3003 722 immittit.
3039 667 3204 722 Prius
3235 667 3389 722 enim
3447 684 3617 739 quam
3651 685 3843 724 sermo

2144 757 2244 812 Dei
2270 756 2507 823 veniret,
2539 756 2640 827 qui
2667 760 2930 827 argueret
2967 755 3118 821 vitia,
3154 756 3214 811 i'n
3245 773 3382 828 pace
3428 757 3728 820 durabant,
3784 764 3838 812 at

2144 844 2241 900 ubi
2264 844 2440 912 venit,
2475 843 2728 899 turbatio
2759 859 2968 915 magna
2994 844 3308 916 consurgit.

2213 953 2373 1006 Vsus.
2430 952 2612 1006 14-20.
2672 951 3063 1021 Flagellatique
3117 956 3243 1005 sunt
3313 953 3428 1020 qui,
3513 958 3620 1006 etc.
3707 952 3834 1006 Filii

2143 1040 2314 1095 lsrael
2387 1039 2615 1110 gravius
2667 1039 2846 1095 attriti
2897 1043 3048 1107 sunt,
3107 1043 3410 1112 postquam
3475 1041 3546 1096 de
3592 1043 3836 1112 [Egypto

2141 1126 2335 1198 egredi
2360 1130 2718 1193 statuerunt;
2753 1125 2887 1198 quia
2918 1126 3020 1198 qui
3052 1127 3266 1182 mundo
3298 1132 3354 1182 et
3399 1129 3587 1199 pravis
3639 1129 3836 1200 operi-

2140 1215 2247 1270 bus
2295 1215 2646 1270 remuutiare
2701 1215 2916 1283 volunt,
2967 1213 3300 1270 savioribus
3345 1215 3755 1271 tentationibus
3807 1233 3842 1270 a

2142 1301 2368 1357 diabolo
2402 1301 2837 1373 impugnantur.

2213 1408 2374 1462 Vens.
2402 1410 2491 1463 2t.
2521 1439 2589 1447 —
2627 1407 2822 1464 Videat
2863 1408 3151 1478 Dominus,
3180 1413 3292 1464 etc.
3347 1409 3546 1477 (Gneo.
3599 1409 3634 1464 l.
3684 1427 3840 1477 xxix,

2143 1496 2362 1565 Moral.,
2391 1511 2515 1567 cap.
2548 1496 2650 1563 14.)
2686 1495 2827 1550 Cum
2865 1494 2958 1549 lux
2989 1495 3180 1550 divina
3205 1512 3305 1550 cor
3328 1496 3646 1552 humanum
3692 1498 3834 1552 illu-

2141 1588 2302 1651 strat,
2330 1599 2498 1654 usque
2528 1584 2792 1657 adquasi
2848 1583 3021 1640 fetere
3079 1600 3138 1638 se
3187 1584 3245 1639 in
3300 1585 3480 1640 oculis
3522 1585 3840 1642 Pharaonis

334 1694 509 1750 quem
538 1677 814 1733 habemus
843 1677 1143 1733 nobiscum
1187 1677 1480 1747 (habemus
1528 1677 1683 1732 enim
1732 1677 1921 1732 Mosen
1972 1681 2030 1732 et
2070 1683 2108 1738 Β
2144 1670 2316 1726 dolet.

335 1768 690 1840 prophetas,)
723 1767 781 1822 id
813 1771 918 1834 est,
951 1768 1039 1822 lex
1074 1767 1172 1822 Dei
1202 1767 1322 1822 vult
1355 1771 1409 1822 te
1443 1768 1682 1822 educere
1732 1767 1801 1822 de
1847 1765 2025 1838 Egy-

335 1861 452 1928 pto,
484 1856 530 1912 si
560 1857 757 1912 audias
788 1872 953 1924 eam;
988 1857 1082 1912 vnl
1112 1861 1168 1912 te
1211 1857 1382 1928 longe
1415 1856 1598 1912 facere
1629 1872 1662 1911 a
1709 1856 2025 1925 Pharaone,

334 1951 534 2002 eruere
559 1947 627 2002 de
659 1961 832 2017 opere
861 1946 972 2002 luti
998 1951 1054 2001 et
1079 1947 1374 2018 palearum
1407 1963 1421 2014 ;
1456 1946 1503 2000 si
1558 1950 1754 2002 tamen
1805 1945 2026 2009 audias,

333 2041 388 2092 et
417 2036 790 2108 spiritualiter
817 2035 1144 2107 intelligas;
1191 2051 1306 2090 non
1355 2035 1474 2088 vult
1529 2040 1585 2090 te
1641 2033 1702 2088 in
1739 2034 1925 2089 carnis
1977 2039 2031 2088 et

331 2126 696 2181 tenebrarum
741 2126 962 2180 actibus
1007 2139 1367 2195 permanere,
1429 2123 1525 2178 sed
1575 2121 1730 2177 exire
1780 2121 1851 2177 ad
1905 2137 2028 2176 ere-

331 2230 512 2282 mum,
546 2216 618 2270 ad
645 2215 835 2269 locum
865 2213 1076 2268 scilicet
1107 2211 1636 2285 perturbationibus
1664 2216 1721 2266 et
1757 2210 2030 2266 fluctibus

332 2305 526 2358 saculi
551 2319 812 2370 vacuum,
840 2307 896 2358 et
950 2304 1018 2357 ad
1071 2302 1324 2374 quietem
1375 2301 1608 2356 silentii.
1659 2300 1840 2356 Verba
1875 2299 2027 2354 enim

332 2392 630 2464 sapientia
683 2392 743 2447 in
793 2392 1016 2448 silentio
1085 2395 1142 2446 et
1199 2390 1390 2463 quiete
1439 2389 1756 2444 discuntur.
1803 2389 1868 2442 In
1921 2387 2031 2442 hoc

331 2481 456 2535 loco
507 2480 720 2552 poteris
770 2481 1015 2536 Domino
1058 2479 1357 2541 immolare
1402 2479 1587 2549 legem
1634 2477 1758 2544 Dei,
1807 2481 1865 2533 et
1920 2477 2032 2531 vir-

331 2575 517 2624 tutem
543 2570 751 2624 divina
805 2570 957 2624 vocis
1002 2584 1330 2641 agnoscere.
1381 2568 1514 2624 Ideo
1557 2567 1713 2638 cupit
1752 2567 1928 2622 Moses
1973 2571 2028 2621 te

330 2658 534 2728 ejicere
587 2658 656 2713 de
706 2658 971 2713 fluctibus
1024 2657 1386 2730 negotiorum
1449 2660 1504 2711 et
1560 2655 1795 2728 strepitu
1850 2671 2029 2726 popu-

329 2746 540 2814 lorum,
569 2751 625 2801 et
656 2745 726 2801 de
756 2745 1017 2818 Egypto,
1050 2745 1107 2801 id
1137 2749 1219 2801 est
1248 2746 1317 2801 de
1366 2745 1617 2800 tenebris
1663 2743 2023 2816 ignorantia,

329 2838 392 2888 ut
420 2834 603 2905 legem
641 2834 739 2889 Dei
770 2835 966 2889 audias
997 2839 1053 2890 et
1080 2834 1269 2889 lucem
1292 2833 1545 2889 scientia
1575 2833 1783 2904 capias.

2209 1787 2477 1853 Quoniam
2525 1787 2708 1853 fetere,
2769 1790 2872 1841 etc.
2926 1785 3118 1855 (Ome.
3171 1788 3326 1844 Hom.
3379 1789 3456 1854 3.)
3508 1789 3832 1857 Allegorice.

2139 1875 2343 1928 Verum
2376 1874 2593 1941 dicunt,
2627 1875 2886 1946 quamvis
2918 1875 3194 1942 nesciant,
3228 1877 3375 1931 sicut
3419 1877 3684 1949 Caiphas,
3732 1879 3840 1950 qui

2136 1963 2258 2017 ait:
2318 1963 2556 2033 Expedit
2614 1969 2676 2018 ut
2733 1978 2875 2018 unus
2925 1967 3194 2020 moriatur
3243 1981 3346 2035 pro
3403 1968 3604 2036 populo
3647 1967 3832 2039 (Joan.

2135 2051 2496 2122 xvm);quid
2545 2051 2762 2107 diceret
2811 2052 3118 2108 nesciebat.
3168 2053 3326 2110 Sicut
3383 2055 3536 2110 enim
3585 2058 3835 2127 Aposto-

2137 2140 2225 2194 lus
2258 2139 2378 2195 ait:
2421 2141 2637 2197 Christi
2685 2141 2852 2196 bonus
2916 2140 3049 2196 odor
3101 2157 3307 2207 sumus,
3361 2145 3487 2199 aliis
3525 2146 3583 2198 in
3631 2148 3835 2211 vitam,

2135 2231 2264 2284 aliis
2295 2232 2352 2284 in
2379 2234 2622 2300 mortem,
2669 2229 2750 2284 ita
2797 2231 3164 2303 propheticus
3216 2248 3404 2286 sermo
3459 2234 3648 2287 suavis
3690 2235 3840 2289 odor

2137 2321 2223 2374 est
2243 2318 2641 2386 credentibus;
2672 2318 2863 2374 dubiis
2889 2335 3020 2374 vero
3068 2324 3126 2375 et
3149 2320 3480 2388 incredulis,
3517 2326 3574 2377 et
3602 2323 3702 2393 qui
3740 2322 3836 2378 fa-

2134 2411 2332 2462 tentur
2361 2422 2420 2462 se
2455 2407 2735 2478 populum
2769 2409 3100 2477 Pharaonis,
3134 2409 3278 2464 odor
3316 2410 3676 2465 exsecrabilis
3705 2411 3836 2466 etii-

2136 2495 2302 2551 citur.
2337 2496 2463 2568 lpse
2492 2512 2723 2568 quoque
2772 2497 2952 2552 Moses
3001 2497 3140 2552 dicit
3173 2498 3412 2554 Domino
3445 2515 3460 2553 :
3494 2499 3568 2554 Ex
3598 2515 3712 2571 quo
3757 2501 3843 2556 lo-

2135 2588 2301 2640 cutus
2339 2600 2465 2640 sum
2491 2601 2622 2640 cum
2655 2586 2972 2653 Pharaone,
3029 2586 3282 2642 afflixisti
3321 2588 3599 2659 populum
3627 2594 3837 2656 tuum;

2135 2673 2274 2745 quia
2301 2677 2612 2746 antequam
2650 2690 2838 2730 sermo
2881 2675 2982 2730 Dei
3013 2675 3298 2742 audiatur,
3333 2691 3450 2730 non
3478 2681 3565 2732 est
3592 2676 3838 2732 tribula-

2133 2761 2233 2829 tio,
2265 2761 2353 2816 vel
2384 2761 2662 2818 tentatio:
2696 2762 2796 2817 sed
2848 2763 2949 2818 ubi
2978 2762 3205 2834 signum
3253 2764 3390 2819 belli
3432 2763 3568 2820 tuba
3621 2765 3838 2836 pradi-

2132 2850 2372 2906 cationis
2428 2851 2761 2918 ostenderit,
2819 2851 3252 2908 tribulationem
3291 2869 3487 2925 pugna
3516 2855 3832 2924 consurgit.

398 2948 558 3004 Vsus.
621 2949 740 3005 4-8.
801 2947 998 3015 Quare,
1059 2948 1230 3004 Moses
1296 2951 1348 3002 et
1421 2946 1612 3002 Aaron
1689 2946 2020 3014 sollicitatis,
2057 2971 2096 3027 ο
2136 2940 2208 2995 Ex
2266 2956 2381 3012 quo
2428 2955 2565 3010 ergo
2613 2939 2773 3011 loqui
2829 2940 3002 3012 capit
3033 2941 3210 2996 Moses
3262 2945 3318 2996 et
3347 2945 3536 2996 Aaron
3579 2941 3649 2997 ad
3679 2942 3830 2997 Pha-

327 3041 432 3092 etc.
475 3037 683 3107 (0316.,
712 3036 874 3107 ibid.)
909 3038 1054 3092 Dum
1078 3051 1270 3092 secum
1303 3039 1391 3091 est
1415 3035 1681 3107 populus,
1735 3037 1792 3088 et
1836 3035 2020 3089 lutum

326 3129 426 3180 aut
455 3125 695 3181 laterem
727 3129 1018 3197 Operatur,
1051 3125 1188 3180 dum
1223 3125 1282 3180 in
1311 3123 1493 3196 paleis
1526 3128 1856 3194 occupatur,
1905 3139 2022 3177 non

327 3218 492 3285 putat
529 3232 648 3270 esse
701 3231 1056 3287 perversum,
1113 3215 1212 3269 sed
1263 3218 1414 3269 recte
1454 3212 1735 3268 incedere.
1779 3211 1839 3267 Si
1886 3227 2018 3266 vero

325 3305 495 3373 dicat,
530 3305 665 3360 Volo
704 3305 786 3360 ire
842 3304 1069 3360 dierum
1112 3303 1288 3358 trium
1326 3303 1499 3370 viam,
1549 3307 1605 3357 et
1647 3301 1856 3356 servire
1909 3303 2016 3356 Do-

325 3393 504 3460 mino,
537 3393 783 3465 perverti
818 3393 1099 3464 populum
1143 3392 1279 3448 dicit
1322 3407 1427 3462 per
1477 3392 1665 3446 Mosen
1705 3394 1762 3445 et
1806 3394 2014 3445 Aaron.

327 3481 504 3536 Hodie
537 3497 769 3554 quoque
801 3481 848 3536 si
876 3481 1056 3535 Moses
1086 3485 1142 3535 et
1173 3484 1378 3546 Aaron,
1426 3479 1484 3534 id
1527 3484 1613 3534 est
1650 3477 2018 3549 propheticus

324 3575 381 3624 et
429 3561 792 3625 sacerdotalis
844 3585 1031 3624 sermo
1086 3568 1339 3623 animam
1401 3567 1664 3622 sollicitet
1707 3569 1777 3620 ad
1836 3565 2018 3620 servi-

325 3663 506 3713 tutem
542 3659 662 3726 Dei,
697 3659 849 3714 exire
878 3659 946 3712 de
977 3658 1206 3724 saculo,
1237 3657 1570 3711 renuntiare
1589 3655 1854 3710 omnibus
1887 3670 2016 3726 qua

323 3747 595 3817 possidet,
627 3748 920 3803 attendere
951 3746 1066 3818 legi
1095 3751 1154 3802 et
1179 3745 1352 3800 verbo
1385 3745 1484 3800 Dei
1514 3762 1526 3799 :
1583 3745 1858 3799 continuo
1910 3759 2017 3798 au-

321 3836 442 3890 dies
470 3835 770 3890 unauimes
797 3841 855 3890 et
874 3835 1087 3890 amicos
1119 3833 1430 3890 Pharaonis
1461 3833 1715 3889 dicentes
1747 3849 1760 3888 :
1823 3832 2017 3887 Videte

321 3925 612 3995 quomodo
653 3925 1006 3979 seducuntur
1034 3923 1314 3989 homines,
1347 3927 1403 3977 et
1433 3926 1842 3994 pervertuntur
1892 3921 2013 3974 ado-

324 4012 622 4079 lescentes,
655 4029 727 4067 ne
757 4013 1040 4076 laborent,
1081 4027 1152 4066 ue
1179 4011 1450 4078 militent,
1474 4026 1546 4066 ne
1575 4014 1751 4082 agant
1799 4009 2015 4081 aliquid

320 4102 478 4173 quod
515 4101 717 4173 prosit,
759 4101 970 4156 relictis
1014 4101 1183 4156 rebus
1232 4099 1567 4155 necessariis
1621 4099 1873 4171 ineptias
1927 4113 2014 4152 se-

322 4194 550 4245 ctantur
593 4194 650 4245 et
694 4190 898 4245 otium.
965 4189 1112 4255 Quid
1151 4193 1236 4244 est
1274 4188 1484 4243 servire
1535 4187 1693 4243 Deo?
1736 4187 2016 4242 Laborare

2135 3044 2393 3092 raonem,
2450 3028 2725 3099 afﬂigitur
2771 3029 3022 3101 populus
3062 3029 3182 3086 Dei.
3214 3031 3288 3086 Ex
3320 3046 3434 3101 quo
3482 3031 3543 3085 in
3572 3030 3829 3086 animam

2131 3121 2290 3172 tuam
2319 3133 2506 3172 sermo
2536 3117 2638 3172 Dei
2668 3117 2924 3189 prolatus
2953 3122 3058 3186 est,
3091 3122 3382 3174 certamen
3417 3119 3570 3174 intra
3599 3123 3654 3175 te
3684 3120 3826 3191 ,vir-

2131 3205 2348 3260 tutibus
2376 3209 2573 3260 contra
2601 3205 2738 3260 vitia
2767 3206 3094 3276 suscitatur,
3117 3223 3248 3278 qua
3273 3208 3436 3279 prius
3466 3207 3616 3263 intra
3663 3213 3718 3264 te
3765 3209 3829 3264 in

2129 3309 2267 3364 pace
2292 3293 2597 3348 durabant.
2624 3295 2732 3350 Sed
2763 3294 2864 3349 ubi
2901 3295 3087 3350 facere
3115 3295 3302 3367 capit,
3333 3311 3520 3351 sermo
3570 3296 3672 3352 Dei
3717 3313 3829 3352 cu-

2120 3383 2333 3455 jusque
2363 3383 2692 3452 discrimen,
2724 3384 2976 3440 turbatio
2999 3400 3207 3456 magna
3235 3385 3551 3458 consurgit,
3603 3389 3660 3441 et
3700 3386 3831 3443 sine

2126 3472 2336 3528 foedere
2366 3472 2620 3528 nascitur
2643 3473 2858 3528 bellum
2893 3489 2907 3528 :
2936 3473 3071 3544 quia
3118 3473 3399 3545 injustitia
3425 3473 3662 3546 jnstitia
3706 3491 3831 3531 non

2127 3561 2409 3631 convenit,
2453 3578 2560 3618 nec
2597 3562 2897 3618 sobrietati
2946 3562 3213 3631 ebrietas,
3247 3563 3337 3618 vel
3383 3563 3611 3618 veritati
3659 3579 3829 3619 men-

2127 3650 2374 3706 dacium.
2401 3651 2534 3706 Ideo
2558 3666 2676 3706 non
2705 3651 3008 3706 turbamur
3035 3651 3083 3705 si
3112 3651 3377 3707 videmur
3402 3652 3546 3707 odor
3567 3668 3828 3709 exsecra-

2127 3739 2256 3794 bilis
2289 3739 2591 3794 Pharaoni.
2634 3733 2962 3794 ExseCratio
2992 3739 3150 3795 enim
3179 3740 3305 3795 vitii
3353 3741 3562 3796 dicitur
3607 3741 3815 3797 virtus.

2127 3826 2238 3882 Sed
2285 3827 2431 3882 sicut
2482 3827 2640 3882 stetit
2683 3827 2861 3882 Moses
2906 3832 3038 3882 ante
3089 3828 3468 3899 Pharaonem,
3515 3834 3730 3884 stemus
3769 3836 3827 3886 et

2128 3932 2271 3984 nos;
2302 3932 2420 3972 nou
2461 3917 2779 3985 ﬂectamur,
2829 3919 3088 3972 succincti
3129 3918 3334 3973 lumbos
3371 3921 3431 3972 in
3479 3921 3720 3985 veritate,
3773 3926 3828 3975 et

2127 4005 2350 4060 calceati
2411 4005 2571 4074 pedes
2650 4007 2709 4059 in
2761 4007 3164 4075 praparatione
3225 4008 3514 4074 Evangelii
3599 4009 3819 4078 (Ephes.

2127 4094 2222 4160 vn).
2259 4093 2486 4148 Stemus
2540 4097 2731 4148 autem
2776 4093 3146 4161 conﬁdenter,
3202 4094 3510 4149 Dominum
3557 4094 3827 4166 depreca-

2127 4197 2278 4248 mur,
2311 4185 2375 4235 ut
2404 4185 2616 4236 statuat
2643 4182 2817 4252 pedes
2837 4186 3063 4237 nostros
3092 4197 3266 4252 supra
3315 4182 3543 4237 ﬁrmam
3573 4187 3822 4253 petram,

325 4279 530 4334 nolunt
559 4283 615 4334 et
645 4278 749 4333 otii
776 4278 1100 4333 occasiones
1141 4281 1407 4349 quarunt
1440 4293 1452 4331 :
1505 4276 1623 4330 hac
1674 4279 1836 4330 erant
1884 4280 2020 4329 tunc
2046 4266 2088 4320 D
2126 4286 2197 4324 ne
2229 4274 2564 4325 moveantur
2596 4270 2770 4340 pedes
2820 4270 3019 4324 nostri.
3074 4270 3302 4326 Stemus
3347 4275 3561 4337 autem,
3611 4270 3669 4325 id
3711 4276 3826 4337 est,

323 4368 496 4423 verba
525 4367 858 4433 Pharaonis,
889 4367 1011 4422 hac
1048 4371 1107 4422 et
1143 4381 1295 4420 nunc
1326 4365 1492 4420 amici
1533 4365 1653 4435 ejus
1679 4365 2013 4434 loquuntur.

322 4465 426 4504 nec
458 4451 642 4505 solum
688 4448 895 4511 verbis,
941 4447 1040 4502 sed
1085 4449 1142 4500 et
1190 4445 1521 4500 verberibus
1568 4447 2012 4515 persequuntur.

326 4538 626 4609 Flagellari
644 4537 808 4609 jubet
837 4534 1046 4591 scribas
1077 4533 1469 4600 Hebraorum,
1501 4534 1693 4604 paleas
1719 4547 1837 4586 non
1867 4529 2014 4597 dari,

321 4641 468 4698 opus
488 4625 669 4697 exigi;
693 4626 816 4680 hac
844 4623 998 4695 passi
1028 4628 1161 4678 sunt
1190 4627 1399 4694 patres,
1439 4626 1496 4677 et
1525 4636 1677 4676 nunc
1711 4620 1807 4675 Dei
1838 4635 2017 4690 popu-

321 4716 410 4770 lus
437 4715 672 4786 patitur.
725 4713 833 4778 Qui
883 4729 941 4766 se
986 4728 1052 4767 ex
1084 4711 1308 4783 integro
1333 4709 1581 4782 principi
1611 4709 1783 4780 hujus
1813 4708 2015 4762 mundi

321 4803 696 4871 tradiderunt,
737 4816 1008 4872 prospere
1045 4805 1254 4870 agunt;
1296 4799 1510 4864 omnia,
1545 4803 1606 4852 ut
1635 4801 1859 4868 putant,
1887 4796 2013 4850 feli-

319 4892 462 4947 citer
490 4891 763 4946 eveniunt
792 4906 805 4944 :
837 4888 1014 4943 servis
1043 4893 1234 4942 autem
1266 4887 1365 4942 Dei
1394 4887 1570 4942 etiam
1598 4887 1778 4965 victus
1807 4901 2016 4956 parvus

319 4985 376 5034 et
407 4979 642 5034 humilis
673 4993 785 5032 non
816 4975 1084 5031 succedit.
1126 4976 1223 5030 lia
1268 4979 1404 5030 sunt
1449 4975 1606 5028 enim
1655 4975 1836 5045 palea
1872 4967 2013 5044 -qua

321 5067 607 5123 dabantur
633 5083 668 5121 a
707 5067 1030 5132 Pharaone;
1064 5064 1216 5120 unde
1274 5063 1510 5136 quidam
1548 5061 1768 5132 fatigati
1812 5060 2016 5116 dicunt

321 5157 390 5211 ad
431 5156 832 5210 Pharaonem:
893 5154 1038 5220 Quid
1091 5159 1150 5208 tu
1204 5152 1412 5223 afﬂigis
1461 5151 1746 5223 p0pulum
1799 5149 2012 5203 tuum?

319 5246 584 5318 Snperati
630 5245 785 5300 enim
831 5243 1162 5299 verberibus
1223 5259 1257 5297 a
1300 5242 1412 5297 tide
1459 5242 1692 5314 cadunt,
1739 5243 1799 5294 et
1845 5237 2014 5292 conﬁ-

319 5342 513 5392 tentur
541 5351 600 5390 se
628 5350 750 5390 esse
780 5331 1089 5389 Pharaonis
1118 5331 1418 5402 populum,
1451 5345 1567 5385 non
1617 5328 1772 5384 enim
1813 5341 2012 5382 omnes

321 5425 423 5498 qui
447 5440 512 5478 ex
544 5424 736 5492 Israel,
764 5422 824 5477 hi
851 5427 984 5476 sunt
1008 5420 1294 5474 Israelita.

391 5540 549 5594 Vnus.
593 5542 738 5594 9-13.
790 5568 857 5577 —
919 5534 1311 5606 Opprimantur
1368 5533 1617 5604 operibus
1664 5536 1713 5588 et
1755 5532 2008 5602 expleant

2128 4357 2489 4424 obsistamus,
2523 4358 2836 4413 secundum
2865 4359 3052 4414 illudl
3095 4361 3243 4414 Petr.
3292 4375 3373 4414 v:
3422 4361 3534 4414 Cui
3578 4360 3826 4414 resistite

2122 4447 2292 4513 fortes
2322 4447 2382 4500 in
2417 4446 2523 4515 ﬁde
2555 4462 2568 4500 :
2610 4451 2670 4501 ut
2696 4448 2800 4502 cito
2829 4452 3140 4503 conteratur
3177 4449 3414 4504 Satanas
3452 4448 3552 4502 sub
3590 4447 3826 4518 pedibus

2123 4536 2343 4589 nostris.
2369 4534 2592 4599 Quanto
2623 4533 2778 4588 enim
2809 4551 2914 4588 nos
2964 4539 3288 4590 constanter
3334 4541 3390 4590 et
3437 4535 3662 4590 fortiter
3704 4540 3824 4591 sta-

2124 4638 2271 4691 mus,
2305 4626 2461 4678 tanto
2503 4621 2718 4677 Pharao
2734 4622 3038 4678 inﬁrmius.
3064 4623 3124 4679 Si
3153 4628 3344 4678 autem
3362 4624 3578 4679 inlirmi
3607 4625 3690 4678 vel
3715 4625 3823 4680 du-

2120 4710 2204 4765 bii
2257 4710 2618 4782 caperimus,
2673 4710 2915 4767 validior
2964 4713 3082 4767 tiet.
3143 4712 3286 4768 Cum
3355 4712 3512 4768 enim
3569 4714 3822 4768 elevaret

2124 4800 2301 4855 Moses
2333 4798 2554 4862 manus,
2595 4799 2930 4856 vincebatur
2956 4802 3223 4867 Amalec;
3256 4818 3385 4855 cum
3431 4803 3594 4873 quasi
3642 4803 3819 4856 lassas

2119 4888 2408 4958 dejiceret,
2458 4888 2853 4944 iuvalescebat.
2919 4891 3031 4944 Nos
3079 4905 3216 4961 ergo
3261 4890 3321 4944 in
3369 4889 3574 4945 virtute
3631 4893 3822 4946 crucis

2121 4975 2329 5032 Christi
2359 4977 2696 5032 extollamus
2727 4977 2976 5046 brachia,
3037 4983 3094 5032 et
3147 4979 3402 5033 levemus
3438 4979 3500 5034 in
3555 4980 3820 5035 oratione

2121 5066 2343 5118 sanctas
2406 5080 2628 5131 manus,
2690 5068 2752 5119 ut
2799 5064 2900 5118 Dei
2950 5064 3228 5120 auxilium
3278 5081 3619 5122 mereamur.
3675 5067 3822 5122 Hinc

2117 5151 2358 5207 Iacobus
2410 5152 2535 5207 ait:
2594 5153 2856 5208 Resistite
2909 5153 3124 5208 diabolo
3177 5159 3226 5208 et
3293 5156 3472 5222 fugiet
3541 5171 3584 5208 α
3671 5157 3825 5212 vobis

2121 5243 2253 5308 (Jac.
2302 5242 2412 5311 ιιι).
2457 5243 2709 5312 Agamus
2755 5257 2893 5312 ergo
2949 5246 3012 5297 ut
3064 5258 3178 5296 non
3236 5243 3422 5298 solum
3467 5242 3668 5314 fugiat,
3719 5249 3825 5300 sed

2118 5334 2444 5384 conteratur
2495 5330 2600 5385 sub
2655 5330 2893 5402 pedibus
2941 5331 3149 5386 nostris
3206 5331 3513 5387 exstinctus
3567 5332 3625 5387 in
3684 5350 3825 5404 pro-

2119 5417 2301 5473 fundo
2333 5417 2542 5489 abyssi.
3531 5421 3538 5426 ’

2197 5531 2306 5587 Nos
2359 5535 2548 5587 autem
2607 5531 2652 5586 si
2701 5533 3031 5588 recedamus
3089 5533 3158 5590 de
3227 5535 3470 5606 AEgypto
3517 5536 3822 5606 vitiorum,
