4064 6186
159 321 249 371 201
1302 322 1559 379 GLOSSA
1597 323 2000 381 ORDINARIA.
2044 354 2111 365 —
2153 326 2282 382 LIB.
2325 326 2534 382 EXOD.

3567 332 3674 385 202

158 442 366 495 ﬂuctus
400 444 595 496 saeculi
624 447 902 513 tanquam
954 444 1065 497 iter
1109 443 1360 499 solidum
1416 445 1711 500 evadimus
1761 464 1863 518 per
1897 450 1940 504 A
2048 449 2207 503 Vens.
2262 450 2439 502 27-30.
2480 477 2547 487 —
2586 450 2692 502 Iste
2743 448 2947 516 Moyses
3005 446 3243 519 (Suam)
3289 450 3402 504 Hoc
3451 465 3521 504 ex
3566 467 3670 505 suo

156 531 180 582 Ι
188 546 350 583 esum
387 532 700 585 Christum.

225 618 394 672 Vsus.
445 622 534 685 2'2,
594 623 686 674 23.
728 650 796 659 —
853 622 1091 686 Domine,
1140 636 1239 674 cur
1294 623 1557 688 afﬂimisti
1602 625 1873 692 populum

154 709 320 759 istum
346 710 377 760 ?
421 708 609 775 (AUG.)
652 709 776 762 Non
807 713 940 762 sunt
994 708 1116 762 hinc
1165 710 1335 763 verba
1382 712 1757 767 contumacia:
1782 713 1870 767 vel

157 796 599 866 indignationis,
632 798 730 851 sed
764 797 1154 869 inquisitionis
1184 802 1240 852 et
1270 801 1568 866 orationis,
1614 802 1757 855 sicut
1798 818 1868 856 ex

155 884 234 936 his
264 891 527 955 apparet
566 902 694 956 quae
728 886 1003 941 Dominus
1054 889 1367 959 respondit.
1425 892 1546 945 Non
1594 891 1749 945 enim
1778 906 1867 945 ar-

154 972 277 1039 guit
327 973 735 1028 inﬁdelitatem
769 975 916 1044 ejus,
948 974 1046 1029 sed
1074 976 1207 1045 quid
1239 976 1309 1030 sit
1335 977 1583 1032 facturus
1611 977 1859 1048 aperuit.

848 1107 1071 1162 CAPUT
1111 1109 1200 1163 VI.

220 1238 390 1290 Vens.
441 1240 560 1292 3-6.
614 1267 677 1279 -
712 1282 724 1292 .
761 1279 774 1291 .
810 1278 823 1292 .
874 1242 946 1293 Et
999 1254 1188 1293 nomen
1237 1254 1411 1294 meum
1471 1240 1697 1295 Adonei
1752 1258 1861 1297 non

154 1326 413 1380 iudicavi
434 1329 532 1381 eis.
566 1326 722 1381 Sicut
765 1327 890 1381 tibi.
953 1329 1058 1381 Per
1096 1328 1476 1382 successiones
1532 1330 1687 1383 enim
1727 1336 1858 1385 aeta-

152 1422 271 1467 tum
303 1416 488 1468 crevit
518 1416 727 1470 divinae.
756 1416 1097 1485 cognitionis
1138 1422 1533 1486 augmentum.
1573 1421 1862 1490 Apparuit

153 1505 443 1557 Dominus
496 1505 765 1569 Abrahae;
823 1506 1043 1557 locutus
1083 1512 1167 1559 est
1206 1506 1345 1558 facie
1376 1507 1447 1559 ad
1480 1507 1681 1561 faciem
1730 1524 1861 1562 cum

148 1592 333 1655 Mose;
376 1592 557 1646 David
581 1609 713 1646 vero
753 1593 831 1646 ait
860 1596 1059 1662 psalm.
1114 1610 1278 1647 cxvui
1317 1612 1328 1647 :
1364 1596 1538 1664 Super
1579 1612 1725 1652 senes
1771 1601 1864 1652 in—

154 1682 364 1748 tellexi,
412 1686 522 1735 etc.
576 1682 836 1751 Apostoli
889 1682 990 1735 Dei
1033 1682 1237 1736 Filium
1268 1689 1609 1751 praesentem
1667 1701 1861 1739 cerne-

148 1769 306 1835 bant,
340 1776 403 1823 et
443 1770 728 1841 quidquid
790 1770 1074 1835 volebant,
1136 1771 1585 1841 interrogabant,
1648 1774 1857 1844 quibus

148 1858 323 1911 etiam
364 1858 581 1912 dicitur
615 1860 773 1912 Lucae
807 1876 883 1912 u:
944 1861 1105 1915 Multi
1150 1876 1299 1927 reges
1326 1867 1375 1915 et
1403 1863 1697 1931 propheta,
1753 1870 1859 1917 etc.

216 1948 385 2001 Vens.
421 1953 480 2012 '7,
514 1950 564 2001 8.
597 1977 669 1988 —
708 1951 781 2001 De
822 1951 1093 2017 ergastulo
1142 1952 1539 2017 zEgyptiorum.
1592 1952 1858 2021 Ergastu-

149 2036 266 2088 lum
323 2040 385 2088 et
440 2034 843 2104 ergasterium,
907 2035 962 2088 id
1017 2042 1101 2089 est
1160 2037 1592 2105 operatorium:
1654 2039 1866 2093 scilicet

150 2123 245 2175 ubi
266 2122 358 2175 rei
387 2123 460 2175 ad
498 2138 673 2192 opera
710 2124 969 2177 facienda
996 2124 1405 2195 religabantur.

216 2211 388 2264 Vens.
418 2214 568 2265 9-11.
603 2241 672 2250 —
702 2213 821 2266 Non
875 2215 1259 2280 acquieverunt
1301 2218 1368 2278 ei,
1411 2216 1521 2267 etc.
1590 2215 1732 2268 Nota
1762 2215 1864 2267 Dei

149 2301 530 2354 clementiam
570 2317 731 2354 :non
758 2301 1013 2355 creditur
1069 2318 1102 2354 a
1154 2302 1287 2355 tiliis
1334 2304 1507 2357 Israel
1561 2308 1617 2357 et
1672 2308 1863 2357 tamen

150 2406 393 2444 monere
454 2405 572 2442 non
613 2395 810 2443 cessat.
878 2391 1280 2445 Contemnitur
1329 2407 1359 2443 a
1430 2392 1749 2459 Pharaone,
1811 2397 1865 2446 et

150 2478 576 2548 longanimiter
604 2481 910 2547 exspectat.

218 2569 380 2621 Vens.
422 2569 513 2632 t2,
560 2569 644 2620 13.
700 2596 769 2606 —
826 2569 957 2621 Ecce
981 2567 1107 2635 filii,
1150 2571 1259 2621 etc.
1318 2568 1490 2636 (AUG.
1544 2569 1742 2633 Quazst.
1798 2572 1862 2623 16

158 2662 203 2709 in
247 2656 470 2724 Exod.)
508 2656 654 2710 LXX.
705 2657 837 2709 Ecce
882 2671 975 2722 ego
1030 2657 1230 2721 gracili
1280 2672 1402 2710 voce
1449 2672 1567 2711 sum
1634 2662 1683 2711 et
1731 2672 1859 2727 quo-

156 2746 299 2799 modo
332 2744 606 2798 exaudiet
636 2760 718 2797 me
744 2746 979 2799 Pharao.
1014 2745 1135 2799 Non
1158 2745 1383 2799 videtur
1404 2752 1596 2800 tamen
1631 2752 1864 2817 propter

153 2834 594 2888 multitudinem
635 2833 830 2904 populi
880 2850 1146 2887 excusare
1189 2851 1246 2887 se
1292 2834 1360 2888 de
1395 2836 1545 2888 vocis
1573 2836 1860 2905 gracilita-

1982 536 2141 590 addit
2172 537 2394 599 Esdras,
2449 537 2550 607 qui
2591 552 2825 591 omnem
2885 537 3293 592 bibliothecam
3344 544 3473 609 post
3502 540 3679 610 capti-

1983 625 2213 679 vitatem
2257 625 2677 696 Babylonicam,
2699 626 2917 680 cunctis
2971 625 3129 680 libris
3160 644 3190 680 a
3220 626 3676 682 Nabuchodono-

1983 728 2075 766 sor
2094 714 2379 766 succensis
2412 714 2828 783 reparavit;vel
2856 712 2976 783 ipse
3002 714 3182 768 Moses
3206 714 3275 768 de
3309 730 3367 769 se
3404 720 3679 785 tanquam

1982 801 2050 855 de
2082 801 2194 855 alio
2224 801 2501 872 loquitur.

2642 889 2864 944 CAPUT
2910 890 3016 943 VII.

2054 977 2229 1031 Vens.
2292 980 2402 1031 1-6.
2474 978 2732 1045 Dixitque
2772 979 3027 1032 Dominus
3081 978 3155 1031 ad
3222 980 3475 1047 Moysen:
3550 983 3680 1035 Ecce

1976 1069 2231 1120 constitui
2259 1071 2307 1120 te
2333 1067 2629 1133 dominum,
2662 1071 2766 1119 etc.
2820 1068 2975 1134 (Anc.
3040 1067 3239 1132 Quast.
3284 1072 3341 1121 l7
3375 1071 3433 1122 in
3463 1070 3679 1140 Exod,

1976 1158 2095 1207 tom
2130 1155 2247 1226 IlI.)
2284 1154 2609 1209 Notandum
2640 1154 2792 1225 quod
2827 1170 2956 1208 cum
2991 1154 3056 1208 ad
3091 1155 3288 1226 populi
3325 1156 3672 1222 mitteretur,

1976 1258 2091 1296 non
2148 1244 2200 1297 ei
2256 1244 2472 1297 dictum
2517 1249 2647 1297 est:
2711 1244 2843 1296 Ecce
2891 1243 3021 1297 dedi
3086 1249 3140 1297 te
3199 1245 3378 1297 Deum
3436 1244 3673 1314 populo,

1976 1336 2033 1385 et
2060 1331 2236 1386 frater
2264 1337 2397 1386 tuus
2441 1332 2548 1385 erit
2605 1336 2737 1384 tuus
2775 1332 3084 1401 propheta;
3143 1334 3261 1399 sed,
3316 1333 3493 1386 frater
3541 1338 3675 1386 tuus

1978 1421 2245 1491 loquetur
2277 1421 2379 1474 tibi
2415 1421 2481 1474 ad
2535 1421 2834 1491 populum.
2871 1420 3094 1474 Dictum
3126 1426 3211 1475 est
3256 1421 3427 1475 etiam
3480 1423 3583 1475 erit
3621 1436 3677 1476 os

1994 1514 2161 1573 tuum,
2195 1515 2245 1563 et
2271 1514 2328 1563 tu
2356 1511 2437 1563 illi
2466 1512 2522 1562 in
2556 1511 2637 1563 his
2664 1525 2783 1578 quae
2810 1509 2884 1562 ad
2911 1512 3107 1577 Deum;
3159 1526 3274 1562 non
3309 1510 3523 1563 dictum
3564 1517 3673 1575 est,

1976 1601 2035 1651 tu
2082 1599 2167 1651 illi
2212 1600 2371 1651 Deus.
2407 1596 2697 1650 Pharaoni
2762 1602 2954 1650 autem
3013 1597 3222 1651 dicitur
3268 1598 3445 1650 Moses
3504 1598 3669 1651 datus

1976 1684 2135 1752 deus,
2170 1692 2223 1739 et
2263 1686 2578 1740 secundum
2610 1685 2934 1755 analogiam
2967 1686 3247 1756 propheta
3277 1686 3410 1740 Mosi
3443 1690 3527 1739 est
3576 1687 3674 1740 da-

1974 1778 2065 1826 tus
2096 1778 2308 1839 Aaron,
2336 1775 2430 1827 sed
2463 1774 2534 1827 ad
2580 1774 2957 1827 Pharaonem.
3013 1774 3112 1827 Hic
3152 1774 3477 1827 insinuatur
3506 1775 3672 1827 nobis

1973 1878 2038 1915 ea
2071 1862 2228 1933 loqui
2258 1863 2566 1933 prophetas
2599 1862 2697 1916 Dei
2728 1879 2855 1932 qua:
2902 1863 3145 1916 audiunt
3184 1862 3251 1917 ab
3285 1879 3380 1929 eo;
3416 1862 3674 1933 nihilque

1972 1951 2125 2005 aliud
2158 1968 2277 2005 esse
2332 1951 2665 2022 prophetam
2726 1952 2846 2017 Dei,
2882 1951 2991 2004 nisi
3021 1951 3443 2005 enuntiatorem
3479 1952 3675 2006 verbo-

1971 2055 2100 2092 rum
2124 2038 2225 2093 Dei
2254 2039 2607 2107 hominibus,
2638 2039 2736 2109 qui
2781 2040 2959 2093 Deum
3015 2040 3101 2093 vel
3142 2056 3257 2093 non
3283 2044 3544 2109 possunt,
3582 2041 3663 2094 vel

1972 2144 2085 2181 non
2110 2133 2405 2181 merentur
2435 2128 2654 2181 audire.

2042 2217 2231 2283 (Gneo.
2271 2218 2411 2271 hom.
2446 2218 2477 2270 8
2508 2232 2670 2285 super
2719 2217 2932 2283 Ezech.)
2981 2216 3303 2287 Aliquando
3350 2218 3496 2270 Deus
3527 2232 3669 2271 nuu-

1971 2305 2246 2375 cupative,
2293 2306 2601 2375 aliquando
2634 2305 3009 2358 essentialiter
3067 2306 3292 2359 dicitur.
3356 2306 3664 2374 Nuncupa-

1971 2394 2104 2459 tive,
2136 2399 2199 2447 ut
2218 2394 2307 2449 hic
2336 2410 2349 2447 :
2404 2394 2671 2450 Constitui
2695 2404 2742 2447 te
2795 2392 2951 2446 deum
2981 2394 3302 2446 Pharaonis.
3364 2393 3427 2446 Et
3479 2392 3616 2446 alibi
3648 2409 3661 2446 :

1969 2482 2209 2551 Applica
2250 2484 2400 2536 illum
2439 2481 2513 2535 ad
2529 2482 2670 2535 deos.
2716 2482 2784 2534 Et
2816 2480 2950 2534 alibi
2983 2497 2997 2534 :
3027 2484 3166 2534 Deus
3219 2483 3367 2535 stetit
3414 2483 3473 2534 in
3506 2496 3663 2549 syna-

1970 2586 2109 2638 goga
2136 2571 2374 2637 deorum,
2409 2575 2511 2623 etc.
2567 2569 2951 2623 Essentialiter
3010 2570 3155 2623 sicut
3192 2569 3325 2624 hic:
3367 2572 3479 2636 Ego
3545 2584 3663 2623 sum

1972 2662 2108 2713 Deus
2153 2659 2461 2725 Abraham,
2502 2660 2641 2712 Deus
2673 2659 2849 2722 Isaac,
2892 2664 2941 2712 et
2989 2661 3126 2711 Deus
3165 2658 3346 2719 Jacob,
3381 2656 3536 2726 quod
3565 2672 3665 2709 vo-

1970 2748 2092 2800 lens
2124 2749 2331 2801 Paulus
2372 2747 2690 2801 discernere
2718 2746 2832 2799 ait:
2867 2750 2953 2801 Ear:
2975 2747 3167 2814 quibus
3200 2748 3456 2799 Christus
3486 2760 3668 2799 secun-

1970 2836 2098 2889 dum
2127 2852 2341 2889 carnem
2367 2840 2529 2889 natus
2559 2839 2656 2901 est,
2700 2837 2797 2903 qui
2822 2839 2900 2889 est
2950 2838 3086 2889 Deus
3120 2834 3423 2888 benedictus
3454 2836 3512 2887 in
3564 2849 3663 2887 sw-

154 2931 224 2987 te,
255 2924 357 2977 sed
394 2923 577 2976 etiam
602 2926 837 2993 propter
866 2938 1044 2975 unum
1067 2922 1358 2976 hominem
1391 2924 1638 2977 :mirum
1670 2925 1716 2978 si
1744 2929 1859 2978 tam
1966 2926 2106 2978 cula.
2143 2923 2533 2993 Nuncupative
2584 2922 2741 2977 enim
2796 2922 3005 2977 dicitur
3048 2924 3192 2977 Deus
3241 2923 3391 2976 inter
3448 2923 3662 2990 omnia,

152 3013 385 3082 gracilis
406 3011 563 3064 vocis
598 3010 723 3075 fuit,
767 3016 830 3065 ut
868 3027 972 3064 nec
1004 3010 1072 3064 ab
1127 3028 1238 3065 uno
1278 3017 1466 3083 posset
1532 3013 1737 3067 audiri.
1772 3016 1856 3067 An
1892 3026 1930 3081 ρ
1971 3012 2348 3067 essentialiter
2374 3016 2564 3065 autem
2586 3028 2758 3081 super
2789 3012 2982 3065 omnia
3017 3029 3029 3078 ;
3060 3016 3124 3065 ut
3152 3027 3288 3081 ergo
3337 3010 3665 3065 ostenderet

153 3101 295 3153 forte
334 3100 541 3167 regius
572 3098 749 3152 fastus
777 3114 893 3152 non
924 3100 1291 3168 permittebat
1339 3116 1437 3154 eos
1482 3101 1551 3154 de
1601 3101 1862 3171 proximo

152 3188 332 3259 loqui.

224 3278 392 3330 Vens.
462 3277 637 3329 14-19.
695 3305 765 3314 —
815 3276 917 3329 Isti
975 3281 1101 3329 sunt
1162 3276 1460 3345 principes,
1541 3281 1643 3331 etc.
1697 3276 1857 3348 (Auc.

156 3366 364 3429 Quaest.
426 3365 535 3430 15.)
594 3363 796 3417 Volens
854 3364 1143 3433 Scriptura
1199 3364 1483 3433 originem
1530 3364 1705 3435 Moysi
1761 3366 1858 3419 de-

157 3459 506 3517 monstrare,
541 3452 694 3521 quod
736 3452 858 3522 ejus
911 3453 1056 3505 actio
1100 3452 1417 3522 expetebat,
1450 3469 1483 3505 a
1512 3454 1859 3523 primogeni-

158 3544 215 3593 to
237 3539 441 3606 Iacob,
476 3540 532 3593 id
568 3544 648 3593 est
674 3540 893 3606 Ruben,
926 3540 1133 3610 coepit;
1164 3540 1295 3593 inde
1326 3541 1397 3594 ad
1441 3541 1694 3609 Simeon,
1727 3541 1862 3594 inde

162 3630 225 3683 ad
276 3630 461 3683 Levi:
499 3628 645 3681 ultra
690 3644 1055 3698 progressum
1107 3645 1220 3682 non
1277 3634 1381 3695 est,
1442 3629 1576 3699 quia
1635 3646 1699 3683 ex
1737 3630 1863 3683 Levi

166 3718 363 3771 loses.
399 3718 468 3771 Hi
506 3722 699 3770 autem
729 3722 1273 3784 commemorantur,
1325 3716 1425 3787 qui
1476 3719 1595 3789 jam
1645 3734 1860 3772 memo-

159 3808 267 3859 rati
310 3807 548 3860 fuerant
605 3805 716 3859 illis
779 3806 1140 3876 septuaginta
1193 3805 1451 3877 quinque
1508 3807 1567 3859 in
1656 3807 1863 3877 quibus

160 3896 339 3950 Israel
371 3896 684 3948 intraverat
721 3894 782 3948 in
830 3894 1166 3965 Egyptum.
1209 3896 1335 3948 Non
1386 3895 1541 3949 enim
1591 3896 1864 3965 primam,

159 3986 250 4039 vel
281 3984 617 4049 secundam,
652 3984 748 4037 sed
782 3984 1011 4037 tertiam
1044 3983 1279 4051 tribum,
1331 3983 1391 4037 id
1421 3987 1506 4038 est
1532 3984 1861 4053 Leviticam,

162 4073 348 4128 voluit
379 4073 530 4126 Deus
560 4088 680 4125 esse
701 4072 1125 4127 sacerdotalem.

236 4163 400 4216 Vens.
423 4162 514 4214 20.
546 4189 619 4201 —
666 4161 889 4229 Accepit
930 4166 1108 4214 autem
1138 4162 1367 4215 Amram
1404 4176 1627 4216 umorem
1670 4161 1864 4215 Jocha-

162 4248 263 4301 bed
310 4254 420 4303 etc.
476 4248 706 4317 (Suum)
765 4252 999 4303 Amram
1051 4249 1462 4320 interpretatur
1533 4255 1695 4319 pater
1762 4265 1864 4303 ea:-

162 4339 335 4392 celsus
378 4338 481 4408 qui
510 4337 794 4407 signiﬁcat
845 4338 1163 4404 Christum;
1193 4337 1500 4403 Jochabed,
1532 4340 1631 4391 Dei
1657 4340 1861 4405 gratia,

165 4443 297 4498 quae
372 4426 660 4496 significat
708 4426 1055 4481 Ecclesiam:
1113 4428 1194 4480 Ex
1246 4426 1469 4481 Christo
1528 4430 1584 4479 et
1623 4426 1867 4480 Ecclesia

164 4516 421 4570 nascitur
453 4516 654 4584 Moses,
688 4516 745 4569 id
785 4520 873 4569 est
903 4516 987 4569 lex
1017 4514 1348 4586 spiritualis,
1407 4520 1463 4570 et
1493 4519 1704 4581 Aaron,
1767 4514 1866 4568 sci-

168 4607 299 4660 licet
323 4621 528 4659 verum
559 4605 957 4659 sacerdotium.

238 4696 471 4762 Accepit
508 4698 704 4758 autem,
746 4698 850 4747 etc.
880 4693 1009 4746 Haec
1037 4691 1106 4746 de
1134 4691 1288 4746 tribu
1342 4691 1487 4746 Juda
1516 4690 1642 4757 fuit,
1706 4707 1869 4745 soror

172 4785 419 4847 Naason,
454 4783 552 4852 qui
609 4782 717 4837 fuit
745 4782 1009 4852 princeps
1051 4781 1236 4836 tribus
1291 4781 1451 4835 Iudae
1494 4780 1553 4833 in
1602 4780 1863 4834 deserto:

172 4873 427 4925 nondum
482 4870 634 4923 enim
668 4875 1020 4941 praeceptum
1053 4876 1175 4924 erat
1226 4874 1291 4924 ut
1321 4869 1585 4940 quisque,
1618 4869 1685 4923 de
1716 4869 1869 4923 tribu

176 4978 269 5014 sua
300 4976 541 5015 uxorem
577 4959 873 5029 acciperet.
906 4959 1038 5013 Ideo
1066 4963 1258 5013 autem
1298 4959 1387 5012 hee
1445 4958 1651 5025 tribus,
1696 4957 1753 5011 id
1786 4963 1871 5011 est

179 5048 417 5103 Levitica
451 5053 508 5101 et
530 5049 756 5118 regalis,
787 5049 907 5118 jam
938 5052 1076 5101 tunc
1105 5046 1624 5117 conjungebantur,
1686 5050 1751 5100 ut
1788 5045 1869 5100 in-

183 5140 531 5208 telligeretur
560 5136 814 5190 Christus
842 5152 941 5189 rex
962 5138 1017 5189 et
1045 5135 1307 5189 sacerdos
1340 5134 1566 5189 futurus
1597 5149 1662 5188 ex
1695 5133 1796 5187 eis.

242 5228 400 5280 Vens.
454 5227 643 5278 21-26.
694 5254 754 5264 —
788 5225 917 5278 Filii
970 5239 1180 5293 quoque
1217 5224 1395 5286 Isaar,
1447 5226 1555 5277 etc.
1614 5221 1868 5293 (STRAB.)

186 5314 459 5377 Deseritur
491 5329 594 5367 cur
631 5314 797 5373 Core,
827 5327 999 5383 quem
1020 5327 1123 5381 pro
1153 5311 1455 5383 iniquitate
1483 5317 1635 5366 terra
1681 5311 1872 5365 vivum

190 5404 481 5469 absorbuit,
518 5402 582 5456 in
609 5401 947 5472 genealogia
987 5400 1274 5470 justorum
1318 5400 1562 5471 scriptus
1620 5400 1737 5455 sit?
1767 5399 1874 5455 Sed

194 5490 471 5546 hereticos
519 5505 653 5545 cum
706 5488 997 5543 catholicis
1036 5488 1095 5543 in
1146 5488 1391 5544 Ecclesia
1437 5488 1719 5559 signiﬁcat
1788 5488 1873 5542 fu-

197 5584 349 5635 illl'OS.

482 5652 768 5718 Paraon.
823 5648 1035 5715 CXIII.

1973 3099 2256 3153 Christum
2284 3098 2621 3152 naturaliter
2656 3099 2854 3164 Deum,
2902 3115 3019 3151 non
3071 3102 3292 3151 tantum
3328 3099 3529 3164 Deum,
3564 3098 3662 3152 sed
3700 3104 3720 3121 ⁶

1975 3189 2152 3241 Deum
2210 3203 2380 3257 super
2439 3187 2636 3241 omnia
2694 3203 2815 3241 esse
2869 3187 3226 3241 memoravit.
3277 3188 3466 3241 Justus
3508 3188 3661 3241 enim

1972 3276 2214 3346 quilibet
2259 3277 2406 3330 Deus
2449 3280 2556 3337 est,
2608 3276 2701 3329 sed
2735 3274 2883 3328 inter
2911 3275 3123 3341 omnia,
3177 3275 3311 3345 quia
3365 3291 3660 3345 nuncupa-

1970 3366 2082 3419 tive
2125 3381 2138 3419 :
2172 3364 2428 3419 Christus
2461 3369 2652 3419 autem
2685 3380 2857 3434 super
2886 3363 3100 3431 omnia,
3157 3363 3290 3434 quia
3327 3364 3664 3418 naturaliter

1972 3454 2139 3508 Deus.

2041 3542 2201 3612 (AUG.
2235 3541 2430 3607 Quaest.
2475 3544 2537 3595 18
2564 3540 2843 3611 inErod.)
2880 3541 3116 3595 Assidue
3164 3541 3301 3595 dicit
3334 3542 3503 3603 Deus,
3552 3544 3657 3593 etc.

1970 3646 2138 3700 usque
2197 3631 2272 3684 ad
2322 3631 2612 3697 indurabo,
2668 3630 2725 3684 id
2777 3636 2881 3697 est,
2939 3646 3114 3700 quam
3169 3630 3380 3685 durum
3438 3629 3509 3683 sit
3559 3628 3660 3681 de-

1971 3719 2325 3773 monstrabo.

2041 3808 2217 3862 Vnas.
2249 3811 2305 3873 7,
2338 3809 2390 3860 8.
2434 3835 2502 3846 --
2557 3808 2693 3859 Erat
2740 3811 2919 3859 autem
2956 3807 3123 3859 Moses
3171 3807 3443 3872 octoginta
3492 3819 3660 3857 anno-

1970 3912 2107 3961 rum,
2139 3900 2243 3950 etc.
2305 3894 2539 3965 (ΒΤΒΑΒ.)
2602 3896 2841 3964 Propter
2892 3893 3385 3947 circumcisionem
3417 3892 3649 3959 scilicet,

1973 3999 2101 4052 quas
2134 3987 2327 4036 octavo
2360 3982 2451 4035 die
2499 3982 2775 4035 celebrari
2815 3981 2977 4048 jussa
3006 3986 3090 4034 est
3123 3998 3136 4034 :
3195 3981 3453 4035 eamdem
3509 3980 3663 4033 enim

1973 4070 2448 4141 significationem
2480 4069 2653 4123 habet
2701 4068 3101 4139 octogenarius
3123 4084 3295 4140 quam
3344 4074 3400 4123 et
3430 4073 3662 4122 octona-

1972 4161 2090 4214 rius
2118 4159 2266 4214 infra
2304 4174 2437 4212 eum
2493 4159 2700 4212 minor.
2764 4160 2900 4211 Erat
2936 4161 3113 4211 autem
3171 4160 3336 4211 Moses
3392 4159 3665 4223 octoginta

1975 4264 2262 4303 annorum.
2316 4247 2555 4312 Quando
2605 4247 2780 4322 Moses
2828 4252 2884 4300 et
2938 4248 3128 4300 Aaron
3178 4245 3352 4299 locuti
3418 4249 3551 4298 sunt
3593 4244 3663 4298 ad

1910 4309 1951 4364 Ι)
1977 4338 2355 4401 Pharaonem,
2401 4336 2577 4390 Moses
2642 4339 2763 4389 erat
2820 4334 3234 4405 octogenarius,
3286 4335 3477 4386 Aaron
3529 4347 3663 4385 vero

1974 4425 2262 4496 octoginta
2291 4426 2463 4478 trium
2503 4439 2827 4478 annorum:
2874 4423 3010 4494 quia
3061 4423 3151 4476 lex
3197 4438 3298 4493 per
3326 4421 3666 4492 praedicato-

1976 4531 2064 4567 res
2121 4514 2193 4568 ad
2240 4518 2440 4583 gentes
2496 4512 2688 4566 oblata
2751 4510 3243 4565 circumcisionem
3311 4509 3666 4580 spiritualem

1975 4602 2190 4668 docuit,
2241 4608 2298 4655 et
2329 4600 2439 4671 ipsi
2481 4600 2729 4669 perfecte
2786 4598 3052 4653 mundari
3101 4598 3419 4665 studebant,
3476 4602 3532 4651 et
3587 4596 3667 4649 sic

1975 4690 2149 4744 ﬁdem
2180 4694 2388 4743 sanctae
2414 4688 2707 4743 Trinitatis
2738 4687 3143 4759 praedicabant.

2046 4780 2217 4833 Vens.
2249 4782 2300 4832 9.
2334 4807 2401 4819 —
2431 4778 2573 4832 Cum
2628 4777 2836 4831 dixerit
2892 4776 3041 4830 vobis
3071 4776 3303 4840 Pharao,
3355 4778 3461 4828 etc.
3504 4773 3664 4843 (AUG.

1977 4871 2177 4938 ()uwst.
2222 4870 2285 4920 19
2309 4871 2364 4919 et
2389 4866 2501 4936 20.)
2536 4866 2634 4920 Hic
2672 4882 2787 4919 non
2835 4869 2957 4919 erat
2995 4880 3138 4935 opus
3168 4880 3320 4931 voce,
3374 4879 3478 4933 pro
3507 4864 3669 4933 cujus

1977 4956 2291 5027 gracilitate
2348 4954 2648 5009 videbatur
2698 4954 2833 5009 Mosi
2886 4954 3051 5007 datus
3101 4956 3308 5019 Aaron,
3365 4952 3462 5006 sed
3510 4951 3673 5021 virga

1978 5052 2099 5099 erat
2126 5044 2476 5114 projicienda
2508 5049 2571 5097 ut
2597 5044 2764 5097 draco
2809 5042 2989 5095 ﬁeret.
3025 5042 3136 5095 Cur
3176 5041 3285 5095 hoc
3310 5056 3447 5111 ergo
3496 5042 3674 5096 Moses

1978 5133 2098 5204 ipse
2131 5149 2247 5187 non
2280 5133 2431 5197 fecit,
2466 5133 2573 5185 nisi
2604 5132 2737 5202 quia
2770 5130 3060 5185 meditatio
3100 5132 3290 5183 Aaron
3310 5130 3460 5184 inter
3484 5130 3675 5185 Mosen

1981 5224 2036 5274 et
2066 5220 2427 5274 Pharaonem
2465 5236 2692 5289 magna:
2722 5218 2855 5273 tidei
2904 5220 3152 5289 ﬁguram
3207 5218 3368 5287 gerit.
3407 5220 3519 5273 Hoc
3548 5235 3684 5289 quo.

1980 5326 2093 5380 que
2145 5308 2461 5363 notandum
2513 5308 2666 5379 quod
2713 5307 2989 5378 scriptum
3041 5312 3166 5361 est:
3217 5309 3445 5377 Projecit
3496 5310 3686 5362 Aaron

1982 5400 2200 5465 virgam
2231 5413 2385 5454 suam
2417 5414 2429 5451 :
2466 5396 2611 5451 forte
2640 5397 2686 5450 si
2726 5396 2959 5451 dixisset
2985 5396 3227 5467 proiecit
3252 5399 3493 5468 virgam,
3528 5398 3688 5451 nulla

1986 5487 2228 5557 quaestio
2284 5490 2455 5540 esset:
2520 5485 2675 5557 quod
2728 5492 2868 5539 vero
2916 5486 3075 5540 addit
3144 5502 3323 5555 suam,
3379 5502 3509 5539 cum
3555 5502 3683 5540 eam

1982 5576 2167 5629 Moses
2196 5573 2436 5641 dederit,
2495 5590 2609 5628 non
2667 5574 2876 5628 frustra
2916 5574 3146 5628 forsitan
3213 5574 3426 5708 dic't7um
3463 5578 3568 5625 est.
3611 5574 3693 5626 An
