4052 6180
377 329 479 382 203

992 322 1386 379 WALAFRIDI
1428 321 1676 379 STRABI
1718 320 1923 376 FULD.
1968 319 2087 376 MOI

2270 319 2328 374 P.
2371 317 2550 374 PARS
2589 319 2632 373 Ι.
2674 347 2742 356 —
2780 316 3232 373 THEOLOGICA.

3774 318 3877 370 204

379 455 500 507 erat
527 449 754 521 utrique
784 447 885 504 illa
916 448 1073 518 virga
1127 444 1469 512 communis,
1517 443 1820 514 cujuslibet
1874 457 2074 496 eorum
2115 445 2158 498 A
2189 474 2470 528 cynomya
2497 457 2786 523 educitur;
2819 456 2878 509 in
2901 455 3124 527 quinta,
3157 471 3286 509 cum
3319 471 3522 510 manus
3554 457 3783 512 Domini
3821 459 3886 512 ﬁt

381 541 688 605 diceretur,
721 555 920 594 verum
949 539 1232 593 diceretur
1252 536 1280 591 ?

359 695 365 700 .
453 646 699 715 (Snus)
732 644 900 711 Virga
956 643 1089 697 Mosi
1129 641 1416 697 Christum
1471 637 1779 708 signiﬁcat,
1850 635 1950 708 qui
2008 652 2075 690 ex

379 733 562 804 regali
607 733 782 802 stirpe
832 747 1062 784 carnem
1112 727 1375 799 sumpsit.
1428 727 1590 782 Unde
1657 727 1856 781 eadem
1915 725 2078 795 virga

379 822 439 875 in
465 821 765 875 colubrum
795 835 1084 885 conversa,
1119 833 1316 870 omnes
1346 815 1534 885 virgas
1557 815 1949 870 maleﬁcoru'm
1978 813 2076 866 de-

382 889 620 978 voravit,
682 910 816 978 quia
857 923 1009 960 mors
1079 904 1287 959 Christi
1344 909 1588 958 mortem
1638 909 1892 958 nostram
1938 917 2076 956 con-

381 999 643 1069 sumpsit.

451 1105 627 1165 (Ome.
664 1104 803 1156 hom.
845 1103 878 1154 4
913 1104 970 1154 in
1009 1099 1205 1166 Exod.)
1243 1099 1544 1168 Apostolus
1576 1097 1715 1152 dicit
1746 1098 1767 1150 Ι
1801 1097 1924 1151 Cor.
1954 1111 2072 1149 xiv:

377 1194 731 1250 Emulamini
759 1190 1081 1260 spiritantia
1115 1189 1258 1243 dona
1285 1190 1460 1254 magis
1495 1194 1674 1240 autem
1702 1191 1763 1240 ut
1788 1188 2074 1256 prophete-

381 1286 470 1336 tis.
505 1283 810 1335 Tentemus
841 1286 898 1332 et
917 1296 1022 1332 nos
1054 1277 1480 1332 zemulationem
1513 1276 1793 1330 bonorum
1824 1273 2074 1344 suscipe-

378 1387 460 1436 re,
493 1386 524 1423 a
565 1368 806 1422 Domino
834 1384 966 1420 vero
989 1365 1406 1437 plenitudinem
1439 1363 1694 1418 muneris
1719 1367 2070 1433 exspectare.

380 1460 488 1512 Pro
519 1458 627 1510 hoc
654 1455 809 1510 enim
839 1455 1044 1509 dicitur
1067 1455 1208 1524 psal.
1241 1469 1411 1507 Lxxx:
1446 1455 1619 1520 Aperi
1643 1467 1697 1506 os
1721 1457 1871 1505 tuum
1899 1455 1948 1505 et
1978 1453 2076 1504 im-

374 1547 529 1615 plebo
556 1545 696 1598 illud
729 1561 742 1609 ;
774 1544 991 1614 proillo
1018 1559 1152 1595 vero
1183 1559 1194 1594 :
1229 1542 1418 1608 Punge
1449 1543 1678 1606 oculum,
1719 1546 1768 1594 et
1822 1539 2074 1608 producit

379 1637 708 1702 lacrymam;
737 1649 919 1702 punge
959 1648 1064 1698 cor,
1098 1636 1147 1685 et
1192 1633 1446 1700 producit
1477 1646 1708 1684 sensum.
1752 1631 1895 1683 Puto
1936 1644 2073 1698 ergo

2188 562 2362 616 super
2391 561 2596 617 pecora
2627 544 3050 614 Egyptiorum,
3084 545 3353 599 dicuntur
3393 546 3624 601 similia.

2260 636 2418 688 Vans.
2481 638 2569 688 12.
2610 663 2678 673 —
2707 633 3000 687 Dracones.
3055 636 3178 702 Apo
3208 639 3305 687 tou
3361 630 3560 708 δέρκειν
3593 635 3882 700 dicuntur,

2185 722 2242 778 id
2278 728 2364 777 est
2392 723 2594 789 videre,
2632 722 2768 793 quia
2797 723 2992 776 vident
3016 722 3234 775 acutius
3261 723 3480 776 casteris
3517 723 3880 777 animalibus.

2259 831 2364 886 Sed
2421 829 2718 884 devoravit.
2777 834 2883 883 etc.
2931 830 3092 900 (AUG.
3146 830 3346 895 Quaest.
3379 830 3523 899 21.)
3577 830 3633 884 Si
3664 830 3879 884 dictum

2185 923 2351 984 esset,
2402 917 2714 971 Absorbuit
2763 916 2932 970 draco
2961 919 3151 970 Aaron
3195 918 3381 988 virgas
3412 934 3632 984 eorum,
3663 918 3878 972 intelli-

2185 1010 2418 1076 geretur
2447 1021 2612 1058 verus
2642 1004 2812 1058 draco
2845 1008 3035 1058 Aaron
3066 1005 3424 1075 phantastica
3462 1006 3737 1076 tigmenta
3763 1023 3877 1060 non

2183 1093 2565 1160 absorbuisse,
2613 1093 2712 1146 sed
2761 1093 2969 1164 virgas,
3032 1099 3159 1158 etc.,
3194 1110 3368 1162 usque
3417 1095 3491 1148 ad
3544 1097 3688 1149 Deus
3741 1112 3877 1148 vero

2184 1182 2337 1236 solus
2367 1188 2588 1236 creator
2615 1188 2700 1235 est
2729 1198 2912 1248 verus,
2947 1182 3046 1253 qui
3075 1198 3271 1236 causas
3297 1181 3471 1255 [ipsas
3510 1189 3568 1238 et
3615 1183 3870 1238 rationes

2184 1271 2520 1325 seminaries
2549 1271 2719 1324 rebus
2749 1271 3010 1325 inseruit.

2255 1379 2418 1432 Vnus.
2483 1381 2567 1444 13,
2631 1379 2714 1432 14.
2773 1407 2841 1418 -
2896 1377 3344 1446 Induratumque,
3422 1383 3529 1434 etc.
3590 1377 3881 1433 lnduravit

2187 1469 2335 1522 Deus
2367 1483 2463 1521 cor
2491 1465 2824 1531 Pharaonis,
2860 1467 2995 1537 quia
3025 1466 3314 1520 diabolum
3336 1467 3416 1520 ita
3437 1467 3730 1522 'induravit
3752 1471 3881 1538 post

2184 1562 2502 1626 peccatum,
2560 1561 2620 1609 ut
2677 1555 3030 1625 paenitentia:
3095 1556 3530 1626 compunctione
3581 1572 3879 1626 nunquam

2184 1643 2530 1710 emolliatur,
2577 1643 2722 1698 sicut
2775 1643 2833 1696 in
2861 1643 2966 1697 Job
2995 1658 3083 1696 xm
3115 1644 3322 1697 dicitur
3353 1660 3365 1698 :
3420 1645 3521 1700 Cor
3548 1646 3664 1713 ejus
3704 1645 3866 1698 indu-

381 1725 532 1793 quod
557 1724 730 1776 Moses
761 1721 830 1774 ad
863 1719 1169 1790 Egyptum
1201 1721 1455 1786 veniens,
1507 1723 1562 1771 et
1590 1717 1809 1787 virgam
1858 1717 2072 1781 ferens,
2118 1737 2157 1790 Β
2187 1734 2405 1790 rabitur
2430 1735 2591 1803 quasi
2613 1734 2772 1802 lapis_

381 1829 496 1881 qua
525 1811 761 1880 castigat
799 1815 854 1862 et
883 1810 1146 1861 verberat
1184 1809 1492 1878 Aigyptum
1525 1807 1721 1860 decem
1753 1805 1958 1876 plagis,
1986 1805 2076 1858 lex

387 1901 486 1954 Dei
519 1900 612 1964 sit,
634 1916 748 1970 qua
779 1898 1266 1953 mundumdecem
1297 1897 1498 1967 plagis,
1520 1896 1575 1950 id
1607 1900 1690 1948 est
1707 1895 2076 1949 decemman-

383 1989 525 2043 datis
557 1987 834 2056 decalogi,
864 1987 1136 2056 corripiat
1173 1991 1229 2038 et
1258 1985 1544 2039 emendet.
1605 1983 1771 2054 Virga
1811 1999 1925 2054 qua
1959 1985 2081 2037 haec

385 2081 679 2146 geruntur,
719 2077 990 2146 .Egyptus
1047 2073 1351 2144 subigitur.
1395 2079 1450 2126 et
1499 2074 1718 2127 Pharao
1759 2077 2081 2142 superatur,

390 2182 520 2220 crux
552 2164 757 2220 Christi
787 2172 890 2229 est,
922 2179 1025 2234 per
1056 2179 1229 2234 quam
1261 2163 1512 2216 mundus
1543 2165 1599 2216 et
1618 2160 1884 2232 princeps
1915 2176 2086 2214 mun-

390 2255 447 2308 di
506 2257 824 2324 superatur,
881 2252 934 2305 id
985 2257 1069 2305 est
1110 2250 1386 2316 diabolus,
1440 2266 1570 2303 cum
1626 2248 1979 2320 principibus
2032 2251 2088 2301 et

389 2343 783 2413 potestatibus.
846 2343 1012 2411 Virga
1057 2341 1312 2411 projecta
1363 2339 1428 2393 tit
1478 2339 1646 2393 draco
1691 2341 1776 2392 vel
1830 2354 2082 2410 serpens,

389 2438 447 2485 et
496 2433 730 2484 devorat
784 2429 1180 2500 [Egyptiorum
1239 2444 1542 2499 magorum
1596 2432 1908 2498 serpentes.
1961 2427 2084 2480 Ser-

389 2536 530 2590 pens
564 2535 694 2572 vero
750 2535 854 2588 pro
900 2518 1178 2588 sapientia
1228 2518 1315 2570 vel
1374 2516 1677 2587 prudentia
1719 2516 1859 2586 poni
1913 2515 2084 2580 solet;

391 2608 541 2659 unde
594 2606 788 2659 Matth.
847 2622 880 2658 x
915 2623 927 2658 :
961 2608 1142 2659 Estote
1165 2605 1459 2674 prudentes
1493 2607 1631 2659 sicut
1659 2610 1951 2674 serpentes,
1976 2609 2083 2657 etc.

391 2695 454 2748 Et
482 2695 618 2748 Gen.
655 2711 710 2747 ιιι
748 2711 760 2747 :
792 2694 1019 2762 Serpens
1075 2699 1192 2746 erat
1251 2693 1578 2762 prudentior
1624 2695 1830 2746 cunctis
1882 2695 2088 2746 anima-

393 2782 556 2845 libus,
592 2788 698 2837 etc.
731 2782 878 2836 Crux
910 2798 1044 2852 ergo
1098 2782 1325 2847 Christi,
1359 2784 1519 2852 cujus
1565 2781 1890 2852 praedicatio
1947 2780 2088 2833 stul-

390 2877 447 2924 ta
475 2871 789 2936 videbatur,
827 2887 999 2942 quam
1023 2872 1219 2939 Moses,
1253 2871 1306 2924 id
1337 2876 1424 2924 est
1453 2872 1564 2936 lex,
1592 2871 1848 2924 continet
1875 2871 2092 2938 (secun-

391 2959 526 3012 dum
548 2959 691 3013 illud
715 2960 874 3013 Joan.
897 2975 930 3012 v
963 2975 975 3012 :
1010 2960 1093 3012 De
1109 2975 1190 3012 me
1219 2961 1358 3012 enim
1388 2958 1481 3013 ille
1495 2958 1757 3028 scripsit);
1783 2961 2085 3028 postquam

337 3113 360 3134 θ
391 3048 452 3101 in
484 3053 693 3102 terram
709 3049 962 3120 projecta
999 3054 1102 3114 est,
1135 3048 1193 3102 id
1221 3053 1305 3102 est
1344 3048 1413 3102 ad
1451 3047 1624 3102 tidem
1655 3047 1957 3101 hominum
1987 3062 2079 3099 ve-
2118 3038 2157 3092 C

393 3138 480 3191 nit
500 3155 768 3192 conversa
799 3143 883 3192 est
912 3138 970 3190 in
989 3137 1349 3207 sapientiam,
1386 3137 1519 3208 etjin
1550 3141 1767 3191 tantam
1796 3152 1924 3207 quae
1955 3151 2084 3188 om-

392 3243 525 3281 nem
581 3227 919 3298 sapientiam
961 3227 1375 3296 Egyptiorum,
1408 3226 1467 3279 id
1518 3231 1601 3280 est
1648 3225 1818 3295 hujus
1869 3223 2084 3286 mundi,

394 3317 707 3370 devoraret.
742 3317 966 3369 Intuere
1001 3314 1155 3368 enim
1195 3314 1484 3384 quomodo
1510 3315 1742 3368 stultam
1777 3315 1924 3368 Deus
1955 3313 2088 3366 fecit

395 3405 736 3475 sapientiam
811 3405 984 3474 hujus
1064 3403 1286 3470 mundi,
1372 3408 1677 3473 postquam
1761 3402 2088 3456 manifesta-

392 3494 473 3547 vit
511 3493 796 3547 Christum
835 3492 1168 3546 cruciﬁxum
1200 3507 1318 3545 esse
1353 3491 1452 3544 Dei
1483 3492 1751 3546 virtutem
1779 3497 1834 3544 et
1861 3489 2086 3561 sapien-

393 3583 532 3636 tiam
566 3599 578 3636 :
613 3587 669 3636 et
691 3582 984 3635 universus
1029 3580 1152 3650 jam
1205 3580 1453 3634 mundus
1510 3579 1950 3650 comprehensus
2004 3585 2091 3634 est

395 3671 575 3739 abeo,
607 3670 706 3741 qui
754 3670 945 3724 dixit]
995 3671 1102 3724 Cor
1156 3685 1260 3722 in:
1314 3669 1770 3739 Comprehendam
1821 3671 2090 3748 sapientes

412 3761 471 3812 in
502 3761 704 3812 astutia
733 3774 930 3813 eorum.
1012 3798 1014 3800 τ

469 3855 634 3908 Vens.
693 3857 775 3908 10.
820 3884 881 3896 —
929 3853 1179 3923 Tulitque
1209 3853 1398 3908 Aaron
1443 3857 1550 3907 etc.
1609 3853 1764 3921 (Isin.
1818 3853 1878 3906 in
1935 3852 2086 3918 Gen.,

401 3947 540 3996 tom.
601 3940 700 4011 V.)
758 3941 1020 4012 Tulitque
1063 3941 1281 4011 virgam
1345 3956 1538 3994 coram
1594 3940 1909 4007 Pharaone,
1959 3942 2088 4005 etc.,

395 4047 569 4101 usque
599 4031 674 4084 ad
705 4046 717 4083 :
755 4032 860 4084 Ero
888 4045 1030 4084 mors
1062 4034 1176 4099 tua,
1205 4046 1234 4084 ο
1261 4045 1423 4096 mors,
1459 4035 1566 4083 etc.

469 4139 599 4203 Qua:
655 4152 809 4190 versa
848 4141 924 4190 est
976 4139 1034 4189 in
1066 4137 1357 4190 colubrum.
1414 4136 1523 4189 Lex
1563 4133 1696 4188 Mosi
1743 4132 1906 4204 quasi
1960 4129 2092 4185 insi-

394 4227 532 4298 pida
561 4231 682 4279 erat
707 4229 768 4278 ut
797 4225 975 4293 virga,
1009 4225 1107 4278 sed
1137 4241 1300 4278 versa
1329 4224 1389 4296 in
1417 4223 1747 4290 colubrum,
1797 4222 1854 4276 id
1903 4225 1986 4274 est
2033 4220 2093 4273 in

394 4313 753 4385 spiritualem
805 4312 1268 4383 intelligentiam,
1330 4311 1599 4382 potabilis
1656 4311 1854 4365 effecta
1903 4314 1985 4363 est
2029 4313 2086 4362 et

399 4401 770 4457 delectabilis.

468 4511 630 4563 Vnus.
660 4511 743 4562 11.
789 4537 850 4548 —
891 4509 1113 4563 Vocavit
1153 4513 1329 4562 autem
1387 4507 1600 4560 Pharao
1647 4507 1939 4574 sapientes,
1981 4510 2087 4560 etc.

393 4598 700 4655 Sciendum
739 4596 878 4668 quia
913 4597 1000 4650 vel
1045 4595 1340 4650 diabolicis
1370 4595 1661 4665 tigmentis
1709 4596 2092 4666 spectantium

398 4687 593 4742 oculos
633 4685 998 4751 deludebant,
1043 4688 1102 4738 ut
1135 4701 1224 4738 res
1272 4685 1330 4737 in
1389 4701 1490 4737 sua
1545 4689 1749 4737 natura
1797 4689 2093 4738 monentes

395 4775 548 4830 aliud
578 4773 949 4841 viderentur;
1000 4773 1110 4839 vel,
1164 4773 1476 4826 secundum
1522 4772 1929 4841 Augustinum,
1974 4772 2094 4826 da:-

397 4880 613 4928 mones,
650 4863 912 4934 quamvis
941 4863 1075 4916 mali
1097 4867 1363 4916 naturam
1394 4877 1556 4914 suam
1591 4877 1705 4915 non
1737 4861 2090 4915 amiserunt:

397 4953 524 5006 ideo
545 4953 683 5006 dum
711 4969 814 5021 per
861 4951 1309 5006 incantationem
1349 4965 1550 5004 eorum
1582 4948 1825 5004 maleﬁci
1879 4948 2095 5019 aliquid

397 5040 621 5094 efticere
651 5045 950 5109 conantur,
983 5041 1310 5094 discurrunt
1349 5055 1453 5109 per
1485 5038 1786 5105 mundum,
1828 5043 1886 5092 et
1912 5038 2096 5092 subito

398 5126 618 5180 semina
641 5128 948 5196 eorum,de
980 5127 1190 5198 quibus
1216 5127 1320 5179 hoc
1351 5125 1562 5196 agitur,
1593 5125 1857 5180 afferunt.
1891 5125 2096 5196 Sicque

398 5231 464 5270 ex
491 5214 623 5279 illis,
656 5215 1021 5286 permittente
1063 5217 1178 5270 Deo
1228 5230 1404 5268 novas
1453 5230 1648 5268 rerum
1693 5214 1910 5286 species
1956 5230 2096 5286 pro-

399 5304 633 5359 ducunt.

467 5393 755 5449 Similiter.
789 5394 854 5448 In
886 5393 1071 5464 prima
1101 5393 1267 5463 plaga
1295 5392 1431 5447 dicit
1479 5408 1612 5446 cum
1668 5408 1817 5464 aqua
1864 5391 2100 5446 vertitur

396 5496 461 5550 in
486 5483 825 5554 sanguinem
855 5498 868 5546 ;
897 5488 952 5535 et
981 5483 1040 5535 in
1082 5482 1350 5548 secunda,
1403 5497 1534 5535 cum
1575 5497 1732 5535 ranae
1785 5478 2096 5535 ebulliunt;

398 5575 455 5623 et
483 5571 541 5622 in
571 5568 740 5623 tertia
770 5583 900 5622 cum
931 5567 1196 5636 ciniphos
1248 5567 1558 5638 ingruunt;
1604 5569 1663 5622 in
1697 5572 1920 5638 quarta,
1968 5584 2097 5624 cum

2263 1840 2420 1894 Vens.
2456 1841 2537 1901 135,
2576 1841 2656 1891 16.
2693 1868 2759 1876 —
2791 1837 2941 1891 Vade
2969 1837 3044 1891 ad
3091 1853 3208 1892 eum
3257 1854 3431 1906 mane,
3477 1853 3590 1892 ecce
3641 1839 3884 1906 egredie-

2191 1931 2300 1991 tur,
2336 1930 2439 1979 etc.
2475 1926 2656 1992 (ORIG.
2687 1927 2826 1981 hom.
2877 1927 2952 1994 4.)
3011 1926 3202 1980 Primo
3251 1925 3485 1996 quidem
3541 1941 3658 1979 non
3714 1927 3889 1980 intrat

2191 2014 2366 2068 Moses
2423 2013 2495 2067 ad
2557 2015 2932 2078 Pharaonem,
2990 2013 3087 2068 sed
3147 2013 3392 2066 occurrit
3449 2013 3503 2066 ei
3535 2014 3764 2067 exeunti
3817 2015 3887 2067 ad

2191 2119 2405 2173 aquas;
2443 2108 2640 2173 postea
2667 2119 2800 2157 vero
2827 2103 3041 2168 intrat;
3069 2107 3198 2172 post
3226 2103 3349 2156 haec
3402 2117 3504 2156 nec
3543 2103 3734 2170 intrat,
3788 2104 3890 2158 sed

2191 2190 2496 2244 accersitus
2549 2191 2809 2245 accedit:
2841 2191 2977 2258 quia
3007 2190 3123 2244 sive
3148 2190 3310 2244 nobis
3366 2190 3426 2244 in
3475 2191 3644 2245 verbo
3685 2191 3784 2246 Dei
3833 2197 3892 2246 et

2193 2278 2504 2332 assertione
2561 2278 2856 2350 religionis
2917 2282 3203 2332 certamen
3261 2283 3344 2333 est
3394 2295 3523 2334 cum
3574 2279 3888 2349 Pharaone,

2195 2368 2310 2420 sive
2355 2367 2612 2421 obsessas
2651 2368 2721 2421 ab
2778 2384 2844 2420 eo
2907 2367 3126 2421 animas
3186 2368 3408 2438 eripere
3479 2383 3776 2436 conamur,
3836 2374 3891 2423 et

2195 2453 2366 2508 estin
2405 2454 2659 2508 nobisin
2710 2455 3100 2525 disputatione
3159 2457 3468 2522 luctamen,
3526 2473 3640 2511 non
3702 2459 3893 2528 prima

2194 2542 2378 2596 fronte
2407 2542 2630 2612 ingredi
2663 2543 2939 2597 debemus
2966 2543 3038 2597 ad
3067 2543 3273 2598 ultima
3303 2546 3687 2614 quaestionum
3741 2547 3893 2611 loca,

2195 2631 2292 2685 sed
2320 2632 2734 2686 occurrendum
2767 2636 2852 2686 est
2893 2632 3056 2686 nobis
3107 2633 3448 2700 adversario,
3480 2638 3536 2687 et
3583 2634 3654 2688 ad
3711 2651 3896 2706 aquas

2196 2733 2346 2784 suas,
2406 2717 2460 2772 id
2494 2725 2598 2785 est,
2660 2721 3027 2773 auctoritates
3083 2723 3341 2791 gentium
3398 2722 3893 2792 philosophorum,

2195 2812 2260 2862 ut
2281 2807 2435 2878 ipsos
2465 2807 2654 2878 primo
2681 2825 2990 2880 arguamus
3021 2815 3076 2864 et
3104 2827 3321 2864 errasse
3356 2811 3690 2878 doceamus;
3727 2811 3894 2866 dein-

2194 2897 2262 2950 de
2301 2897 2741 2967 ingrediendum
2775 2899 2843 2952 ad
2872 2899 3147 2952 interiora
3171 2899 3516 2972 certaminis.
3554 2901 3696 2954 Dicit
3735 2902 3895 2955 enim

2197 2985 2469 3038 Dominus
2497 3003 2508 3039 :
2535 2987 2657 3042 Nisi
2685 2989 2807 3055 quis
2835 2990 2989 3056 prius
3040 2989 3353 3056 alligaverit
3383 2991 3578 3055 fortem
3619 3004 3725 3042 non
3789 3007 3898 3058 po-

2197 3078 2297 3128 test
2337 3077 2546 3128 intrare
2607 3077 2665 3128 in
2707 3075 2922 3130 domum
2973 3077 3088 3145 ejus
3168 3081 3219 3130 et
3267 3092 3401 3131 vasa
3483 3080 3596 3146 ejus
3655 3078 3903 3148 diripere

2194 3148 2402 3218 (Marc.
2437 3164 2551 3232 xu).
2603 3164 2767 3218 Prius
2807 3181 2943 3235 ergo
2993 3165 3259 3234 ligandns
3309 3171 3392 3220 est
3430 3166 3591 3220 fortis
3633 3172 3688 3220 et
3729 3184 3899 3236 quaa-

2197 3251 2451 3304 stionum
2486 3251 2722 3305 vinculis
2750 3251 3250 3324 constringendus,
3294 3259 3350 3307 et
3379 3254 3458 3307 ita
3481 3254 3900 3310 introeundum

2197 3340 2265 3394 ad
2327 3340 2652 3411 diripienda
2708 3357 2860 3408 vasa,
2894 3346 2952 3396 et
2990 3341 3311 3396 liberandas
3340 3342 3560 3396 animas
3594 3359 3735 3414 quas
3790 3344 3902 3398 de-

2199 3429 2456 3500 ceptione
2499 3434 2554 3484 et
2601 3429 2802 3484 fraude
2856 3431 3201 3499 possederat.
3278 3430 3442 3494 Quod
3501 3447 3631 3484 cum
3687 3431 3903 3503 smpius

2197 3517 2517 3582 fecerimus,
2579 3523 2634 3572 et
2685 3519 3006 3572 steterimus
3061 3523 3259 3574 contra
3325 3519 3536 3589 ipsum,
3623 3521 3902 3576 succincti

2197 3607 2412 3661 scilicet
2437 3607 2660 3669 lumbos
2695 3607 2752 3661 in
2783 3607 3042 3674 veritate,
3087 3613 3144 3662 et
3189 3612 3404 3662 stantes
3433 3608 3494 3661 in
3539 3609 3804 3674 Domino,
3842 3615 3905 3664 et

2197 3695 2440 3750 viriliter
2467 3701 2722 3766 agentes,
2759 3695 2959 3750 artifex
3007 3695 3278 3766 antiquus
3328 3700 3384 3750 et
3411 3696 3651 3750 callidus
3680 3696 3902 3751 victum

2199 3801 2256 3839 se
2283 3783 2572 3838 simulabit
2614 3788 2670 3838 et
2697 3785 2919 3850 cedere,
2952 3789 3016 3838 ut
3058 3785 3504 3855 negligentiores
3554 3802 3656 3838 nos
3721 3785 3904 3840 faciat

2200 3874 2271 3928 ad
2303 3879 2614 3927 certamen.
2648 3874 3050 3928 Paenitentiam
3085 3891 3316 3946 quoque
3342 3875 3658 3938 simulabit,
3687 3874 3902 3945 depre-

2199 3962 2420 4016 cahitur
2451 3977 2552 4016 nos
2592 3962 2902 4029 discedere,
2935 3963 3031 4016 sed
3066 3979 3183 4017 non
3214 3963 3380 4034 longe
3415 3981 3427 4017 :
3480 3965 3603 4018 vult
3650 3980 3754 4018 nos
3783 3964 3904 4018 ali-

2199 4067 2311 4122 qua
2339 4055 2499 4120 parte
2537 4050 2645 4106 sibi
2694 4067 2813 4104 esse
2841 4051 3074 4105 vicinos.
3108 4051 3216 4106 Sed
3275 4052 3384 4105 nisi
3415 4052 3482 4105 ab
3541 4069 3607 4106 eo
3655 4053 3906 4123 longius

2205 4139 2558 4206 recedamus,
2617 4144 2672 4194 et
2713 4156 2868 4194 mare
2902 4145 3278 4207 transeamus,
3337 4144 3392 4194 et
3438 4140 3691 4194 dicamus
3737 4141 3905 4210 cogi-

2201 4227 2440 4297 tatione,
2472 4228 2781 4295 locutione,
2814 4232 2869 4282 et
2899 4244 3109 4300 opere:
3176 4229 3465 4294 Quantum
3520 4230 3690 4284 distat
3737 4235 3908 4284 ortus

2135 4323 2177 4378 1)
2207 4316 2276 4370 ab
2330 4316 2639 4382 occidente,
2674 4321 2898 4370 tantum
2953 4316 3086 4370 fecit
3124 4333 3158 4370 a
3208 4318 3372 4373 nobis
3414 4317 3746 4390 iniquitates
3793 4335 3908 4374 no-

2202 4407 2363 4469 stras,
2419 4403 2559 4457 salvi
2596 4419 2715 4456 esse
2774 4420 2889 4458 non
2939 4421 3266 4474 possumus.
3323 4407 3560 4460 Oremus
3618 4422 3754 4477 ergo
3797 4407 3910 4461 mi-

2204 4491 2568 4545 sericordiam
2604 4491 2721 4557 Dei,
2755 4496 2820 4544 ut
2855 4497 2912 4546 et
2941 4509 3046 4546 nos
3076 4493 3282 4564 eripiat
3326 4495 3394 4548 de
3442 4500 3594 4548 terra
3644 4497 3905 4565 Egypti,

2202 4578 2272 4632 de
2306 4584 2579 4649 potestate
2626 4581 3013 4648 tenebrarum,
3057 4587 3113 4635 et
3145 4583 3500 4638 Pharaonem
3549 4600 3680 4638 cum
3733 4599 3908 4638 exero

2201 4669 2314 4722 citu
2346 4685 2448 4722 suo
2472 4675 2746 4739 tanquam
2783 4671 3088 4740 plumbum
3119 4671 3412 4742 demerget
3439 4673 3501 4726 in
3533 4689 3680 4744 aqua
3725 4677 3910 4728 vehe-

2203 4756 2580 4810 mentissima.
2618 4757 2729 4810 Nos
2758 4763 2950 4812 autem
2984 4758 3208 4814 liberati
3238 4776 3366 4814 cum
3391 4761 3600 4831 gaudio
3631 4766 3685 4814 et
3713 4764 3914 4816 exsul-

2204 4845 2420 4900 tatione
2447 4844 2726 4915 hymnum
2773 4850 3068 4902 cantemus
3125 4849 3385 4904 Domino.
3445 4850 3696 4904 Gloriose
3740 4851 3912 4906 enim

2204 4932 2616 4986 honoriﬁcatus
2645 4939 2743 5001 est,
2773 4939 2879 4988 etc.

2277 5021 2455 5090 (1511).)
2506 5022 2694 5092 Plagae
2735 5022 2796 5076 in
2854 5024 3093 5094 λεωρῑο
3141 5025 3513 5096 corporaliter
3543 5031 3716 5098 gestae
3745 5034 3917 5095 sunt,

2206 5109 2305 5163 sed
2334 5110 2394 5162 in
2452 5109 2615 5163 nobis
2673 5111 3047 5182 spiritualiter
3094 5119 3391 5184 geruntur.
3425 5116 3697 5188 1Egyptus
3745 5118 3921 5174 enim

2208 5197 2400 5252 smculi
2431 5197 2618 5252 forma
2640 5205 2742 5255 est.

2281 5305 2439 5358 Vsus.
2495 5308 2678 5360 17-19.
2751 5336 2820 5346 —
2882 5309 3101 5377 Aquam
3165 5309 3432 5378 fluminis,
3492 5314 3597 5364 etc.
3666 5310 3927 5384 (8mm)

2208 5395 2372 5463 Aqua
2424 5393 2484 5446 in
2525 5394 2865 5464 sanguinem
2938 5413 3098 5452 versa
3155 5399 3507 5454 mundanam
3563 5399 3924 5469 sapientiam

2210 5480 2514 5552 signiﬁcat,
2547 5482 2606 5536 in
2635 5500 2746 5554 qua
2803 5485 2991 5539 omnis
3029 5486 3129 5557 qui
3166 5487 3440 5542 manserit
3469 5493 3728 5556 necatur,
3761 5489 3925 5546 sicut

2212 5569 2273 5623 in
2297 5571 2573 5641 sanguine
2601 5571 2788 5642 piscis.
2837 5574 3122 5630 Mundana
3149 5575 3306 5630 enim
3353 5576 3632 5647 sapientia
3659 5577 3924 5634 stultum
