4052 6180
194 310 271 361 205
1283 307 1537 363 GLOSSA
1573 306 1974 362 ORDINARIA.
2018 336 2086 344 --
2129 306 2259 361 LIB.
2303 305 2506 361 EXOD.

3543 318 3644 372 206

193 435 317 501 putat
344 430 518 483 Deum
549 444 655 498 pro
685 427 1012 483 hominibus
1042 428 1218 495 mori;
1256 429 1389 484 huic
1410 445 1548 500 ergo
1607 429 1841 501 quicun-
1868 429 1918 484 A
1954 433 2302 500 praeceptum
2324 433 2407 482 est
2436 428 2506 482 de
2523 428 2827 483 dilectione
2850 430 3121 500 veritatis,
3146 432 3235 486 cui
3262 434 3549 488 contraria
3575 440 3668 490 est

196 535 275 591 que
296 518 589 571 adhaeserit
612 517 799 571 vivere
832 534 947 571 non
975 517 1207 587 poterit.

245 608 421 675 (Ome)
457 610 616 676 Aqua
664 606 919 660 ﬂuminis
975 606 1212 660 vertitur
1237 607 1297 659 in
1347 606 1722 677 sanguinem,
1750 608 1843 661 cui

194 696 519 750 Hebraeorum
545 710 753 764 pueros
782 695 1133 749 tradiderant
1188 696 1493 762 necandos,
1526 701 1593 749 ut
1649 702 1842 750 aucto-

191 787 305 839 ribus
330 784 553 837 sceleris
582 785 852 854 poculum
882 784 1143 837 redderet
1192 784 1486 855 sanguinis
1512 800 1523 837 :
1588 789 1644 838 et
1671 800 1842 838 cruo-

191 888 278 925 rem
302 872 499 942 polluti
529 871 792 942 gurgitis,
822 887 993 941 quem
1050 871 1378 941 parricidali
1439 872 1591 926 caede
1655 887 1845 927 macu-

186 963 413 1024 laterent,
449 962 705 1030 potando
736 960 1032 1014 sentirent.
1066 960 1386 1030 Allegorice
1416 977 1647 1031 quoque
1678 975 1844 1031 aqum

187 1048 368 1119 .Egypti
395 1048 638 1102 erratica
686 1052 743 1102 et
799 1048 1011 1101 lubrica
1055 1048 1529 1119 philosophorum
1582 1049 1846 1119 dogmata

184 1143 301 1201 sunt,
328 1153 469 1208 quos
526 1138 797 1206 parvulos
848 1153 1014 1190 sensu
1048 1142 1105 1191 et
1159 1138 1544 1208 intelligentia
1606 1138 1843 1207 decepe-

185 1238 403 1293 runtzat
427 1234 532 1287 ubi
575 1249 713 1288 crux
768 1234 976 1288 Christi
1029 1236 1221 1289 lumen
1276 1234 1527 1289 veritatis
1576 1235 1843 1301 ostendit,

184 1324 301 1377 necis
327 1338 562 1377 suorum
615 1322 676 1377 in
732 1339 927 1394 pcenas
982 1329 1039 1377 et
1091 1328 1316 1377 reatum
1372 1323 1669 1395 sanguinis
1722 1323 1847 1378 exi-

182 1416 370 1479 guntur.
412 1411 621 1465 Unde:
658 1413 830 1465 omnis
876 1413 1101 1477 sanguis
1159 1413 1258 1481 qui
1304 1411 1508 1480 effusus
1562 1416 1641 1466 est
1686 1426 1849 1480 super

179 1506 358 1565 terram,
384 1502 699 1567 requiratur
745 1516 781 1552 a
835 1503 1182 1568 generatione
1238 1501 1338 1554 hac
1392 1503 1604 1570 (Matth.
1666 1502 1846 1571 XXIII)-

230 1590 365 1642 νεεδ.
396 1591 488 1656 20,
520 1592 609 1642 2t.
645 1618 715 1628 —-
742 1592 869 1659 Quae
904 1605 1060 1643 versa
1107 1594 1186 1642 est
1217 1592 1275 1641 in
1332 1593 1674 1657 sanguinem,
1737 1594 1841 1643 etc.

180 1677 333 1747 filis.)
362 1678 622 1731 Primum
668 1682 1023 1747 praeceptum
1080 1678 1149 1732 de
1209 1678 1447 1731 colendo
1499 1694 1616 1731 uno
1679 1679 1841 1732 Deo:
1876 1711 1916 1764 Β

178 1766 273 1818 Non
299 1771 458 1820 erunt
490 1766 598 1820 tibi
624 1766 707 1820 dii
736 1767 832 1820 alii
861 1772 1071 1837 praeter
1100 1782 1192 1819 me
1216 1783 1228 1819 :
1264 1767 1451 1836 prima
1486 1769 1674 1836 plaga,
1700 1784 1848 1837 aqua

176 1854 219 1906 in
244 1854 569 1924 sanguinem
598 1872 777 1909 versa.
840 1856 1118 1925 Compara
1176 1855 1431 1924 primum
1492 1862 1843 1926 praeceptum

175 1942 339 2009 prima
366 1945 552 2013 plagas
584 1960 597 1998 :
635 1960 804 2013 aqua,
836 1944 905 1997 de
962 1960 1076 2013 qua
1132 1948 1480 2014 generantur
1531 1944 1744 2009 omnia,
1779 1944 1848 1998 si-

175 2030 370 2098 gniﬁcat
398 2048 588 2086 unum
620 2034 823 2100 Deum,
853 2049 919 2085 ex
950 2049 1064 2102 quo
1125 2032 1318 2086 omnia
1348 2050 1363 2101 ;
1424 2033 1673 2103 sanguis,
1732 2049 1846 2087 car-

176 2135 277 2173 nem
300 2123 625 2175 mortalem.
657 2125 823 2191 Aqua
861 2136 997 2190 ergo
1024 2137 1186 2175 versa
1233 2126 1318 2174 est
1366 2121 1427 2174 in
1483 2121 1844 2192 sanguinem,

174 2208 279 2275 quia
328 2214 790 2263 commutaverunt
821 2211 1053 2278 gloriam
1124 2211 1229 2263 Dei
1296 2211 1729 2279 incorruptibilis
1788 2214 1848 2265 in

170 2298 555 2351 similitudinem
589 2300 850 2365 imaginis
904 2299 1275 2366 corruptibilis
1334 2299 1580 2363 hominis,
1639 2303 1696 2353 et
1726 2300 1848 2353 haec

171 2385 365 2454 quidem
394 2386 779 2440 commutatio
808 2386 872 2439 ﬁt
898 2386 961 2439 in
989 2386 1156 2441 corde
1198 2386 1532 2457 impiorum.

221 2475 274 2527 In
300 2477 646 2541 sanguinem,
676 2480 787 2529 etc.
828 2473 973 2538 Quia
1004 2474 1103 2545 qui
1136 2475 1196 2528 in
1225 2492 1419 2529 rerum
1442 2475 1625 2530 causis
1656 2491 1850 2530 carna-

170 2562 268 2614 liter
293 2564 571 2627 sentiunt,
604 2562 937 2633 hujusmodi
990 2563 1449 2633 correptionihus
1501 2568 1843 2634 arguuntur,

173 2655 212 2703 ut
257 2666 317 2705 ex
370 2651 658 2722 qualitate
717 2666 1021 2721 poenarum
1078 2658 1389 2721 agnoscant
1457 2668 1627 2706 suum
1686 2668 1845 2706 erro-

170 2756 279 2793 rem.

220 2830 358 2883 Vsus.
394 2833 486 2896 22,
522 2831 613 2883 23.
643 2857 716 2869 —
744 2831 814 2882 Et
858 2827 1178 2882 induratum
1234 2834 1312 2882 est
1371 2844 1461 2883 cor
1511 2830 1839 2884 Pharaonis.

168 2919 521 2984 AraQuzst.
558 2916 674 2986 22.)
733 2916 965 2970 Videtur
1018 2921 1323 2986 propterea
1378 2932 1476 2969 cor
1530 2916 1844 2970 Pharaonis

1951 518 2176 571 dilectio
2234 516 2574 588 iniquitatis,
2633 518 2907 588 Loquitur
2937 520 3161 584 veritas,
3221 523 3529 593 perstrepit
3558 540 3659 577 va-

1952 606 2116 659 nitas.
2144 605 2281 660 Huic
2313 606 2598 659 contraria
2655 611 2738 660 est
2820 608 3068 661 secunda
3114 609 3302 679 plaga,
3388 626 3660 666 ranarum

1953 693 2321 760 abundantia,
2355 708 2600 763 quarum
2631 693 2944 763 loquacitas
2972 694 3284 750 vanitatem
3340 696 3651 766 signiﬁcat.

1952 783 2251 836 Amatores
2290 780 2540 835 veritatis
2565 797 2681 835 non
2711 782 2996 852 accipiunt
3051 800 3261 838 nomen
3306 784 3408 839 Dei
3467 785 3528 838 in
3561 801 3657 839 va-

1954 886 2112 936 num,
2155 870 2288 939 quia
2332 885 2363 922 a
2428 868 2663 923 veritate
2722 870 2782 923 in
2849 871 3291 926 vanitatemnon
3353 874 3651 929 recedunt.

1952 958 2059 1021 Qui
2089 963 2281 1011 autem
2308 957 2533 1011 veritati
2562 958 2979 1027 contradicunt,
3034 964 3090 1014 et
3129 962 3375 1015 vanitate
3441 962 3663 1033 decepti

1953 1046 2265 1117 decipiunt,
2324 1062 2478 1099 ranas
2531 1052 2681 1109 sunt,
2733 1048 2971 1102 taedium
3044 1048 3353 1104 inferentes
3405 1051 3661 1134 auribus,

1955 1151 2072 1188 non
2103 1134 2294 1188 cibum
2361 1135 2669 1190 mentibus.
2723 1138 2868 1191 Audi
2933 1138 3197 1192 homines
3241 1139 3663 1194 rationabiliter

1954 1222 2255 1292 loquentes
2304 1223 2444 1292 psal.
2505 1239 2677 1278 xvm:
2724 1226 2840 1280 Non
2868 1232 2995 1281 sunt
3054 1226 3274 1298 loquelas
3327 1245 3497 1297 neque
3544 1247 3660 1284 ser-

1955 1334 2131 1374 mones
2190 1335 2419 1388 quorum
2472 1336 2579 1375 non
2657 1322 2961 1377 audiantur
3044 1340 3191 1379 voces
3259 1341 3461 1380 eorum.
3510 1328 3661 1383 Audi

1956 1424 2170 1462 ranas:
2211 1411 2366 1464 Vana
2403 1410 2567 1464 locuti
2617 1416 2744 1466 sunt
2798 1415 3170 1481 unusquisque
3220 1414 3295 1468 ad
3346 1418 3658 1484 proximum

1957 1512 2134 1564 suum,
2168 1503 2273 1551 etc.

2032 1588 2196 1640 Vens.
2278 1590 2387 1641 7-9.
2478 1616 2551 1629 —
2614 1590 2869 1642 Fecerunt
2936 1594 3113 1643 autem
3204 1592 3451 1659 maleﬁci,
3549 1599 3658 1649 etc.

1962 1675 2166 1745 (AUG.,
2218 1682 2408 1745 quaest.
2468 1676 2580 1747 23.)
2635 1676 2924 1740 Quaeritur
2970 1678 3135 1739 unde,
3192 1678 3237 1731 si
3287 1680 3409 1748 jam
3450 1680 3661 1752 ubique

1954 1767 2166 1827 factum
2188 1769 2326 1817 erat.
2347 1764 2454 1817 Sed
2512 1764 2713 1817 similis
2771 1765 3010 1835 qumstio
3069 1771 3169 1835 est,
3233 1769 3387 1822 unde
3453 1785 3661 1840 aquam

1961 1848 2022 1904 in
2068 1853 2411 1922 sanguinem
2439 1853 2732 1913 verterint,
2765 1854 2944 1924 sijam
3000 1858 3119 1908 tota
3144 1871 3294 1926 aqua
3347 1858 3572 1928 Egypti
3604 1858 3663 1912 in

1956 1940 2293 2010 sanguinem
2324 1956 2484 1994 versa
2514 1941 2733 1994 fuerat?
2754 1941 2863 1995 Sed
2895 1941 3332 2013 intelligendum
3359 1950 3444 1999 est
3474 1947 3660 2017 regio-

1956 2044 2087 2081 nem
2123 2028 2220 2082 ubi
2257 2027 2360 2081 filii
2417 2028 2588 2082 Israel
2648 2028 3001 2099 habitabant,
3060 2031 3270 2085 talibus
3323 2032 3507 2103 plagis
3548 2050 3661 2088 non

1954 2116 2126 2171 fuisse
2184 2133 2532 2187 percussam,
2611 2122 2668 2171 et
2737 2117 2869 2173 inde
2914 2124 3225 2189 potuerunt
3278 2121 3660 2177 incantator‘es

1956 2204 2186 2258 haurire
2213 2222 2442 2276 aquam,
2505 2222 2677 2277 quam
2710 2206 2770 2259 in
2822 2207 3159 2277 sanguinem
3218 2216 3522 2278 verterent,
3572 2214 3657 2266 vel

1956 2309 2123 2347 ranas
2153 2294 2393 2348 educere
2441 2294 2512 2348 ad
2563 2295 3003 2349 ostentationem
3056 2298 3295 2367 magicae
3340 2301 3653 2369 potentias;

1956 2398 2287 2453 quanquam
2352 2388 2664 2454 potuerunt
2745 2384 2937 2451 etiam,
2998 2392 3301 2458 postquam
3358 2388 3457 2443 illa
3517 2406 3661 2444 com-

1956 2486 2150 2541 pressa
2197 2475 2348 2538 sunt,
2405 2471 2637 2525 facere:
2692 2471 2790 2525 sed
2837 2471 3129 2544 Scriptura
3182 2478 3467 2531 narrando
3521 2494 3654 2531 con-

1952 2559 2143 2630 junxit
2170 2559 2326 2629 quod
2356 2564 2552 2629 postea
2576 2559 2700 2613 fieri
2730 2560 2932 2630 potuit.

2030 2649 2188 2701 Vens.
2246 2648 2465 2717 10-14.)
2519 2677 2587 2686 —
2639 2648 2743 2712 Qui
2813 2649 3153 2718 respondit:
3202 2652 3353 2706 Cras.
3395 2654 3658 2723 (Tusca)

1956 2736 2176 2789 Pharao
2207 2752 2337 2789 cum
2362 2736 2505 2790 scire
2536 2737 2707 2789 vellet
2756 2753 2827 2789 an
2889 2737 3063 2807 Moysi
3120 2743 3176 2792 et
3219 2742 3410 2794 Aaron
3464 2758 3658 2813 preces

1952 2823 2170 2894 aliquid
2203 2824 2353 2895 apud
2381 2825 2559 2878 Deum
2591 2825 2847 2878 valerent
2877 2824 3026 2895 (illos
3070 2825 3222 2879 enim
3280 2843 3384 2896 per
3436 2833 3655 2882 noctem

1955 2912 2246 2982 quiescere
2306 2911 2705 2981 existimabat),
2762 2913 2868 2968 ait:
2940 2915 3093 2981 Cras,
3156 2919 3219 2967 ut
3276 2915 3518 2985 ipsemet
3585 2917 3656 2970 ad

169 3001 465 3058 induratum
535 3003 732 3067 fuisse,
788 3003 923 3073 quia
983 3003 1370 3057 incantatores
1444 3002 1845 3073 [Egyptiorum
1884 2998 1922 3052 C
1960 3000 2196 3054 ﬂuvium
2256 3000 2567 3071 profectus,
2646 3001 2867 3056 videret
2935 3020 3008 3056 an
3089 3019 3248 3057 ranae
3323 3010 3633 3059 cessassent

164 3092 337 3146 similia
364 3094 660 3147 fecerunt.
687 3091 797 3146 Sed
836 3092 1135 3162 sequentia
1191 3092 1395 3145 docent
1447 3095 1661 3161 quanta
1716 3091 1845 3145 fue-

163 3180 217 3232 rit
235 3180 318 3235 illa
368 3181 700 3242 obduratio,
755 3179 925 3234 etiam
984 3196 1113 3235 cum
1198 3180 1581 3234 incantatores
1626 3180 1843 3235 defece-

162 3275 286 3323 runt.
1367 3267 1409 3324 δ

216 3358 478 3425 νεαε.24,
515 3361 608 3412 25.
643 3387 713 3399 —
766 3357 1040 3411 Foderunt
1098 3362 1294 3423 autem,
1353 3361 1459 3411 etc.
1514 3357 1658 3421 Quia
1707 3373 1846 3426 gen-

161 3445 304 3500 tilitas
330 3451 580 3502 confusa
610 3447 681 3501 de
711 3446 1087 3499 meditatione
1116 3446 1402 3499 saecularis
1442 3446 1846 3516 philosophiae,

159 3550 259 3588 cum
288 3536 439 3590 videt
472 3534 629 3589 nihil
664 3534 832 3588 vitale
864 3550 967 3587 nec
997 3534 1224 3587 salubre
1252 3549 1371 3587 esse
1404 3534 1462 3586 in
1485 3534 1601 3601 illa,
1661 3532 1850 3587 studet

160 3622 524 3695 investigando
594 3623 1041 3693 circumquaque
1093 3635 1357 3693 quaerens
1438 3623 1705 3676 haustum
1758 3637 1847 3675 sa-

156 3711 514 3779 pientise,nec
572 3711 809 3776 invenit,
873 3711 1054 3765 donec
1090 3710 1387 3780 perveniat
1435 3710 1505 3766 ad
1555 3726 1687 3765 eum
1718 3709 1845 3781 qui-

155 3799 244 3852 ait:
272 3801 373 3865 Qui
401 3802 559 3865 sitit,
591 3800 800 3866 veniat,
836 3799 904 3853 ad
935 3816 1026 3853 me
1057 3804 1112 3853 et
1138 3799 1298 3855 bibat
1328 3798 1509 3869 (Joan.
1566 3800 1697 3867 vu).

792 3932 1018 3986 CAPUT
1082 3931 1224 3985 VIII.

211 4063 500 4119 Vzas.2-6.
562 4093 631 4102 —
676 4064 818 4117 Ecce
877 4079 972 4131 ego
1019 4064 1318 4132 percutiam
1374 4078 1552 4117 omnes
1599 4066 1850 4122 terminos

152 4154 246 4204 tuos
272 4156 449 4219 ranis,
484 4156 601 4207 etc.
640 4151 887 4222 (Suum)
920 4152 1049 4206 Tria
1107 4158 1241 4207 sunt
1270 4168 1481 4223 genera
1526 4169 1800 4208 ranarum
1834 4157 1847 4197 ε

1949 3089 2331 3153 Quamobrem
2396 3090 2563 3157 Deus,
2592 3094 2655 3144 ut
2685 3090 2822 3145 Mosi
2861 3092 3207 3157 crederetur,
3266 3108 3381 3147 non
3435 3097 3658 3148 tantum

1950 3195 2017 3232 eo
2048 3178 2173 3248 ipso
2200 3183 2456 3249 tempore
2478 3195 2593 3249 quo
2639 3180 2819 3233 Moses
2872 3180 3266 3250 constituerat,
3318 3198 3487 3236 ranas
3540 3199 3659 3237 ces-

1949 3282 2072 3319 sare
2100 3265 2250 3332 fecit,
2282 3266 2379 3321 sed
2409 3270 2466 3320 et
2494 3282 2588 3320 eas
2619 3283 2748 3337 quas
2774 3266 2834 3320 in
2870 3272 3020 3321 terra
3041 3274 3203 3323 erant
3224 3269 3460 3324 interire
3469 3272 3657 3341 jussit,

1950 3360 2014 3410 ut
2050 3372 2121 3409 ne
2152 3356 2378 3410 easdem
2412 3355 2647 3409 rediisse
2679 3356 3090 3412 existimarent.

2021 3445 2181 3497 Vens.
2219 3448 2303 3497 t5.
2341 3444 2546 3498 Videas
2571 3450 2749 3499 autem
2795 3446 3027 3511 Pharao,
3088 3449 3194 3500 etc.
3244 3445 3404 3516 (Aue.
3460 3450 3655 3514 Quwst.

1950 3532 2061 3601 24.)
2089 3532 2189 3586 Hic
2216 3537 2456 3602 apparet
2485 3549 2603 3586 nou
2636 3532 2766 3586 ideo
2801 3538 3025 3587 tantum
3061 3535 3419 3589 Pharaonem
3477 3536 3658 3590 obdu-

1952 3624 2142 3673 ratum
2173 3621 2327 3691 quod
2360 3620 2741 3674 incantatores
2777 3620 2985 3675 similia
3016 3621 3294 3691 fecerunt,
3327 3629 3457 3691 etc.,
3493 3641 3662 3695 usque

1954 3708 2029 3762 ad
2056 3724 2174 3762 non
2203 3708 2346 3762 dixit
2376 3724 2637 3773 munera,
2668 3710 2754 3762 vel
2787 3709 3047 3779 prtemia,
3076 3711 3403 3781 sedjudicia
3447 3717 3563 3768 tua.

2027 3797 2188 3850 Vens.
2225 3799 2310 3863 16,
2379 3801 2462 3853 17.
2516 3828 2584 3836 -—
2642 3798 2887 3852 Emtende
2942 3801 3174 3865 virgam,
3250 3805 3357 3854 etc.
3414 3803 3658 3869 Mystice.

1955 3886 2132 3939 Moses
2176 3885 2336 3956 virga
2390 3885 2672 3956 castigans
2728 3885 3039 3956 Egyptum
3107 3888 3293 3958 legem
3356 3889 3658 3961 signiﬁcat,

1956 3990 2085 4044 quae
2112 3975 2393 4028 mundum
2449 3974 2644 4028 decem
2693 3973 2877 4044 plagis
2934 3974 3335 4030 mandatorum
3381 3980 3646 4049 corripit.

1957 4063 2127 4133 Virga
2160 4078 2389 4133 quoque
2420 4078 2523 4132 per
2552 4078 2723 4133 quam
2754 4063 3026 4133 Egyptus
3058 4064 3388 4135 corrigitur,
3433 4071 3489 4120 et
3510 4067 3653 4121 Pha-

1957 4167 2055 4205 rao
2088 4155 2411 4221 superatur,
2448 4166 2584 4205 crux
2635 4151 2844 4205 Christi
2889 4156 2991 4219 est,
3026 4168 3130 4222 per
3185 4169 3360 4224 quam
3413 4155 3661 4209 mundus

149 4255 301 4294 unum
332 4242 577 4295 ﬂuviale
598 4245 655 4293 et
682 4240 894 4306 vocale,
928 4242 1174 4295 alterum
1208 4244 1332 4313 ejus
1387 4257 1515 4312 qum
1554 4241 1847 4297 calamitas
1885 4279 1929 4333 Β
1962 4238 2204 4293 vincitur
2233 4243 2289 4292 et
2317 4238 2575 4292 diabolus
2609 4243 2913 4309 superatur
2932 4241 3020 4294 vel
3050 4240 3457 4313 triumphatur.
3494 4243 3664 4316 Virga

150 4326 346 4393 dicitur,
381 4330 454 4383 de
485 4344 609 4399 qua
638 4328 819 4382 fertur
865 4328 1019 4399 quod
1077 4329 1125 4382 si
1176 4329 1237 4383 in
1262 4346 1321 4383 os
1365 4330 1625 4384 latrantis
1691 4333 1845 4384 canis

150 4418 443 4487 projicitur,
478 4417 681 4472 statim
701 4417 1043 4471 obmutescit
1075 4437 1090 4483 ;
1120 4417 1353 4471 tertium
1402 4419 1525 4489 ejus
1572 4435 1702 4491 qua:
1743 4435 1844 4473 ru-

152 4504 258 4558 beta
287 4507 603 4567 dicitur,eo
629 4506 867 4577 quodin
923 4505 1193 4576 vepribus
1250 4512 1400 4576 agat.

209 4593 400 4663 (Ome)
439 4597 628 4649 Rana:
674 4593 1001 4663 signiﬁcant
1054 4594 1308 4647 carmina
1363 4598 1690 4664 poetarum,
1716 4612 1846 4667 quas

149 4681 282 4736 inani
310 4690 365 4737 et
417 4684 632 4737 inﬂata
688 4682 1102 4750 modulatione,
1145 4682 1303 4735 velut
1359 4698 1633 4737 ranarum
1691 4685 1847 4737 sonis

145 4774 185 4823 et
210 4774 491 4842 cantibus,
530 4772 748 4826 mundo
804 4770 1158 4840 deceptionis
1211 4770 1433 4825 fabulas
1485 4772 1843 4827 intulerunt:

147 4860 196 4911 ad
243 4862 382 4916 nihil
458 4862 627 4915 enim
687 4860 903 4914 animal
954 4859 1094 4914 illud
1144 4858 1283 4912 utile
1358 4864 1463 4927 est,
1522 4860 1635 4914 nisi
1692 4861 1846 4931 quod

149 4960 320 5003 sonum
367 4950 538 5004 vocis
596 4949 869 5020 improbis
948 4954 1005 5003 et
1079 4948 1425 5019 importunis
1503 4950 1848 5004 clamoribus

150 5036 323 5092 reddit.

202 5126 371 5191 (ΗΑΒ.)
400 5125 743 5181 Secundum
774 5130 1127 5195 praeceptum
1161 5142 1175 5180 :
1206 5127 1330 5184 Non
1376 5128 1607 5197 accipies
1660 5141 1850 5181 nornen

155 5212 230 5265 Dei
254 5219 333 5269 tui
357 5219 417 5269 in
447 5230 685 5269 uanum.
721 5215 938 5268 Nomen
968 5215 1066 5268 Dei
1095 5215 1305 5269 veritas
1344 5219 1430 5269 est
1460 5232 1473 5269 :
1524 5216 1645 5285 ipse
1695 5215 1848 5269 enim

154 5297 248 5351 ait:
288 5304 399 5369 Ego
428 5318 566 5358 sum
593 5304 814 5357 veritas.
850 5302 960 5366 Qui
986 5302 1243 5373 loquitur
1266 5304 1585 5371 veritatem,
1635 5304 1704 5358 de
1735 5305 1850 5359 Deo

157 5386 414 5457 loquitur;
482 5392 592 5459 qui
623 5390 781 5445 enim
830 5392 1074 5461 loquitur
1129 5392 1491 5461 mendacium,
1550 5393 1616 5447 de
1651 5408 1747 5448 suo
1773 5395 1849 5449 lo-

160 5476 331 5535 quitur.
381 5476 711 5530 Veritatem
762 5475 921 5531 enim
979 5477 1138 5547 loqui
1187 5481 1270 5531 est
1318 5476 1733 5532 rationabiliter
1759 5479 1850 5533 lo-

160 5561 270 5627 qui:
302 5564 633 5618 vanitatem
662 5564 824 5634 loqui
858 5567 1113 5634 strepere
1157 5568 1260 5618 est.
1328 5564 1656 5619 Secundum
1712 5582 1850 5639 ergo

1957 4327 2210 4397 projecta
2265 4328 2329 4381 ﬁt
2373 4344 2625 4398 serpens,
2675 4327 2772 4399 qui
2844 4329 3183 4399 sapientiam
3240 4331 3539 4401 signiﬁcat,
3575 4351 3663 4389 se-

1955 4416 2205 4470 cundum
2236 4416 2376 4471 illud
2422 4416 2613 4470 Matth.
2647 4433 2681 4470 x
2716 4434 2728 4471 :
2788 4420 2969 4472 Estote
3027 4419 3317 4487 prudentes
3374 4424 3514 4475 sicut
3545 4437 3659 4477 ser-

1952 4507 2156 4573 pentes,
2206 4510 2312 4559 etc.
2366 4503 2538 4575 Virga
2598 4509 2891 4575 serpentes
2973 4522 3272 4577 magorum
3345 4509 3656 4576 devoravit,

1955 4596 2012 4646 et
2057 4608 2192 4646 crux
2246 4592 2476 4654 Christi,
2526 4593 2687 4663 cujus
2736 4594 3067 4664 praedicatio
3125 4596 3350 4651 videtur
3400 4598 3661 4666 stultitia,

1956 4696 2186 4734 omnem
2242 4681 2579 4751 sapientiam
2639 4683 2839 4736 mundi
2896 4689 3144 4752 superat.
3198 4686 3401 4740 Unde:
3460 4690 3535 4741 De
3585 4704 3667 4742 me

1954 4774 2093 4823 enim
2130 4771 2224 4824 ille
2250 4772 2472 4839 scripsit
2512 4770 2698 4841 (Joan.
2736 4772 2810 4842 v).
2855 4773 3023 4843 Virga
3062 4773 3121 4826 in
3149 4779 3358 4828 terram
3414 4776 3665 4847 projects

1953 4874 2115 4911 versa
2136 4862 2221 4911 est
2250 4858 2310 4910 in
2357 4864 2704 4929 serpentem,
2739 4860 2875 4930 quia
2927 4876 3057 4913 cum
3116 4862 3451 4931 mysterium
3484 4866 3667 4919 crucis

1955 4946 2025 5000 ad
2056 4945 2229 5000 ﬁdem
2254 4946 2554 5002 hominum
2585 4948 2760 5014 venit,
2796 4949 3131 5019 sapientiam
3176 4950 3376 5007 mundi
3427 4954 3661 5009 stultam

1965 5034 2116 5088 fecit.

2028 5125 2228 5179 Etsint
2250 5125 2541 5193 sciniphes,
2584 5129 2687 5178 etc.
2759 5124 2965 5195 (0316.)
3028 5125 3141 5179 Hoc
3198 5126 3410 5182 animal
3457 5130 3667 5200 pennis

1957 5212 2326 5284 suspenditur
2358 5228 2461 5282 per
2490 5229 2621 5267 aera
2643 5213 2909 5279 volitans,
2940 5214 3038 5268 sed
3070 5213 3148 5269 ita
3199 5216 3405 5271 subtile
3445 5223 3501 5272 et
3567 5220 3670 5273 mi-

1960 5306 2185 5369 nutum,
2219 5302 2368 5356 oculi
2427 5300 2634 5367 visum,
2690 5302 2801 5355 nisi
2849 5307 3012 5357 acute
3051 5306 3354 5373 cernentis,
3413 5307 3669 5378 effugiat.

1960 5391 2179 5461 Corpus
2232 5396 2425 5445 tamen
2482 5406 2613 5444 cum
2672 5390 2961 5458 insederit,
3005 5394 3369 5450 acerbissimo
3418 5398 3672 5452 terebrat

1960 5479 2215 5546 stimulo,
2246 5483 2312 5534 ut
2348 5494 2521 5551 quem
2578 5479 2867 5535 volantem
2917 5482 3109 5536 videre
3164 5484 3291 5554 quis
3349 5501 3461 5539 non
3501 5488 3668 5555 valet,

1960 5567 2166 5623 sentiat
2195 5568 2607 5624 stimulantem.
2643 5570 2759 5624 Hoc
2785 5586 2922 5641 ergo
2961 5571 3173 5625 animal
3203 5573 3312 5627 arti
3360 5574 3669 5630 dialecticas
