  <div class='ocr_page' id='page_1' title='image "/cluster/home/n/w/nwhite01/storage/ocr_20150623/113/hvd.32044054759782/109.png"; bbox 0 0 4064 6186; ppageno 0'>
   <div class='ocr_carea' id='block_1_1' title="bbox 294 334 399 388">
    <p class='ocr_par' dir='ltr' id='par_1_1' title="bbox 294 334 399 388">
     <span class='ocr_line' id='line_1_1' title="bbox 294 334 399 388; baseline -0.01 -1"><span class='ocrx_word' id='word_1_1' title='bbox 294 334 399 388; x_wconf 73' lang='lat'><strong>207</strong></span> 
     </span>
    </p>
   </div>
   <div class='ocr_carea' id='block_1_2' title="bbox 936 305 3158 380">
    <p class='ocr_par' dir='ltr' id='par_1_2' title="bbox 936 305 3158 380">
     <span class='ocr_line' id='line_1_2' title="bbox 936 305 3158 380; baseline -0.011 0"><span class='ocrx_word' id='word_1_2' title='bbox 936 321 1337 380; x_wconf 79' lang='lat' dir='ltr'><strong>WALAFRIDI</strong></span> <span class='ocrx_word' id='word_1_3' title='bbox 1378 319 1625 376; x_wconf 84' lang='lat' dir='ltr'><strong>STRABI</strong></span> <span class='ocrx_word' id='word_1_4' title='bbox 1665 317 1864 373; x_wconf 86' lang='lat' dir='ltr'><strong>FULD.</strong></span> <span class='ocrx_word' id='word_1_5' title='bbox 1909 315 2067 370; x_wconf 78' lang='lat' dir='ltr'><strong>MON.</strong></span> <span class='ocrx_word' id='word_1_6' title='bbox 2107 312 2258 368; x_wconf 89' lang='lat' dir='ltr'><strong>OPP.</strong></span> <span class='ocrx_word' id='word_1_7' title='bbox 2299 309 2478 365; x_wconf 85' lang='lat' dir='ltr'><strong>PARS</strong></span> <span class='ocrx_word' id='word_1_8' title='bbox 2516 308 2556 362; x_wconf 92' lang='grc' dir='ltr'><strong>Ῑ.</strong></span> <span class='ocrx_word' id='word_1_9' title='bbox 2599 338 2667 346; x_wconf 92' lang='lat'><strong>——</strong></span> <span class='ocrx_word' id='word_1_10' title='bbox 2705 305 3158 363; x_wconf 81' lang='lat' dir='ltr'><strong>THEOLOGICA.</strong></span> 
     </span>
    </p>
   </div>
   <div class='ocr_carea' id='block_1_3' title="bbox 3711 299 3821 352">
    <p class='ocr_par' dir='ltr' id='par_1_3' title="bbox 3711 299 3821 352">
     <span class='ocr_line' id='line_1_3' title="bbox 3711 299 3821 352; baseline 0 0"><span class='ocrx_word' id='word_1_11' title='bbox 3711 299 3821 352; x_wconf 80' lang='lat'><strong>208</strong></span> 
     </span>
    </p>
   </div>
   <div class='ocr_carea' id='block_1_4' title="bbox 297 441 3826 528">
    <p class='ocr_par' dir='ltr' id='par_1_4' title="bbox 297 441 3826 528">
     <span class='ocr_line' id='line_1_4' title="bbox 297 441 3826 528; baseline -0.009 -16"><span class='ocrx_word' id='word_1_12' title='bbox 297 459 684 528; x_wconf 82' lang='lat' dir='ltr'><strong>comparatur,</strong></span> <span class='ocrx_word' id='word_1_13' title='bbox 709 470 840 526; x_wconf 70' lang='lat' dir='ltr'><strong>quae</strong></span> <span class='ocrx_word' id='word_1_14' title='bbox 869 453 1109 508; x_wconf 84' lang='lat' dir='ltr'><strong>minutis</strong></span> <span class='ocrx_word' id='word_1_15' title='bbox 1140 448 1198 506; x_wconf 85' lang='lat' dir='ltr'><strong>et</strong></span> <span class='ocrx_word' id='word_1_16' title='bbox 1228 449 1527 505; x_wconf 80' lang='lat' dir='ltr'><strong>subtilibus</strong></span> <span class='ocrx_word' id='word_1_17' title='bbox 1547 446 1855 501; x_wconf 83' lang='lat' dir='ltr'><strong>verborum</strong></span> <span class='ocrx_word' id='word_1_18' title='bbox 1900 441 2004 496; x_wconf 91' lang='lat' dir='ltr'><strong>sti-</strong></span> <span class='ocrx_word' id='word_1_19' title='bbox 2041 443 2088 496; x_wconf 83' lang='lat' dir='ltr'><strong>A</strong></span> <span class='ocrx_word' id='word_1_20' title='bbox 2191 459 2352 512; x_wconf 53' lang='lat' dir='ltr'><strong>vus.</strong></span> <span class='ocrx_word' id='word_1_21' title='bbox 2380 459 2469 511; x_wconf 51' lang='lat'><strong>21.</strong></span> <span class='ocrx_word' id='word_1_22' title='bbox 2501 484 2570 494; x_wconf 90' lang='lat'><strong>__.</strong></span> <span class='ocrx_word' id='word_1_23' title='bbox 2629 454 2792 508; x_wconf 68' lang='lat' dir='ltr'><strong>omne</strong></span> <span class='ocrx_word' id='word_1_24' title='bbox 2860 466 3026 520; x_wconf 68' lang='lat' dir='ltr'><strong>genus</strong></span> <span class='ocrx_word' id='word_1_25' title='bbox 3070 463 3396 504; x_wconf 66' lang='lat' dir='ltr'><strong>muscarum</strong></span> <span class='ocrx_word' id='word_1_26' title='bbox 3465 445 3638 514; x_wconf 47' lang='grc' dir='ltr'><strong>σθω.)</strong></span> <span class='ocrx_word' id='word_1_27' title='bbox 3694 444 3826 510; x_wconf 73' lang='lat' dir='ltr'><strong>My-</strong></span> 
     </span>
    </p>
   </div>
   <div class='ocr_carea' id='block_1_5' title="bbox 300 533 2003 608">
    <p class='ocr_par' dir='ltr' id='par_1_5' title="bbox 300 533 2003 608">
     <span class='ocr_line' id='line_1_5' title="bbox 300 533 2003 608; baseline -0.009 -8"><span class='ocrx_word' id='word_1_28' title='bbox 300 547 470 601; x_wconf 92' lang='lat' dir='ltr'><strong>mulis</strong></span> <span class='ocrx_word' id='word_1_29' title='bbox 515 544 737 598; x_wconf 88' lang='lat' dir='ltr'><strong>animas</strong></span> <span class='ocrx_word' id='word_1_30' title='bbox 782 543 1054 608; x_wconf 83' lang='lat' dir='ltr'><strong>terebrat,</strong></span> <span class='ocrx_word' id='word_1_31' title='bbox 1117 545 1172 594; x_wconf 92' lang='lat' dir='ltr'><strong>et</strong></span> <span class='ocrx_word' id='word_1_32' title='bbox 1225 543 1382 594; x_wconf 88' lang='lat' dir='ltr'><strong>tanta</strong></span> <span class='ocrx_word' id='word_1_33' title='bbox 1432 535 1736 590; x_wconf 87' lang='lat' dir='ltr'><strong>calliditate</strong></span> <span class='ocrx_word' id='word_1_34' title='bbox 1763 533 2003 587; x_wconf 89' lang='lat' dir='ltr'><strong>circum-</strong></span> 
     </span>
    </p>
   </div>
   <div class='ocr_carea' id='block_1_6' title="bbox 301 621 2002 703">
    <p class='ocr_par' dir='ltr' id='par_1_6' title="bbox 301 621 2002 703">
     <span class='ocr_line' id='line_1_6' title="bbox 301 621 2002 703; baseline -0.009 -15"><span class='ocrx_word' id='word_1_35' title='bbox 301 636 477 698; x_wconf 88' lang='lat' dir='ltr'><strong>venit,</strong></span> <span class='ocrx_word' id='word_1_36' title='bbox 508 639 574 688; x_wconf 89' lang='lat' dir='ltr'><strong>ut</strong></span> <span class='ocrx_word' id='word_1_37' title='bbox 597 634 864 703; x_wconf 89' lang='lat' dir='ltr'><strong>deceptus</strong></span> <span class='ocrx_word' id='word_1_38' title='bbox 903 648 1006 686; x_wconf 90' lang='lat' dir='ltr'><strong>nec</strong></span> <span class='ocrx_word' id='word_1_39' title='bbox 1030 630 1220 685; x_wconf 82' lang='lat' dir='ltr'><strong>videat</strong></span> <span class='ocrx_word' id='word_1_40' title='bbox 1249 643 1353 682; x_wconf 92' lang='lat' dir='ltr'><strong>nec</strong></span> <span class='ocrx_word' id='word_1_41' title='bbox 1397 623 1679 694; x_wconf 81' lang='lat' dir='ltr'><strong>intelligat</strong></span> <span class='ocrx_word' id='word_1_42' title='bbox 1728 622 1879 677; x_wconf 91' lang='lat' dir='ltr'><strong>unde</strong></span> <span class='ocrx_word' id='word_1_43' title='bbox 1906 621 2002 675; x_wconf 86' lang='lat' dir='ltr'><strong>de-</strong></span> 
     </span>
    </p>
   </div>
   <div class='ocr_carea' id='block_1_7' title="bbox 303 725 570 796">
    <p class='ocr_par' dir='ltr' id='par_1_7' title="bbox 303 725 570 796">
     <span class='ocr_line' id='line_1_7' title="bbox 303 725 570 796; baseline -0.015 -16"><span class='ocrx_word' id='word_1_44' title='bbox 303 725 570 796; x_wconf 88' lang='lat' dir='ltr'><strong>cipiatur.</strong></span> 
     </span>
    </p>
   </div>
   <div class='ocr_carea' id='block_1_8' title="bbox 374 801 2006 881">
    <p class='ocr_par' dir='ltr' id='par_1_8' title="bbox 374 801 2006 881">
     <span class='ocr_line' id='line_1_8' title="bbox 374 801 2006 881; baseline -0.011 -13"><span class='ocrx_word' id='word_1_45' title='bbox 374 813 555 881; x_wconf 61' lang='lat' dir='ltr'><strong>(Ptan</strong></span> <span class='ocrx_word' id='word_1_46' title='bbox 624 811 928 865; x_wconf 82' lang='lat' dir='ltr'><strong>Moraliter.</strong></span> <span class='ocrx_word' id='word_1_47' title='bbox 987 806 1242 861; x_wconf 88' lang='lat' dir='ltr'><strong>Tertium</strong></span> <span class='ocrx_word' id='word_1_48' title='bbox 1298 807 1694 874; x_wconf 60' lang='lat' dir='ltr'><strong>praeceptum:</strong></span> <span class='ocrx_word' id='word_1_49' title='bbox 1751 801 2006 854; x_wconf 84' lang='lat' dir='ltr'><strong>Memento</strong></span> 
     </span>
    </p>
   </div>
   <div class='ocr_carea' id='block_1_9' title="bbox 303 886 2009 964">
    <p class='ocr_par' dir='ltr' id='par_1_9' title="bbox 303 886 2009 964">
     <span class='ocr_line' id='line_1_9' title="bbox 303 886 2009 964; baseline -0.011 -7"><span class='ocrx_word' id='word_1_50' title='bbox 303 903 445 957; x_wconf 90' lang='lat' dir='ltr'><strong>diem</strong></span> <span class='ocrx_word' id='word_1_51' title='bbox 475 899 692 954; x_wconf 81' lang='lat' dir='ltr'><strong>sabbati</strong></span> <span class='ocrx_word' id='word_1_52' title='bbox 737 900 1094 964; x_wconf 82' lang='lat' dir='ltr'><strong>sanetiﬁcare.</strong></span> <span class='ocrx_word' id='word_1_53' title='bbox 1143 895 1265 958; x_wconf 87' lang='lat' dir='ltr'><strong>Quo</strong></span> <span class='ocrx_word' id='word_1_54' title='bbox 1325 892 1651 945; x_wconf 86' lang='lat' dir='ltr'><strong>insinuatur</strong></span> <span class='ocrx_word' id='word_1_55' title='bbox 1709 886 1923 941; x_wconf 86' lang='lat' dir='ltr'><strong>vacatio</strong></span> <span class='ocrx_word' id='word_1_56' title='bbox 1953 890 2009 938; x_wconf 88' lang='lat' dir='ltr'><strong>et</strong></span> 
     </span>
    </p>
   </div>
   <div class='ocr_carea' id='block_1_10' title="bbox 303 973 2010 1059">
    <p class='ocr_par' dir='ltr' id='par_1_10' title="bbox 303 973 2010 1059">
     <span class='ocr_line' id='line_1_10' title="bbox 303 973 2010 1059; baseline -0.011 -14"><span class='ocrx_word' id='word_1_57' title='bbox 303 988 687 1059; x_wconf 83' lang='lat' dir='ltr'><strong>tranquillitas</strong></span> <span class='ocrx_word' id='word_1_58' title='bbox 711 985 937 1050; x_wconf 88' lang='lat' dir='ltr'><strong>mentis,</strong></span> <span class='ocrx_word' id='word_1_59' title='bbox 967 999 1141 1055; x_wconf 90' lang='lat' dir='ltr'><strong>quam</strong></span> <span class='ocrx_word' id='word_1_60' title='bbox 1172 983 1322 1036; x_wconf 90' lang='lat' dir='ltr'><strong>bona</strong></span> <span class='ocrx_word' id='word_1_61' title='bbox 1343 977 1690 1035; x_wconf 86' lang='lat' dir='ltr'><strong>conscientia</strong></span> <span class='ocrx_word' id='word_1_62' title='bbox 1739 976 1889 1031; x_wconf 87' lang='lat' dir='ltr'><strong>facit.</strong></span> <span class='ocrx_word' id='word_1_63' title='bbox 1925 973 2010 1028; x_wconf 91' lang='lat' dir='ltr'><strong>lbi</strong></span> 
     </span>
    </p>
   </div>
   <div class='ocr_carea' id='block_1_11' title="bbox 306 1067 2012 1145">
    <p class='ocr_par' dir='ltr' id='par_1_11' title="bbox 306 1067 2012 1145">
     <span class='ocr_line' id='line_1_11' title="bbox 306 1067 2012 1145; baseline -0.009 -13"><span class='ocrx_word' id='word_1_64' title='bbox 306 1077 690 1141; x_wconf 88' lang='lat' dir='ltr'><strong>sanctiﬁcatio,</strong></span> <span class='ocrx_word' id='word_1_65' title='bbox 727 1075 862 1145; x_wconf 85' lang='lat' dir='ltr'><strong>quia</strong></span> <span class='ocrx_word' id='word_1_66' title='bbox 892 1073 970 1126; x_wconf 90' lang='lat' dir='ltr'><strong>ibi</strong></span> <span class='ocrx_word' id='word_1_67' title='bbox 1003 1072 1247 1142; x_wconf 85' lang='lat' dir='ltr'><strong>Spiritus</strong></span> <span class='ocrx_word' id='word_1_68' title='bbox 1269 1069 1388 1125; x_wconf 91' lang='lat' dir='ltr'><strong>Dei.</strong></span> <span class='ocrx_word' id='word_1_69' title='bbox 1426 1069 1586 1122; x_wconf 90' lang='lat' dir='ltr'><strong>Unde</strong></span> <span class='ocrx_word' id='word_1_70' title='bbox 1619 1085 1630 1120; x_wconf 91' lang='lat'><strong>:</strong></span> <span class='ocrx_word' id='word_1_71' title='bbox 1663 1067 1837 1137; x_wconf 80' lang='lat' dir='ltr'><strong>Super</strong></span> <span class='ocrx_word' id='word_1_72' title='bbox 1857 1078 2012 1134; x_wconf 87' lang='lat' dir='ltr'><strong>quem</strong></span> 
     </span>
    </p>
   </div>
   <div class='ocr_carea' id='block_1_12' title="bbox 279 1155 2012 1235">
    <p class='ocr_par' dir='ltr' id='par_1_12' title="bbox 279 1155 2012 1235">
     <span class='ocr_line' id='line_1_12' title="bbox 279 1155 2012 1235; baseline -0.009 -15"><span class='ocrx_word' id='word_1_73' title='bbox 279 1169 566 1235; x_wconf 79' lang='lat' dir='ltr'><strong>‘requiscet</strong></span> <span class='ocrx_word' id='word_1_74' title='bbox 613 1163 860 1232; x_wconf 80' lang='lat' dir='ltr'><strong>Spiritus</strong></span> <span class='ocrx_word' id='word_1_75' title='bbox 882 1176 1027 1215; x_wconf 88' lang='lat' dir='ltr'><strong>meus</strong></span> <span class='ocrx_word' id='word_1_76' title='bbox 1054 1162 1165 1214; x_wconf 88' lang='lat' dir='ltr'><strong>nisi</strong></span> <span class='ocrx_word' id='word_1_77' title='bbox 1193 1175 1356 1228; x_wconf 84' lang='lat' dir='ltr'><strong>super</strong></span> <span class='ocrx_word' id='word_1_78' title='bbox 1387 1158 1642 1211; x_wconf 81' lang='lat' dir='ltr'><strong>humilem</strong></span> <span class='ocrx_word' id='word_1_79' title='bbox 1674 1160 1723 1209; x_wconf 90' lang='lat' dir='ltr'><strong>et</strong></span> <span class='ocrx_word' id='word_1_80' title='bbox 1771 1155 2012 1224; x_wconf 87' lang='lat' dir='ltr'><strong>quietum</strong></span> 
     </span>
    </p>
   </div>
   <div class='ocr_carea' id='block_1_13' title="bbox 307 1240 2014 1323">
    <p class='ocr_par' dir='ltr' id='par_1_13' title="bbox 307 1240 2014 1323">
     <span class='ocr_line' id='line_1_13' title="bbox 307 1240 2014 1323; baseline -0.008 -15"><span class='ocrx_word' id='word_1_81' title='bbox 307 1261 410 1309; x_wconf 90' lang='lat' dir='ltr'><strong>etc.</strong></span> <span class='ocrx_word' id='word_1_82' title='bbox 439 1254 567 1323; x_wconf 84' lang='lat' dir='ltr'><strong>(Isa.</strong></span> <span class='ocrx_word' id='word_1_83' title='bbox 593 1251 758 1320; x_wconf 79' lang='lat' dir='ltr'><strong>LXVI).</strong></span> <span class='ocrx_word' id='word_1_84' title='bbox 817 1249 1068 1320; x_wconf 89' lang='lat' dir='ltr'><strong>lnquieti</strong></span> <span class='ocrx_word' id='word_1_85' title='bbox 1118 1263 1253 1316; x_wconf 91' lang='lat' dir='ltr'><strong>ergo</strong></span> <span class='ocrx_word' id='word_1_86' title='bbox 1284 1264 1317 1300; x_wconf 92' lang='lat' dir='ltr'><strong>a</strong></span> <span class='ocrx_word' id='word_1_87' title='bbox 1373 1245 1589 1315; x_wconf 86' lang='lat' dir='ltr'><strong>Spiritu</strong></span> <span class='ocrx_word' id='word_1_88' title='bbox 1647 1248 1840 1297; x_wconf 88' lang='lat' dir='ltr'><strong>sancto</strong></span> <span class='ocrx_word' id='word_1_89' title='bbox 1875 1240 2014 1295; x_wconf 91' lang='lat' dir='ltr'><strong>resi-</strong></span> 
     </span>
    </p>
   </div>
   <div class='ocr_carea' id='block_1_14' title="bbox 310 1331 2012 1411">
    <p class='ocr_par' dir='ltr' id='par_1_14' title="bbox 310 1331 2012 1411">
     <span class='ocr_line' id='line_1_14' title="bbox 310 1331 2012 1411; baseline -0.007 -15"><span class='ocrx_word' id='word_1_90' title='bbox 310 1344 480 1407; x_wconf 89' lang='lat' dir='ltr'><strong>liunt,</strong></span> <span class='ocrx_word' id='word_1_91' title='bbox 513 1344 912 1411; x_wconf 87' lang='lat' dir='ltr'><strong>provocatores</strong></span> <span class='ocrx_word' id='word_1_92' title='bbox 941 1339 1216 1402; x_wconf 83' lang='lat' dir='ltr'><strong>rixarum,</strong></span> <span class='ocrx_word' id='word_1_93' title='bbox 1252 1340 1536 1389; x_wconf 87' lang='lat' dir='ltr'><strong>amatores</strong></span> <span class='ocrx_word' id='word_1_94' title='bbox 1572 1331 2012 1396; x_wconf 88' lang='lat' dir='ltr'><strong>calumniarum,</strong></span> 
     </span>
    </p>
   </div>
   <div class='ocr_carea' id='block_1_15' title="bbox 307 1421 2016 1497">
    <p class='ocr_par' dir='ltr' id='par_1_15' title="bbox 307 1421 2016 1497">
     <span class='ocr_line' id='line_1_15' title="bbox 307 1421 2016 1497; baseline -0.008 -12"><span class='ocrx_word' id='word_1_95' title='bbox 307 1449 409 1486; x_wconf 90' lang='lat' dir='ltr'><strong>nec</strong></span> <span class='ocrx_word' id='word_1_96' title='bbox 448 1431 759 1484; x_wconf 87' lang='lat' dir='ltr'><strong>admittunt</strong></span> <span class='ocrx_word' id='word_1_97' title='bbox 786 1427 1042 1497; x_wconf 85' lang='lat' dir='ltr'><strong>quietem</strong></span> <span class='ocrx_word' id='word_1_98' title='bbox 1063 1424 1282 1479; x_wconf 90' lang='lat' dir='ltr'><strong>sabbati</strong></span> <span class='ocrx_word' id='word_1_99' title='bbox 1315 1421 1652 1494; x_wconf 88' lang='lat' dir='ltr'><strong>spiritualis.</strong></span> <span class='ocrx_word' id='word_1_100' title='bbox 1720 1422 1849 1474; x_wconf 84' lang='lat' dir='ltr'><strong>Esto</strong></span> <span class='ocrx_word' id='word_1_101' title='bbox 1880 1434 2016 1488; x_wconf 90' lang='lat' dir='ltr'><strong>ergo</strong></span> 
     </span>
    </p>
   </div>
   <div class='ocr_carea' id='block_1_16' title="bbox 308 1508 2018 1584">
    <p class='ocr_par' dir='ltr' id='par_1_16' title="bbox 308 1508 2018 1584">
     <span class='ocr_line' id='line_1_16' title="bbox 308 1508 2018 1584; baseline -0.008 -11"><span class='ocrx_word' id='word_1_102' title='bbox 308 1522 663 1584; x_wconf 85' lang='lat' dir='ltr'><strong>mansuetus,</strong></span> <span class='ocrx_word' id='word_1_103' title='bbox 717 1531 830 1568; x_wconf 90' lang='lat' dir='ltr'><strong>non</strong></span> <span class='ocrx_word' id='word_1_104' title='bbox 865 1515 937 1568; x_wconf 90' lang='lat' dir='ltr'><strong>sit</strong></span> <span class='ocrx_word' id='word_1_105' title='bbox 963 1516 1244 1567; x_wconf 86' lang='lat' dir='ltr'><strong>tumultus</strong></span> <span class='ocrx_word' id='word_1_106' title='bbox 1273 1513 1334 1565; x_wconf 89' lang='lat' dir='ltr'><strong>in</strong></span> <span class='ocrx_word' id='word_1_107' title='bbox 1367 1511 1534 1564; x_wconf 87' lang='lat' dir='ltr'><strong>corde</strong></span> <span class='ocrx_word' id='word_1_108' title='bbox 1572 1517 1691 1576; x_wconf 90' lang='lat' dir='ltr'><strong>tuo,</strong></span> <span class='ocrx_word' id='word_1_109' title='bbox 1726 1508 2018 1562; x_wconf 86' lang='lat' dir='ltr'><strong>volitanti-</strong></span> 
     </span>
    </p>
   </div>
   <div class='ocr_carea' id='block_1_17' title="bbox 316 1597 2018 1676">
    <p class='ocr_par' dir='ltr' id='par_1_17' title="bbox 316 1597 2018 1676">
     <span class='ocr_line' id='line_1_17' title="bbox 316 1597 2018 1676; baseline -0.006 -16"><span class='ocrx_word' id='word_1_110' title='bbox 316 1609 422 1661; x_wconf 88' lang='lat' dir='ltr'><strong>bus</strong></span> <span class='ocrx_word' id='word_1_111' title='bbox 452 1621 555 1676; x_wconf 90' lang='lat' dir='ltr'><strong>per</strong></span> <span class='ocrx_word' id='word_1_112' title='bbox 581 1604 1009 1673; x_wconf 82' lang='lat' dir='ltr'><strong>corruptionem</strong></span> <span class='ocrx_word' id='word_1_113' title='bbox 1050 1600 1547 1671; x_wconf 87' lang='lat' dir='ltr'><strong>phantasmatibus</strong></span> <span class='ocrx_word' id='word_1_114' title='bbox 1598 1604 1655 1652; x_wconf 92' lang='lat' dir='ltr'><strong>et</strong></span> <span class='ocrx_word' id='word_1_115' title='bbox 1708 1597 2018 1668; x_wconf 89' lang='lat' dir='ltr'><strong>pungenti-</strong></span> 
     </span>
    </p>
   </div>
   <div class='ocr_carea' id='block_1_18' title="bbox 315 1689 2022 1758">
    <p class='ocr_par' dir='ltr' id='par_1_18' title="bbox 315 1689 2022 1758">
     <span class='ocr_line' id='line_1_18' title="bbox 315 1689 2022 1758; baseline -0.007 -8"><span class='ocrx_word' id='word_1_116' title='bbox 315 1696 420 1750; x_wconf 86' lang='lat' dir='ltr'><strong>bus</strong></span> <span class='ocrx_word' id='word_1_117' title='bbox 449 1701 524 1748; x_wconf 91' lang='lat' dir='ltr'><strong>te.</strong></span> <span class='ocrx_word' id='word_1_118' title='bbox 554 1693 700 1746; x_wconf 75' lang='lat' dir='ltr'><strong>Audi</strong></span> <span class='ocrx_word' id='word_1_119' title='bbox 742 1695 921 1748; x_wconf 86' lang='lat' dir='ltr'><strong>Deum</strong></span> <span class='ocrx_word' id='word_1_120' title='bbox 976 1691 1261 1744; x_wconf 89' lang='lat' dir='ltr'><strong>dicentem</strong></span> <span class='ocrx_word' id='word_1_121' title='bbox 1309 1689 1454 1758; x_wconf 89' lang='lat' dir='ltr'><strong>psal.</strong></span> <span class='ocrx_word' id='word_1_122' title='bbox 1536 1703 1672 1740; x_wconf 72' lang='lat' dir='ltr'><strong>xm:</strong></span> <span class='ocrx_word' id='word_1_123' title='bbox 1741 1690 1929 1739; x_wconf 77' lang='lat' dir='ltr'><strong>eacate</strong></span> <span class='ocrx_word' id='word_1_124' title='bbox 1971 1690 2022 1738; x_wconf 86' lang='lat' dir='ltr'><strong>et</strong></span> 
     </span>
    </p>
   </div>
   <div class='ocr_carea' id='block_1_19' title="bbox 316 1774 2020 1850">
    <p class='ocr_par' dir='ltr' id='par_1_19' title="bbox 316 1774 2020 1850">
     <span class='ocr_line' id='line_1_19' title="bbox 316 1774 2020 1850; baseline -0.006 -14"><span class='ocrx_word' id='word_1_125' title='bbox 316 1784 490 1837; x_wconf 88' lang='lat' dir='ltr'><strong>videte</strong></span> <span class='ocrx_word' id='word_1_126' title='bbox 519 1781 779 1850; x_wconf 88' lang='lat' dir='ltr'><strong>quoniam</strong></span> <span class='ocrx_word' id='word_1_127' title='bbox 826 1795 921 1848; x_wconf 85' lang='lat' dir='ltr'><strong>ego</strong></span> <span class='ocrx_word' id='word_1_128' title='bbox 941 1795 1060 1832; x_wconf 88' lang='lat' dir='ltr'><strong>sum</strong></span> <span class='ocrx_word' id='word_1_129' title='bbox 1089 1782 1245 1832; x_wconf 84' lang='lat' dir='ltr'><strong>Deus.</strong></span> <span class='ocrx_word' id='word_1_130' title='bbox 1287 1779 1369 1830; x_wconf 89' lang='lat' dir='ltr'><strong>Tu</strong></span> <span class='ocrx_word' id='word_1_131' title='bbox 1401 1793 1502 1847; x_wconf 90' lang='lat' dir='ltr'><strong>per</strong></span> <span class='ocrx_word' id='word_1_132' title='bbox 1560 1774 2020 1844; x_wconf 88' lang='lat' dir='ltr'><strong>inquietudinem</strong></span> 
     </span>
    </p>
   </div>
   <div class='ocr_carea' id='block_1_20' title="bbox 316 1864 2023 1935">
    <p class='ocr_par' dir='ltr' id='par_1_20' title="bbox 316 1864 2023 1935">
     <span class='ocr_line' id='line_1_20' title="bbox 316 1864 2023 1935; baseline -0.005 -11"><span class='ocrx_word' id='word_1_133' title='bbox 316 1886 512 1924; x_wconf 88' lang='lat' dir='ltr'><strong>vacare</strong></span> <span class='ocrx_word' id='word_1_134' title='bbox 541 1885 654 1922; x_wconf 93' lang='lat' dir='ltr'><strong>non</strong></span> <span class='ocrx_word' id='word_1_135' title='bbox 704 1867 807 1932; x_wconf 89' lang='lat' dir='ltr'><strong>vis,</strong></span> <span class='ocrx_word' id='word_1_136' title='bbox 845 1873 900 1920; x_wconf 89' lang='lat' dir='ltr'><strong>et</strong></span> <span class='ocrx_word' id='word_1_137' title='bbox 954 1871 1194 1919; x_wconf 82' lang='lat' dir='ltr'><strong>caecatus</strong></span> <span class='ocrx_word' id='word_1_138' title='bbox 1247 1865 1428 1935; x_wconf 83' lang='lat' dir='ltr'><strong>exigis</strong></span> <span class='ocrx_word' id='word_1_139' title='bbox 1474 1864 1660 1918; x_wconf 91' lang='lat' dir='ltr'><strong>videre</strong></span> <span class='ocrx_word' id='word_1_140' title='bbox 1724 1865 1876 1934; x_wconf 89' lang='lat' dir='ltr'><strong>quod</strong></span> <span class='ocrx_word' id='word_1_141' title='bbox 1910 1879 2023 1916; x_wconf 92' lang='lat' dir='ltr'><strong>non</strong></span> 
     </span>
    </p>
   </div>
   <div class='ocr_carea' id='block_1_21' title="bbox 317 1951 2025 2029">
    <p class='ocr_par' dir='ltr' id='par_1_21' title="bbox 317 1951 2025 2029">
     <span class='ocr_line' id='line_1_21' title="bbox 317 1951 2025 2029; baseline -0.004 -17"><span class='ocrx_word' id='word_1_142' title='bbox 317 1963 496 2029; x_wconf 90' lang='lat' dir='ltr'><strong>potes.</strong></span> <span class='ocrx_word' id='word_1_143' title='bbox 522 1956 764 2011; x_wconf 82' lang='lat' dir='ltr'><strong>Attende</strong></span> <span class='ocrx_word' id='word_1_144' title='bbox 804 1955 958 2009; x_wconf 89' lang='lat' dir='ltr'><strong>enim</strong></span> <span class='ocrx_word' id='word_1_145' title='bbox 1009 1954 1356 2007; x_wconf 87' lang='lat' dir='ltr'><strong>contrariam</strong></span> <span class='ocrx_word' id='word_1_146' title='bbox 1409 1954 1680 2024; x_wconf 86' lang='lat' dir='ltr'><strong>plagam:</strong></span> <span class='ocrx_word' id='word_1_147' title='bbox 1731 1951 2025 2022; x_wconf 87' lang='lat' dir='ltr'><strong>sciniphes</strong></span> 
     </span>
    </p>
   </div>
   <div class='ocr_carea' id='block_1_22' title="bbox 321 2041 2029 2113">
    <p class='ocr_par' dir='ltr' id='par_1_22' title="bbox 321 2041 2029 2113">
     <span class='ocr_line' id='line_1_22' title="bbox 321 2041 2029 2113; baseline -0.003 -13"><span class='ocrx_word' id='word_1_148' title='bbox 321 2047 439 2101; x_wconf 90' lang='lat' dir='ltr'><strong>nati</strong></span> <span class='ocrx_word' id='word_1_149' title='bbox 469 2046 688 2100; x_wconf 90' lang='lat' dir='ltr'><strong>suntin</strong></span> <span class='ocrx_word' id='word_1_150' title='bbox 719 2051 874 2098; x_wconf 90' lang='lat' dir='ltr'><strong>terra</strong></span> <span class='ocrx_word' id='word_1_151' title='bbox 923 2043 1148 2113; x_wconf 68' lang='lat' dir='ltr'><strong>Egypti</strong></span> <span class='ocrx_word' id='word_1_152' title='bbox 1193 2043 1262 2096; x_wconf 91' lang='lat' dir='ltr'><strong>de</strong></span> <span class='ocrx_word' id='word_1_153' title='bbox 1313 2041 1469 2106; x_wconf 87' lang='lat' dir='ltr'><strong>limo,</strong></span> <span class='ocrx_word' id='word_1_154' title='bbox 1539 2057 1752 2094; x_wconf 59' lang='lat' dir='ltr'><strong>muscae</strong></span> <span class='ocrx_word' id='word_1_155' title='bbox 1815 2041 2029 2095; x_wconf 87' lang='lat' dir='ltr'><strong>scilicet</strong></span> 
     </span>
    </p>
   </div>
   <div class='ocr_carea' id='block_1_23' title="bbox 323 2130 2032 2202">
    <p class='ocr_par' dir='ltr' id='par_1_23' title="bbox 323 2130 2032 2202">
     <span class='ocr_line' id='line_1_23' title="bbox 323 2130 2032 2202; baseline -0.003 -12"><span class='ocrx_word' id='word_1_156' title='bbox 323 2134 741 2198; x_wconf 56' lang='lat' dir='ltr'><strong>minutissima,</strong></span> <span class='ocrx_word' id='word_1_157' title='bbox 774 2131 1232 2202; x_wconf 71' lang='lat' dir='ltr'><strong>inquietissimze,</strong></span> <span class='ocrx_word' id='word_1_158' title='bbox 1281 2130 1608 2185; x_wconf 87' lang='lat' dir='ltr'><strong>inordinate</strong></span> <span class='ocrx_word' id='word_1_159' title='bbox 1663 2130 1938 2196; x_wconf 88' lang='lat' dir='ltr'><strong>volantes,</strong></span> <span class='ocrx_word' id='word_1_160' title='bbox 1970 2131 2032 2185; x_wconf 90' lang='lat' dir='ltr'><strong>in</strong></span> 
     </span>
    </p>
   </div>
   <div class='ocr_carea' id='block_1_24' title="bbox 321 2217 2030 2287">
    <p class='ocr_par' dir='ltr' id='par_1_24' title="bbox 321 2217 2030 2287">
     <span class='ocr_line' id='line_1_24' title="bbox 321 2217 2030 2287; baseline -0.004 -11"><span class='ocrx_word' id='word_1_161' title='bbox 321 2223 512 2276; x_wconf 91' lang='lat' dir='ltr'><strong>oculos</strong></span> <span class='ocrx_word' id='word_1_162' title='bbox 571 2225 819 2287; x_wconf 90' lang='lat' dir='ltr'><strong>ruentes,</strong></span> <span class='ocrx_word' id='word_1_163' title='bbox 876 2224 933 2272; x_wconf 91' lang='lat' dir='ltr'><strong>et</strong></span> <span class='ocrx_word' id='word_1_164' title='bbox 983 2223 1258 2287; x_wconf 83' lang='lat' dir='ltr'><strong>negantes</strong></span> <span class='ocrx_word' id='word_1_165' title='bbox 1317 2217 1650 2271; x_wconf 92' lang='lat' dir='ltr'><strong>hominibus</strong></span> <span class='ocrx_word' id='word_1_166' title='bbox 1713 2217 2030 2287; x_wconf 89' lang='lat' dir='ltr'><strong>requiem;</strong></span> 
     </span>
    </p>
   </div>
   <div class='ocr_carea' id='block_1_25' title="bbox 323 2305 2033 2379">
    <p class='ocr_par' dir='ltr' id='par_1_25' title="bbox 323 2305 2033 2379">
     <span class='ocr_line' id='line_1_25' title="bbox 323 2305 2033 2379; baseline -0.003 -15"><span class='ocrx_word' id='word_1_167' title='bbox 323 2311 460 2364; x_wconf 91' lang='lat' dir='ltr'><strong>dum</strong></span> <span class='ocrx_word' id='word_1_168' title='bbox 491 2309 821 2379; x_wconf 88' lang='lat' dir='ltr'><strong>abiguntur,</strong></span> <span class='ocrx_word' id='word_1_169' title='bbox 880 2307 1157 2378; x_wconf 85' lang='lat' dir='ltr'><strong>redeunt;</strong></span> <span class='ocrx_word' id='word_1_170' title='bbox 1213 2305 1290 2359; x_wconf 92' lang='lat' dir='ltr'><strong>sic</strong></span> <span class='ocrx_word' id='word_1_171' title='bbox 1352 2306 1756 2376; x_wconf 83' lang='lat' dir='ltr'><strong>phantasmata</strong></span> <span class='ocrx_word' id='word_1_172' title='bbox 1808 2306 2033 2376; x_wconf 89' lang='lat' dir='ltr'><strong>inquie-</strong></span> 
     </span>
    </p>
   </div>
   <div class='ocr_carea' id='block_1_26' title="bbox 325 2396 1567 2467">
    <p class='ocr_par' dir='ltr' id='par_1_26' title="bbox 325 2396 1567 2467">
     <span class='ocr_line' id='line_1_26' title="bbox 325 2396 1567 2467; baseline -0.004 -14"><span class='ocrx_word' id='word_1_173' title='bbox 325 2405 527 2454; x_wconf 88' lang='lat' dir='ltr'><strong>torum.</strong></span> <span class='ocrx_word' id='word_1_174' title='bbox 563 2400 914 2467; x_wconf 68' lang='lat' dir='ltr'><strong>Praeceptum</strong></span> <span class='ocrx_word' id='word_1_175' title='bbox 946 2403 1097 2463; x_wconf 88' lang='lat' dir='ltr'><strong>tene,</strong></span> <span class='ocrx_word' id='word_1_176' title='bbox 1132 2396 1364 2465; x_wconf 84' lang='lat' dir='ltr'><strong>plagam</strong></span> <span class='ocrx_word' id='word_1_177' title='bbox 1413 2410 1567 2448; x_wconf 88' lang='lat' dir='ltr'><strong>cave.</strong></span> 
     </span>
    </p>
   </div>
   <div class='ocr_carea' id='block_1_27' title="bbox 396 2481 2035 2552">
    <p class='ocr_par' dir='ltr' id='par_1_27' title="bbox 396 2481 2035 2552">
     <span class='ocr_line' id='line_1_27' title="bbox 396 2481 2035 2552; baseline -0.003 -12"><span class='ocrx_word' id='word_1_178' title='bbox 396 2488 667 2541; x_wconf 73' lang='lat' dir='ltr'><strong>Vens.18.</strong></span> <span class='ocrx_word' id='word_1_179' title='bbox 722 2515 794 2524; x_wconf 96' lang='lat'><strong><em>—</em></strong></span> <span class='ocrx_word' id='word_1_180' title='bbox 846 2487 1132 2551; x_wconf 81' lang='lat' dir='ltr'><strong>Erantque</strong></span> <span class='ocrx_word' id='word_1_181' title='bbox 1172 2483 1474 2551; x_wconf 75' lang='lat' dir='ltr'><strong>sciniphes.</strong></span> <span class='ocrx_word' id='word_1_182' title='bbox 1537 2481 1780 2552; x_wconf 86' lang='lat' dir='ltr'><strong>Sanguis</strong></span> <span class='ocrx_word' id='word_1_183' title='bbox 1825 2486 1911 2536; x_wconf 88' lang='lat' dir='ltr'><strong>est</strong></span> <span class='ocrx_word' id='word_1_184' title='bbox 1940 2482 2035 2535; x_wconf 87' lang='lat' dir='ltr'><strong>do-</strong></span> 
     </span>
    </p>
   </div>
   <div class='ocr_carea' id='block_1_28' title="bbox 329 2571 2032 2644">
    <p class='ocr_par' dir='ltr' id='par_1_28' title="bbox 329 2571 2032 2644">
     <span class='ocr_line' id='line_1_28' title="bbox 329 2571 2032 2644; baseline -0.004 -15"><span class='ocrx_word' id='word_1_185' title='bbox 329 2575 512 2629; x_wconf 85' lang='lat' dir='ltr'><strong>ctrina</strong></span> <span class='ocrx_word' id='word_1_186' title='bbox 565 2573 1086 2644; x_wconf 88' lang='lat' dir='ltr'><strong>philosophorum:</strong></span> <span class='ocrx_word' id='word_1_187' title='bbox 1136 2587 1313 2636; x_wconf 75' lang='lat' dir='ltr'><strong>ranae,</strong></span> <span class='ocrx_word' id='word_1_188' title='bbox 1365 2571 1642 2640; x_wconf 88' lang='lat' dir='ltr'><strong>ﬁgmenta</strong></span> <span class='ocrx_word' id='word_1_189' title='bbox 1690 2575 2032 2639; x_wconf 89' lang='lat' dir='ltr'><strong>poetarum;</strong></span> 
     </span>
    </p>
   </div>
   <div class='ocr_carea' id='block_1_29' title="bbox 328 2659 2039 2733">
    <p class='ocr_par' dir='ltr' id='par_1_29' title="bbox 328 2659 2039 2733">
     <span class='ocr_line' id='line_1_29' title="bbox 328 2659 2039 2733; baseline -0.003 -15"><span class='ocrx_word' id='word_1_190' title='bbox 328 2663 636 2733; x_wconf 88' lang='lat' dir='ltr'><strong>sciniphes,</strong></span> <span class='ocrx_word' id='word_1_191' title='bbox 705 2662 1053 2732; x_wconf 85' lang='lat' dir='ltr'><strong>sophismata</strong></span> <span class='ocrx_word' id='word_1_192' title='bbox 1125 2659 1600 2714; x_wconf 83' lang='lat' dir='ltr'><strong>dialecticorum:</strong></span> <span class='ocrx_word' id='word_1_193' title='bbox 1656 2675 1783 2728; x_wconf 70' lang='lat' dir='ltr'><strong>quae</strong></span> <span class='ocrx_word' id='word_1_194' title='bbox 1843 2660 2039 2713; x_wconf 89' lang='lat' dir='ltr'><strong>omnia</strong></span> 
     </span>
    </p>
   </div>
   <div class='ocr_carea' id='block_1_30' title="bbox 332 2752 1007 2820">
    <p class='ocr_par' dir='ltr' id='par_1_30' title="bbox 332 2752 1007 2820">
     <span class='ocr_line' id='line_1_30' title="bbox 332 2752 1007 2820; baseline -0.006 -14"><span class='ocrx_word' id='word_1_195' title='bbox 332 2752 608 2806; x_wconf 91' lang='lat' dir='ltr'><strong>mundum</strong></span> <span class='ocrx_word' id='word_1_196' title='bbox 641 2752 1007 2820; x_wconf 86' lang='lat' dir='ltr'><strong>deceperunt.</strong></span> 
     </span>
    </p>
   </div>
   <div class='ocr_carea' id='block_1_31' title="bbox 403 2837 2032 2907">
    <p class='ocr_par' dir='ltr' id='par_1_31' title="bbox 403 2837 2032 2907">
     <span class='ocr_line' id='line_1_31' title="bbox 403 2837 2032 2907; baseline -0.003 -13"><span class='ocrx_word' id='word_1_197' title='bbox 403 2841 562 2894; x_wconf 73' lang='lat' dir='ltr'><strong>Vens.</strong></span> <span class='ocrx_word' id='word_1_198' title='bbox 606 2842 686 2893; x_wconf 82' lang='lat' dir='ltr'><strong>l9.</strong></span> <span class='ocrx_word' id='word_1_199' title='bbox 719 2867 792 2879; x_wconf 98' lang='lat'><strong><em>—</em></strong></span> <span class='ocrx_word' id='word_1_200' title='bbox 820 2840 1039 2905; x_wconf 85' lang='lat' dir='ltr'><strong>Digitus</strong></span> <span class='ocrx_word' id='word_1_201' title='bbox 1061 2840 1155 2891; x_wconf 81' lang='lat' dir='ltr'><strong>Dei</strong></span> <span class='ocrx_word' id='word_1_202' title='bbox 1185 2841 1263 2890; x_wconf 88' lang='lat' dir='ltr'><strong>est</strong></span> <span class='ocrx_word' id='word_1_203' title='bbox 1284 2837 1391 2902; x_wconf 87' lang='lat' dir='ltr'><strong>hic,</strong></span> <span class='ocrx_word' id='word_1_204' title='bbox 1427 2841 1531 2890; x_wconf 89' lang='lat' dir='ltr'><strong>etc.</strong></span> <span class='ocrx_word' id='word_1_205' title='bbox 1565 2837 1720 2905; x_wconf 82' lang='lat' dir='ltr'><strong>(Ism.</strong></span> <span class='ocrx_word' id='word_1_206' title='bbox 1760 2853 1829 2891; x_wconf 89' lang='lat' dir='ltr'><strong>ex</strong></span> <span class='ocrx_word' id='word_1_207' title='bbox 1887 2841 2032 2907; x_wconf 89' lang='lat' dir='ltr'><strong>Aug.</strong></span> 
     </span>
    </p>
   </div>
   <div class='ocr_carea' id='block_1_32' title="bbox 335 2924 2037 2999">
    <p class='ocr_par' dir='ltr' id='par_1_32' title="bbox 335 2924 2037 2999">
     <span class='ocr_line' id='line_1_32' title="bbox 335 2924 2037 2999; baseline -0.004 -16"><span class='ocrx_word' id='word_1_208' title='bbox 335 2945 418 2999; x_wconf 88' lang='lat' dir='ltr'><strong>ep.</strong></span> <span class='ocrx_word' id='word_1_209' title='bbox 457 2932 596 2996; x_wconf 83' lang='lat' dir='ltr'><strong>H9.)</strong></span> <span class='ocrx_word' id='word_1_210' title='bbox 645 2929 708 2981; x_wconf 90' lang='lat' dir='ltr'><strong>In</strong></span> <span class='ocrx_word' id='word_1_211' title='bbox 761 2928 928 2981; x_wconf 87' lang='lat' dir='ltr'><strong>tertio</strong></span> <span class='ocrx_word' id='word_1_212' title='bbox 978 2927 1142 2996; x_wconf 90' lang='lat' dir='ltr'><strong>signo</strong></span> <span class='ocrx_word' id='word_1_213' title='bbox 1195 2926 1349 2994; x_wconf 89' lang='lat' dir='ltr'><strong>magi</strong></span> <span class='ocrx_word' id='word_1_214' title='bbox 1387 2924 1680 2992; x_wconf 84' lang='lat' dir='ltr'><strong>deﬁciunt,</strong></span> <span class='ocrx_word' id='word_1_215' title='bbox 1739 2926 2037 2980; x_wconf 90' lang='lat' dir='ltr'><strong>dicentes:</strong></span> 
     </span>
    </p>
   </div>
   <div class='ocr_carea' id='block_1_33' title="bbox 2111 533 3831 611">
    <p class='ocr_par' dir='ltr' id='par_1_33' title="bbox 2111 533 3831 611">
     <span class='ocr_line' id='line_1_33' title="bbox 2111 533 3831 611; baseline -0.01 -10"><span class='ocrx_word' id='word_1_216' title='bbox 2111 549 2261 602; x_wconf 85' lang='lat' dir='ltr'><strong>stice.</strong></span> <span class='ocrx_word' id='word_1_217' title='bbox 2293 545 2505 610; x_wconf 85' lang='lat' dir='ltr'><strong>Quarto</strong></span> <span class='ocrx_word' id='word_1_218' title='bbox 2529 545 2651 597; x_wconf 93' lang='lat' dir='ltr'><strong>loco</strong></span> <span class='ocrx_word' id='word_1_219' title='bbox 2674 543 2948 611; x_wconf 56' lang='lat' dir='ltr'><strong>[Egyptus</strong></span> <span class='ocrx_word' id='word_1_220' title='bbox 2999 538 3208 593; x_wconf 89' lang='lat' dir='ltr'><strong>muscis</strong></span> <span class='ocrx_word' id='word_1_221' title='bbox 3242 534 3583 607; x_wconf 88' lang='lat' dir='ltr'><strong>percutitur.</strong></span> <span class='ocrx_word' id='word_1_222' title='bbox 3637 533 3831 586; x_wconf 83' lang='lat' dir='ltr'><strong>Musca</strong></span> 
     </span>
    </p>
   </div>
   <div class='ocr_carea' id='block_1_34' title="bbox 2112 619 3828 700">
    <p class='ocr_par' dir='ltr' id='par_1_34' title="bbox 2112 619 3828 700">
     <span class='ocr_line' id='line_1_34' title="bbox 2112 619 3828 700; baseline -0.012 -10"><span class='ocrx_word' id='word_1_223' title='bbox 2112 640 2309 690; x_wconf 89' lang='lat' dir='ltr'><strong>autem</strong></span> <span class='ocrx_word' id='word_1_224' title='bbox 2339 634 2588 688; x_wconf 89' lang='lat' dir='ltr'><strong>insolens</strong></span> <span class='ocrx_word' id='word_1_225' title='bbox 2619 637 2677 686; x_wconf 93' lang='lat' dir='ltr'><strong>et</strong></span> <span class='ocrx_word' id='word_1_226' title='bbox 2703 629 3029 700; x_wconf 88' lang='lat' dir='ltr'><strong>inquietum</strong></span> <span class='ocrx_word' id='word_1_227' title='bbox 3059 626 3274 680; x_wconf 89' lang='lat' dir='ltr'><strong>animal</strong></span> <span class='ocrx_word' id='word_1_228' title='bbox 3293 629 3396 691; x_wconf 86' lang='lat' dir='ltr'><strong>est,</strong></span> <span class='ocrx_word' id='word_1_229' title='bbox 3430 623 3490 675; x_wconf 92' lang='lat' dir='ltr'><strong>in</strong></span> <span class='ocrx_word' id='word_1_230' title='bbox 3521 637 3636 691; x_wconf 89' lang='lat' dir='ltr'><strong>qua</strong></span> <span class='ocrx_word' id='word_1_231' title='bbox 3662 619 3828 673; x_wconf 90' lang='lat' dir='ltr'><strong>inso-</strong></span> 
     </span>
    </p>
   </div>
   <div class='ocr_carea' id='block_1_35' title="bbox 2116 711 3828 780">
    <p class='ocr_par' dir='ltr' id='par_1_35' title="bbox 2116 711 3828 780">
     <span class='ocr_line' id='line_1_35' title="bbox 2116 711 3828 780; baseline -0.011 -2"><span class='ocrx_word' id='word_1_232' title='bbox 2116 725 2294 778; x_wconf 90' lang='lat' dir='ltr'><strong>lentes</strong></span> <span class='ocrx_word' id='word_1_233' title='bbox 2353 738 2504 776; x_wconf 74' lang='lat' dir='ltr'><strong>curae</strong></span> <span class='ocrx_word' id='word_1_234' title='bbox 2560 718 2877 774; x_wconf 87' lang='lat' dir='ltr'><strong>carnalium</strong></span> <span class='ocrx_word' id='word_1_235' title='bbox 2967 715 3384 770; x_wconf 86' lang='lat' dir='ltr'><strong>desideriorum</strong></span> <span class='ocrx_word' id='word_1_236' title='bbox 3479 711 3828 780; x_wconf 89' lang='lat' dir='ltr'><strong>ﬁgurantur.</strong></span> 
     </span>
    </p>
   </div>
   <div class='ocr_carea' id='block_1_36' title="bbox 2117 799 3831 883">
    <p class='ocr_par' dir='ltr' id='par_1_36' title="bbox 2117 799 3831 883">
     <span class='ocr_line' id='line_1_36' title="bbox 2117 799 3831 883; baseline -0.009 -16"><span class='ocrx_word' id='word_1_237' title='bbox 2117 815 2390 883; x_wconf 62' lang='lat' dir='ltr'><strong>Egyptus</strong></span> <span class='ocrx_word' id='word_1_238' title='bbox 2418 827 2551 864; x_wconf 89' lang='lat' dir='ltr'><strong>vero</strong></span> <span class='ocrx_word' id='word_1_239' title='bbox 2586 807 2793 862; x_wconf 88' lang='lat' dir='ltr'><strong>muscis</strong></span> <span class='ocrx_word' id='word_1_240' title='bbox 2817 805 3154 877; x_wconf 88' lang='lat' dir='ltr'><strong>percutitur,</strong></span> <span class='ocrx_word' id='word_1_241' title='bbox 3194 802 3333 872; x_wconf 88' lang='lat' dir='ltr'><strong>quia</strong></span> <span class='ocrx_word' id='word_1_242' title='bbox 3383 799 3558 854; x_wconf 88' lang='lat' dir='ltr'><strong>corda</strong></span> <span class='ocrx_word' id='word_1_243' title='bbox 3619 812 3831 852; x_wconf 88' lang='lat' dir='ltr'><strong>eorum</strong></span> 
     </span>
    </p>
   </div>
   <div class='ocr_carea' id='block_1_37' title="bbox 2118 886 3826 973">
    <p class='ocr_par' dir='ltr' id='par_1_37' title="bbox 2118 886 3826 973">
     <span class='ocr_line' id='line_1_37' title="bbox 2118 886 3826 973; baseline -0.01 -18"><span class='ocrx_word' id='word_1_244' title='bbox 2118 903 2219 973; x_wconf 90' lang='lat' dir='ltr'><strong>qui</strong></span> <span class='ocrx_word' id='word_1_245' title='bbox 2247 900 2518 954; x_wconf 68' lang='lat' dir='ltr'><strong>saeculum</strong></span> <span class='ocrx_word' id='word_1_246' title='bbox 2541 898 2806 968; x_wconf 88' lang='lat' dir='ltr'><strong>diligunt,</strong></span> <span class='ocrx_word' id='word_1_247' title='bbox 2861 892 3273 948; x_wconf 89' lang='lat' dir='ltr'><strong>desideriorum</strong></span> <span class='ocrx_word' id='word_1_248' title='bbox 3319 886 3826 960; x_wconf 86' lang='lat' dir='ltr'><strong>inquietudinibus</strong></span> 
     </span>
    </p>
   </div>
   <div class='ocr_carea' id='block_1_38' title="bbox 2114 973 3829 1054">
    <p class='ocr_par' dir='ltr' id='par_1_38' title="bbox 2114 973 3829 1054">
     <span class='ocr_line' id='line_1_38' title="bbox 2114 973 3829 1054; baseline -0.012 -9"><span class='ocrx_word' id='word_1_249' title='bbox 2114 991 2413 1046; x_wconf 84' lang='lat' dir='ltr'><strong>feriuntur.</strong></span> <span class='ocrx_word' id='word_1_250' title='bbox 2449 987 2620 1041; x_wconf 77' lang='lat' dir='ltr'><strong>LXX:</strong></span> <span class='ocrx_word' id='word_1_251' title='bbox 2673 984 3033 1054; x_wconf 80' lang='lat' dir='ltr'><strong>cynomyiam,</strong></span> <span class='ocrx_word' id='word_1_252' title='bbox 3092 980 3150 1034; x_wconf 91' lang='lat' dir='ltr'><strong>id</strong></span> <span class='ocrx_word' id='word_1_253' title='bbox 3211 985 3312 1043; x_wconf 90' lang='lat' dir='ltr'><strong>est,</strong></span> <span class='ocrx_word' id='word_1_254' title='bbox 3372 990 3629 1030; x_wconf 89' lang='lat' dir='ltr'><strong>muscam</strong></span> <span class='ocrx_word' id='word_1_255' title='bbox 3661 973 3829 1028; x_wconf 91' lang='lat' dir='ltr'><strong>cani-</strong></span> 
     </span>
    </p>
   </div>
   <div class='ocr_carea' id='block_1_39' title="bbox 2120 1064 3836 1148">
    <p class='ocr_par' dir='ltr' id='par_1_39' title="bbox 2120 1064 3836 1148">
     <span class='ocr_line' id='line_1_39' title="bbox 2120 1064 3836 1148; baseline -0.01 -15"><span class='ocrx_word' id='word_1_256' title='bbox 2120 1095 2275 1144; x_wconf 88' lang='lat' dir='ltr'><strong>nam,</strong></span> <span class='ocrx_word' id='word_1_257' title='bbox 2307 1080 2624 1148; x_wconf 88' lang='lat' dir='ltr'><strong>posuerunt</strong></span> <span class='ocrx_word' id='word_1_258' title='bbox 2647 1090 2660 1127; x_wconf 92' lang='lat'><strong>:</strong></span> <span class='ocrx_word' id='word_1_259' title='bbox 2685 1088 2789 1143; x_wconf 90' lang='lat' dir='ltr'><strong>per</strong></span> <span class='ocrx_word' id='word_1_260' title='bbox 2812 1087 2988 1142; x_wconf 86' lang='lat' dir='ltr'><strong>quam</strong></span> <span class='ocrx_word' id='word_1_261' title='bbox 3019 1068 3209 1124; x_wconf 91' lang='lat' dir='ltr'><strong>canini</strong></span> <span class='ocrx_word' id='word_1_262' title='bbox 3253 1083 3444 1121; x_wconf 87' lang='lat' dir='ltr'><strong>mores</strong></span> <span class='ocrx_word' id='word_1_263' title='bbox 3502 1064 3836 1134; x_wconf 87' lang='lat' dir='ltr'><strong>signiﬁcan-</strong></span> 
     </span>
    </p>
   </div>
   <div class='ocr_carea' id='block_1_40' title="bbox 2118 1151 3837 1236">
    <p class='ocr_par' dir='ltr' id='par_1_40' title="bbox 2118 1151 3837 1236">
     <span class='ocr_line' id='line_1_40' title="bbox 2118 1151 3837 1236; baseline -0.01 -15"><span class='ocrx_word' id='word_1_264' title='bbox 2118 1173 2231 1233; x_wconf 91' lang='lat' dir='ltr'><strong>tur,</strong></span> <span class='ocrx_word' id='word_1_265' title='bbox 2254 1167 2316 1220; x_wconf 92' lang='lat' dir='ltr'><strong>in</strong></span> <span class='ocrx_word' id='word_1_266' title='bbox 2361 1164 2572 1236; x_wconf 87' lang='lat' dir='ltr'><strong>quibus</strong></span> <span class='ocrx_word' id='word_1_267' title='bbox 2629 1163 2896 1216; x_wconf 60' lang='lat' dir='ltr'><strong>humana</strong></span> <span class='ocrx_word' id='word_1_268' title='bbox 2942 1158 3149 1212; x_wconf 90' lang='lat' dir='ltr'><strong>mentis</strong></span> <span class='ocrx_word' id='word_1_269' title='bbox 3220 1156 3502 1226; x_wconf 86' lang='lat' dir='ltr'><strong>voluptas,</strong></span> <span class='ocrx_word' id='word_1_270' title='bbox 3557 1158 3613 1207; x_wconf 91' lang='lat' dir='ltr'><strong>et</strong></span> <span class='ocrx_word' id='word_1_271' title='bbox 3651 1151 3837 1206; x_wconf 88' lang='lat' dir='ltr'><strong>libido</strong></span> 
     </span>
    </p>
   </div>
   <div class='ocr_carea' id='block_1_41' title="bbox 2126 1241 3841 1324">
    <p class='ocr_par' dir='ltr' id='par_1_41' title="bbox 2126 1241 3841 1324">
     <span class='ocr_line' id='line_1_41' title="bbox 2126 1241 3841 1324; baseline -0.01 -14"><span class='ocrx_word' id='word_1_272' title='bbox 2126 1256 2312 1310; x_wconf 90' lang='lat' dir='ltr'><strong>carnis</strong></span> <span class='ocrx_word' id='word_1_273' title='bbox 2370 1252 2649 1324; x_wconf 88' lang='lat' dir='ltr'><strong>arguitur.</strong></span> <span class='ocrx_word' id='word_1_274' title='bbox 2699 1251 2891 1304; x_wconf 88' lang='lat' dir='ltr'><strong>Potest</strong></span> <span class='ocrx_word' id='word_1_275' title='bbox 2945 1247 3120 1302; x_wconf 88' lang='lat' dir='ltr'><strong>etiam</strong></span> <span class='ocrx_word' id='word_1_276' title='bbox 3198 1243 3444 1299; x_wconf 90' lang='lat' dir='ltr'><strong>forensis</strong></span> <span class='ocrx_word' id='word_1_277' title='bbox 3501 1241 3841 1312; x_wconf 88' lang='lat' dir='ltr'><strong>eloquentia</strong></span> 
     </span>
    </p>
   </div>
   <div class='ocr_carea' id='block_1_42' title="bbox 2120 1326 3841 1410">
    <p class='ocr_par' dir='ltr' id='par_1_42' title="bbox 2120 1326 3841 1410">
     <span class='ocr_line' id='line_1_42' title="bbox 2120 1326 3841 1410; baseline -0.011 -12"><span class='ocrx_word' id='word_1_278' title='bbox 2120 1343 2422 1398; x_wconf 89' lang='lat' dir='ltr'><strong>hominum</strong></span> <span class='ocrx_word' id='word_1_279' title='bbox 2453 1337 2762 1410; x_wconf 89' lang='lat' dir='ltr'><strong>signiﬁcari</strong></span> <span class='ocrx_word' id='word_1_280' title='bbox 2787 1353 2890 1407; x_wconf 90' lang='lat' dir='ltr'><strong>per</strong></span> <span class='ocrx_word' id='word_1_281' title='bbox 2922 1351 3176 1389; x_wconf 90' lang='lat' dir='ltr'><strong>muscam</strong></span> <span class='ocrx_word' id='word_1_282' title='bbox 3204 1332 3498 1398; x_wconf 90' lang='lat' dir='ltr'><strong>caninam,</strong></span> <span class='ocrx_word' id='word_1_283' title='bbox 3552 1329 3652 1401; x_wconf 90' lang='lat' dir='ltr'><strong>qui</strong></span> <span class='ocrx_word' id='word_1_284' title='bbox 3682 1326 3841 1382; x_wconf 85' lang='lat' dir='ltr'><strong>velut</strong></span> 
     </span>
    </p>
   </div>
   <div class='ocr_carea' id='block_1_43' title="bbox 2125 1427 3048 1486">
    <p class='ocr_par' dir='ltr' id='par_1_43' title="bbox 2125 1427 3048 1486">
     <span class='ocr_line' id='line_1_43' title="bbox 2125 1427 3048 1486; baseline -0.009 0"><span class='ocrx_word' id='word_1_285' title='bbox 2125 1447 2294 1486; x_wconf 90' lang='lat' dir='ltr'><strong>canes</strong></span> <span class='ocrx_word' id='word_1_286' title='bbox 2325 1431 2663 1484; x_wconf 90' lang='lat' dir='ltr'><strong>alterutrum</strong></span> <span class='ocrx_word' id='word_1_287' title='bbox 2693 1441 2752 1480; x_wconf 91' lang='lat' dir='ltr'><strong>se</strong></span> <span class='ocrx_word' id='word_1_288' title='bbox 2781 1427 3048 1478; x_wconf 89' lang='lat' dir='ltr'><strong>lacerant.</strong></span> 
     </span>
    </p>
   </div>
   <div class='ocr_carea' id='block_1_44' title="bbox 2195 1507 3847 1587">
    <p class='ocr_par' dir='ltr' id='par_1_44' title="bbox 2195 1507 3847 1587">
     <span class='ocr_line' id='line_1_44' title="bbox 2195 1507 3847 1587; baseline -0.009 -14"><span class='ocrx_word' id='word_1_289' title='bbox 2195 1519 2653 1587; x_wconf 77' lang='lat' dir='ltr'><strong>(Paocoe.)Deus</strong></span> <span class='ocrx_word' id='word_1_290' title='bbox 2699 1530 2816 1568; x_wconf 89' lang='lat' dir='ltr'><strong>non</strong></span> <span class='ocrx_word' id='word_1_291' title='bbox 2886 1511 3111 1582; x_wconf 88' lang='lat' dir='ltr'><strong>magnis</strong></span> <span class='ocrx_word' id='word_1_292' title='bbox 3162 1511 3370 1566; x_wconf 90' lang='lat' dir='ltr'><strong>belluis</strong></span> <span class='ocrx_word' id='word_1_293' title='bbox 3418 1509 3600 1563; x_wconf 87' lang='lat' dir='ltr'><strong>utitur</strong></span> <span class='ocrx_word' id='word_1_294' title='bbox 3655 1507 3717 1560; x_wconf 93' lang='lat' dir='ltr'><strong>in</strong></span> <span class='ocrx_word' id='word_1_295' title='bbox 3747 1522 3847 1560; x_wconf 90' lang='lat' dir='ltr'><strong>ex-</strong></span> 
     </span>
    </p>
   </div>
   <div class='ocr_carea' id='block_1_45' title="bbox 2126 1595 3846 1678">
    <p class='ocr_par' dir='ltr' id='par_1_45' title="bbox 2126 1595 3846 1678">
     <span class='ocr_line' id='line_1_45' title="bbox 2126 1595 3846 1678; baseline -0.008 -17"><span class='ocrx_word' id='word_1_296' title='bbox 2126 1608 2438 1678; x_wconf 87' lang='lat' dir='ltr'><strong>pugnanda</strong></span> <span class='ocrx_word' id='word_1_297' title='bbox 2480 1607 2740 1675; x_wconf 65' lang='lat' dir='ltr'><strong>Egypto,</strong></span> <span class='ocrx_word' id='word_1_298' title='bbox 2778 1602 2875 1656; x_wconf 87' lang='lat' dir='ltr'><strong>sed</strong></span> <span class='ocrx_word' id='word_1_299' title='bbox 2904 1600 3524 1670; x_wconf 89' lang='lat' dir='ltr'><strong>contemptissimarum</strong></span> <span class='ocrx_word' id='word_1_300' title='bbox 3576 1595 3846 1650; x_wconf 87' lang='lat' dir='ltr'><strong>bestiola-</strong></span> 
     </span>
    </p>
   </div>
   <div class='ocr_carea' id='block_1_46' title="bbox 2127 1684 3848 1750">
    <p class='ocr_par' dir='ltr' id='par_1_46' title="bbox 2127 1684 3848 1750">
     <span class='ocr_line' id='line_1_46' title="bbox 2127 1684 3848 1750; baseline -0.008 -1"><span class='ocrx_word' id='word_1_301' title='bbox 2127 1711 2257 1750; x_wconf 91' lang='lat' dir='ltr'><strong>rum</strong></span> <span class='ocrx_word' id='word_1_302' title='bbox 2281 1702 2338 1748; x_wconf 90' lang='lat' dir='ltr'><strong>et</strong></span> <span class='ocrx_word' id='word_1_303' title='bbox 2368 1695 2716 1747; x_wconf 86' lang='lat' dir='ltr'><strong>insectorum</strong></span> <span class='ocrx_word' id='word_1_304' title='bbox 2750 1690 3135 1744; x_wconf 88' lang='lat' dir='ltr'><strong>ministerium</strong></span> <span class='ocrx_word' id='word_1_305' title='bbox 3183 1687 3418 1742; x_wconf 89' lang='lat' dir='ltr'><strong>accersit</strong></span> <span class='ocrx_word' id='word_1_306' title='bbox 3451 1703 3464 1739; x_wconf 93' lang='lat'><strong>:</strong></span> <span class='ocrx_word' id='word_1_307' title='bbox 3499 1702 3571 1739; x_wconf 91' lang='lat' dir='ltr'><strong>ne</strong></span> <span class='ocrx_word' id='word_1_308' title='bbox 3628 1684 3848 1737; x_wconf 87' lang='lat' dir='ltr'><strong>scilicet</strong></span> 
     </span>
    </p>
   </div>
   <div class='ocr_carea' id='block_1_47' title="bbox 2130 1771 3845 1853">
    <p class='ocr_par' dir='ltr' id='par_1_47' title="bbox 2130 1771 3845 1853">
     <span class='ocr_line' id='line_1_47' title="bbox 2130 1771 3845 1853; baseline -0.008 -15"><span class='ocrx_word' id='word_1_309' title='bbox 2130 1781 2644 1853; x_wconf 68' lang='lat' dir='ltr'><strong>illarumpotentiaa</strong></span> <span class='ocrx_word' id='word_1_310' title='bbox 2695 1779 3077 1833; x_wconf 89' lang='lat' dir='ltr'><strong>ascriberetur</strong></span> <span class='ocrx_word' id='word_1_311' title='bbox 3130 1777 3382 1831; x_wconf 77' lang='lat' dir='ltr'><strong>elfectus.</strong></span> <span class='ocrx_word' id='word_1_312' title='bbox 3434 1773 3682 1842; x_wconf 85' lang='lat' dir='ltr'><strong>Abjectis</strong></span> <span class='ocrx_word' id='word_1_313' title='bbox 3726 1771 3845 1825; x_wconf 90' lang='lat' dir='ltr'><strong>illis</strong></span> 
     </span>
    </p>
   </div>
   <div class='ocr_carea' id='block_1_48' title="bbox 2132 1860 3844 1932">
    <p class='ocr_par' dir='ltr' id='par_1_48' title="bbox 2132 1860 3844 1932">
     <span class='ocr_line' id='line_1_48' title="bbox 2132 1860 3844 1932; baseline -0.009 -5"><span class='ocrx_word' id='word_1_314' title='bbox 2132 1878 2189 1928; x_wconf 92' lang='lat' dir='ltr'><strong>et</strong></span> <span class='ocrx_word' id='word_1_315' title='bbox 2243 1870 2485 1925; x_wconf 85' lang='lat' dir='ltr'><strong>inﬁrmis</strong></span> <span class='ocrx_word' id='word_1_316' title='bbox 2533 1867 2786 1922; x_wconf 87' lang='lat' dir='ltr'><strong>bestiolis</strong></span> <span class='ocrx_word' id='word_1_317' title='bbox 2842 1866 3044 1920; x_wconf 83' lang='lat' dir='ltr'><strong>tribuit</strong></span> <span class='ocrx_word' id='word_1_318' title='bbox 3127 1865 3272 1918; x_wconf 89' lang='lat' dir='ltr'><strong>vires</strong></span> <span class='ocrx_word' id='word_1_319' title='bbox 3344 1860 3844 1932; x_wconf 83' lang='lat' dir='ltr'><strong>inexpugnabiles,</strong></span> 
     </span>
    </p>
   </div>
   <div class='ocr_carea' id='block_1_49' title="bbox 2136 1949 3848 2026">
    <p class='ocr_par' dir='ltr' id='par_1_49' title="bbox 2136 1949 3848 2026">
     <span class='ocr_line' id='line_1_49' title="bbox 2136 1949 3848 2026; baseline -0.009 -10"><span class='ocrx_word' id='word_1_320' title='bbox 2136 1962 2279 2016; x_wconf 93' lang='lat' dir='ltr'><strong>adeo</strong></span> <span class='ocrx_word' id='word_1_321' title='bbox 2312 1964 2374 2012; x_wconf 89' lang='lat' dir='ltr'><strong>ut</strong></span> <span class='ocrx_word' id='word_1_322' title='bbox 2430 1958 2693 2026; x_wconf 88' lang='lat' dir='ltr'><strong>desperet</strong></span> <span class='ocrx_word' id='word_1_323' title='bbox 2748 1957 3024 2025; x_wconf 64' lang='lat' dir='ltr'><strong>Egyptus</strong></span> <span class='ocrx_word' id='word_1_324' title='bbox 3078 1969 3135 2006; x_wconf 90' lang='lat' dir='ltr'><strong>se</strong></span> <span class='ocrx_word' id='word_1_325' title='bbox 3190 1969 3360 2023; x_wconf 89' lang='lat' dir='ltr'><strong>posse</strong></span> <span class='ocrx_word' id='word_1_326' title='bbox 3419 1951 3532 2004; x_wconf 91' lang='lat' dir='ltr'><strong>illis</strong></span> <span class='ocrx_word' id='word_1_327' title='bbox 3585 1949 3848 2003; x_wconf 88' lang='lat' dir='ltr'><strong>bestiolis</strong></span> 
     </span>
    </p>
   </div>
   <div class='ocr_carea' id='block_1_50' title="bbox 2135 2039 3849 2114">
    <p class='ocr_par' dir='ltr' id='par_1_50' title="bbox 2135 2039 3849 2114">
     <span class='ocr_line' id='line_1_50' title="bbox 2135 2039 3849 2114; baseline -0.007 -12"><span class='ocrx_word' id='word_1_328' title='bbox 2135 2048 2422 2114; x_wconf 85' lang='lat' dir='ltr'><strong>resistere,</strong></span> <span class='ocrx_word' id='word_1_329' title='bbox 2479 2050 2536 2099; x_wconf 91' lang='lat' dir='ltr'><strong>et</strong></span> <span class='ocrx_word' id='word_1_330' title='bbox 2580 2045 2883 2098; x_wconf 89' lang='lat' dir='ltr'><strong>clamitet:</strong></span> <span class='ocrx_word' id='word_1_331' title='bbox 2929 2044 3151 2110; x_wconf 87' lang='lat' dir='ltr'><strong>Digitus</strong></span> <span class='ocrx_word' id='word_1_332' title='bbox 3232 2042 3337 2095; x_wconf 92' lang='lat' dir='ltr'><strong>Dei</strong></span> <span class='ocrx_word' id='word_1_333' title='bbox 3392 2042 3478 2094; x_wconf 85' lang='lat' dir='ltr'><strong>hic</strong></span> <span class='ocrx_word' id='word_1_334' title='bbox 3550 2044 3664 2093; x_wconf 91' lang='lat' dir='ltr'><strong>est:</strong></span> <span class='ocrx_word' id='word_1_335' title='bbox 3704 2039 3849 2092; x_wconf 79' lang='lat' dir='ltr'><strong>Nam</strong></span> 
     </span>
    </p>
   </div>
   <div class='ocr_carea' id='block_1_51' title="bbox 2138 2127 3845 2197">
    <p class='ocr_par' dir='ltr' id='par_1_51' title="bbox 2138 2127 3845 2197">
     <span class='ocr_line' id='line_1_51' title="bbox 2138 2127 3845 2197; baseline -0.007 -5"><span class='ocrx_word' id='word_1_336' title='bbox 2138 2153 2376 2194; x_wconf 88' lang='lat' dir='ltr'><strong>manum</strong></span> <span class='ocrx_word' id='word_1_337' title='bbox 2404 2135 2505 2190; x_wconf 88' lang='lat' dir='ltr'><strong>Dei</strong></span> <span class='ocrx_word' id='word_1_338' title='bbox 2564 2150 2680 2189; x_wconf 91' lang='lat' dir='ltr'><strong>non</strong></span> <span class='ocrx_word' id='word_1_339' title='bbox 2728 2134 2872 2188; x_wconf 90' lang='lat' dir='ltr'><strong>feret</strong></span> <span class='ocrx_word' id='word_1_340' title='bbox 2929 2131 3228 2186; x_wconf 89' lang='lat' dir='ltr'><strong>universus</strong></span> <span class='ocrx_word' id='word_1_341' title='bbox 3287 2130 3537 2184; x_wconf 89' lang='lat' dir='ltr'><strong>mundus</strong></span> <span class='ocrx_word' id='word_1_342' title='bbox 3603 2127 3845 2197; x_wconf 91' lang='lat' dir='ltr'><strong>conglo-</strong></span> 
     </span>
    </p>
   </div>
   <div class='ocr_carea' id='block_1_52' title="bbox 2136 2228 2320 2281">
    <p class='ocr_par' dir='ltr' id='par_1_52' title="bbox 2136 2228 2320 2281">
     <span class='ocr_line' id='line_1_52' title="bbox 2136 2228 2320 2281; baseline -0.005 0"><span class='ocrx_word' id='word_1_343' title='bbox 2136 2228 2320 2281; x_wconf 90' lang='lat' dir='ltr'><strong>batus.</strong></span> 
     </span>
    </p>
   </div>
   <div class='ocr_carea' id='block_1_53' title="bbox 2211 2302 3846 2384">
    <p class='ocr_par' dir='ltr' id='par_1_53' title="bbox 2211 2302 3846 2384">
     <span class='ocr_line' id='line_1_53' title="bbox 2211 2302 3846 2384; baseline -0.009 -14"><span class='ocrx_word' id='word_1_344' title='bbox 2211 2315 2415 2384; x_wconf 76' lang='lat' dir='ltr'><strong>(Oaio.)</strong></span> <span class='ocrx_word' id='word_1_345' title='bbox 2449 2311 2761 2384; x_wconf 75' lang='lat' dir='ltr'><strong>Cynomyia</strong></span> <span class='ocrx_word' id='word_1_346' title='bbox 2811 2309 3214 2364; x_wconf 72' lang='lat' dir='ltr'><strong>haereticorum</strong></span> <span class='ocrx_word' id='word_1_347' title='bbox 3266 2306 3410 2380; x_wconf 79' lang='lat' dir='ltr'><strong>[Al.,</strong></span> <span class='ocrx_word' id='word_1_348' title='bbox 3473 2302 3846 2376; x_wconf 76' lang='lat' dir='ltr'><strong>Cynicorum]</strong></span> 
     </span>
    </p>
   </div>
   <div class='ocr_carea' id='block_1_54' title="bbox 2140 2392 3848 2472">
    <p class='ocr_par' dir='ltr' id='par_1_54' title="bbox 2140 2392 3848 2472">
     <span class='ocr_line' id='line_1_54' title="bbox 2140 2392 3848 2472; baseline -0.007 -16"><span class='ocrx_word' id='word_1_349' title='bbox 2140 2409 2310 2469; x_wconf 89' lang='lat' dir='ltr'><strong>secta,</strong></span> <span class='ocrx_word' id='word_1_350' title='bbox 2345 2402 2444 2472; x_wconf 91' lang='lat' dir='ltr'><strong>qui</strong></span> <span class='ocrx_word' id='word_1_351' title='bbox 2479 2402 2548 2454; x_wconf 91' lang='lat' dir='ltr'><strong>ad</strong></span> <span class='ocrx_word' id='word_1_352' title='bbox 2571 2400 2818 2469; x_wconf 90' lang='lat' dir='ltr'><strong>reliquas</strong></span> <span class='ocrx_word' id='word_1_353' title='bbox 2848 2397 3195 2467; x_wconf 88' lang='lat' dir='ltr'><strong>deceptionis</strong></span> <span class='ocrx_word' id='word_1_354' title='bbox 3249 2411 3368 2448; x_wconf 68' lang='lat' dir='ltr'><strong>suae</strong></span> <span class='ocrx_word' id='word_1_355' title='bbox 3423 2392 3848 2463; x_wconf 84' lang='lat' dir='ltr'><strong>improbitates,</strong></span> 
     </span>
    </p>
   </div>
   <div class='ocr_carea' id='block_1_55' title="bbox 2138 2482 3847 2560">
    <p class='ocr_par' dir='ltr' id='par_1_55' title="bbox 2138 2482 3847 2560">
     <span class='ocr_line' id='line_1_55' title="bbox 2138 2482 3847 2560; baseline -0.006 -16"><span class='ocrx_word' id='word_1_356' title='bbox 2138 2491 2490 2560; x_wconf 89' lang='lat' dir='ltr'><strong>voluptatem</strong></span> <span class='ocrx_word' id='word_1_357' title='bbox 2530 2494 2586 2542; x_wconf 91' lang='lat' dir='ltr'><strong>et</strong></span> <span class='ocrx_word' id='word_1_358' title='bbox 2607 2487 2906 2542; x_wconf 88' lang='lat' dir='ltr'><strong>libidinem</strong></span> <span class='ocrx_word' id='word_1_359' title='bbox 2938 2500 3229 2540; x_wconf 90' lang='lat' dir='ltr'><strong>summum</strong></span> <span class='ocrx_word' id='word_1_360' title='bbox 3259 2482 3576 2554; x_wconf 60' lang='lat' dir='ltr'><strong>praedicant</strong></span> <span class='ocrx_word' id='word_1_361' title='bbox 3603 2482 3847 2535; x_wconf 90' lang='lat' dir='ltr'><strong>bonum.</strong></span> 
     </span>
    </p>
   </div>
   <div class='ocr_carea' id='block_1_56' title="bbox 2143 2571 3855 2648">
    <p class='ocr_par' dir='ltr' id='par_1_56' title="bbox 2143 2571 3855 2648">
     <span class='ocr_line' id='line_1_56' title="bbox 2143 2571 3855 2648; baseline -0.008 -13"><span class='ocrx_word' id='word_1_362' title='bbox 2143 2580 2423 2645; x_wconf 86' lang='lat' dir='ltr'><strong>Quoniam</strong></span> <span class='ocrx_word' id='word_1_363' title='bbox 2449 2578 2627 2647; x_wconf 89' lang='lat' dir='ltr'><strong>igitur</strong></span> <span class='ocrx_word' id='word_1_364' title='bbox 2661 2593 2763 2648; x_wconf 91' lang='lat' dir='ltr'><strong>per</strong></span> <span class='ocrx_word' id='word_1_365' title='bbox 2791 2576 2913 2630; x_wconf 69' lang='lat' dir='ltr'><strong>haec</strong></span> <span class='ocrx_word' id='word_1_366' title='bbox 2953 2575 3180 2644; x_wconf 86' lang='lat' dir='ltr'><strong>singula</strong></span> <span class='ocrx_word' id='word_1_367' title='bbox 3225 2573 3386 2642; x_wconf 88' lang='lat' dir='ltr'><strong>prius</strong></span> <span class='ocrx_word' id='word_1_368' title='bbox 3442 2571 3716 2641; x_wconf 90' lang='lat' dir='ltr'><strong>deceptus</strong></span> <span class='ocrx_word' id='word_1_369' title='bbox 3769 2574 3855 2624; x_wconf 89' lang='lat' dir='ltr'><strong>est</strong></span> 
     </span>
    </p>
   </div>
   <div class='ocr_carea' id='block_1_57' title="bbox 2144 2658 3854 2731">
    <p class='ocr_par' dir='ltr' id='par_1_57' title="bbox 2144 2658 3854 2731">
     <span class='ocr_line' id='line_1_57' title="bbox 2144 2658 3854 2731; baseline -0.008 -10"><span class='ocrx_word' id='word_1_370' title='bbox 2144 2666 2414 2731; x_wconf 90' lang='lat' dir='ltr'><strong>mundus,</strong></span> <span class='ocrx_word' id='word_1_371' title='bbox 2441 2664 2648 2718; x_wconf 86' lang='lat' dir='ltr'><strong>merito</strong></span> <span class='ocrx_word' id='word_1_372' title='bbox 2706 2662 3010 2717; x_wconf 86' lang='lat' dir='ltr'><strong>adveniens</strong></span> <span class='ocrx_word' id='word_1_373' title='bbox 3058 2676 3245 2714; x_wconf 88' lang='lat' dir='ltr'><strong>sermo</strong></span> <span class='ocrx_word' id='word_1_374' title='bbox 3285 2664 3341 2714; x_wconf 89' lang='lat' dir='ltr'><strong>et</strong></span> <span class='ocrx_word' id='word_1_375' title='bbox 3377 2660 3466 2712; x_wconf 89' lang='lat' dir='ltr'><strong>lex</strong></span> <span class='ocrx_word' id='word_1_376' title='bbox 3521 2658 3620 2712; x_wconf 90' lang='lat' dir='ltr'><strong>Dei</strong></span> <span class='ocrx_word' id='word_1_377' title='bbox 3648 2658 3854 2726; x_wconf 77' lang='lat' dir='ltr'><strong>hujus-</strong></span> 
     </span>
    </p>
   </div>
   <div class='ocr_carea' id='block_1_58' title="bbox 2147 2748 3857 2823">
    <p class='ocr_par' dir='ltr' id='par_1_58' title="bbox 2147 2748 3857 2823">
     <span class='ocr_line' id='line_1_58' title="bbox 2147 2748 3857 2823; baseline -0.006 -14"><span class='ocrx_word' id='word_1_378' title='bbox 2147 2754 2300 2809; x_wconf 89' lang='lat' dir='ltr'><strong>modi</strong></span> <span class='ocrx_word' id='word_1_379' title='bbox 2335 2752 2793 2823; x_wconf 89' lang='lat' dir='ltr'><strong>correptionibus</strong></span> <span class='ocrx_word' id='word_1_380' title='bbox 2850 2750 3058 2821; x_wconf 87' lang='lat' dir='ltr'><strong>arguit,</strong></span> <span class='ocrx_word' id='word_1_381' title='bbox 3111 2754 3177 2803; x_wconf 87' lang='lat' dir='ltr'><strong>ut</strong></span> <span class='ocrx_word' id='word_1_382' title='bbox 3227 2764 3296 2802; x_wconf 87' lang='lat' dir='ltr'><strong>ex</strong></span> <span class='ocrx_word' id='word_1_383' title='bbox 3340 2748 3613 2818; x_wconf 87' lang='lat' dir='ltr'><strong>qualitate</strong></span> <span class='ocrx_word' id='word_1_384' title='bbox 3661 2762 3857 2816; x_wconf 77' lang='lat' dir='ltr'><strong>poena-</strong></span> 
     </span>
    </p>
   </div>
   <div class='ocr_carea' id='block_1_59' title="bbox 2148 2837 3504 2914">
    <p class='ocr_par' dir='ltr' id='par_1_59' title="bbox 2148 2837 3504 2914">
     <span class='ocr_line' id='line_1_59' title="bbox 2148 2837 3504 2914; baseline -0.007 -16"><span class='ocrx_word' id='word_1_385' title='bbox 2148 2861 2277 2898; x_wconf 91' lang='lat' dir='ltr'><strong>rum</strong></span> <span class='ocrx_word' id='word_1_386' title='bbox 2310 2843 2615 2914; x_wconf 88' lang='lat' dir='ltr'><strong>qualitates</strong></span> <span class='ocrx_word' id='word_1_387' title='bbox 2644 2839 2865 2912; x_wconf 91' lang='lat' dir='ltr'><strong>proprii</strong></span> <span class='ocrx_word' id='word_1_388' title='bbox 2895 2841 3239 2908; x_wconf 90' lang='lat' dir='ltr'><strong>cognoscant</strong></span> <span class='ocrx_word' id='word_1_389' title='bbox 3277 2837 3504 2889; x_wconf 89' lang='lat' dir='ltr'><strong>erroris.</strong></span> 
     </span>
    </p>
   </div>
   <div class='ocr_carea' id='block_1_60' title="bbox 2221 2924 3855 2997">
    <p class='ocr_par' dir='ltr' id='par_1_60' title="bbox 2221 2924 3855 2997">
     <span class='ocr_line' id='line_1_60' title="bbox 2221 2924 3855 2997; baseline -0.006 -10"><span class='ocrx_word' id='word_1_390' title='bbox 2221 2934 2383 2986; x_wconf 76' lang='lat' dir='ltr'><strong>Vens.</strong></span> <span class='ocrx_word' id='word_1_391' title='bbox 2415 2933 2506 2997; x_wconf 79' lang='lat'><strong>22,</strong></span> <span class='ocrx_word' id='word_1_392' title='bbox 2550 2933 2638 2985; x_wconf 83' lang='lat'><strong>23.</strong></span> <span class='ocrx_word' id='word_1_393' title='bbox 2690 2959 2759 2970; x_wconf 95' lang='lat'><strong>—</strong></span> <span class='ocrx_word' id='word_1_394' title='bbox 2813 2930 3139 2997; x_wconf 77' lang='lat' dir='ltr'><strong>Faciamque</strong></span> <span class='ocrx_word' id='word_1_395' title='bbox 3186 2925 3630 2989; x_wconf 84' lang='lat' dir='ltr'><strong>mirabilem,etc.</strong></span> <span class='ocrx_word' id='word_1_396' title='bbox 3663 2924 3855 2992; x_wconf 60' lang='lat' dir='ltr'><strong>(Ana,</strong></span> 
     </span>
    </p>
   </div>
   <div class='ocr_carea' id='block_1_61' title="bbox 337 3012 3859 3091">
    <p class='ocr_par' dir='ltr' id='par_1_61' title="bbox 337 3012 3859 3091">
     <span class='ocr_line' id='line_1_61' title="bbox 337 3012 3859 3091; baseline -0.004 -12"><span class='ocrx_word' id='word_1_397' title='bbox 337 3019 558 3084; x_wconf 79' lang='lat' dir='ltr'><strong>Digitus</strong></span> <span class='ocrx_word' id='word_1_398' title='bbox 595 3019 690 3070; x_wconf 73' lang='lat' dir='ltr'><strong>Dei</strong></span> <span class='ocrx_word' id='word_1_399' title='bbox 722 3021 841 3070; x_wconf 55' lang='lat' dir='ltr'><strong>est:</strong></span> <span class='ocrx_word' id='word_1_400' title='bbox 883 3014 983 3084; x_wconf 72' lang='lat' dir='ltr'><strong>(Illi</strong></span> <span class='ocrx_word' id='word_1_401' title='bbox 1032 3020 1236 3084; x_wconf 82' lang='lat' dir='ltr'><strong>typum</strong></span> <span class='ocrx_word' id='word_1_402' title='bbox 1282 3015 1685 3068; x_wconf 58' lang='lat' dir='ltr'><strong>haereticorum</strong></span> <span class='ocrx_word' id='word_1_403' title='bbox 1744 3019 1801 3068; x_wconf 73' lang='lat' dir='ltr'><strong>et</strong></span> <span class='ocrx_word' id='word_1_404' title='bbox 1818 3015 2040 3068; x_wconf 76' lang='lat' dir='ltr'><strong>animO-</strong></span> <span class='ocrx_word' id='word_1_405' title='bbox 2079 3021 2118 3075; x_wconf 85' lang='lat' dir='ltr'>C</span> <span class='ocrx_word' id='word_1_406' title='bbox 2149 3027 2338 3091; x_wconf 73' lang='lat' dir='ltr'><strong>quaest.</strong></span> <span class='ocrx_word' id='word_1_407' title='bbox 2371 3021 2635 3088; x_wconf 79' lang='lat' dir='ltr'><strong>26.)Hoc</strong></span> <span class='ocrx_word' id='word_1_408' title='bbox 2654 3019 2714 3072; x_wconf 91' lang='lat' dir='ltr'><strong>in</strong></span> <span class='ocrx_word' id='word_1_409' title='bbox 2747 3017 3032 3088; x_wconf 90' lang='lat' dir='ltr'><strong>prioribus</strong></span> <span class='ocrx_word' id='word_1_410' title='bbox 3089 3014 3265 3084; x_wconf 87' lang='lat' dir='ltr'><strong>signis</strong></span> <span class='ocrx_word' id='word_1_411' title='bbox 3309 3012 3753 3082; x_wconf 88' lang='lat' dir='ltr'><strong>intelligendum</strong></span> <span class='ocrx_word' id='word_1_412' title='bbox 3776 3016 3859 3066; x_wconf 89' lang='lat' dir='ltr'><strong>est</strong></span> 
     </span>
    </p>
   </div>
   <div class='ocr_carea' id='block_1_62' title="bbox 333 3103 2042 3160">
    <p class='ocr_par' dir='ltr' id='par_1_62' title="bbox 333 3103 2042 3160">
     <span class='ocr_line' id='line_1_62' title="bbox 333 3103 2042 3160; baseline -0.001 0"><span class='ocrx_word' id='word_1_413' title='bbox 333 3107 558 3160; x_wconf 88' lang='lat' dir='ltr'><strong>sitatem</strong></span> <span class='ocrx_word' id='word_1_414' title='bbox 587 3105 941 3159; x_wconf 89' lang='lat' dir='ltr'><strong>habuerunt.</strong></span> <span class='ocrx_word' id='word_1_415' title='bbox 983 3103 1138 3158; x_wconf 88' lang='lat' dir='ltr'><strong>Unde</strong></span> <span class='ocrx_word' id='word_1_416' title='bbox 1174 3120 1186 3158; x_wconf 93' lang='lat'><strong>:</strong></span> <span class='ocrx_word' id='word_1_417' title='bbox 1229 3104 1379 3158; x_wconf 86' lang='lat' dir='ltr'><strong>Sicut</strong></span> <span class='ocrx_word' id='word_1_418' title='bbox 1412 3105 1644 3158; x_wconf 85' lang='lat' dir='ltr'><strong>Jamnes</strong></span> <span class='ocrx_word' id='word_1_419' title='bbox 1699 3108 1749 3156; x_wconf 90' lang='lat' dir='ltr'><strong>et</strong></span> <span class='ocrx_word' id='word_1_420' title='bbox 1776 3103 2042 3158; x_wconf 77' lang='lat' dir='ltr'><strong>Mambres</strong></span> 
     </span>
    </p>
   </div>
   <div class='ocr_carea' id='block_1_63' title="bbox 331 3191 2042 3259">
    <p class='ocr_par' dir='ltr' id='par_1_63' title="bbox 331 3191 2042 3259">
     <span class='ocr_line' id='line_1_63' title="bbox 331 3191 2042 3259; baseline -0.002 -11"><span class='ocrx_word' id='word_1_421' title='bbox 331 3197 647 3248; x_wconf 84' lang='lat' dir='ltr'><strong>restiterunt</strong></span> <span class='ocrx_word' id='word_1_422' title='bbox 680 3194 870 3259; x_wconf 84' lang='lat' dir='ltr'><strong>Moysi,</strong></span> <span class='ocrx_word' id='word_1_423' title='bbox 919 3194 1001 3244; x_wconf 89' lang='lat' dir='ltr'><strong>ita</strong></span> <span class='ocrx_word' id='word_1_424' title='bbox 1030 3196 1080 3244; x_wconf 89' lang='lat' dir='ltr'><strong>et</strong></span> <span class='ocrx_word' id='word_1_425' title='bbox 1135 3192 1192 3243; x_wconf 89' lang='lat' dir='ltr'><strong>hi</strong></span> <span class='ocrx_word' id='word_1_426' title='bbox 1247 3192 1530 3256; x_wconf 83' lang='lat' dir='ltr'><strong>resistunt,</strong></span> <span class='ocrx_word' id='word_1_427' title='bbox 1558 3194 1780 3244; x_wconf 82' lang='lat' dir='ltr'><strong>veritati</strong></span> <span class='ocrx_word' id='word_1_428' title='bbox 1811 3191 2042 3244; x_wconf 86' lang='lat' dir='ltr'><strong>hominis</strong></span> 
     </span>
    </p>
   </div>
   <div class='ocr_carea' id='block_1_64' title="bbox 332 3278 2041 3348">
    <p class='ocr_par' dir='ltr' id='par_1_64' title="bbox 332 3278 2041 3348">
     <span class='ocr_line' id='line_1_64' title="bbox 332 3278 2041 3348; baseline -0.004 -12"><span class='ocrx_word' id='word_1_429' title='bbox 332 3286 504 3336; x_wconf 86' lang='lat' dir='ltr'><strong>mente</strong></span> <span class='ocrx_word' id='word_1_430' title='bbox 533 3282 795 3348; x_wconf 82' lang='lat' dir='ltr'><strong>corrupti,</strong></span> <span class='ocrx_word' id='word_1_431' title='bbox 827 3279 1048 3346; x_wconf 84' lang='lat' dir='ltr'><strong>reprobi</strong></span> <span class='ocrx_word' id='word_1_432' title='bbox 1072 3280 1218 3331; x_wconf 85' lang='lat' dir='ltr'><strong>circa</strong></span> <span class='ocrx_word' id='word_1_433' title='bbox 1268 3279 1446 3346; x_wconf 81' lang='lat' dir='ltr'><strong>ﬁdem,</strong></span> <span class='ocrx_word' id='word_1_434' title='bbox 1491 3283 1594 3332; x_wconf 90' lang='lat' dir='ltr'><strong>etc.</strong></span> <span class='ocrx_word' id='word_1_435' title='bbox 1629 3280 1701 3344; x_wconf 89' lang='lat' dir='ltr'><strong>(ll</strong></span> <span class='ocrx_word' id='word_1_436' title='bbox 1771 3281 1906 3332; x_wconf 86' lang='lat' dir='ltr'><strong>Tim.</strong></span> <span class='ocrx_word' id='word_1_437' title='bbox 1933 3295 1995 3330; x_wconf 87' lang='lat' dir='ltr'><strong>III</strong></span> <span class='ocrx_word' id='word_1_438' title='bbox 2026 3278 2041 3347; x_wconf 95' lang='lat'>)</span> 
     </span>
    </p>
   </div>
   <div class='ocr_carea' id='block_1_65' title="bbox 338 3365 2044 3437">
    <p class='ocr_par' dir='ltr' id='par_1_65' title="bbox 338 3365 2044 3437">
     <span class='ocr_line' id='line_1_65' title="bbox 338 3365 2044 3437; baseline -0.002 -15"><span class='ocrx_word' id='word_1_439' title='bbox 338 3369 404 3422; x_wconf 89' lang='lat' dir='ltr'><strong>Hi</strong></span> <span class='ocrx_word' id='word_1_440' title='bbox 433 3373 624 3422; x_wconf 91' lang='lat' dir='ltr'><strong>autem</strong></span> <span class='ocrx_word' id='word_1_441' title='bbox 656 3367 755 3437; x_wconf 89' lang='lat' dir='ltr'><strong>qui</strong></span> <span class='ocrx_word' id='word_1_442' title='bbox 780 3383 883 3437; x_wconf 92' lang='lat' dir='ltr'><strong>per</strong></span> <span class='ocrx_word' id='word_1_443' title='bbox 912 3367 1119 3420; x_wconf 91' lang='lat' dir='ltr'><strong>mentis</strong></span> <span class='ocrx_word' id='word_1_444' title='bbox 1149 3368 1578 3435; x_wconf 90' lang='lat' dir='ltr'><strong>corruptionem</strong></span> <span class='ocrx_word' id='word_1_445' title='bbox 1607 3365 1854 3437; x_wconf 88' lang='lat' dir='ltr'><strong>inquieti</strong></span> <span class='ocrx_word' id='word_1_446' title='bbox 1922 3367 2044 3420; x_wconf 90' lang='lat' dir='ltr'><strong>fue-</strong></span> 
     </span>
    </p>
   </div>
   <div class='ocr_carea' id='block_1_66' title="bbox 244 3454 2044 3524">
    <p class='ocr_par' dir='ltr' id='par_1_66' title="bbox 244 3454 2044 3524">
     <span class='ocr_line' id='line_1_66' title="bbox 244 3454 2044 3524; baseline 0.001 -18"><span class='ocrx_word' id='word_1_447' title='bbox 244 3504 247 3506; x_wconf 93' lang='lat'><em>_</em></span> <span class='ocrx_word' id='word_1_448' title='bbox 337 3461 488 3521; x_wconf 87' lang='lat' dir='ltr'><strong>runt,</strong></span> <span class='ocrx_word' id='word_1_449' title='bbox 526 3456 587 3508; x_wconf 89' lang='lat' dir='ltr'><strong>in</strong></span> <span class='ocrx_word' id='word_1_450' title='bbox 615 3454 782 3509; x_wconf 89' lang='lat' dir='ltr'><strong>tertio</strong></span> <span class='ocrx_word' id='word_1_451' title='bbox 813 3455 978 3524; x_wconf 88' lang='lat' dir='ltr'><strong>signo</strong></span> <span class='ocrx_word' id='word_1_452' title='bbox 1011 3454 1361 3520; x_wconf 85' lang='lat' dir='ltr'><strong>defecerunt,</strong></span> <span class='ocrx_word' id='word_1_453' title='bbox 1397 3455 1640 3509; x_wconf 84' lang='lat' dir='ltr'><strong>fatentes</strong></span> <span class='ocrx_word' id='word_1_454' title='bbox 1690 3455 1797 3508; x_wconf 90' lang='lat' dir='ltr'><strong>sibi</strong></span> <span class='ocrx_word' id='word_1_455' title='bbox 1844 3455 2044 3508; x_wconf 86' lang='lat' dir='ltr'><strong>adver-</strong></span> 
     </span>
    </p>
   </div>
   <div class='ocr_carea' id='block_1_67' title="bbox 338 3541 2044 3614">
    <p class='ocr_par' dir='ltr' id='par_1_67' title="bbox 338 3541 2044 3614">
     <span class='ocr_line' id='line_1_67' title="bbox 338 3541 2044 3614; baseline 0 -18"><span class='ocrx_word' id='word_1_456' title='bbox 338 3560 466 3597; x_wconf 88' lang='lat' dir='ltr'><strong>sum</strong></span> <span class='ocrx_word' id='word_1_457' title='bbox 515 3542 799 3614; x_wconf 89' lang='lat' dir='ltr'><strong>Spiritum</strong></span> <span class='ocrx_word' id='word_1_458' title='bbox 851 3546 1132 3608; x_wconf 89' lang='lat' dir='ltr'><strong>sanctum,</strong></span> <span class='ocrx_word' id='word_1_459' title='bbox 1193 3542 1293 3612; x_wconf 86' lang='lat' dir='ltr'><strong>qui</strong></span> <span class='ocrx_word' id='word_1_460' title='bbox 1343 3545 1465 3595; x_wconf 90' lang='lat' dir='ltr'><strong>erat</strong></span> <span class='ocrx_word' id='word_1_461' title='bbox 1496 3541 1554 3595; x_wconf 94' lang='lat' dir='ltr'><strong>in</strong></span> <span class='ocrx_word' id='word_1_462' title='bbox 1634 3543 1801 3597; x_wconf 85' lang='lat' dir='ltr'><strong>Mose.</strong></span> <span class='ocrx_word' id='word_1_463' title='bbox 1860 3542 2044 3596; x_wconf 91' lang='lat' dir='ltr'><strong>Tertio</strong></span> 
     </span>
    </p>
   </div>
   <div class='ocr_carea' id='block_1_68' title="bbox 340 3630 2046 3703">
    <p class='ocr_par' dir='ltr' id='par_1_68' title="bbox 340 3630 2046 3703">
     <span class='ocr_line' id='line_1_68' title="bbox 340 3630 2046 3703; baseline -0.002 -16"><span class='ocrx_word' id='word_1_464' title='bbox 340 3633 496 3687; x_wconf 91' lang='lat' dir='ltr'><strong>enim</strong></span> <span class='ocrx_word' id='word_1_465' title='bbox 516 3631 750 3703; x_wconf 91' lang='lat' dir='ltr'><strong>ponitur</strong></span> <span class='ocrx_word' id='word_1_466' title='bbox 771 3632 894 3684; x_wconf 92' lang='lat' dir='ltr'><strong>loco</strong></span> <span class='ocrx_word' id='word_1_467' title='bbox 919 3630 1180 3700; x_wconf 88' lang='lat' dir='ltr'><strong>Spiritus,</strong></span> <span class='ocrx_word' id='word_1_468' title='bbox 1214 3630 1315 3700; x_wconf 89' lang='lat' dir='ltr'><strong>qui</strong></span> <span class='ocrx_word' id='word_1_469' title='bbox 1367 3634 1451 3684; x_wconf 87' lang='lat' dir='ltr'><strong>est</strong></span> <span class='ocrx_word' id='word_1_470' title='bbox 1506 3630 1716 3700; x_wconf 86' lang='lat' dir='ltr'><strong>digitus</strong></span> <span class='ocrx_word' id='word_1_471' title='bbox 1767 3630 1866 3684; x_wconf 90' lang='lat' dir='ltr'><strong>Dei</strong></span> <span class='ocrx_word' id='word_1_472' title='bbox 1900 3647 1912 3684; x_wconf 93' lang='lat'><strong>:</strong></span> <span class='ocrx_word' id='word_1_473' title='bbox 1946 3631 2046 3700; x_wconf 88' lang='lat' dir='ltr'><strong>qui</strong></span> 
     </span>
    </p>
   </div>
   <div class='ocr_carea' id='block_1_69' title="bbox 341 3718 2046 3792">
    <p class='ocr_par' dir='ltr' id='par_1_69' title="bbox 341 3718 2046 3792">
     <span class='ocr_line' id='line_1_69' title="bbox 341 3718 2046 3792; baseline 0 -19"><span class='ocrx_word' id='word_1_474' title='bbox 341 3721 485 3775; x_wconf 91' lang='lat' dir='ltr'><strong>sicut</strong></span> <span class='ocrx_word' id='word_1_475' title='bbox 515 3720 768 3792; x_wconf 87' lang='lat' dir='ltr'><strong>placatus</strong></span> <span class='ocrx_word' id='word_1_476' title='bbox 791 3719 1051 3790; x_wconf 90' lang='lat' dir='ltr'><strong>requiem</strong></span> <span class='ocrx_word' id='word_1_477' title='bbox 1085 3723 1316 3790; x_wconf 62' lang='lat' dir='ltr'><strong>praestat</strong></span> <span class='ocrx_word' id='word_1_478' title='bbox 1363 3719 1601 3772; x_wconf 87' lang='lat' dir='ltr'><strong>mitibus</strong></span> <span class='ocrx_word' id='word_1_479' title='bbox 1623 3723 1678 3772; x_wconf 89' lang='lat' dir='ltr'><strong>et</strong></span> <span class='ocrx_word' id='word_1_480' title='bbox 1730 3718 2046 3773; x_wconf 89' lang='lat' dir='ltr'><strong>humilibus</strong></span> 
     </span>
    </p>
   </div>
   <div class='ocr_carea' id='block_1_70' title="bbox 345 3805 2043 3877">
    <p class='ocr_par' dir='ltr' id='par_1_70' title="bbox 345 3805 2043 3877">
     <span class='ocr_line' id='line_1_70' title="bbox 345 3805 2043 3877; baseline -0.003 -13"><span class='ocrx_word' id='word_1_481' title='bbox 345 3810 537 3876; x_wconf 90' lang='lat' dir='ltr'><strong>corde,</strong></span> <span class='ocrx_word' id='word_1_482' title='bbox 570 3809 648 3863; x_wconf 90' lang='lat' dir='ltr'><strong>ita</strong></span> <span class='ocrx_word' id='word_1_483' title='bbox 675 3809 853 3862; x_wconf 89' lang='lat' dir='ltr'><strong>iratus</strong></span> <span class='ocrx_word' id='word_1_484' title='bbox 874 3808 1126 3861; x_wconf 88' lang='lat' dir='ltr'><strong>immites</strong></span> <span class='ocrx_word' id='word_1_485' title='bbox 1146 3813 1202 3862; x_wconf 88' lang='lat' dir='ltr'><strong>et</strong></span> <span class='ocrx_word' id='word_1_486' title='bbox 1241 3807 1517 3877; x_wconf 90' lang='lat' dir='ltr'><strong>superbos</strong></span> <span class='ocrx_word' id='word_1_487' title='bbox 1546 3823 1651 3876; x_wconf 88' lang='lat' dir='ltr'><strong>per</strong></span> <span class='ocrx_word' id='word_1_488' title='bbox 1692 3805 2043 3877; x_wconf 89' lang='lat' dir='ltr'><strong>inquietudi-</strong></span> 
     </span>
    </p>
   </div>
   <div class='ocr_carea' id='block_1_71' title="bbox 341 3895 2047 3968">
    <p class='ocr_par' dir='ltr' id='par_1_71' title="bbox 341 3895 2047 3968">
     <span class='ocr_line' id='line_1_71' title="bbox 341 3895 2047 3968; baseline -0.001 -16"><span class='ocrx_word' id='word_1_489' title='bbox 341 3914 475 3952; x_wconf 90' lang='lat' dir='ltr'><strong>nem</strong></span> <span class='ocrx_word' id='word_1_490' title='bbox 525 3898 797 3968; x_wconf 84' lang='lat' dir='ltr'><strong>exagitat,</strong></span> <span class='ocrx_word' id='word_1_491' title='bbox 858 3912 1032 3967; x_wconf 88' lang='lat' dir='ltr'><strong>quam</strong></span> <span class='ocrx_word' id='word_1_492' title='bbox 1085 3911 1297 3950; x_wconf 65' lang='lat' dir='ltr'><strong>musca;</strong></span> <span class='ocrx_word' id='word_1_493' title='bbox 1339 3895 1692 3967; x_wconf 67' lang='lat' dir='ltr'><strong>gravissimae</strong></span> <span class='ocrx_word' id='word_1_494' title='bbox 1751 3895 2047 3966; x_wconf 90' lang='lat' dir='ltr'><strong>signiﬁca-</strong></span> 
     </span>
    </p>
   </div>
   <div class='ocr_carea' id='block_1_72' title="bbox 339 3984 2047 4057">
    <p class='ocr_par' dir='ltr' id='par_1_72' title="bbox 339 3984 2047 4057">
     <span class='ocr_line' id='line_1_72' title="bbox 339 3984 2047 4057; baseline -0.002 -16"><span class='ocrx_word' id='word_1_495' title='bbox 339 3991 562 4054; x_wconf 86' lang='lat' dir='ltr'><strong>verunt,</strong></span> <span class='ocrx_word' id='word_1_496' title='bbox 597 3986 701 4040; x_wconf 91' lang='lat' dir='ltr'><strong>sub</strong></span> <span class='ocrx_word' id='word_1_497' title='bbox 749 3986 960 4057; x_wconf 86' lang='lat' dir='ltr'><strong>quibus</strong></span> <span class='ocrx_word' id='word_1_498' title='bbox 1033 3985 1189 4055; x_wconf 92' lang='lat' dir='ltr'><strong>magi</strong></span> <span class='ocrx_word' id='word_1_499' title='bbox 1256 3985 1606 4049; x_wconf 88' lang='lat' dir='ltr'><strong>defecerunt,</strong></span> <span class='ocrx_word' id='word_1_500' title='bbox 1645 3984 1930 4038; x_wconf 88' lang='lat' dir='ltr'><strong>dicentes:</strong></span> <span class='ocrx_word' id='word_1_501' title='bbox 1958 3987 2047 4038; x_wconf 89' lang='lat' dir='ltr'><strong>Di-</strong></span> 
     </span>
    </p>
   </div>
   <div class='ocr_carea' id='block_1_73' title="bbox 341 4071 1909 4144">
    <p class='ocr_par' dir='ltr' id='par_1_73' title="bbox 341 4071 1909 4144">
     <span class='ocr_line' id='line_1_73' title="bbox 341 4071 1909 4144; baseline -0.003 -14"><span class='ocrx_word' id='word_1_502' title='bbox 341 4078 487 4144; x_wconf 86' lang='lat' dir='ltr'><strong>gitus</strong></span> <span class='ocrx_word' id='word_1_503' title='bbox 516 4078 620 4131; x_wconf 88' lang='lat' dir='ltr'><strong>Dei</strong></span> <span class='ocrx_word' id='word_1_504' title='bbox 643 4079 721 4129; x_wconf 88' lang='lat' dir='ltr'><strong>est</strong></span> <span class='ocrx_word' id='word_1_505' title='bbox 747 4076 850 4142; x_wconf 86' lang='lat' dir='ltr'><strong>hic,</strong></span> <span class='ocrx_word' id='word_1_506' title='bbox 878 4089 949 4126; x_wconf 89' lang='lat' dir='ltr'><strong>ne</strong></span> <span class='ocrx_word' id='word_1_507' title='bbox 987 4073 1309 4143; x_wconf 75' lang='lat' dir='ltr'><strong>intelligant</strong></span> <span class='ocrx_word' id='word_1_508' title='bbox 1337 4072 1488 4127; x_wconf 88' lang='lat' dir='ltr'><strong>unde</strong></span> <span class='ocrx_word' id='word_1_509' title='bbox 1531 4071 1909 4142; x_wconf 89' lang='lat' dir='ltr'><strong>decipiantur.</strong></span> 
     </span>
    </p>
   </div>
   <div class='ocr_carea' id='block_1_74' title="bbox 415 4161 2047 4233">
    <p class='ocr_par' dir='ltr' id='par_1_74' title="bbox 415 4161 2047 4233">
     <span class='ocr_line' id='line_1_74' title="bbox 415 4161 2047 4233; baseline -0.002 -15"><span class='ocrx_word' id='word_1_510' title='bbox 415 4163 654 4233; x_wconf 62' lang='lat' dir='ltr'><strong>(Sume)</strong></span> <span class='ocrx_word' id='word_1_511' title='bbox 713 4163 1036 4216; x_wconf 76' lang='lat' dir='ltr'><strong>Notandum</strong></span> <span class='ocrx_word' id='word_1_512' title='bbox 1089 4162 1226 4232; x_wconf 90' lang='lat' dir='ltr'><strong>quia</strong></span> <span class='ocrx_word' id='word_1_513' title='bbox 1273 4162 1440 4216; x_wconf 90' lang='lat' dir='ltr'><strong>tertio</strong></span> <span class='ocrx_word' id='word_1_514' title='bbox 1494 4161 1655 4232; x_wconf 90' lang='lat' dir='ltr'><strong>signo</strong></span> <span class='ocrx_word' id='word_1_515' title='bbox 1727 4161 1857 4214; x_wconf 88' lang='lat' dir='ltr'><strong>victi</strong></span> <span class='ocrx_word' id='word_1_516' title='bbox 1913 4165 2047 4215; x_wconf 89' lang='lat' dir='ltr'><strong>sunt</strong></span> 
     </span>
    </p>
   </div>
   <div class='ocr_carea' id='block_1_75' title="bbox 344 4248 2042 4321">
    <p class='ocr_par' dir='ltr' id='par_1_75' title="bbox 344 4248 2042 4321">
     <span class='ocr_line' id='line_1_75' title="bbox 344 4248 2042 4321; baseline -0.002 -16"><span class='ocrx_word' id='word_1_517' title='bbox 344 4251 518 4321; x_wconf 88' lang='lat' dir='ltr'><strong>magi,</strong></span> <span class='ocrx_word' id='word_1_518' title='bbox 565 4250 700 4320; x_wconf 90' lang='lat' dir='ltr'><strong>quia</strong></span> <span class='ocrx_word' id='word_1_519' title='bbox 758 4250 945 4302; x_wconf 90' lang='lat' dir='ltr'><strong>omnis</strong></span> <span class='ocrx_word' id='word_1_520' title='bbox 997 4249 1238 4318; x_wconf 86' lang='lat' dir='ltr'><strong>perﬁdia</strong></span> <span class='ocrx_word' id='word_1_521' title='bbox 1292 4257 1348 4303; x_wconf 91' lang='lat' dir='ltr'><strong>et</strong></span> <span class='ocrx_word' id='word_1_522' title='bbox 1404 4251 1696 4304; x_wconf 87' lang='lat' dir='ltr'><strong>mundana</strong></span> <span class='ocrx_word' id='word_1_523' title='bbox 1744 4248 2042 4319; x_wconf 88' lang='lat' dir='ltr'><strong>sapientia,</strong></span> 
     </span>
    </p>
   </div>
   <div class='ocr_carea' id='block_1_76' title="bbox 342 4336 2045 4409">
    <p class='ocr_par' dir='ltr' id='par_1_76' title="bbox 342 4336 2045 4409">
     <span class='ocr_line' id='line_1_76' title="bbox 342 4336 2045 4409; baseline 0.001 -18"><span class='ocrx_word' id='word_1_524' title='bbox 342 4339 430 4392; x_wconf 90' lang='lat' dir='ltr'><strong>vel</strong></span> <span class='ocrx_word' id='word_1_525' title='bbox 463 4336 843 4409; x_wconf 71' lang='lat' dir='ltr'><strong>philosophia,</strong></span> <span class='ocrx_word' id='word_1_526' title='bbox 876 4337 986 4390; x_wconf 87' lang='lat' dir='ltr'><strong>ﬁde</strong></span> <span class='ocrx_word' id='word_1_527' title='bbox 1015 4337 1308 4391; x_wconf 89' lang='lat' dir='ltr'><strong>Trinitatis</strong></span> <span class='ocrx_word' id='word_1_528' title='bbox 1354 4337 1623 4392; x_wconf 90' lang='lat' dir='ltr'><strong>vincitur.</strong></span> <span class='ocrx_word' id='word_1_529' title='bbox 1689 4337 1831 4392; x_wconf 88' lang='lat' dir='ltr'><strong>Cum</strong></span> <span class='ocrx_word' id='word_1_530' title='bbox 1889 4338 2045 4392; x_wconf 89' lang='lat' dir='ltr'><strong>enim</strong></span> 
     </span>
    </p>
   </div>
   <div class='ocr_carea' id='block_1_77' title="bbox 343 4425 2046 4499">
    <p class='ocr_par' dir='ltr' id='par_1_77' title="bbox 343 4425 2046 4499">
     <span class='ocr_line' id='line_1_77' title="bbox 343 4425 2046 4499; baseline 0 -18"><span class='ocrx_word' id='word_1_531' title='bbox 343 4425 766 4499; x_wconf 85' lang='lat' dir='ltr'><strong>philosophiam</strong></span> <span class='ocrx_word' id='word_1_532' title='bbox 793 4425 1135 4492; x_wconf 88' lang='lat' dir='ltr'><strong>invenerint,</strong></span> <span class='ocrx_word' id='word_1_533' title='bbox 1170 4431 1226 4481; x_wconf 89' lang='lat' dir='ltr'><strong>et</strong></span> <span class='ocrx_word' id='word_1_534' title='bbox 1249 4426 1317 4480; x_wconf 90' lang='lat' dir='ltr'><strong>de</strong></span> <span class='ocrx_word' id='word_1_535' title='bbox 1349 4427 1612 4481; x_wconf 88' lang='lat' dir='ltr'><strong>machina</strong></span> <span class='ocrx_word' id='word_1_536' title='bbox 1640 4427 1815 4481; x_wconf 88' lang='lat' dir='ltr'><strong>totius</strong></span> <span class='ocrx_word' id='word_1_537' title='bbox 1845 4427 2046 4481; x_wconf 86' lang='lat' dir='ltr'><strong>mundi</strong></span> 
     </span>
    </p>
   </div>
   <div class='ocr_carea' id='block_1_78' title="bbox 342 4513 2043 4585">
    <p class='ocr_par' dir='ltr' id='par_1_78' title="bbox 342 4513 2043 4585">
     <span class='ocr_line' id='line_1_78' title="bbox 342 4513 2043 4585; baseline -0.001 -16"><span class='ocrx_word' id='word_1_538' title='bbox 342 4514 781 4585; x_wconf 88' lang='lat' dir='ltr'><strong>disputaveriut,</strong></span> <span class='ocrx_word' id='word_1_539' title='bbox 829 4513 900 4568; x_wconf 89' lang='lat' dir='ltr'><strong>ad</strong></span> <span class='ocrx_word' id='word_1_540' title='bbox 956 4513 1344 4583; x_wconf 87' lang='lat' dir='ltr'><strong>cognitionem</strong></span> <span class='ocrx_word' id='word_1_541' title='bbox 1399 4514 1689 4568; x_wconf 91' lang='lat' dir='ltr'><strong>Trinitatis</strong></span> <span class='ocrx_word' id='word_1_542' title='bbox 1745 4515 2043 4584; x_wconf 85' lang='lat' dir='ltr'><strong>pervenire</strong></span> 
     </span>
    </p>
   </div>
   <div class='ocr_carea' id='block_1_79' title="bbox 340 4601 2038 4674">
    <p class='ocr_par' dir='ltr' id='par_1_79' title="bbox 340 4601 2038 4674">
     <span class='ocr_line' id='line_1_79' title="bbox 340 4601 2038 4674; baseline -0.001 -15"><span class='ocrx_word' id='word_1_543' title='bbox 340 4602 740 4674; x_wconf 88' lang='lat' dir='ltr'><strong>nequiverunt.</strong></span> <span class='ocrx_word' id='word_1_544' title='bbox 766 4604 872 4657; x_wconf 92' lang='lat' dir='ltr'><strong>Per</strong></span> <span class='ocrx_word' id='word_1_545' title='bbox 900 4601 1145 4672; x_wconf 89' lang='lat' dir='ltr'><strong>digitum</strong></span> <span class='ocrx_word' id='word_1_546' title='bbox 1176 4602 1420 4672; x_wconf 88' lang='lat' dir='ltr'><strong>Spiritus</strong></span> <span class='ocrx_word' id='word_1_547' title='bbox 1432 4608 1656 4658; x_wconf 88' lang='lat' dir='ltr'><strong>sanctus</strong></span> <span class='ocrx_word' id='word_1_548' title='bbox 1678 4603 2038 4674; x_wconf 89' lang='lat' dir='ltr'><strong>intelligitur,</strong></span> 
     </span>
    </p>
   </div>
   <div class='ocr_carea' id='block_1_80' title="bbox 340 4689 2041 4762">
    <p class='ocr_par' dir='ltr' id='par_1_80' title="bbox 340 4689 2041 4762">
     <span class='ocr_line' id='line_1_80' title="bbox 340 4689 2041 4762; baseline 0.002 -18"><span class='ocrx_word' id='word_1_549' title='bbox 340 4707 452 4744; x_wconf 91' lang='lat' dir='ltr'><strong>non</strong></span> <span class='ocrx_word' id='word_1_550' title='bbox 477 4690 629 4762; x_wconf 88' lang='lat' dir='ltr'><strong>quod</strong></span> <span class='ocrx_word' id='word_1_551' title='bbox 664 4690 850 4744; x_wconf 88' lang='lat' dir='ltr'><strong>minor</strong></span> <span class='ocrx_word' id='word_1_552' title='bbox 871 4689 944 4744; x_wconf 90' lang='lat' dir='ltr'><strong>sit</strong></span> <span class='ocrx_word' id='word_1_553' title='bbox 975 4691 1139 4744; x_wconf 88' lang='lat' dir='ltr'><strong>Patre</strong></span> <span class='ocrx_word' id='word_1_554' title='bbox 1171 4695 1227 4744; x_wconf 90' lang='lat' dir='ltr'><strong>et</strong></span> <span class='ocrx_word' id='word_1_555' title='bbox 1261 4691 1418 4756; x_wconf 83' lang='lat' dir='ltr'><strong>Filio,</strong></span> <span class='ocrx_word' id='word_1_556' title='bbox 1472 4691 1570 4745; x_wconf 90' lang='lat' dir='ltr'><strong>sed</strong></span> <span class='ocrx_word' id='word_1_557' title='bbox 1603 4691 1742 4762; x_wconf 89' lang='lat' dir='ltr'><strong>quia</strong></span> <span class='ocrx_word' id='word_1_558' title='bbox 1770 4692 1828 4746; x_wconf 89' lang='lat' dir='ltr'><strong>in</strong></span> <span class='ocrx_word' id='word_1_559' title='bbox 1861 4692 2041 4762; x_wconf 91' lang='lat' dir='ltr'><strong>digito</strong></span> 
     </span>
    </p>
   </div>
   <div class='ocr_carea' id='block_1_81' title="bbox 341 4779 2042 4851">
    <p class='ocr_par' dir='ltr' id='par_1_81' title="bbox 341 4779 2042 4851">
     <span class='ocr_line' id='line_1_81' title="bbox 341 4779 2042 4851; baseline 0.001 -17"><span class='ocrx_word' id='word_1_560' title='bbox 341 4780 607 4851; x_wconf 71' lang='lat' dir='ltr'><strong>plurimae</strong></span> <span class='ocrx_word' id='word_1_561' title='bbox 639 4779 945 4834; x_wconf 88' lang='lat' dir='ltr'><strong>divisiones</strong></span> <span class='ocrx_word' id='word_1_562' title='bbox 993 4783 1147 4850; x_wconf 89' lang='lat' dir='ltr'><strong>sunt,</strong></span> <span class='ocrx_word' id='word_1_563' title='bbox 1181 4783 1238 4833; x_wconf 90' lang='lat' dir='ltr'><strong>et</strong></span> <span class='ocrx_word' id='word_1_564' title='bbox 1289 4796 1393 4850; x_wconf 86' lang='lat' dir='ltr'><strong>per</strong></span> <span class='ocrx_word' id='word_1_565' title='bbox 1448 4780 1726 4850; x_wconf 87' lang='lat' dir='ltr'><strong>Spiritum</strong></span> <span class='ocrx_word' id='word_1_566' title='bbox 1783 4786 2042 4837; x_wconf 90' lang='lat' dir='ltr'><strong>sanctum</strong></span> 
     </span>
    </p>
   </div>
   <div class='ocr_carea' id='block_1_82' title="bbox 341 4869 1093 4942">
    <p class='ocr_par' dir='ltr' id='par_1_82' title="bbox 341 4869 1093 4942">
     <span class='ocr_line' id='line_1_82' title="bbox 341 4869 1093 4942; baseline 0 -20"><span class='ocrx_word' id='word_1_567' title='bbox 341 4869 510 4923; x_wconf 83' lang='lat' dir='ltr'><strong>datur</strong></span> <span class='ocrx_word' id='word_1_568' title='bbox 540 4869 741 4924; x_wconf 89' lang='lat' dir='ltr'><strong>divisio</strong></span> <span class='ocrx_word' id='word_1_569' title='bbox 757 4869 1093 4942; x_wconf 90' lang='lat' dir='ltr'><strong>gratiarum.</strong></span> 
     </span>
    </p>
   </div>
   <div class='ocr_carea' id='block_1_83' title="bbox 410 4956 2044 5028">
    <p class='ocr_par' dir='ltr' id='par_1_83' title="bbox 410 4956 2044 5028">
     <span class='ocr_line' id='line_1_83' title="bbox 410 4956 2044 5028; baseline 0.002 -17"><span class='ocrx_word' id='word_1_570' title='bbox 410 4957 594 5027; x_wconf 58' lang='lat' dir='ltr'><strong>(Aea,</strong></span> <span class='ocrx_word' id='word_1_571' title='bbox 619 4963 809 5027; x_wconf 76' lang='lat' dir='ltr'><strong>quaest.</strong></span> <span class='ocrx_word' id='word_1_572' title='bbox 830 4962 898 5012; x_wconf 78' lang='grc'><strong>25</strong></span> <span class='ocrx_word' id='word_1_573' title='bbox 933 4960 987 5012; x_wconf 87' lang='lat' dir='ltr'><strong>in</strong></span> <span class='ocrx_word' id='word_1_574' title='bbox 1018 4956 1218 5026; x_wconf 55' lang='lat' dir='ltr'><strong>Exod,</strong></span> <span class='ocrx_word' id='word_1_575' title='bbox 1239 4961 1374 5011; x_wconf 91' lang='lat' dir='ltr'><strong>tom.</strong></span> <span class='ocrx_word' id='word_1_576' title='bbox 1402 4959 1516 5028; x_wconf 88' lang='lat' dir='ltr'><strong>Ill.)</strong></span> <span class='ocrx_word' id='word_1_577' title='bbox 1541 4958 1705 5022; x_wconf 87' lang='lat' dir='ltr'><strong>Quod</strong></span> <span class='ocrx_word' id='word_1_578' title='bbox 1777 4959 2044 5015; x_wconf 89' lang='lat' dir='ltr'><strong>dixerunt</strong></span> 
     </span>
    </p>
   </div>
   <div class='ocr_carea' id='block_1_84' title="bbox 341 5047 2041 5119">
    <p class='ocr_par' dir='ltr' id='par_1_84' title="bbox 341 5047 2041 5119">
     <span class='ocr_line' id='line_1_84' title="bbox 341 5047 2041 5119; baseline 0.002 -19"><span class='ocrx_word' id='word_1_579' title='bbox 341 5047 493 5116; x_wconf 87' lang='lat' dir='ltr'><strong>magi</strong></span> <span class='ocrx_word' id='word_1_580' title='bbox 533 5047 605 5100; x_wconf 90' lang='lat' dir='ltr'><strong>ad</strong></span> <span class='ocrx_word' id='word_1_581' title='bbox 669 5048 1046 5114; x_wconf 86' lang='lat' dir='ltr'><strong>Pharaonem,</strong></span> <span class='ocrx_word' id='word_1_582' title='bbox 1108 5051 1241 5114; x_wconf 89' lang='lat' dir='ltr'><strong>etc.,</strong></span> <span class='ocrx_word' id='word_1_583' title='bbox 1300 5062 1470 5116; x_wconf 85' lang='lat' dir='ltr'><strong>usque</strong></span> <span class='ocrx_word' id='word_1_584' title='bbox 1524 5048 1617 5114; x_wconf 88' lang='lat' dir='ltr'><strong>ad,</strong></span> <span class='ocrx_word' id='word_1_585' title='bbox 1675 5049 1936 5119; x_wconf 89' lang='lat' dir='ltr'><strong>quamvis</strong></span> <span class='ocrx_word' id='word_1_586' title='bbox 1971 5048 2041 5104; x_wconf 90' lang='lat' dir='ltr'><strong>de</strong></span> 
     </span>
    </p>
   </div>
   <div class='ocr_carea' id='block_1_85' title="bbox 347 5135 990 5190">
    <p class='ocr_par' dir='ltr' id='par_1_85' title="bbox 347 5135 990 5190">
     <span class='ocr_line' id='line_1_85' title="bbox 347 5135 990 5190; baseline 0.005 -3"><span class='ocrx_word' id='word_1_587' title='bbox 347 5135 489 5188; x_wconf 83' lang='lat' dir='ltr'><strong>Filio</strong></span> <span class='ocrx_word' id='word_1_588' title='bbox 523 5150 637 5188; x_wconf 93' lang='lat' dir='ltr'><strong>non</strong></span> <span class='ocrx_word' id='word_1_589' title='bbox 666 5139 990 5190; x_wconf 88' lang='lat' dir='ltr'><strong>tacuerunt.</strong></span> 
     </span>
    </p>
   </div>
   <div class='ocr_carea' id='block_1_86' title="bbox 411 5223 2043 5295">
    <p class='ocr_par' dir='ltr' id='par_1_86' title="bbox 411 5223 2043 5295">
     <span class='ocr_line' id='line_1_86' title="bbox 411 5223 2043 5295; baseline 0.002 -20"><span class='ocrx_word' id='word_1_590' title='bbox 411 5223 574 5278; x_wconf 74' lang='lat' dir='ltr'><strong>Vens.</strong></span> <span class='ocrx_word' id='word_1_591' title='bbox 610 5225 696 5277; x_wconf 79' lang='lat'><strong>20.</strong></span> <span class='ocrx_word' id='word_1_592' title='bbox 723 5253 790 5262; x_wconf 89' lang='lat'><strong><em>—</em></strong></span> <span class='ocrx_word' id='word_1_593' title='bbox 819 5225 942 5278; x_wconf 74' lang='lat' dir='ltr'><strong>Haec</strong></span> <span class='ocrx_word' id='word_1_594' title='bbox 976 5224 1109 5277; x_wconf 87' lang='lat' dir='ltr'><strong>dicit</strong></span> <span class='ocrx_word' id='word_1_595' title='bbox 1161 5225 1446 5290; x_wconf 86' lang='lat' dir='ltr'><strong>Dominus,</strong></span> <span class='ocrx_word' id='word_1_596' title='bbox 1501 5227 1609 5292; x_wconf 90' lang='lat' dir='ltr'><strong>etc,</strong></span> <span class='ocrx_word' id='word_1_597' title='bbox 1661 5223 1840 5295; x_wconf 68' lang='grc' dir='ltr'><strong>(ΗΑΒ.)</strong></span> <span class='ocrx_word' id='word_1_598' title='bbox 1869 5225 2043 5290; x_wconf 89' lang='lat' dir='ltr'><strong>Quar-</strong></span> 
     </span>
    </p>
   </div>
   <div class='ocr_carea' id='block_1_87' title="bbox 339 5313 2041 5382">
    <p class='ocr_par' dir='ltr' id='par_1_87' title="bbox 339 5313 2041 5382">
     <span class='ocr_line' id='line_1_87' title="bbox 339 5313 2041 5382; baseline 0.002 -17"><span class='ocrx_word' id='word_1_599' title='bbox 339 5315 462 5365; x_wconf 89' lang='lat' dir='ltr'><strong>tum</strong></span> <span class='ocrx_word' id='word_1_600' title='bbox 517 5315 909 5382; x_wconf 72' lang='lat' dir='ltr'><strong>praeceptum:</strong></span> <span class='ocrx_word' id='word_1_601' title='bbox 961 5313 1176 5366; x_wconf 87' lang='lat' dir='ltr'><strong>Honora</strong></span> <span class='ocrx_word' id='word_1_602' title='bbox 1225 5318 1439 5382; x_wconf 81' lang='lat' dir='ltr'><strong>patrem</strong></span> <span class='ocrx_word' id='word_1_603' title='bbox 1475 5316 1626 5367; x_wconf 87' lang='lat' dir='ltr'><strong>tuum</strong></span> <span class='ocrx_word' id='word_1_604' title='bbox 1700 5317 1750 5366; x_wconf 89' lang='lat' dir='ltr'><strong>et</strong></span> <span class='ocrx_word' id='word_1_605' title='bbox 1815 5319 2041 5368; x_wconf 86' lang='lat' dir='ltr'><strong>matrem</strong></span> 
     </span>
    </p>
   </div>
   <div class='ocr_carea' id='block_1_88' title="bbox 337 5399 2040 5472">
    <p class='ocr_par' dir='ltr' id='par_1_88' title="bbox 337 5399 2040 5472">
     <span class='ocr_line' id='line_1_88' title="bbox 337 5399 2040 5472; baseline 0.002 -18"><span class='ocrx_word' id='word_1_606' title='bbox 337 5405 508 5454; x_wconf 87' lang='lat' dir='ltr'><strong>tuam.</strong></span> <span class='ocrx_word' id='word_1_607' title='bbox 546 5399 684 5452; x_wconf 83' lang='lat' dir='ltr'><strong>Huic</strong></span> <span class='ocrx_word' id='word_1_608' title='bbox 739 5400 1022 5454; x_wconf 88' lang='lat' dir='ltr'><strong>contraria</strong></span> <span class='ocrx_word' id='word_1_609' title='bbox 1059 5406 1144 5455; x_wconf 89' lang='lat' dir='ltr'><strong>est</strong></span> <span class='ocrx_word' id='word_1_610' title='bbox 1196 5406 1399 5472; x_wconf 90' lang='lat' dir='ltr'><strong>quarta</strong></span> <span class='ocrx_word' id='word_1_611' title='bbox 1449 5403 1639 5472; x_wconf 87' lang='lat' dir='ltr'><strong>plaga,</strong></span> <span class='ocrx_word' id='word_1_612' title='bbox 1693 5401 1911 5457; x_wconf 89' lang='lat' dir='ltr'><strong>scilicet</strong></span> <span class='ocrx_word' id='word_1_613' title='bbox 1941 5419 2040 5472; x_wconf 86' lang='lat' dir='ltr'><strong>cy-</strong></span> 
     </span>
    </p>
   </div>
   <div class='ocr_carea' id='block_1_89' title="bbox 299 5487 2040 5562">
    <p class='ocr_par' dir='ltr' id='par_1_89' title="bbox 299 5487 2040 5562">
     <span class='ocr_line' id='line_1_89' title="bbox 299 5487 2040 5562; baseline 0.002 -21"><span class='ocrx_word' id='word_1_614' title='bbox 299 5549 315 5559; x_wconf 42' lang='lat'><strong>,</strong></span> <span class='ocrx_word' id='word_1_615' title='bbox 336 5487 586 5558; x_wconf 83' lang='lat' dir='ltr'><strong>nomyia,</strong></span> <span class='ocrx_word' id='word_1_616' title='bbox 620 5487 676 5542; x_wconf 91' lang='lat' dir='ltr'><strong>id</strong></span> <span class='ocrx_word' id='word_1_617' title='bbox 708 5491 810 5551; x_wconf 87' lang='lat' dir='ltr'><strong>est,</strong></span> <span class='ocrx_word' id='word_1_618' title='bbox 832 5488 1035 5542; x_wconf 87' lang='lat' dir='ltr'><strong>canina</strong></span> <span class='ocrx_word' id='word_1_619' title='bbox 1064 5505 1302 5545; x_wconf 76' lang='lat' dir='ltr'><strong>musca:</strong></span> <span class='ocrx_word' id='word_1_620' title='bbox 1337 5491 1606 5545; x_wconf 85' lang='lat' dir='ltr'><strong>caninum</strong></span> <span class='ocrx_word' id='word_1_621' title='bbox 1651 5497 1738 5546; x_wconf 90' lang='lat' dir='ltr'><strong>est</strong></span> <span class='ocrx_word' id='word_1_622' title='bbox 1775 5497 2040 5562; x_wconf 88' lang='lat' dir='ltr'><strong>parentes</strong></span> 
     </span>
    </p>
   </div>
   <div class='ocr_carea' id='block_1_90' title="bbox 333 5577 2041 5648">
    <p class='ocr_par' dir='ltr' id='par_1_90' title="bbox 333 5577 2041 5648">
     <span class='ocr_line' id='line_1_90' title="bbox 333 5577 2041 5648; baseline 0.002 -16"><span class='ocrx_word' id='word_1_623' title='bbox 333 5593 451 5632; x_wconf 90' lang='lat' dir='ltr'><strong>non</strong></span> <span class='ocrx_word' id='word_1_624' title='bbox 471 5593 780 5648; x_wconf 86' lang='lat' dir='ltr'><strong>agnoscere</strong></span> <span class='ocrx_word' id='word_1_625' title='bbox 812 5593 826 5644; x_wconf 89' lang='lat'><strong>;</strong></span> <span class='ocrx_word' id='word_1_626' title='bbox 860 5577 1008 5632; x_wconf 89' lang='lat' dir='ltr'><strong>unde</strong></span> <span class='ocrx_word' id='word_1_627' title='bbox 1049 5578 1222 5633; x_wconf 89' lang='lat' dir='ltr'><strong>catuli</strong></span> <span class='ocrx_word' id='word_1_628' title='bbox 1251 5595 1453 5634; x_wconf 88' lang='lat' dir='ltr'><strong>eorum</strong></span> <span class='ocrx_word' id='word_1_629' title='bbox 1531 5579 1669 5635; x_wconf 69' lang='lat' dir='ltr'><strong>caaci</strong></span> <span class='ocrx_word' id='word_1_630' title='bbox 1727 5584 2041 5636; x_wconf 88' lang='lat' dir='ltr'><strong>nascuntur</strong></span> 
     </span>
    </p>
   </div>
   <div class='ocr_carea' id='block_1_91' title="bbox 2150 3099 3858 3174">
    <p class='ocr_par' dir='ltr' id='par_1_91' title="bbox 2150 3099 3858 3174">
     <span class='ocr_line' id='line_1_91' title="bbox 2150 3099 3858 3174; baseline -0.006 -11"><span class='ocrx_word' id='word_1_631' title='bbox 2150 3109 2361 3163; x_wconf 86' lang='lat' dir='ltr'><strong>factum</strong></span> <span class='ocrx_word' id='word_1_632' title='bbox 2386 3111 2615 3172; x_wconf 88' lang='lat' dir='ltr'><strong>esse,ut</strong></span> <span class='ocrx_word' id='word_1_633' title='bbox 2671 3106 2901 3159; x_wconf 90' lang='lat' dir='ltr'><strong>terrain</strong></span> <span class='ocrx_word' id='word_1_634' title='bbox 2949 3120 3063 3174; x_wconf 90' lang='lat' dir='ltr'><strong>qua</strong></span> <span class='ocrx_word' id='word_1_635' title='bbox 3105 3102 3398 3157; x_wconf 87' lang='lat' dir='ltr'><strong>habitabat</strong></span> <span class='ocrx_word' id='word_1_636' title='bbox 3437 3101 3687 3171; x_wconf 90' lang='lat' dir='ltr'><strong>populus</strong></span> <span class='ocrx_word' id='word_1_637' title='bbox 3759 3099 3858 3154; x_wconf 91' lang='lat' dir='ltr'><strong>Dei</strong></span> 
     </span>
    </p>
   </div>
   <div class='ocr_carea' id='block_1_92' title="bbox 2150 3191 3857 3264">
    <p class='ocr_par' dir='ltr' id='par_1_92' title="bbox 2150 3191 3857 3264">
     <span class='ocr_line' id='line_1_92' title="bbox 2150 3191 3857 3264; baseline -0.006 -13"><span class='ocrx_word' id='word_1_638' title='bbox 2150 3199 2324 3252; x_wconf 90' lang='lat' dir='ltr'><strong>nullis</strong></span> <span class='ocrx_word' id='word_1_639' title='bbox 2345 3196 2553 3250; x_wconf 87' lang='lat' dir='ltr'><strong>talibus</strong></span> <span class='ocrx_word' id='word_1_640' title='bbox 2596 3193 2782 3264; x_wconf 90' lang='lat' dir='ltr'><strong>plagis</strong></span> <span class='ocrx_word' id='word_1_641' title='bbox 2831 3196 3145 3246; x_wconf 85' lang='lat' dir='ltr'><strong>vexaretur.</strong></span> <span class='ocrx_word' id='word_1_642' title='bbox 3207 3191 3611 3260; x_wconf 90' lang='lat' dir='ltr'><strong>Opportunum</strong></span> <span class='ocrx_word' id='word_1_643' title='bbox 3659 3192 3857 3242; x_wconf 88' lang='lat' dir='ltr'><strong>autem</strong></span> 
     </span>
    </p>
   </div>
   <div class='ocr_carea' id='block_1_93' title="bbox 2152 3275 3860 3351">
    <p class='ocr_par' dir='ltr' id='par_1_93' title="bbox 2152 3275 3860 3351">
     <span class='ocr_line' id='line_1_93' title="bbox 2152 3275 3860 3351; baseline -0.006 -12"><span class='ocrx_word' id='word_1_644' title='bbox 2152 3285 2259 3339; x_wconf 88' lang='lat' dir='ltr'><strong>fuit</strong></span> <span class='ocrx_word' id='word_1_645' title='bbox 2281 3289 2342 3338; x_wconf 88' lang='lat' dir='ltr'><strong>ut</strong></span> <span class='ocrx_word' id='word_1_646' title='bbox 2365 3283 2445 3337; x_wconf 90' lang='lat' dir='ltr'><strong>ibi</strong></span> <span class='ocrx_word' id='word_1_647' title='bbox 2471 3285 2799 3350; x_wconf 64' lang='lat' dir='ltr'><strong>hoc‘perte</strong></span> <span class='ocrx_word' id='word_1_648' title='bbox 2819 3284 3167 3351; x_wconf 89' lang='lat' dir='ltr'><strong>poneretur;</strong></span> <span class='ocrx_word' id='word_1_649' title='bbox 3212 3277 3362 3332; x_wconf 91' lang='lat' dir='ltr'><strong>unde</strong></span> <span class='ocrx_word' id='word_1_650' title='bbox 3392 3278 3515 3347; x_wconf 88' lang='lat' dir='ltr'><strong>jam</strong></span> <span class='ocrx_word' id='word_1_651' title='bbox 3569 3275 3860 3344; x_wconf 89' lang='lat' dir='ltr'><strong>incipiunt</strong></span> 
     </span>
    </p>
   </div>
   <div class='ocr_carea' id='block_1_94' title="bbox 2151 3365 3855 3442">
    <p class='ocr_par' dir='ltr' id='par_1_94' title="bbox 2151 3365 3855 3442">
     <span class='ocr_line' id='line_1_94' title="bbox 2151 3365 3855 3442; baseline -0.006 -15"><span class='ocrx_word' id='word_1_652' title='bbox 2151 3373 2336 3442; x_wconf 89' lang='lat' dir='ltr'><strong>signa,</strong></span> <span class='ocrx_word' id='word_1_653' title='bbox 2367 3371 2576 3442; x_wconf 87' lang='lat' dir='ltr'><strong>quibus</strong></span> <span class='ocrx_word' id='word_1_654' title='bbox 2627 3369 2782 3440; x_wconf 88' lang='lat' dir='ltr'><strong>magi</strong></span> <span class='ocrx_word' id='word_1_655' title='bbox 2826 3369 3037 3422; x_wconf 89' lang='lat' dir='ltr'><strong>similia</strong></span> <span class='ocrx_word' id='word_1_656' title='bbox 3077 3384 3196 3421; x_wconf 90' lang='lat' dir='ltr'><strong>non</strong></span> <span class='ocrx_word' id='word_1_657' title='bbox 3235 3365 3426 3420; x_wconf 90' lang='lat' dir='ltr'><strong>conati</strong></span> <span class='ocrx_word' id='word_1_658' title='bbox 3468 3370 3602 3418; x_wconf 90' lang='lat' dir='ltr'><strong>sunt</strong></span> <span class='ocrx_word' id='word_1_659' title='bbox 3645 3365 3855 3418; x_wconf 87' lang='lat' dir='ltr'><strong>facere.</strong></span> 
     </span>
    </p>
   </div>
   <div class='ocr_carea' id='block_1_95' title="bbox 2153 3453 3859 3529">
    <p class='ocr_par' dir='ltr' id='par_1_95' title="bbox 2153 3453 3859 3529">
     <span class='ocr_line' id='line_1_95' title="bbox 2153 3453 3859 3529; baseline -0.005 -14"><span class='ocrx_word' id='word_1_660' title='bbox 2153 3463 2258 3516; x_wconf 87' lang='lat' dir='ltr'><strong>Pro</strong></span> <span class='ocrx_word' id='word_1_661' title='bbox 2278 3465 2436 3514; x_wconf 90' lang='lat' dir='ltr'><strong>certo</strong></span> <span class='ocrx_word' id='word_1_662' title='bbox 2478 3463 2564 3513; x_wconf 90' lang='lat' dir='ltr'><strong>est</strong></span> <span class='ocrx_word' id='word_1_663' title='bbox 2594 3458 2749 3512; x_wconf 89' lang='lat' dir='ltr'><strong>enim</strong></span> <span class='ocrx_word' id='word_1_664' title='bbox 2766 3458 2902 3529; x_wconf 89' lang='lat' dir='ltr'><strong>quia</strong></span> <span class='ocrx_word' id='word_1_665' title='bbox 2946 3457 3157 3526; x_wconf 90' lang='lat' dir='ltr'><strong>ubique</strong></span> <span class='ocrx_word' id='word_1_666' title='bbox 3207 3455 3436 3509; x_wconf 88' lang='lat' dir='ltr'><strong>fuerant</strong></span> <span class='ocrx_word' id='word_1_667' title='bbox 3478 3453 3769 3523; x_wconf 89' lang='lat' dir='ltr'><strong>sciniphes</strong></span> <span class='ocrx_word' id='word_1_668' title='bbox 3801 3453 3859 3506; x_wconf 91' lang='lat' dir='ltr'><strong>in</strong></span> 
     </span>
    </p>
   </div>
   <div class='ocr_carea' id='block_1_96' title="bbox 2151 3543 3860 3618">
    <p class='ocr_par' dir='ltr' id='par_1_96' title="bbox 2151 3543 3860 3618">
     <span class='ocr_line' id='line_1_96' title="bbox 2151 3543 3860 3618; baseline -0.005 -16"><span class='ocrx_word' id='word_1_669' title='bbox 2151 3564 2329 3618; x_wconf 84' lang='lat' dir='ltr'><strong>regno</strong></span> <span class='ocrx_word' id='word_1_670' title='bbox 2361 3547 2693 3613; x_wconf 90' lang='lat' dir='ltr'><strong>Pharaonis,</strong></span> <span class='ocrx_word' id='word_1_671' title='bbox 2718 3562 2833 3600; x_wconf 90' lang='lat' dir='ltr'><strong>non</strong></span> <span class='ocrx_word' id='word_1_672' title='bbox 2865 3550 3058 3599; x_wconf 89' lang='lat' dir='ltr'><strong>autem</strong></span> <span class='ocrx_word' id='word_1_673' title='bbox 3089 3545 3319 3598; x_wconf 78' lang='lat' dir='ltr'><strong>fuerant</strong></span> <span class='ocrx_word' id='word_1_674' title='bbox 3344 3543 3402 3596; x_wconf 91' lang='lat' dir='ltr'><strong>in</strong></span> <span class='ocrx_word' id='word_1_675' title='bbox 3434 3548 3588 3596; x_wconf 91' lang='lat' dir='ltr'><strong>terra</strong></span> <span class='ocrx_word' id='word_1_676' title='bbox 3643 3543 3860 3596; x_wconf 90' lang='lat' dir='ltr'><strong>Gessen</strong></span> 
     </span>
    </p>
   </div>
   <div class='ocr_carea' id='block_1_97' title="bbox 2151 3631 3860 3703">
    <p class='ocr_par' dir='ltr' id='par_1_97' title="bbox 2151 3631 3860 3703">
     <span class='ocr_line' id='line_1_97' title="bbox 2151 3631 3860 3703; baseline -0.005 -12"><span class='ocrx_word' id='word_1_677' title='bbox 2151 3637 2242 3691; x_wconf 89' lang='lat' dir='ltr'><strong>vel</strong></span> <span class='ocrx_word' id='word_1_678' title='bbox 2272 3637 2458 3692; x_wconf 88' lang='lat' dir='ltr'><strong>Gesen</strong></span> <span class='ocrx_word' id='word_1_679' title='bbox 2493 3652 2507 3689; x_wconf 89' lang='lat'><strong>:</strong></span> <span class='ocrx_word' id='word_1_680' title='bbox 2539 3636 2620 3690; x_wconf 90' lang='lat' dir='ltr'><strong>ibi</strong></span> <span class='ocrx_word' id='word_1_681' title='bbox 2649 3635 2837 3690; x_wconf 87' lang='lat' dir='ltr'><strong>conati</strong></span> <span class='ocrx_word' id='word_1_682' title='bbox 2883 3637 3016 3688; x_wconf 92' lang='lat' dir='ltr'><strong>sunt</strong></span> <span class='ocrx_word' id='word_1_683' title='bbox 3053 3633 3207 3703; x_wconf 88' lang='lat' dir='ltr'><strong>magi</strong></span> <span class='ocrx_word' id='word_1_684' title='bbox 3252 3631 3462 3686; x_wconf 89' lang='lat' dir='ltr'><strong>similia</strong></span> <span class='ocrx_word' id='word_1_685' title='bbox 3521 3631 3728 3696; x_wconf 90' lang='lat' dir='ltr'><strong>facere,</strong></span> <span class='ocrx_word' id='word_1_686' title='bbox 3755 3647 3860 3684; x_wconf 89' lang='lat' dir='ltr'><strong>nec</strong></span> 
     </span>
    </p>
   </div>
   <div class='ocr_carea' id='block_1_98' title="bbox 2151 3719 3860 3794">
    <p class='ocr_par' dir='ltr' id='par_1_98' title="bbox 2151 3719 3860 3794">
     <span class='ocr_line' id='line_1_98' title="bbox 2151 3719 3860 3794; baseline -0.004 -16"><span class='ocrx_word' id='word_1_687' title='bbox 2151 3729 2500 3794; x_wconf 89' lang='lat' dir='ltr'><strong>potuerunt:</strong></span> <span class='ocrx_word' id='word_1_688' title='bbox 2543 3739 2841 3794; x_wconf 89' lang='lat' dir='ltr'><strong>quousque</strong></span> <span class='ocrx_word' id='word_1_689' title='bbox 2862 3738 2998 3791; x_wconf 89' lang='lat' dir='ltr'><strong>ergo</strong></span> <span class='ocrx_word' id='word_1_690' title='bbox 3029 3721 3356 3780; x_wconf 87' lang='lat' dir='ltr'><strong>deﬁcerent.</strong></span> <span class='ocrx_word' id='word_1_691' title='bbox 3406 3719 3549 3773; x_wconf 89' lang='lat' dir='ltr'><strong>nihil</strong></span> <span class='ocrx_word' id='word_1_692' title='bbox 3573 3720 3643 3773; x_wconf 89' lang='lat' dir='ltr'><strong>de</strong></span> <span class='ocrx_word' id='word_1_693' title='bbox 3701 3719 3860 3773; x_wconf 87' lang='lat' dir='ltr'><strong>illius</strong></span> 
     </span>
    </p>
   </div>
   <div class='ocr_carea' id='block_1_99' title="bbox 2152 3809 3862 3881">
    <p class='ocr_par' dir='ltr' id='par_1_99' title="bbox 2152 3809 3862 3881">
     <span class='ocr_line' id='line_1_99' title="bbox 2152 3809 3862 3881; baseline -0.003 -16"><span class='ocrx_word' id='word_1_694' title='bbox 2152 3815 2319 3865; x_wconf 79' lang='lat' dir='ltr'><strong>terrae</strong></span> <span class='ocrx_word' id='word_1_695' title='bbox 2349 3811 2704 3881; x_wconf 84' lang='lat' dir='ltr'><strong>separatione</strong></span> <span class='ocrx_word' id='word_1_696' title='bbox 2737 3811 2951 3865; x_wconf 91' lang='lat' dir='ltr'><strong>dictum</strong></span> <span class='ocrx_word' id='word_1_697' title='bbox 2986 3815 3087 3876; x_wconf 91' lang='lat' dir='ltr'><strong>est,</strong></span> <span class='ocrx_word' id='word_1_698' title='bbox 3143 3809 3243 3863; x_wconf 88' lang='lat' dir='ltr'><strong>sed</strong></span> <span class='ocrx_word' id='word_1_699' title='bbox 3303 3825 3368 3862; x_wconf 87' lang='lat' dir='ltr'><strong>ex</strong></span> <span class='ocrx_word' id='word_1_700' title='bbox 3400 3823 3514 3877; x_wconf 90' lang='lat' dir='ltr'><strong>quo</strong></span> <span class='ocrx_word' id='word_1_701' title='bbox 3562 3813 3862 3877; x_wconf 75' lang='lat' dir='ltr'><strong>cmperunt</strong></span> 
     </span>
    </p>
   </div>
   <div class='ocr_carea' id='block_1_100' title="bbox 2154 3896 3293 3970">
    <p class='ocr_par' dir='ltr' id='par_1_100' title="bbox 2154 3896 3293 3970">
     <span class='ocr_line' id='line_1_100' title="bbox 2154 3896 3293 3970; baseline -0.004 -16"><span class='ocrx_word' id='word_1_702' title='bbox 2154 3915 2221 3954; x_wconf 90' lang='lat' dir='ltr'><strong>ea</strong></span> <span class='ocrx_word' id='word_1_703' title='bbox 2249 3899 2375 3954; x_wconf 87' lang='lat' dir='ltr'><strong>ﬁeri</strong></span> <span class='ocrx_word' id='word_1_704' title='bbox 2397 3916 2526 3970; x_wconf 65' lang='lat' dir='ltr'><strong>quae</strong></span> <span class='ocrx_word' id='word_1_705' title='bbox 2546 3899 2632 3953; x_wconf 92' lang='lat' dir='ltr'><strong>illi</strong></span> <span class='ocrx_word' id='word_1_706' title='bbox 2652 3915 2754 3953; x_wconf 93' lang='lat' dir='ltr'><strong>nec</strong></span> <span class='ocrx_word' id='word_1_707' title='bbox 2783 3900 3057 3953; x_wconf 89' lang='lat' dir='ltr'><strong>auderent</strong></span> <span class='ocrx_word' id='word_1_708' title='bbox 3079 3896 3293 3952; x_wconf 90' lang='lat' dir='ltr'><strong>conari.</strong></span> 
     </span>
    </p>
   </div>
   <div class='ocr_carea' id='block_1_101' title="bbox 2226 3987 3862 4053">
    <p class='ocr_par' dir='ltr' id='par_1_101' title="bbox 2226 3987 3862 4053">
     <span class='ocr_line' id='line_1_101' title="bbox 2226 3987 3862 4053; baseline -0.004 -10"><span class='ocrx_word' id='word_1_709' title='bbox 2226 3990 2389 4043; x_wconf 75' lang='lat' dir='ltr'><strong>Vens.</strong></span> <span class='ocrx_word' id='word_1_710' title='bbox 2437 3991 2526 4052; x_wconf 75' lang='grc'><strong>24,</strong></span> <span class='ocrx_word' id='word_1_711' title='bbox 2581 3992 2668 4043; x_wconf 80' lang='grc'><strong>25.</strong></span> <span class='ocrx_word' id='word_1_712' title='bbox 2716 4017 2787 4028; x_wconf 92' lang='lat'><strong><em>—</em></strong></span> <span class='ocrx_word' id='word_1_713' title='bbox 2831 3991 2901 4042; x_wconf 92' lang='lat' dir='ltr'><strong>Et</strong></span> <span class='ocrx_word' id='word_1_714' title='bbox 2919 3990 3066 4042; x_wconf 80' lang='lat' dir='ltr'><strong>venit</strong></span> <span class='ocrx_word' id='word_1_715' title='bbox 3116 4002 3300 4041; x_wconf 87' lang='lat' dir='ltr'><strong>musca</strong></span> <span class='ocrx_word' id='word_1_716' title='bbox 3354 3987 3699 4053; x_wconf 85' lang='lat' dir='ltr'><strong>gravissima,</strong></span> <span class='ocrx_word' id='word_1_717' title='bbox 3750 3988 3862 4050; x_wconf 88' lang='lat' dir='ltr'><strong>etc,</strong></span> 
     </span>
    </p>
   </div>
   <div class='ocr_carea' id='block_1_102' title="bbox 2156 4075 3864 4149">
    <p class='ocr_par' dir='ltr' id='par_1_102' title="bbox 2156 4075 3864 4149">
     <span class='ocr_line' id='line_1_102' title="bbox 2156 4075 3864 4149; baseline -0.005 -15"><span class='ocrx_word' id='word_1_718' title='bbox 2156 4081 2336 4149; x_wconf 82' lang='lat' dir='ltr'><strong>(Auc.,</strong></span> <span class='ocrx_word' id='word_1_719' title='bbox 2378 4079 2542 4148; x_wconf 85' lang='lat' dir='ltr'><strong>ibid.)</strong></span> <span class='ocrx_word' id='word_1_720' title='bbox 2594 4079 2780 4133; x_wconf 83' lang='lat' dir='ltr'><strong>Musca</strong></span> <span class='ocrx_word' id='word_1_721' title='bbox 2825 4094 2929 4148; x_wconf 93' lang='lat' dir='ltr'><strong>pro</strong></span> <span class='ocrx_word' id='word_1_722' title='bbox 2985 4075 3351 4130; x_wconf 89' lang='lat' dir='ltr'><strong>multitudine</strong></span> <span class='ocrx_word' id='word_1_723' title='bbox 3392 4089 3720 4128; x_wconf 90' lang='lat' dir='ltr'><strong>muscarum</strong></span> <span class='ocrx_word' id='word_1_724' title='bbox 3755 4090 3864 4144; x_wconf 80' lang='lat' dir='ltr'><strong>po-</strong></span> 
     </span>
    </p>
   </div>
   <div class='ocr_carea' id='block_1_103' title="bbox 2153 4163 3862 4237">
    <p class='ocr_par' dir='ltr' id='par_1_103' title="bbox 2153 4163 3862 4237">
     <span class='ocr_line' id='line_1_103' title="bbox 2153 4163 3862 4237; baseline -0.004 -16"><span class='ocrx_word' id='word_1_725' title='bbox 2153 4167 2279 4223; x_wconf 89' lang='lat' dir='ltr'><strong>sita.</strong></span> <span class='ocrx_word' id='word_1_726' title='bbox 2313 4169 2510 4222; x_wconf 84' lang='lat' dir='ltr'><strong>Nescio</strong></span> <span class='ocrx_word' id='word_1_727' title='bbox 2535 4167 2690 4220; x_wconf 87' lang='lat' dir='ltr'><strong>enim</strong></span> <span class='ocrx_word' id='word_1_728' title='bbox 2729 4165 3015 4237; x_wconf 89' lang='lat' dir='ltr'><strong>quomodo</strong></span> <span class='ocrx_word' id='word_1_729' title='bbox 3054 4180 3158 4235; x_wconf 90' lang='lat' dir='ltr'><strong>par</strong></span> <span class='ocrx_word' id='word_1_730' title='bbox 3212 4163 3488 4234; x_wconf 90' lang='lat' dir='ltr'><strong>loquendi</strong></span> <span class='ocrx_word' id='word_1_731' title='bbox 3547 4167 3862 4217; x_wconf 88' lang='lat' dir='ltr'><strong>consuetu-</strong></span> 
     </span>
    </p>
   </div>
   <div class='ocr_carea' id='block_1_104' title="bbox 2153 4246 3870 4318">
    <p class='ocr_par' dir='ltr' id='par_1_104' title="bbox 2153 4246 3870 4318">
     <span class='ocr_line' id='line_1_104' title="bbox 2153 4246 3870 4318; baseline -0.003 -12"><span class='ocrx_word' id='word_1_732' title='bbox 2153 4252 2347 4307; x_wconf 89' lang='lat' dir='ltr'><strong>dinem</strong></span> <span class='ocrx_word' id='word_1_733' title='bbox 2376 4251 2611 4306; x_wconf 86' lang='lat' dir='ltr'><strong>imbutis</strong></span> <span class='ocrx_word' id='word_1_734' title='bbox 2634 4251 2892 4305; x_wconf 85' lang='lat' dir='ltr'><strong>sensibus</strong></span> <span class='ocrx_word' id='word_1_735' title='bbox 2921 4249 3263 4304; x_wconf 73' lang='lat' dir='ltr'><strong>hominumu:</strong></span> <span class='ocrx_word' id='word_1_736' title='bbox 3299 4263 3452 4318; x_wconf 71' lang='lat' dir='ltr'><strong>stepe</strong></span> <span class='ocrx_word' id='word_1_737' title='bbox 3482 4249 3610 4318; x_wconf 90' lang='lat' dir='ltr'><strong>plus</strong></span> <span class='ocrx_word' id='word_1_738' title='bbox 3632 4246 3870 4301; x_wconf 89' lang='lat' dir='ltr'><strong>videtur</strong></span> 
     </span>
    </p>
   </div>
   <div class='ocr_carea' id='block_1_105' title="bbox 2151 4335 3846 4413">
    <p class='ocr_par' dir='ltr' id='par_1_105' title="bbox 2151 4335 3846 4413">
     <span class='ocr_line' id='line_1_105' title="bbox 2151 4335 3846 4413; baseline -0.005 -17"><span class='ocrx_word' id='word_1_739' title='bbox 2151 4341 2304 4413; x_wconf 88' lang='lat' dir='ltr'><strong>quod</strong></span> <span class='ocrx_word' id='word_1_740' title='bbox 2343 4339 2728 4410; x_wconf 86' lang='lat' dir='ltr'><strong>singulariter,</strong></span> <span class='ocrx_word' id='word_1_741' title='bbox 2800 4355 2973 4408; x_wconf 89' lang='lat' dir='ltr'><strong>quam</strong></span> <span class='ocrx_word' id='word_1_742' title='bbox 3005 4337 3160 4409; x_wconf 89' lang='lat' dir='ltr'><strong>quod</strong></span> <span class='ocrx_word' id='word_1_743' title='bbox 3210 4336 3532 4407; x_wconf 87' lang='lat' dir='ltr'><strong>pluraliter,</strong></span> <span class='ocrx_word' id='word_1_744' title='bbox 3591 4335 3846 4398; x_wconf 85' lang='lat' dir='ltr'><strong>dicitur;</strong></span> 
     </span>
    </p>
   </div>
   <div class='ocr_carea' id='block_1_106' title="bbox 2153 4424 3870 4497">
    <p class='ocr_par' dir='ltr' id='par_1_106' title="bbox 2153 4424 3870 4497">
     <span class='ocr_line' id='line_1_106' title="bbox 2153 4424 3870 4497; baseline -0.003 -14"><span class='ocrx_word' id='word_1_745' title='bbox 2153 4428 2310 4483; x_wconf 89' lang='lat' dir='ltr'><strong>verbi</strong></span> <span class='ocrx_word' id='word_1_746' title='bbox 2357 4428 2539 4497; x_wconf 90' lang='lat' dir='ltr'><strong>gratia</strong></span> <span class='ocrx_word' id='word_1_747' title='bbox 2593 4444 2604 4480; x_wconf 91' lang='lat'><strong>:</strong></span> <span class='ocrx_word' id='word_1_748' title='bbox 2651 4427 2745 4481; x_wconf 89' lang='lat' dir='ltr'><strong>Est</strong></span> <span class='ocrx_word' id='word_1_749' title='bbox 2801 4427 2917 4481; x_wconf 92' lang='lat' dir='ltr'><strong>illic</strong></span> <span class='ocrx_word' id='word_1_750' title='bbox 2984 4427 3168 4492; x_wconf 91' lang='lat' dir='ltr'><strong>miles,</strong></span> <span class='ocrx_word' id='word_1_751' title='bbox 3235 4441 3408 4496; x_wconf 88' lang='lat' dir='ltr'><strong>quam</strong></span> <span class='ocrx_word' id='word_1_752' title='bbox 3456 4428 3588 4478; x_wconf 88' lang='lat' dir='ltr'><strong>sunt</strong></span> <span class='ocrx_word' id='word_1_753' title='bbox 3647 4424 3870 4478; x_wconf 90' lang='lat' dir='ltr'><strong>milites</strong></span> 
     </span>
    </p>
   </div>
   <div class='ocr_carea' id='block_1_107' title="bbox 2152 4512 3869 4588">
    <p class='ocr_par' dir='ltr' id='par_1_107' title="bbox 2152 4512 3869 4588">
     <span class='ocr_line' id='line_1_107' title="bbox 2152 4512 3869 4588; baseline -0.003 -16"><span class='ocrx_word' id='word_1_754' title='bbox 2152 4517 2268 4572; x_wconf 92' lang='lat' dir='ltr'><strong>illic</strong></span> <span class='ocrx_word' id='word_1_755' title='bbox 2299 4522 2419 4584; x_wconf 90' lang='lat' dir='ltr'><strong>;est</strong></span> <span class='ocrx_word' id='word_1_756' title='bbox 2441 4517 2554 4571; x_wconf 91' lang='lat' dir='ltr'><strong>illic</strong></span> <span class='ocrx_word' id='word_1_757' title='bbox 2602 4516 2795 4588; x_wconf 90' lang='lat' dir='ltr'><strong>piscis,</strong></span> <span class='ocrx_word' id='word_1_758' title='bbox 2845 4516 2977 4586; x_wconf 90' lang='lat' dir='ltr'><strong>plus</strong></span> <span class='ocrx_word' id='word_1_759' title='bbox 3017 4513 3300 4586; x_wconf 87' lang='lat' dir='ltr'><strong>signiﬁcat</strong></span> <span class='ocrx_word' id='word_1_760' title='bbox 3349 4529 3523 4584; x_wconf 89' lang='lat' dir='ltr'><strong>quam</strong></span> <span class='ocrx_word' id='word_1_761' title='bbox 3565 4516 3697 4566; x_wconf 89' lang='lat' dir='ltr'><strong>sunt</strong></span> <span class='ocrx_word' id='word_1_762' title='bbox 3743 4512 3869 4566; x_wconf 90' lang='lat' dir='ltr'><strong>illic</strong></span> 
     </span>
    </p>
   </div>
   <div class='ocr_carea' id='block_1_108' title="bbox 2153 4622 2355 4678">
    <p class='ocr_par' dir='ltr' id='par_1_108' title="bbox 2153 4622 2355 4678">
     <span class='ocr_line' id='line_1_108' title="bbox 2153 4622 2355 4678; baseline -0.01 -18"><span class='ocrx_word' id='word_1_763' title='bbox 2153 4622 2355 4678; x_wconf 83' lang='lat' dir='ltr'><strong>plsces.</strong></span> 
     </span>
    </p>
   </div>
   <div class='ocr_carea' id='block_1_109' title="bbox 2223 4689 3870 4748">
    <p class='ocr_par' dir='ltr' id='par_1_109' title="bbox 2223 4689 3870 4748">
     <span class='ocr_line' id='line_1_109' title="bbox 2223 4689 3870 4748; baseline -0.001 -2"><span class='ocrx_word' id='word_1_764' title='bbox 2223 4695 2384 4747; x_wconf 75' lang='lat' dir='ltr'><strong>Vens.</strong></span> <span class='ocrx_word' id='word_1_765' title='bbox 2435 4695 2717 4748; x_wconf 81' lang='lat' dir='ltr'><strong>26-3l.—</strong></span> <span class='ocrx_word' id='word_1_766' title='bbox 2775 4693 3238 4747; x_wconf 82' lang='lat' dir='ltr'><strong>Abominationes.</strong></span> <span class='ocrx_word' id='word_1_767' title='bbox 3309 4689 3564 4744; x_wconf 91' lang='lat' dir='ltr'><strong>Perversi</strong></span> <span class='ocrx_word' id='word_1_768' title='bbox 3637 4689 3870 4744; x_wconf 88' lang='lat' dir='ltr'><strong>abomi-</strong></span> 
     </span>
    </p>
   </div>
   <div class='ocr_carea' id='block_1_110' title="bbox 2149 4779 3870 4852">
    <p class='ocr_par' dir='ltr' id='par_1_110' title="bbox 2149 4779 3870 4852">
     <span class='ocr_line' id='line_1_110' title="bbox 2149 4779 3870 4852; baseline -0.002 -16"><span class='ocrx_word' id='word_1_769' title='bbox 2149 4788 2362 4836; x_wconf 91' lang='lat' dir='ltr'><strong>nantur</strong></span> <span class='ocrx_word' id='word_1_770' title='bbox 2393 4782 2548 4837; x_wconf 90' lang='lat' dir='ltr'><strong>bona</strong></span> <span class='ocrx_word' id='word_1_771' title='bbox 2608 4782 2876 4852; x_wconf 55' lang='lat' dir='ltr'><strong>ﬁgyptii,</strong></span> <span class='ocrx_word' id='word_1_772' title='bbox 2951 4780 3012 4835; x_wconf 92' lang='lat' dir='ltr'><strong>id</strong></span> <span class='ocrx_word' id='word_1_773' title='bbox 3054 4785 3159 4846; x_wconf 89' lang='lat' dir='ltr'><strong>est,</strong></span> <span class='ocrx_word' id='word_1_774' title='bbox 3231 4779 3379 4833; x_wconf 85' lang='lat' dir='ltr'><strong>cives</strong></span> <span class='ocrx_word' id='word_1_775' title='bbox 3417 4779 3587 4850; x_wconf 87' lang='lat' dir='ltr'><strong>hujus</strong></span> <span class='ocrx_word' id='word_1_776' title='bbox 3662 4779 3870 4833; x_wconf 61' lang='lat' dir='ltr'><strong>seculi</strong></span> 
     </span>
    </p>
   </div>
   <div class='ocr_carea' id='block_1_111' title="bbox 2151 4867 3866 4938">
    <p class='ocr_par' dir='ltr' id='par_1_111' title="bbox 2151 4867 3866 4938">
     <span class='ocr_line' id='line_1_111' title="bbox 2151 4867 3866 4938; baseline -0.002 -12"><span class='ocrx_word' id='word_1_777' title='bbox 2151 4871 2558 4926; x_wconf 88' lang='lat' dir='ltr'><strong>abominantur</strong></span> <span class='ocrx_word' id='word_1_778' title='bbox 2606 4888 2757 4938; x_wconf 89' lang='lat' dir='ltr'><strong>oves,</strong></span> <span class='ocrx_word' id='word_1_779' title='bbox 2800 4870 2862 4925; x_wconf 90' lang='lat' dir='ltr'><strong>id</strong></span> <span class='ocrx_word' id='word_1_780' title='bbox 2892 4875 2995 4936; x_wconf 89' lang='lat' dir='ltr'><strong>est,</strong></span> <span class='ocrx_word' id='word_1_781' title='bbox 3067 4867 3492 4938; x_wconf 87' lang='lat' dir='ltr'><strong>simplicitatem</strong></span> <span class='ocrx_word' id='word_1_782' title='bbox 3551 4868 3866 4922; x_wconf 90' lang='lat' dir='ltr'><strong>bonorum.</strong></span> 
     </span>
    </p>
   </div>
   <div class='ocr_carea' id='block_1_112' title="bbox 2150 4955 3864 5022">
    <p class='ocr_par' dir='ltr' id='par_1_112' title="bbox 2150 4955 3864 5022">
     <span class='ocr_line' id='line_1_112' title="bbox 2150 4955 3864 5022; baseline -0.002 -6"><span class='ocrx_word' id='word_1_783' title='bbox 2150 4959 2306 5016; x_wconf 91' lang='lat' dir='ltr'><strong>Sicut</strong></span> <span class='ocrx_word' id='word_1_784' title='bbox 2359 4959 2516 5014; x_wconf 89' lang='lat' dir='ltr'><strong>enim</strong></span> <span class='ocrx_word' id='word_1_785' title='bbox 2594 4960 2735 5015; x_wconf 92' lang='lat' dir='ltr'><strong>boni</strong></span> <span class='ocrx_word' id='word_1_786' title='bbox 2801 4957 3232 5022; x_wconf 90' lang='lat' dir='ltr'><strong>abominantur,</strong></span> <span class='ocrx_word' id='word_1_787' title='bbox 3325 4956 3407 5011; x_wconf 88' lang='lat' dir='ltr'><strong>ita</strong></span> <span class='ocrx_word' id='word_1_788' title='bbox 3469 4956 3620 5010; x_wconf 87' lang='lat' dir='ltr'><strong>mala</strong></span> <span class='ocrx_word' id='word_1_789' title='bbox 3685 4955 3864 5012; x_wconf 90' lang='lat' dir='ltr'><strong>bona.</strong></span> 
     </span>
    </p>
   </div>
   <div class='ocr_carea' id='block_1_113' title="bbox 2152 5045 3870 5116">
    <p class='ocr_par' dir='ltr' id='par_1_113' title="bbox 2152 5045 3870 5116">
     <span class='ocr_line' id='line_1_113' title="bbox 2152 5045 3870 5116; baseline -0.002 -13"><span class='ocrx_word' id='word_1_790' title='bbox 2152 5049 2312 5104; x_wconf 90' lang='lat' dir='ltr'><strong>Unde</strong></span> <span class='ocrx_word' id='word_1_791' title='bbox 2333 5049 2744 5104; x_wconf 88' lang='lat' dir='ltr'><strong>abominantur</strong></span> <span class='ocrx_word' id='word_1_792' title='bbox 2766 5047 2903 5103; x_wconf 90' lang='lat' dir='ltr'><strong>boni</strong></span> <span class='ocrx_word' id='word_1_793' title='bbox 2943 5047 3132 5100; x_wconf 87' lang='lat' dir='ltr'><strong>virum</strong></span> <span class='ocrx_word' id='word_1_794' title='bbox 3167 5045 3438 5116; x_wconf 88' lang='lat' dir='ltr'><strong>impium,</strong></span> <span class='ocrx_word' id='word_1_795' title='bbox 3479 5050 3537 5100; x_wconf 89' lang='lat' dir='ltr'><strong>et</strong></span> <span class='ocrx_word' id='word_1_796' title='bbox 3568 5045 3735 5116; x_wconf 90' lang='lat' dir='ltr'><strong>impii</strong></span> <span class='ocrx_word' id='word_1_797' title='bbox 3765 5063 3870 5100; x_wconf 91' lang='lat' dir='ltr'><strong>eos</strong></span> 
     </span>
    </p>
   </div>
   <div class='ocr_carea' id='block_1_114' title="bbox 2149 5137 2808 5210">
    <p class='ocr_par' dir='ltr' id='par_1_114' title="bbox 2149 5137 2808 5210">
     <span class='ocr_line' id='line_1_114' title="bbox 2149 5137 2808 5210; baseline 0 -18"><span class='ocrx_word' id='word_1_798' title='bbox 2149 5137 2251 5210; x_wconf 88' lang='lat' dir='ltr'><strong>qui</strong></span> <span class='ocrx_word' id='word_1_799' title='bbox 2279 5139 2339 5192; x_wconf 89' lang='lat' dir='ltr'><strong>in</strong></span> <span class='ocrx_word' id='word_1_800' title='bbox 2368 5143 2521 5192; x_wconf 91' lang='lat' dir='ltr'><strong>recta</strong></span> <span class='ocrx_word' id='word_1_801' title='bbox 2537 5141 2669 5192; x_wconf 90' lang='lat' dir='ltr'><strong>sunt</strong></span> <span class='ocrx_word' id='word_1_802' title='bbox 2697 5138 2808 5193; x_wconf 88' lang='lat' dir='ltr'><strong>via.</strong></span> 
     </span>
    </p>
   </div>
   <div class='ocr_carea' id='block_1_115' title="bbox 2223 5222 3870 5296">
    <p class='ocr_par' dir='ltr' id='par_1_115' title="bbox 2223 5222 3870 5296">
     <span class='ocr_line' id='line_1_115' title="bbox 2223 5222 3870 5296; baseline -0.001 -15"><span class='ocrx_word' id='word_1_803' title='bbox 2223 5228 2382 5296; x_wconf 81' lang='lat' dir='ltr'><strong>(Avo.</strong></span> <span class='ocrx_word' id='word_1_804' title='bbox 2459 5229 2653 5294; x_wconf 74' lang='lat' dir='ltr'><strong>Quaest.</strong></span> <span class='ocrx_word' id='word_1_805' title='bbox 2718 5227 2826 5294; x_wconf 83' lang='lat'><strong>28.)</strong></span> <span class='ocrx_word' id='word_1_806' title='bbox 2849 5227 2913 5280; x_wconf 92' lang='lat' dir='ltr'><strong>In</strong></span> <span class='ocrx_word' id='word_1_807' title='bbox 2972 5240 3232 5279; x_wconf 90' lang='lat' dir='ltr'><strong>eremum</strong></span> <span class='ocrx_word' id='word_1_808' title='bbox 3284 5222 3508 5278; x_wconf 90' lang='lat' dir='ltr'><strong>dicebat</strong></span> <span class='ocrx_word' id='word_1_809' title='bbox 3548 5224 3764 5295; x_wconf 86' lang='lat' dir='ltr'><strong>Moyses</strong></span> <span class='ocrx_word' id='word_1_810' title='bbox 3802 5241 3870 5280; x_wconf 89' lang='lat' dir='ltr'><strong>se</strong></span> 
     </span>
    </p>
   </div>
   <div class='ocr_carea' id='block_1_116' title="bbox 2149 5312 3869 5384">
    <p class='ocr_par' dir='ltr' id='par_1_116' title="bbox 2149 5312 3869 5384">
     <span class='ocr_line' id='line_1_116' title="bbox 2149 5312 3869 5384; baseline -0.002 -15"><span class='ocrx_word' id='word_1_811' title='bbox 2149 5314 2292 5369; x_wconf 88' lang='lat' dir='ltr'><strong>velle</strong></span> <span class='ocrx_word' id='word_1_812' title='bbox 2324 5313 2406 5366; x_wconf 90' lang='lat' dir='ltr'><strong>ire</strong></span> <span class='ocrx_word' id='word_1_813' title='bbox 2464 5313 2561 5368; x_wconf 90' lang='lat' dir='ltr'><strong>ubi</strong></span> <span class='ocrx_word' id='word_1_814' title='bbox 2608 5314 2852 5384; x_wconf 66' lang='lat' dir='ltr'><strong>Egyptii</strong></span> <span class='ocrx_word' id='word_1_815' title='bbox 2916 5329 3034 5368; x_wconf 89' lang='lat' dir='ltr'><strong>non</strong></span> <span class='ocrx_word' id='word_1_816' title='bbox 3098 5312 3358 5367; x_wconf 88' lang='lat' dir='ltr'><strong>viderent</strong></span> <span class='ocrx_word' id='word_1_817' title='bbox 3401 5312 3869 5367; x_wconf 87' lang='lat' dir='ltr'><strong>abominationes</strong></span> 
     </span>
    </p>
   </div>
   <div class='ocr_carea' id='block_1_117' title="bbox 2151 5392 3866 5472">
    <p class='ocr_par' dir='ltr' id='par_1_117' title="bbox 2151 5392 3866 5472">
     <span class='ocr_line' id='line_1_117' title="bbox 2151 5392 3866 5472; baseline 0.001 -17"><span class='ocrx_word' id='word_1_818' title='bbox 2151 5416 2300 5456; x_wconf 87' lang='lat' dir='ltr'><strong>suas.</strong></span> <span class='ocrx_word' id='word_1_819' title='bbox 2351 5403 2463 5456; x_wconf 85' lang='lat' dir='ltr'><strong>Hoc</strong></span> <span class='ocrx_word' id='word_1_820' title='bbox 2499 5407 2692 5456; x_wconf 87' lang='lat' dir='ltr'><strong>autem</strong></span> <span class='ocrx_word' id='word_1_821' title='bbox 2730 5392 3173 5472; x_wconf 88' lang='lat' dir='ltr'><strong>intelligendum</strong></span> <span class='ocrx_word' id='word_1_822' title='bbox 3230 5406 3315 5456; x_wconf 88' lang='lat' dir='ltr'><strong>est</strong></span> <span class='ocrx_word' id='word_1_823' title='bbox 3363 5401 3598 5471; x_wconf 88' lang='lat' dir='ltr'><strong>mystice</strong></span> <span class='ocrx_word' id='word_1_824' title='bbox 3636 5401 3866 5471; x_wconf 82' lang='lat' dir='ltr'><strong>signifi-</strong></span> 
     </span>
    </p>
   </div>
   <div class='ocr_carea' id='block_1_118' title="bbox 2150 5489 3865 5561">
    <p class='ocr_par' dir='ltr' id='par_1_118' title="bbox 2150 5489 3865 5561">
     <span class='ocr_line' id='line_1_118' title="bbox 2150 5489 3865 5561; baseline 0.002 -19"><span class='ocrx_word' id='word_1_825' title='bbox 2150 5489 2286 5552; x_wconf 89' lang='lat' dir='ltr'><strong>cari,</strong></span> <span class='ocrx_word' id='word_1_826' title='bbox 2309 5490 2464 5560; x_wconf 91' lang='lat' dir='ltr'><strong>quod</strong></span> <span class='ocrx_word' id='word_1_827' title='bbox 2489 5490 2558 5545; x_wconf 94' lang='lat' dir='ltr'><strong>de</strong></span> <span class='ocrx_word' id='word_1_828' title='bbox 2595 5490 2920 5561; x_wconf 85' lang='lat' dir='ltr'><strong>pastoribus</strong></span> <span class='ocrx_word' id='word_1_829' title='bbox 2947 5491 3222 5559; x_wconf 81' lang='lat' dir='ltr'><strong>diximus,</strong></span> <span class='ocrx_word' id='word_1_830' title='bbox 3247 5489 3350 5560; x_wconf 89' lang='lat' dir='ltr'><strong>qui</strong></span> <span class='ocrx_word' id='word_1_831' title='bbox 3388 5494 3552 5544; x_wconf 90' lang='lat' dir='ltr'><strong>erant</strong></span> <span class='ocrx_word' id='word_1_832' title='bbox 3578 5489 3865 5560; x_wconf 70' lang='lat' dir='ltr'><strong>Egyptiis</strong></span> 
     </span>
    </p>
   </div>
   <div class='ocr_carea' id='block_1_119' title="bbox 2150 5577 3865 5650">
    <p class='ocr_par' dir='ltr' id='par_1_119' title="bbox 2150 5577 3865 5650">
     <span class='ocr_line' id='line_1_119' title="bbox 2150 5577 3865 5650; baseline 0 -16"><span class='ocrx_word' id='word_1_833' title='bbox 2150 5577 2600 5634; x_wconf 88' lang='lat' dir='ltr'><strong>abominabiles:</strong></span> <span class='ocrx_word' id='word_1_834' title='bbox 2652 5584 2708 5634; x_wconf 89' lang='lat' dir='ltr'><strong>et</strong></span> <span class='ocrx_word' id='word_1_835' title='bbox 2758 5578 2888 5634; x_wconf 90' lang='lat' dir='ltr'><strong>ideo</strong></span> <span class='ocrx_word' id='word_1_836' title='bbox 2934 5581 3256 5650; x_wconf 83' lang='lat' dir='ltr'><strong>separatam</strong></span> <span class='ocrx_word' id='word_1_837' title='bbox 3303 5581 3518 5632; x_wconf 86' lang='lat' dir='ltr'><strong>terram</strong></span> <span class='ocrx_word' id='word_1_838' title='bbox 3583 5577 3865 5634; x_wconf 61' lang='lat' dir='ltr'><strong>Israelita</strong></span> 
     </span>
    </p>
   </div>
  </div>
