4064 6186
204 272 288 322 '209
1302 267 1560 323 GLOSSA
1597 266 1807 323 ORDIN

2065 297 2119 309 —
2154 268 2288 326 LIB.
2331 270 2534 326 exon.
3464 242 3467 243 ί
3563 281 3670 333 210

205 389 497 458 receperunt
543 383 604 437 in
650 385 873 454 Aigyto.
920 384 1010 440 Sic
1048 384 1203 438 enim
1251 385 1525 439 sacriﬁcia
1575 385 1850 440 Israelita-
1878 392 1920 443 A
2028 390 2188 443 Vens.
2221 392 2270 443 8.
2305 421 2373 429 —
2416 387 2603 445 Tollite
2647 393 2854 461 plenas,
2906 397 3012 447 etc.
3065 396 3257 463 (Anc.,
3306 404 3495 465 quaest.
3554 402 3639 454 3t.

208 492 307 530 rum
334 471 773 528 abominationes
807 476 939 526 sunt
964 472 1262 543 Egyptiis,
1293 474 1439 527 sicut
1476 472 1691 543 iniquis
1737 473 1854 526 vita
1965 477 2088 531 Alia
2137 476 2371 532 littera:
2418 479 2621 533 Sumite
2669 481 2861 549 plenas
2905 497 3097 536 manus
3136 484 3287 538 vobis
3339 486 3554 550 favillae
3602 488 3669 541 de

202 570 467 639 iustorum.
1962 567 2201 633 fornace,
2261 572 2312 620 et
2374 571 2621 636 asperget
2678 570 2904 635 Moyses,
2959 576 3065 623 etc.
3119 571 3430 641 Superiora
3500 574 3663 645 signa

258 648 461 720 (STRAB.)
519 650 801 702 Historice.
860 647 1108 719 Egyptii
1162 648 1568 703 abominantur
1619 665 1751 702 oves
1801 652 1859 703 et
1966 654 2125 725 virga
2154 654 2384 723 ﬁebant,
2413 672 2587 726 quam
2620 673 2737 710 non
2767 658 3001 728 Moyses,
3027 660 3125 713 sed
3163 664 3345 714 Aaron
3390 665 3661 718 extende-

206 756 277 795 eas
303 738 526 792 adorant
553 742 791 807 propter
817 738 1012 791 Jovem
1045 739 1408 802 Ammonem,
1439 737 1536 808 qui
1589 754 1718 792 cum
1766 753 1858 791 ca-
1965 743 2063 797 bat
2092 759 2264 814 super
2289 760 2520 814 aquam,
2560 746 2645 798 vel
2698 746 2769 799 ad
2815 751 3026 801 terram
3077 749 3448 818 percutiebat.
3504 753 3664 806 Nunc

206 830 292 901 pite
320 826 543 880 arietino
577 825 854 895 pingitur.
890 827 1031 880 ltem
1060 843 1073 880 :
1110 826 1315 880 bovem
1344 826 1541 879 colunt
1578 826 1850 896 .Egyptii,
1965 847 2097 885 vero
2131 831 2480 901 interpositis
2505 832 2725 886 duobus
2750 833 2946 903 signis,
3000 835 3068 889 de
3116 853 3397 907 cynomya
3447 839 3663 893 scilicet

204 914 279 986 qui
305 917 647 967 consecratus
676 918 760 966 est
790 912 913 983 Api,
945 913 1089 966 sicut
1118 929 1286 967 vacca
1312 912 1465 967 Isidi.
1515 913 1653 983 Apis
1702 913 1856 966 enim
1966 922 2021 971 et
2051 919 2331 973 mortibus
2354 935 2646 990 pecorum,
2680 922 2777 975 ubi
2808 938 2912 976 nec
2932 925 3123 978 Aaron
3149 941 3251 978 nec
3300 927 3514 997 Moyses
3565 928 3664 982 ali-

205 1008 302 1057 erat
341 1002 643 1055 maximum
697 1016 912 1055 numen
958 1002 1378 1072 Egyptiorum,
1430 1002 1529 1073 qui
1577 1002 1751 1055 semel
1798 1000 1858 1054 in
1965 1007 2103 1078 quid
2158 1024 2332 1061 manu
2388 1014 2717 1079 operantur,
2770 1011 2977 1065 dicitur
3026 1018 3087 1066 ut
3132 1014 3348 1083 Moyses
3412 1016 3660 1070 favillam

205 1107 325 1144 anno
353 1096 495 1143 certo
526 1095 786 1159 tempore
836 1090 1149 1160 apparebat
1197 1090 1582 1144 sacerdotibus
1634 1106 1853 1145 eorum.
1966 1101 2196 1165 spargat
2234 1096 2293 1149 in
2322 1098 2564 1164 ccelum;
2598 1100 2765 1153 ambo
2809 1100 3087 1169 jubentur
3134 1119 3378 1162 sumere.
3426 1104 3525 1156 sed
3564 1103 3659 1158 ille

205 1181 270 1235 llli
296 1196 413 1233 vero
443 1195 572 1232 cum
604 1178 834 1247 hymnis
865 1183 921 1232 et
950 1178 1213 1233 laudibus
1244 1195 1377 1233 eum
1420 1185 1853 1250 prosequentes,
1966 1200 2233 1254 spargere
2291 1201 2403 1237 non
2452 1186 2511 1238 in
2568 1190 2779 1239 terram
2831 1189 2926 1241 sed
2982 1188 3039 1241 in
3095 1192 3338 1244 coelum:
3386 1196 3658 1261 tanquam

204 1268 333 1341 quasi
359 1267 685 1337 lymphatici
717 1266 1162 1338 prophetabant.
1964 1277 2152 1327 Aaron
2185 1273 2301 1343 (qui
2332 1274 2497 1327 datus
2546 1279 2666 1327 erat
2710 1274 2779 1327 ad
2832 1276 3127 1347 populum)
3180 1284 3391 1331 terram
3450 1295 3661 1347 percu—

259 1358 443 1427 (Gaec.,
476 1356 582 1410 lib.
624 1372 755 1410 xvm
786 1357 999 1425 Horat,
1032 1372 1079 1409 c.
1112 1358 1201 1422 28,
1251 1360 1392 1409 tom.
1445 1356 1532 1423 Il.)
1582 1357 1856 1425 Aigyptus
1965 1366 2085 1415 tere
2116 1361 2366 1428 deberet,
2399 1362 2484 1415 vel
2526 1361 2583 1414 in
2639 1377 2847 1432 aquam
2902 1363 3015 1416 sive
3072 1364 3149 1433 in}
3178 1370 3388 1419 terram
3424 1383 3660 1421 manum

204 1445 375 1499 muscis
414 1444 751 1513 percutitur,
804 1450 933 1512 etc.,
984 1460 1153 1514 usque
1197 1444 1272 1498 ad
1321 1447 1525 1498 Vacate
1572 1449 1620 1497 et
1662 1444 1855 1510 videte,
1966 1449 2308 1515 extendere;
2340 1450 2558 1519 Moyses
2588 1466 2743 1516 vero,
2779 1450 2877 1520 qui
2909 1457 3029 1504 erat
3057 1451 3114 1505 in
3146 1452 3231 1505 his
3258 1470 3385 1523 quas
3429 1455 3501 1509 ad
3549 1457 3659 1509 Do-

203 1535 418 1601 quoniam
435 1548 529 1599 ego
558 1547 679 1587 sum
716 1536 876 1587 Deus.
1968 1538 2213 1607 minum,
2242 1538 2493 1592 favillam
2514 1538 2751 1605 jubetur
2780 1555 3069 1609 spargere.
3098 1539 3247 1604 Quid
3280 1541 3393 1595 duo
3422 1542 3518 1596 illa
3568 1560 3660 1597 su-

257 1622 393 1674 Vsns.
425 1622 509 1675 32.
542 1652 611 1660 —
640 1622 720 1676 Et
746 1626 1094 1690 ingravatum
1126 1624 1371 1723 est,“etc.
1427 1618 1626 1723 (Anc,
1662 1626 1850 1723 quast.
1892 1667 1933 1723 Β
1973 1627 2199 1697 periora
2251 1626 2435 1697 signa,
2491 1627 2591 1681 ubi
2646 1643 2748 1681 nec
2800 1628 3011 1697 Moyses
3059 1644 3163 1682 nec
3208 1633 3394 1683 Aaron
3442 1631 3662 1702 aliquid

201 1713 304 1779 29.)
332 1710 466 1765 Cum
497 1711 687 1764 ablata
718 1715 867 1764 esset
916 1712 1151 1777 locusta,
1202 1708 1418 1763 dictum
1465 1713 1549 1761 est
1595 1708 1665 1762 de
1714 1709 1862 1763 Pha-
1892 1708 1933 1723 “’
1972 1730 2148 1768 manu
2178 1714 2530 1784 operantur?
2555 1714 2702 1778 Quid
2730 1714 2837 1769 sibi
2866 1716 2984 1769 vult
3017 1716 3140 1787 ipsa
3170 1717 3510 1773 diversitas?
3547 1720 3655 1773 Ne-

202 1814 345 1851 raone
389 1816 401 1853 :
466 1801 788 1867 Ingravavit
843 1801 1057 1855 Pharao
1108 1814 1198 1853 cor
1240 1814 1396 1852 suum
1440 1800 1603 1853 etiam
1645 1799 1701 1851 in
1766 1798 1861 1852 hoc
1972 1820 2082 1875 que
2106 1802 2262 1857 enim
2284 1803 2447 1857 nihil.

201 1893 418 1956 tempore,
469 1893 519 1941 et
568 1890 744 1943 noluit
802 1888 1075 1942 dimittere
1129 1888 1405 1956 populum.
1480 1887 1639 1940 Certe
1707 1902 1861 1940 nunc
1972 1930 1995 1951 λ
2043 1892 2229 1962 (ΗΑΒ.)
2287 1892 2516 1946 Sextum
2572 1896 2965 1963 praeceptum:
3041 1896 3155 1949 Non
3202 1894 3444 1961 occides;
3509 1900 3662 1949 sexta

201 1974 536 2044 nonidictum
582 1979 686 2041 est,
720 1976 1085 2045 Ingravatum
1118 1979 1201 2028 est
1248 1990 1344 2027 cor
1388 1973 1717 2039 Pharaonis,
1764 1973 1862 2027 sed
1970 1982 2157 2051 plaga,
2189 1980 2432 2050 pustula:
2471 1980 2532 2033 in
2570 1997 2828 2050 corpore,
2861 1980 3059 2034 vesica:
3097 1980 3402 2035 bullientes
3448 1986 3503 2036 et
3543 2000 3661 2036 sca-

199 2063 474 2128 ingravavit
516 2063 737 2116 Pharao
794 2078 883 2117 cor
926 2078 1099 2117 suum.
1159 2061 1249 2117 Sic
1310 2061 1505 2132 utique
1564 2062 1625 2115 in
1672 2076 1804 2114 omn

2053 2074 2173 2139 ites,
2225 2068 2486 2123 incendia
2533 2071 2836 2123 vulnerum
2886 2074 2943 2123 et
2984 2069 3189 2123 favilla:
3237 2070 3505 2124 fornacis.
3560 2075 3658 2126 Ar-

198 2149 282 2203 hus
307 2150 497 2221 plagis.
528 2154 576 2205 A
632 2152 926 2205 voluntate
957 2150 1212 2205 hominis
1246 2156 1332 2204 est
1377 2151 1538 2220 0ri80
1564 2150 1857 2204 Vitiorum-
1970 2160 2105 2213 dent
2134 2158 2289 2212 enim
2337 2158 2634 2212 homicidae
2684 2158 2788 2219 ira,
2839 2159 3079 2212 insania.
3131 2158 3185 2212 Si
3238 2175 3431 2228 posses
3474 2159 3663 2213 videre

199 2238 456 2293 Moventur
512 2245 711 2294 autem
769 2241 953 2295 causis
1009 2241 1177 2295 corda
1228 2240 1554 2307 hominum,
1605 2239 1718 2293 alia
1759 2239 1859 2301 sic,
1972 2247 2192 2301 animas
2235 2247 2670 2315 homicidarum,
2712 2248 2842 2317 plus
2891 2248 3194 2318 plangeres
3242 2263 3335 2301 eas
3357 2264 3529 2318 quam
3556 2265 3663 2318 pu—

202 2327 288 2380 alia
313 2344 435 2381 vero
463 2329 565 2397 sic,
594 2328 771 2383 etiam
798 2345 913 2383 non
940 2328 1177 2383 diversis
1203 2329 1404 2389 causis,
1447 2344 1598 2399 saepe
1638 2328 1863 2382 diverso
1972 2336 2274 2390 trescentia
2302 2351 2539 2405 corpora
2568 2336 2969 2389 ulceratorum.

200 2415 354 2479 modo,
387 2417 705 2471 secundum
742 2417 1004 2489 proprias
1043 2417 1365 2488 qualitates,
1399 2432 1528 2487 quae
1563 2432 1627 2470 ex
1660 2415 1860 2469 volun-
2044 2426 2203 2497 Vens.
2237 2427 2389 2478 9-12.
2432 2454 2498 2463 -—
2531 2424 2734 2494 (01110.,
2765 2424 2935 2491 ibid.)
2972 2426 3205 2479 Vulnera
3236 2430 3285 2479 et
3322 2427 3507 2479 vesicae
3532 2441 3661 2479 cum

201 2504 376 2558 tatibus
404 2505 661 2561 veniunt.
1972 2514 2194 2567 fervore
2226 2513 2284 2567 in
2317 2516 2470 2566 sexto
2511 2513 2743 2567 verbere
2790 2513 3205 2582 producuntur.
3262 2514 3326 2567 In
3378 2514 3664 2568 ulceribus

844 2640 1070 2694 CAPUT
1099 2640 1185 2693 Ix.
1974 2603 2169 2657 dolosa
2240 2602 2661 2694 pu-ru‘lentaque
2715 2601 2946 2694 malitia
2972 2689 2988 2694 Α
3023 2602 3317 2694 arguitur;
3369 2602 3428 2655 in
3464 2602 3665 2694 vesicis

1972 2695 2201 2745 tumens
2232 2696 2289 2744 et
2317 2689 2515 2743 inﬂata
2543 2690 2844 2760 superbia:
2878 2690 2937 2743 in
2965 2689 3205 2751 fervore,
3237 2689 3323 2744 ira
3354 2695 3409 2743 et
3456 2690 3664 2744 furoris

260 2772 401 2825 Vens.
440 2776 551 2827 l-6.
587 2802 657 2813 —
689 2771 855 2826 Discit
884 2776 1067 2826 autem
1098 2773 1363 2826 Dominus
1394 2772 1468 2825 ad
1496 2776 1727 2840 Moysen,
1753 2776 1860 2826 etc.
1972 2779 2213 2833 insania.

202 2863 435 2933 {‘Paocor.)
508 2861 696 2916 Primi
747 2861 897 2915 inter
944 2862 1207 2931 jumenta
1253 2864 1659 2930 computantur
1706 2861 1862 2931 equi,
2044 2870 2202 2923 Vens.
2298 2869 2481 2921 13-15.
2558 2897 2623 2905 —
2688 2866 2978 2921 Induravit
3048 2870 3302 2922 Dominus
3373 2883 3481 2934 cor,
3556 2872 3661 2921 etc.

200 2956 275 3025 qui
299 2958 419 3007 sunt
445 2952 753 3006 mendaces
782 2966 882 3004 seu
914 2951 1043 3005 falsi
1073 2951 1144 3005 ad
1176 2952 1441 3005 salutem.
1502 2951 1715 3005 Deinde
1761 2952 1855 3020 ju-
1885 2962 1923 3018 ο
1966 2957 2168 3027 (Ome,
2197 2956 2358 3023 ibid.)
2392 2957 2536 3009 Nota
2565 2956 2699 3025 quia
2728 2955 2787 3008 in
2844 2960 3000 3009 sexta
3048 2957 3217 3026 plaga
3262 2972 3377 3009 non
3433 2955 3661 3022 dicitur,

197 3047 354 3096 menta
380 3040 705 3105 immunda,
736 3055 863 3109 quae
898 3055 1001 3093 nec
1040 3040 1283 3110 ungulas
1327 3039 1576 3107 ﬁndunt,
1620 3055 1724 3092 nec
1762 3054 1857 3091 ru-
1972 3043 2304 3097 lnduratum
2333 3046 2415 3095 est
2458 3058 2553 3095 cor
2584 3042 2914 3108 Pharaonis,
2973 3043 3069 3096 sed
3104 3043 3319 3113 aliquid
3351 3043 3665 3097 terribilius

198 3131 401 3195 minant,
435 3128 637 3183 currui
680 3133 869 3180 tamen
908 3127 1253 3196 junguntur.
1308 3126 1581 3195 Deinceps
1634 3123 1854 3191 cameli,
1968 3130 2230 3195 additur;
2275 3129 2553 3201 scriptum
2592 3135 2677 3183 est
2707 3130 2861 3183 enim
2897 3133 3027 3198 quia
3083 3131 3365 3184 induravit
3410 3133 3666 3185 Dominus

196 3218 273 3289 qui
320 3216 577 3289 quamvis
632 3220 870 3286 propter
923 3215 1375 3269 ruminatiouem
1434 3214 1595 3285 quasi
1654 3212 1858 3267 mundi
1968 3237 2057 3275 cor
2080 3222 2402 3287 Pharaonis,
2437 3224 2540 3273 etc.
2595 3221 2810 3274 Rursus
2856 3220 2917 3273 in
2975 3221 3221 3289 septima
3272 3236 3401 3274 cum
3442 3222 3661 3290 grando

198 3312 512 3377 reputentnr,
544 3310 743 3360 tamen
774 3304 907 3376 quia
939 3320 1139 3358 eorum
1166 3305 1385 3375 ungula
1426 3320 1545 3357 non
1584 3304 1855 3369 sulcetur,
1969 3314 2024 3363 et
2081 3308 2229 3379 ignis
2283 3310 2587 3378 Egyptum
2635 3312 2834 3373 vastat,
2894 3307 3197 3363 induratur
3261 3309 3493 3379 quidem
3565 3324 3662 3362 cor

197 3400 461 3450 censentur
522 3393 837 3448 immundi.
903 3394 1308 3447 Verumtamen
1350 3391 1560 3462 partim
1626 3391 1858 3445 munda!
1968 3395 2297 3457 Pharaonis,
2342 3396 2438 3449 sed
2481 3412 2595 3449 non
2649 3412 2681 3448 a
2730 3396 2996 3450 Domino.
3046 3398 3110 3450 In
3138 3401 3333 3450 octava
3372 3413 3527 3463 vero,
3559 3396 3661 3450 ubi

198 3484 370 3553 partim
422 3482 748 3538 immunda!
827 3480 1166 3535 conditionis
1211 3480 1412 3535 cameli
1460 3479 1854 3549 perhibentur,
1968 3487 2185 3539 locusta
2231 3484 2583 3554 producitur,
2638 3484 2848 3537 dicitur
2897 3484 3169 3538 Dominus
3222 3484 3489 3537 indurare
3565 3499 3661 3537 cor

196 3571 436 3627 Caeterum
467 3572 612 3644 quia
642 3571 766 3624 haec
794 3571 981 3641 plaga,
1014 3573 1080 3623 ut
1110 3584 1314 3639 parum
1338 3569 1503 3622 noxia
1522 3572 1758 3638 propter
1782 3566 1860 3620 vi-
1969 3572 2297 3627 Pharaonis.
2336 3573 2399 3625 Et
2429 3571 2487 3624 in
2514 3587 2667 3624 nona
2708 3588 2837 3625 cum
2867 3572 3120 3625 tenebrae
3151 3571 3462 3641 palpabiles
3492 3571 3657 3634 fiunt,

194 3661 379 3716 litatem
406 3660 846 3716 immundorum
876 3658 1211 3712 animalium
1252 3656 1609 3725 credebatur,
1655 3656 1861 3709 tranSit
1967 3662 2197 3715 tandem
2229 3676 2358 3714 vero
2408 3677 2559 3728 cum,
2592 3660 2881 3713 exstinctis
2913 3660 3334 3729 primogenitis,
3392 3659 3660 3712 Israelitaa

195 3748 249 3801 ad
272 3748 447 3818 boves,
479 3748 690 3803 dehinc
720 3748 790 3801 ad
817 3746 1267 3817 placidissimum
1290 3744 1853 3807 animalium,ovem.
1969 3748 2379 3810 discessissent,
2449 3748 2529 3802 ita
2598 3748 2861 3802 dicitur:
2933 3751 3003 3803 Et
3059 3749 3343 3801 induravit
3396 3749 3659 3801 Dominus

248 3838 435 3906 (Oxus,
467 3840 614 3892 hom.
660 3835 736 3907 4.)
786 3834 994 3899 Quinto
1035 3835 1156 3887 loco
1204 3832 1540 3887 animalium
1589 3848 1727 3886 nece
1771 3830 1853 3884 vel

2051 3856 2057 3870 ’
2084 3840 2389 3893 Pharaonis
2418 3840 2563 3903 regis
2592 3838 2831 3904 Egi/pii
2862 3838 2929 3889 'et
2957 3835 3251 3903 {servorum
3283 3835 3421 3903 ejus,
3471 3838 3521 3887 et
3572 3837 3656 3887 in-

194 3928 438 3994 pecudum
479 3928 763 3997 Egyptus
801 3923 1150 3977 verberatur.
1204 3924 1269 3976 In
1312 3938 1426 3992 quo
1465 3920 1724 3975 vecordia
1769 3936 1799 3973 v

2054 3933 2176 3981 utus
2205 3932 2283 3980 est
2309 3940 2412 3979 eos.
2450 3924 2559 3979 Sed
2598 3929 2652 3976 et
2683 3940 2811 3977 cum
2851 3924 3067 3993 Moyses
3117 3924 3185 3976 de
3236 3929 3389 3975 terra
3437 3922 3656 3976 Madian

194 4015 402 4069 stultitia
430 4013 774 4069 mortalium
804 4012 1086 4083 arguitur,
1119 4011 1219 4082 qui
1250 4015 1523 4081 tanquam
1554 4008 1857 4063 irrationa-
1968 4017 2040 4070 ad
2071 4016 2381 4083 ngypium
2414 4012 2661 4065 mittitur
2685 4015 2740 4064 et
2768 4010 3104 4079 ρι-ωοίρίιω·
3147 4009 3198 4063 ei
3227 4010 3410 4061 facere
3457 4008 3657 4078 prodi-

194 4101 303 4156 bilia
331 4120 534 4174 pecora
577 4104 794 4156 cultum
842 4105 896 4155 et
938 4100 1274 4154 vocabulum
1318 4098 1419 4153 Dei
1465 4099 1861 4169 imposuerunt
1968 4106 2080 4175 gia,
2115 4102 2341 4157 additur
2372 4118 2384 4155 :
2418 4102 2600 4155 Facies
2634 4116 2696 4153 ea
2727 4101 2785 4152 in
2833 4102 3114 4166 conspectu
3150 4099 3450 4152 Pharaonis
3486 4112 3499 4149 :
3545 4099 3656 4161 Ego

192 4190 375 4258 figuris,
406 4208 523 4246 non
554 4191 746 4245 solum
771 4188 1070 4243 hominum
1123 4188 1218 4242 Sed
1267 4188 1553 4259 pecudum
1602 4188 1756 4257 ligno
1805 4191 1860 4240 et
1901 4248 1932 4259 _
1969 4197 2145 4246 autem
2206 4191 2473 4245 indurabo
2524 4203 2614 4242 cor
2668 4188 3003 4252 Pharaonis,
3064 4192 3170 4241 etc.
3223 4186 3360 4239 Hinc
3404 4184 3655 4254 primum

191 4279 439 4350 lapidibus
493 4279 835 4350 impressis:
900 4280 1242 4332 Ammonem
1300 4279 1495 4331 Jovem
1558 4276 1617 4329 in
1673 4275 1851 4329 ariete
1901 4248 1938 4302 θ
1968 4280 2181 4335 dictum
2213 4283 2354 4333 esta
2386 4278 2623 4332 Domino
2655 4296 2671 4330 :
2703 4278 2816 4343 Ego
2860 4276 3129 4329 indurabo
3180 4291 3269 4329 cor
3322 4275 3657 4340 Pharaonis,

191 4375 513 4436 venerantes,
604 4368 850 4424 Anubim
938 4366 999 4420 in
1059 4382 1217 4432 cane,
1299 4366 1469 4436 Apim
1543 4365 1600 4418 in
1670 4369 1856 4429 tauro,
1970 4374 2075 4423 etc.
2109 4368 2368 4423 Secundo
2401 4383 2649 4437 quoque,
2684 4365 3032 4421 enumeratis
3060 4364 3440 4434 principibus,
3490 4363 3659 4415 Israel

192 4460 235 4507 et
258 4462 450 4511 caetera
487 4460 762 4527 portenta
791 4455 1051 4520 deorum,
1087 4469 1215 4523 quae
1267 4455 1542 4524 Aigyptus
1596 4452 1797 4505 miratu

2052 4458 2176 4511 :itur
2210 4474 2223 4511 :
2259 4459 2368 4523 Ego
2399 4456 2666 4510 indurabo
2704 4471 2794 4509 cor
2840 4456 3163 4517 Pharaonis,
3214 4458 3316 4506 etc.
3364 4453 3491 4506 Non
3538 4450 3657 4503 fru-

190 4548 238 4597 ut
260 4547 453 4616 quibus
480 4547 704 4600 cultum
733 4543 1041 4598 credebant
1070 4558 1191 4597 esse
1230 4542 1513 4610 divinum,
1541 4541 1603 4594 in
1642 4540 1729 4594 his
1772 4539 1859 4593 Vi-
1971 4551 2087 4600 stra
2111 4546 2257 4598 facta
2282 4549 2366 4599 est
2395 4545 2502 4597 ista
2530 4543 2787 4607 varietas,
2820 4547 2884 4596 ut
2923 4558 3075 4595 nunc
3124 4541 3345 4594 dicatur
3390 4539 3661 4593 Dominus

192 4631 361 4687 derent
392 4622 786 4688 miserandum
818 4631 1182 4703 supplicium.
1970 4633 2265 4687 indurasse
2294 4647 2393 4684 cor
2420 4630 2753 4696 Pharaonis,
2802 4645 2956 4682 nunc
3004 4633 3205 4699 sponte
3251 4644 3369 4681 esse
3419 4627 3660 4679 indura-

246 4721 389 4786 (ΗΑΒ.
423 4726 481 4778 in
524 4723 724 4788 Exod,
759 4726 896 4775 tom.
934 4722 1021 4789 Il.)
1056 4720 1332 4785 Quintum
1372 4724 1724 4790 praeceptum
1756 4723 1860 4773 est:
1970 4731 2110 4779 tum.
2147 4720 2317 4773 Video
2353 4719 2593 4773 Paulum
2620 4723 2893 4788 tanquam
2925 4717 3340 4786 intelligentem
3369 4714 3508 4784 quid
3558 4713 3656 4767 dif~

191 4810 286 4863 Non
312 4812 679 4877 merchaberis,
720 4814 850 4876 etc.,
882 4824 1049 4878 usque
1098 4809 1175 4863 ad
1217 4810 1445 4864 attende
1497 4810 1770 4879 plagam:
1817 4796 1864 4861 si
1969 4811 2133 4878 ferat,
2186 4808 2514 4861 induratum
2559 4822 2679 4860 esse
2740 4822 2834 4860 cor
2883 4805 3212 4868 Pharaonis,
3261 4807 3315 4856 et
3364 4802 3661 4855 indurasse

188 4911 334 4965 pecus
358 4916 436 4968 es,
473 4900 677 4953 saltem
710 4897 856 4952 mori
887 4898 1044 4951 time.
1970 4895 2277 4951 Dominum
2310 4910 2406 4948 cor
2438 4894 2747 4948 Pharaonis
2787 4893 2973 4947 dicere
3004 4895 3170 4947 Rom.
3217 4909 3253 4945 ιι
3288 4892 3414 4945 :An
3434 4890 3663 4945 divitias

245 4988 387 5042 Vsus.
442 4994 497 5043 7.
557 4991 1014 5056 Ingravatumque
1070 4992 1167 5054 est,
1230 4990 1339 5040 etc.
1417 4986 1601 5054 (Auc.,
1671 4990 1860 5056 quaest.
1971 4985 2227 5038 bonitatis
2283 4985 2419 5052 ejus,
2480 4988 2529 5037 et
2579 4983 2860 5052 patientia
2931 4986 2979 5034 et
3029 4981 3466 5047 longanimitatis
3538 4994 3661 5033 con-

192 5075 283 5145 30.)
333 5077 388 5132 Si
430 5093 645 5148 pecora
696 5076 1083 5131 Israelitarum
1144 5079 1526 5141 morerentur,
1576 5074 1864 5128 videretur
1967 5073 2205 5127 temnis?
2235 5074 2459 5140 Ignoras
2498 5073 2754 5139 quoniam
2790 5071 3093 5137 benignitas
3147 5069 3251 5121 Dei
3292 5069 3367 5122 ad
3404 5070 3665 5137 preniten-

192 5177 330 5217 causa
358 5169 693 5236 competens
724 5180 900 5235 quare
932 5180 1030 5217 cor
1059 5164 1182 5234 ejus
1223 5169 1556 5233 gravaretur
1602 5163 1668 5216 ad
1720 5179 1861 5215 con-
1969 5165 2104 5216 tiam
2130 5167 2178 5216 te
2206 5161 2450 5225 adducit,
2487 5166 2589 5214 etc.
2628 5160 2726 5213 Hic
2758 5159 2877 5212 sine
2915 5156 3087 5211 dubio
3131 5173 3263 5211 eum
3313 5158 3411 5227 qui
3463 5161 3663 5227 sponte

192 5252 444 5323 temptnm
479 5254 603 5319 Dei,
638 5258 917 5324 tanquam
948 5253 994 5306 si
1024 5252 1178 5323 magi
1224 5253 1347 5322 ejus
1394 5268 1597 5321 pecora
1649 5251 1863 5305 Israeli-
1970 5251 2272 5305 induratus
2301 5254 2399 5315 est,
2435 5250 2650 5319 culpat.
2687 5247 2834 5301 Alibi
2876 5262 3026 5312 vero,
3082 5246 3237 5299 velut
3285 5247 3661 5315 quaestionem

190 5342 349 5395 tarum
378 5343 756 5407 occidissent;
808 5341 908 5395 sed
955 5340 1109 5395 unde
1159 5340 1358 5395 debuit
1407 5340 1479 5394 ad
1542 5339 1863 5394 timendum
1971 5355 2141 5409 super
2171 5340 2275 5392 hoc
2306 5353 2649 5408 preponens,
2683 5336 2819 5389 dicit
2853 5352 2865 5389 :
2898 5338 3041 5403 Ergo
3077 5336 3170 5387 cui
3208 5335 3323 5387 vult
3361 5337 3663 5400 miseretur,

196 5428 262 5480 vel
298 5432 645 5485 credendum
694 5430 936 5499 moveri,
981 5430 1341 5501 ingravatum
1382 5434 1483 5494 est,
1535 5433 1591 5482 et
1634 5428 1731 5481 illa
1776 5428 1863 5481 in-
1971 5432 2021 5481 et
2047 5442 2200 5495 quem
2229 5428 2344 5480 vult
2374 5426 2620 5490 indurat,
2655 5428 2758 5479 etc.
2796 5424 2967 5478 Addit
3004 5422 3178 5476 etiam
3220 5422 3354 5476 his:
3407 5423 3447 5478 Ο
3492 5423 3664 5484 homo,

198 5520 419 5581 gravatio
450 5520 632 5574 etiam
660 5519 955 5589 hucusque
993 5534 1295 5591 progressa
1323 5522 1425 5571 est.
1974 5520 2032 5569 tu
2061 5518 2158 5585 qui
2208 5531 2260 5570 es
2294 5517 2390 5583 qui
2420 5512 2742 5583 respondeas
2787 5516 2883 5568 Deo
2905 5515 3076 5580 (Rom.
3110 5513 3203 5581 ιχ).
3240 5512 3347 5566 Per
3391 5511 3546 5582 quod
3596 5511 3667 5566 de
