4064 6186
320 234 420 286 2H

948 229 1344 287 WALAFRIDI
1384 233 1632 288 STRABI
1671 233 1866 289 FULD.
1910 235 1971 290 Mt

2189 235 2273 289 .3P.
2317 233 2491 289 PARS
2529 235 2579 288 Ι.
2625 263 2694 273 —-
2731 231 3196 292 THEOLOGICA.

3717 237 3825 287 212

312 367 383 406 eo
407 348 509 421 qui
535 365 570 404 a
600 345 843 403 Domino
881 346 1092 401 dicitur
1137 346 1458 414 induratus,
1503 363 1620 402 non
1668 353 1787 404 tam
1835 367 1993 423 quaa-
2032 356 2073 410 A
2105 351 2260 407 ducit
2314 352 2575 408 locustas.
2630 352 2741 408 Sed
2787 353 2848 408 in
2891 369 3048 408 nona
3093 353 3348 410 extendit
3403 371 3686 410 manuum
3755 356 3822 410 in

309 437 510 492 stionis
569 434 878 501 solutione,
937 451 1112 506 quam
1167 435 1476 506 apostolica
1526 437 1860 491 auctoritate
1925 455 2013 492 re-

313 525 562 597 spondit,
593 541 698 595 pro
729 523 1102 595 incapacitate
1153 523 1505 591 auditorum,
1551 524 1696 580 sicut
1749 526 1886 580 alibi
1933 527 2013 581 ait

316 618 389 684 (ΙΙ
420 616 552 669 Cor.
581 615 682 683 xu)
715 629 729 667 :
759 615 830 668 Et
863 613 1077 668 audivit
1113 629 1317 667 arcana
1354 614 1536 681 verba,
1570 630 1688 683 quae
1735 631 1841 670 non
1888 616 2013 672 licet

315 705 520 759 homini
549 704 718 771 loqui.
755 702 914 757 Unde
947 702 1006 755 in
1039 701 1408 774 sequentibus
1438 718 1570 756 eum
1603 703 1701 774 qui
1731 720 1850 758 non
1893 710 2010 760 tam

315 792 640 847 studiorum
670 790 876 846 merito
906 806 1079 862 quam
1109 790 1324 846 sciendi
1351 791 1660 862 cupiditate
1691 794 2008 848 secretiori-

314 881 422 936 bus
468 897 527 935 se
577 879 988 952 questionibus
1033 879 1314 934 curiosius
1365 879 1662 952 [curiosus]
1694 880 2007 954 immergit,

315 971 562 1025 deterret
587 969 780 1024 dicens
810 969 974 1024 Rom.
1012 986 1067 1023 1x
1101 985 1114 1023 :
1148 970 1190 1025 Ο
1229 969 1400 1037 homo,
1435 972 1533 1039 qui
1560 984 1612 1025 es
1645 973 1744 1039 qui
1794 987 2011 1043 respon-

317 1059 445 1113 deas
474 1061 599 1113 Deo.

389 1147 569 1220 (ΗΑΒ.)
641 1145 961 1218 Septimum
1043 1149 1434 1214 praeceptum:
1513 1147 1630 1201 Non
1692 1147 2006 1214 furaberis;

317 1238 559 1309 septima
587 1236 776 1308 plaga,
807 1234 1023 1305 grando
1054 1234 1113 1287 in
1147 1233 1449 1289 fructibus.
1490 1234 1668 1288 Nemo
1711 1235 1868 1290 enim
1904 1236 2006 1290 ha-

317 1328 415 1382 bet
437 1326 718 1396 injustum
750 1324 971 1377 lucrum
1000 1321 1123 1376 sine
1145 1322 1299 1393 justo
1331 1322 1557 1376 damno.
1593 1323 1741 1378 Dum
1781 1323 2007 1392 furaris,

317 1413 565 1485 acquiris
619 1417 854 1476 vestem,
914 1409 1127 1464 amittis
1178 1409 1348 1464 ﬁdem
1406 1426 1420 1464 :
1483 1409 1706 1464 lucrum
1762 1410 2005 1478 visibile,

315 1504 591 1558 damnum
618 1499 903 1554 invisibile
941 1515 954 1553 :
985 1500 1206 1553 lucrum
1229 1498 1296 1553 de
1315 1503 1415 1553 tua
1434 1499 1710 1568 caecitate,
1729 1499 2006 1554 damnum

316 1592 387 1647 de
417 1589 646 1645 Domini
679 1589 852 1643 nube.
886 1587 994 1652 Qui
1025 1587 1179 1641 enim
1204 1588 1360 1642 malo
1393 1588 1671 1643 desiderio
1692 1588 2004 1643 forinsecus

315 1681 602 1745 furantur,
631 1677 699 1732 de
719 1675 938 1748 judicio
959 1675 1304 1730 intrinsecus
1330 1676 1768 1746 grandinantur,
1791 1681 1848 1732 et
1872 1693 2011 1748 ager

315 1767 498 1823 cordis
527 1782 729 1821 eorum
758 1765 1103 1820 devastatur.

386 1858 545 1910 Vens.
582 1858 666 1921 16,
705 1859 788 1909 t7.
836 1854 1048 1910 Idcirco
1103 1857 1282 1909 autem
1321 1855 1489 1922 posui
1544 1858 1614 1923 te,
1664 1857 1770 1908 etc.
1823 1854 2009 1924 (Auc.,

317 1949 504 2016 quasi.
535 1943 653 2013 32.)
684 1943 812 1996 Haec
843 1942 1016 1996 verba
1053 1941 1357 2012 Apostolus
1405 1941 1619 2010 posuit,
1670 1946 1798 2008 etc.,
1844 1957 2012 2013 usque

316 2038 391 2090 ad
419 2033 492 2087 ad
519 2047 720 2088 eorum
751 2031 1058 2086 utilitatem
1090 2045 1226 2099 ergo
1261 2030 1479 2084 Pharao
1512 2034 1596 2084 est
1625 2035 1901 2085 servatus.

384 2124 545 2177 Vens.
585 2123 668 2176 18.
699 2151 768 2160 -
798 2122 883 2174 En
927 2121 1120 2189 pluam
1172 2133 1313 2184 cras,
1375 2121 1481 2172 etc.
1536 2117 1742 2189 (Οιιιο.)
1795 2120 2007 2174 Hucus-

319 2226 430 2281 que
467 2224 571 2281 per
611 2222 874 2262 errorum
921 2222 1160 2260 suorum
1207 2207 1419 2276 ﬁguras
1466 2205 1684 2260 mundo
1719 2207 2012 2278 supplicia

315 2298 710 2368 temperantur
737 2313 754 2348 :
785 2297 918 2366 post
962 2294 1085 2349 haec
1128 2294 1365 2348 veniunt
1409 2295 1645 2350 verbera
1692 2295 1762 2350 de
1805 2311 2010 2368 super-

317 2401 428 2440 ms.

386 2475 545 2528 Vens.
595 2451 784 2526 i9-2t.
815 2500 884 2512 -η
920 2473 1072 2527 Mitte
1099 2483 1223 2540 ergo
1266 2472 1388 2540 jam
1435 2486 1596 2538 nunc,
1655 2475 1764 2526 etc.
1814 2471 2004 2542 (Auc.,

317 2567 510 2634 quaest.
553 2563 619 2616 35
650 2563 708 2615 in
745 2560 946 2625 Emod.,
1002 2564 1139 2614 tom.
1194 2559 1314 2630 IIl.)
1375 2561 1488 2614 Hoc
1540 2577 1657 2615 non
1707 2564 1818 2615 tam
1865 2560 2010 2616 indi-

317 2654 560 2722 gnanter
631 2664 807 2720 quam
884 2647 1330 2702 misericorditer
1386 2664 1742 2718 praemonere
1785 2649 2011 2704 videtur

319 2741 487 2804 Deus,
545 2741 674 2805 etc.,
730 2752 898 2806 usque
953 2736 1028 2790 ad
1083 2736 1356 2808 quoniam
1416 2741 1662 2792 mortem
1737 2754 2008 2809 pecorum

316 2827 568 2884 minatus
596 2831 682 2881 est
711 2827 878 2891 Deus,
905 2825 1166 2898 quamvis
1198 2824 1256 2880 id
1286 2825 1577 2896 Scriptura
1606 2827 1863 2883 tacuerit.

388 2913 984 2986 (Pnocor.)Ca2terum
1027 2913 1387 2984 providentia
1428 2914 1620 2969 divina
1667 2915 1880 2971 factum
1927 2921 2011 2971 est
2040 2932 2079 2987 ο

316 3019 387 3058 ne
440 3004 706 3072 jumenta
753 3001 1054 3056 interirent
1095 3002 1309 3056 omnia.
1371 3003 1511 3058 Nam
1553 3020 1698 3074 opus
1756 3009 1878 3060 erat
1914 3006 2008 3076 ju-

317 3091 525 3148 mentis
558 3107 688 3162 quae
712 3090 1002 3146 traherent
1029 3107 1228 3145 currus
1262 3091 1471 3162 quibus
1503 3093 1724 3147 Pharao
1760 3097 2011 3164 postmo-

265 3197 274 3205 ί
315 3181 453 3236 dum
484 3179 846 3234 insecuturus
869 3184 992 3234 erat
1029 3180 1334 3250 fugientes,
1371 3184 1433 3235 ut
1465 3196 1563 3235 eos
1592 3181 1653 3236 in
1700 3182 2013 3238 solitudine

317 3269 643 3325 trucidaret.
693 3269 900 3322 Verum
949 3267 1144 3322 divina
1191 3267 1552 3338 providentia
1607 3269 1776 3324 aliter
1826 3275 2013 3326 totum

319 3355 660 3429 gubernavit
685 3355 1010 3426 negotium.

389 3447 552 3499 Vens.
586 3447 674 3499 22.
709 3473 777 3484 —
828 3443 1072 3499 Extende
1118 3459 1360 3512 manum,
1415 3448 1520 3499 etc.
1564 3444 1857 3516 (Paocor.)
1897 3447 2012 3501 Ad-

321 3533 640 3588 monendus
690 3535 776 3587 est
827 3532 937 3586 hoc
990 3533 1110 3586 loco
1162 3533 1359 3599 lector,
1397 3533 1608 3587 Mosem
1671 3550 1787 3588 non
1819 3533 2013 3604 juberi

321 3621 517 3676 omnia
541 3619 803 3675 miranda
841 3619 1026 3674 facere
1083 3620 1260 3692 virga,
1321 3621 1419 3676 sed
1461 3621 1662 3676 saltem
1705 3623 2008 3692 quaedam:

318 3710 582 3782 quaedam
604 3725 830 3781 quoque
854 3709 1185 3780 praedicere,
1212 3714 1278 3764 ut
1313 3709 1522 3764 culices
1542 3714 1600 3764 et
1613 3711 2012 3780 jumentorum

318 3799 663 3854 interitum:
725 3798 988 3869 quaedam
1031 3813 1306 3852 manuum
1348 3798 1665 3853 ministerio
1713 3815 2008 3870 peragere,

316 3891 380 3942 ut
408 3887 547 3942 dum
606 3885 812 3958 accipit
839 3885 1141 3954 fuliginem
1175 3887 1243 3940 de
1293 3886 1519 3940 camino
1568 3892 1624 3940 et
1670 3887 2009 3957 grandinem

314 3975 580 4031 concitat.
641 3975 745 4031 Sed
805 3991 935 4047 quae
990 3975 1200 4029 hor‘um
1261 3980 1346 4030 est
1395 3975 1614 4030 causa?
1662 3976 1742 4030 Ne
1805 3977 2008 4047 vulgus

315 4064 583 4135 opinetur
612 4063 833 4135 magica
863 4063 1267 4134 superstitione
1296 4063 1516 4134 virgam
1543 4079 1666 4118 esse
1698 4064 1927 4132 factam,
1952 4068 2010 4118 et

311 4153 422 4224 ipsi
452 4153 720 4208 miriﬁcos
750 4152 879 4205 illos
910 4153 1142 4207 effectus
1172 4153 1550 4223 assignarent.

2116 442 2344 508 coelum,
2379 447 2433 495 et
2461 441 2608 496 ﬁunt
2638 441 2886 496 tenebrae
2929 446 2986 496 et
3036 443 3240 515 caligo.
3303 445 3364 497 lu
3409 443 3635 499 decima
3689 461 3825 499 vero

2116 529 2248 583 ﬁnis
2295 533 2352 583 et
2399 527 2671 600 perfectio
2725 528 2902 582 totius
2943 529 3136 600 operis
3192 529 3553 584 ministratur
3615 547 3650 583 a
3710 532 3825 585 Do-

2118 615 2294 670 mino.
2353 615 2510 670 Sicut
2559 615 2715 669 enim
2773 615 3028 670 dicitur:
3087 617 3168 671 Et
3213 618 3482 672 Dominus
3549 620 3826 688 percussit

2116 720 2268 760 omne
2295 707 2710 773 primogenitum
2740 707 2798 758 in
2835 710 2983 759 terra
3015 706 3281 774 lEgypti.

2189 793 2394 862 (Ini-zu.)
2429 794 2519 846 Est
2546 796 2654 846 alia
2701 794 3053 848 o'm'rvanda
3096 794 3466 849 differentia:
3515 793 3576 848 in
3631 794 3820 866 prima

2116 880 2271 936 enim
2303 881 2472 951 plaga
2503 896 2633 933 cum
2659 897 2808 952 aqua
2845 881 3078 935 vertitur
3125 880 3187 936 in
3239 882 3604 952 sanguinem,
3657 900 3815 939 non-

2117 971 2255 1026 dum
2283 969 2491 1023 dicitur
2533 970 2668 1024 Mosi
2721 974 2786 1023 ut
2834 969 3076 1024 intraret
3123 971 3191 1025 ad
3254 971 3635 1039 Pharaonem,
3691 976 3812 1039 sed,

2113 1056 2251 1110 vade
2283 1059 2340 1111 in
2389 1072 2664 1111 occursum
2719 1057 2858 1126 ejus,
2905 1062 3011 1110 etc.
3066 1058 3128 1110 In
3180 1058 3430 1111 secunda
3480 1074 3632 1123 vero,
3683 1075 3819 1114 con-

2116 1149 2332 1199 stanter
2385 1149 2441 1198 et
2486 1145 2734 1200 ﬁdeliter
2799 1145 3122 1199 ministrata
3178 1145 3387 1216 prima,
3457 1146 3668 1200 dicitur
3744 1149 3818 1203 ad

2116 1249 2250 1288 eum
2283 1250 2295 1288 :
2330 1235 2493 1288 Intra
2522 1235 2596 1288 ad
2625 1235 2983 1296 Pharaonem.
3015 1240 3120 1289 etc.
3157 1237 3217 1289 ln
3249 1237 3418 1289 tertia
3462 1253 3594 1290 vero
3645 1237 3817 1292 scini-

2114 1323 2626 1394 phesinferuntur,
2656 1323 2814 1394 magi
2837 1324 3050 1377 cedunt
3078 1325 3435 1393 conﬁtentes,
3479 1327 3616 1396 quia
3665 1327 3813 1393 digi.

2117 1416 2200 1466 tus
2236 1411 2337 1465 Dei
2360 1415 2437 1466 est
2466 1411 2570 1466 hic.
2604 1411 2667 1464 In
2697 1415 2899 1482 quarta
2941 1427 3074 1464 vero
3131 1411 3370 1482 vigilare
3414 1412 3653 1483 jubetur
3701 1415 3816 1468 Μυ-

2113 1515 2200 1553 ses
2233 1515 2420 1565 mane,
2471 1503 2528 1553 et
2576 1504 2725 1553 stare
2768 1503 2964 1553 contra
3007 1499 3356 1554 Pharaonem
3409 1502 3817 1570 procedentem
3925 1547 3928 1550 .

2117 1587 2187 1640 ad
2225 1602 2421 1658 aquas,
2454 1603 2585 1641 cum
2611 1603 2889 1658 cynomya
2929 1588 3224 1658 replentur
3267 1589 3662 1660 Aigyptiorum
3712 1591 3816 1644 do-

2121 1691 2266 1730 mus.
2296 1676 2359 1728 In
2388 1675 2588 1746 quinta
2615 1691 2746 1730 cum
2775 1692 2984 1746 pecora
3013 1676 3296 1742 delentur,
3330 1677 3402 1731 ad
3456 1678 3811 1733 Pharaonem

2120 1762 2334 1818 intrare
2367 1764 2624 1834 jubetur.
2681 1765 2745 1818 In
2795 1768 2948 1818 sexta
2987 1764 3378 1818 contemnitur
3424 1766 3662 1834 Pharao,
3711 1783 3818 1822 nec

2124 1851 2332 1906 dicitur
2373 1851 2527 1922 quod
2579 1850 2922 1906 intraverint
2968 1851 3147 1904 Moses
3197 1855 3255 1904 et
3294 1853 3486 1906 Aaron
3527 1853 3601 1907 ad
3653 1869 3812 1919 eum,

2123 1937 2257 2010 quia
2285 1939 2430 1993 facta
2461 1944 2593 1992 sunt
2616 1939 2804 1992 ulcera
2848 1944 2904 1993 et
2933 1937 3130 1992 vesicae
3189 1953 3317 1991 cum
3365 1937 3586 1993 fervore
3639 1941 3816 1996 etiam

2122 2042 2292 2097 super
2321 2026 2627 2094 maleﬁcos,
2657 2032 2714 2081 et
2755 2042 2870 2080 non
2918 2030 3185 2096 poterant
3235 2025 3497 2080 resistere
3542 2029 3700 2082 Mosi.
3749 2031 3814 2084 In

2121 2115 2365 2185 septima
2389 2115 2626 2186 vigilare
2657 2115 2893 2184 jubetur
2920 2114 3084 2168 valde
3117 2131 3306 2175 mane.
3341 2120 3397 2168 et
3424 2121 3572 2169 stare
3610 2123 3816 2174 contra

2121 2204 2501 2272 Pharaonem,
2538 2219 2667 2257 cum
2716 2203 3056 2274 grandinem
3101 2208 3158 2257 et
3203 2203 3395 2273 ignem
3443 2203 3704 2274 producit
3757 2210 3818 2259 et

2121 2307 2304 2346 voces.
2339 2293 2404 2346 In
2433 2297 2626 2346 octava
2656 2292 2869 2346 intrare
2898 2291 3232 2362 praecipitur
3267 2293 3334 2346 ad
3379 2308 3512 2346 eum
3557 2309 3686 2346 cum
3735 2293 3814 2347 lo-

2120 2383 2278 2434 custa
2305 2380 2659 2450 producitur.
2698 2381 2762 2434 In
2799 2396 2954 2434 nona
2991 2396 3190 2434 rursus
3231 2381 3614 2434 contemnitur
3665 2382 3813 2435 Pha-

2121 2483 2239 2533 rao,
2269 2473 2325 2521 et
2355 2468 2488 2522 Mosi
2516 2466 2738 2540 [Moses]
2771 2469 3102 2539 prazcipitur
3134 2469 3206 2522 ad
3249 2470 3454 2524 caelum
3504 2471 3816 2524 extendere

2121 2571 2346 2625 manus,
2374 2561 2437 2610 ut
2467 2557 2606 2610 ﬁant
2633 2556 2886 2610 tenebrae
2927 2557 3244 2627 palpabiles
3279 2573 3290 2612 :
3337 2574 3440 2612 nec
3479 2558 3673 2624 intrat,
3718 2559 3816 2614 sed

2121 2649 2356 2699 vocatur
2405 2646 2476 2699 ad
2525 2645 2901 2700 Pharaonem.
2955 2646 3231 2700 Similiter
3274 2646 3334 2700 in
3388 2647 3629 2713 decima,
3682 2664 3816 2702 cum

2121 2733 2411 2805 primitiva
2442 2733 2722 2802 delentur,
2755 2738 2808 2788 et
2838 2734 3063 2806 cogitur
3092 2750 3223 2789 cum
3251 2734 3611 2790 festinatione
3659 2736 3816 2790 exire

2121 2822 2192 2878 de
2221 2825 2460 2893 Egypto
2474 2864 2488 2877 .

2192 2913 2262 2967 Et
2336 2913 2590 2966 Dominus
2669 2910 2820 2966 dedit
2901 2913 3165 2980 tonitrua,
3245 2911 3359 2983 (10.,
3441 2913 3664 2980 hemit,
3736 2915 3814 2983 4.)

2120 2999 2258 3054 Vide
2286 3003 2805 3070 temperamentum
2836 2998 3048 3054 divinae
3077 3001 3444 3055 correctionis
3478 3017 3490 3056 :
3520 3017 3640 3056 non
3681 3018 3813 3056 cum

2119 3087 2347 3142 silentio
2374 3087 2652 3154 verberat,
2682 3087 2779 3142 sed
2819 3087 2916 3142 dat
2952 3103 3138 3157 voces,
3189 3093 3246 3142 et
3291 3089 3609 3144 doctrinam
3658 3091 3816 3146 creti-

2119 3179 2211 3230 tus
2241 3175 2431 3239 mittit,
2469 3191 2572 3245 per
2615 3191 2790 3246 quam
2837 3175 3016 3246 possit
3060 3177 3310 3231 mundus
3358 3178 3667 3250 castigatus
3699 3181 3819 3233 cul-

2117 3279 2250 3334 pam
2284 3279 2448 3316 suam
2475 3279 2801 3334 agnoscere.
2833 3265 2937 3318 Dat
2975 3265 3314 3334 grandinem
3364 3282 3467 3336 per
3509 3283 3683 3338 quam
3725 3274 3817 3321 te-

2117 3368 2256 3407 nera
2325 3357 2617 3406 vastantur
2669 3353 2855 3407 adhuc
2897 3353 3188 3408 nascentia
3264 3355 3558 3410 vitiorum.
3608 3358 3716 3412 Dat
3760 3363 3822 3412 ct

2117 3441 2335 3512 ignem,
2369 3440 2552 3494 sciens
2580 3455 2702 3494 esse
2749 3441 2942 3510 spinas
2984 3446 3040 3495 et
3093 3442 3334 3496 tribulos
3381 3459 3522 3514 quos
3569 3444 3822 3500 debebat

2119 3529 2367 3600 depasci,
2426 3529 2496 3583 de
2546 3545 2660 3599 quo
2712 3529 2848 3584 dicit
2905 3530 3176 3584 Dominus
3236 3532 3347 3586 Luc
3407 3549 3483 3586 xu
3540 3549 3552 3587 :
3625 3535 3821 3600 Ignem

2118 3621 2242 3674 veni
2269 3622 2479 3674 mittere
2510 3620 2569 3672 in
2605 3623 2752 3673 terra
2783 3619 2915 3686 (Luc
2961 3623 3078 3688 xu).
3133 3621 3238 3675 Per
3284 3621 3438 3675 hunc
3485 3621 3681 3693 ignem
3731 3623 3818 3678 in-

2118 3707 2337 3762 centiva
2365 3707 2674 3777 voluptatis
2705 3712 2761 3761 et
2789 3707 3044 3762 libidinis
3074 3716 3502 3764 consumuntur.

2188 3797 2386 3868 (lnam)
2417 3796 2561 3851 Sunt
2585 3796 2698 3850 alia
2723 3798 2903 3852 multa
2952 3798 3324 3866 observanda,
3367 3799 3426 3854 in
3471 3800 3679 3870 quibus
3723 3802 3814 3856 di-

2116 3885 2247 3939 vina
2285 3885 2572 3940 indicatur
2613 3884 2914 3956 sapientia.
2965 3886 3155 3940 Primo
3203 3887 3355 3942 enim
3404 3904 3518 3942 non
3562 3889 3818 3945 ﬂectitur

2117 3975 2334 4029 Pharao
2363 3991 2492 4028 cum
2523 3990 2672 4045 aqua
2701 3973 2763 4028 in
2794 3975 3132 4044 sanguinem
3167 3977 3424 4030 vertitur.
3459 3978 3524 4031 In
3554 3981 3811 4035 secundo

2115 4079 2320 4133 parum
2376 4061 2586 4116 molliri
2641 4062 2910 4118 videtur:
2978 4065 3200 4119 Vocavit
3256 4068 3399 4119 enim
3453 4065 3693 4134 [Moysen
3761 4074 3816 4122 et

2119 4151 2329 4212 Aaron,
2363 4151 2545 4205 dicens
2578 4167 2590 4205 :
2627 4154 2790 4206 Orate
2814 4167 2916 4220 pro
2945 4167 3026 4205 me
3069 4151 3380 4218 Dominum,
3431 4157 3534 4208 etc.
3586 4155 3650 4208 In
3699 4158 3822 4208 ter-

379 4243 542 4296 Vens.
570 4242 759 4294 23-29.
826 4269 894 4280 —
935 4215 1318 4310 Extenditque
1361 4243 1568 4310 Moyses
1611 4245 1847 4310 virgam,
1897 4246 2002 4298 etc.
2036 4215 2080 4270 D
2117 4238 2198 4292 tio
2231 4237 2382 4308 magi
2409 4239 2640 4307 cedunt,
2686 4215 2982 4293 dicentes:
3024 4242 3242 4306 Digitus
3289 4215 3385 4295 Dei
3429 4248 3506 4296 est
3555 4243 3662 4307 hic,
3707 4249 3816 4297 etc.

271 4329 516 4400 ,(Omc.,
571 4329 666 4382 ubi
715 4330 933 4396 supra.)
982 4327 1124 4382 Illud
1173 4344 1403 4399 quoque
1451 4330 1790 4390 notandum,
1850 4331 2005 4401 quod

309 4417 571 4488 quaedam
601 4415 839 4469 verbera
871 4415 1082 4469 inferre
1107 4415 1313 4470 dicitur
1342 4420 1551 4484 {Aaron
1599 4417 1878 4472 Pharaoni
1915 4419 2004 4473 vel

309 4507 572 4575 Egypto,
603 4502 867 4574 quaedam
899 4501 1105 4571 Moses,
1137 4504 1402 4574 quaedam
1453 4520 1586 4558 vero
1633 4505 1756 4575 ipse
1808 4507 2002 4560 Domi-

307 4604 438 4643 nus.
474 4589 539 4642 ln
571 4587 758 4658 prima
787 4586 940 4640 enim
973 4587 1160 4657 plaga,
1194 4587 1294 4642 ubi
1338 4603 1516 4659 aquas
1550 4590 1716 4644 vertit
1766 4589 1825 4644 in
1873 4606 2004 4644 san-

305 4677 560 4748 guinem,
603 4677 784 4731 elevat
813 4678 1002 4730 Aaron
1032 4674 1252 4746 virgam
1288 4679 1345 4730 et
1389 4677 1636 4747 percutit
1665 4694 1892 4749 aquam.
1938 4679 2002 4732 In

307 4766 556 4821 secunda
586 4764 832 4837 percutit
862 4780 1038 4836 aquas
1058 4767 1114 4818 et
1141 4764 1332 4818 educit
1359 4781 1545 4819 ranas.
1590 4767 1651 4819 lu
1689 4767 1855 4820 tertia
1901 4783 2002 4822 ex-

303 4853 489 4907 tendit
519 4869 754 4908 manum
791 4859 849 4907 et
899 4851 1147 4924 percutit
1195 4852 1351 4922 virga
1391 4853 1684 4922 pulverem
1732 4857 1900 4908 terra:
1949 4859 2004 4909 et

304 4940 454 4996 ﬁunt
479 4940 782 5010 sciniphes.
818 4941 880 4995 In
909 4943 1112 5011 quarta
1136 4938 1345 4994 dicitur
1373 4939 1649 4995 Dominus
1679 4941 1896 5008 fecisse,
1942 4946 2005 4996 ut

306 5027 526 5082 veniret
553 5043 850 5099 cynomya.
884 5029 948 5083 In
979 5028 1183 5098 quinta
1209 5044 1439 5100 quoque
1469 5044 1601 5084 cum
1623 5030 2000 5102 exstinguun-

295 5121 391 5171 tur
416 5131 645 5186 pecora,
679 5116 886 5171 dicitur
910 5117 1107 5171 fecisse
1137 5117 1373 5172 verbum
1408 5118 1532 5172 hoc.
1568 5120 1632 5172 In
1663 5124 1822 5174 sexta
1869 5136 2000 5174 vero

298 5207 477 5261 Moses
513 5205 763 5274 aspergit
786 5205 1055 5272 favillam,
1085 5209 1141 5260 et
1160 5205 1308 5260 ﬁunt
1345 5207 1537 5261 ulcera
1572 5211 1630 5261 et
1668 5207 1888 5262 vesicae.
1938 5209 2003 5262 In

296 5293 542 5364 septima
568 5293 750 5347 elevat
777 5309 1012 5347 manum
1042 5293 1102 5348 in
1144 5295 1354 5350 coelum
1405 5299 1461 5350 et
1505 5295 1652 5351 ﬁunt
1712 5312 1880 5351 voces
1943 5303 2004 5352 et

296 5381 515 5454 grando
545 5379 772 5450 scilicet,
807 5385 911 5435 etc.
956 5382 1020 5435 In
1052 5385 1248 5436 octava
1277 5383 1545 5439 similiter
1583 5385 1842 5440 extendit
1880 5401 2002 5440 ma-

297 5486 406 5527 nus
432 5469 494 5525 in
522 5469 744 5536 calum,
790 5472 848 5524 et
895 5469 1173 5526 Dominus
1223 5471 1444 5528 inducit
1489 5480 1745 5544 ventum,
1803 5479 1860 5530 et
1897 5475 2002 5531 ad-

2115 4327 2177 4380 In
2225 4331 2430 4397 quarto
2471 4343 2576 4396 per
2619 4343 2959 4398 cynomyam
3006 4329 3336 4384 verberatus
3387 4330 3558 4385 dicit:
3611 4334 3817 4388 Euntes

2112 4417 2382 4470 immutate
2423 4417 2652 4470 Domino
2683 4419 2815 4483 Deo,
2849 4424 2952 4472 etc.
2989 4418 3053 4471 ln
3091 4418 3317 4488 quinto,
3369 4419 3470 4474 ubi
3514 4436 3682 4475 neces
3719 4437 3819 4491 pe-

2111 4503 2324 4565 cudum
2353 4518 2499 4557 essse
2525 4504 2815 4570 dicuntur,
2851 4521 2965 4559 non
2995 4505 3165 4568 cedit,
3211 4506 3311 4562 sed
3358 4508 3603 4578 amplius
3651 4509 3820 4564 indu-

2111 4591 2274 4646 ravit.
2306 4591 2580 4646 Similiter
2609 4592 2669 4646 in
2704 4598 2859 4648 sexto
2891 4609 3070 4665 super
3096 4596 3266 4666 plaga
3297 4596 3575 4651 ulcerum.
3608 4598 3672 4652 In
3719 4615 3815 4653 sc—

2111 4681 2291 4752 ptimo
2318 4695 2473 4750 vero,
2503 4696 2640 4735 cum
2676 4681 2956 4751 grandine
2988 4686 3239 4737 vastatur
3271 4690 3328 4738 et
3364 4685 3616 4756 ignibus,
3657 4702 3816 4742 voca-

2111 4771 2193 4824 vit
2250 4771 2465 4836 Moysen
2517 4774 2569 4824 et
2616 4771 2806 4826 Aaron
2857 4770 3079 4826 dicens:
3151 4774 3374 4828 Peccavi
3433 4776 3597 4829 etiam
3645 4791 3812 4842 nunc,

2114 4859 2366 4912 Dominus
2389 4859 2594 4926 justus,
2625 4874 2719 4927 ego
2751 4864 2927 4915 autem
2955 4865 3007 4913 et
3059 4863 3251 4930 populi
3299 4865 3404 4916 mei
3449 4865 3652 4934 iniqui,
3699 4870 3811 4920 etc.

2114 4947 2178 5000 In
2209 4951 2405 5000 octavo
2434 4962 2563 5000 cum
2595 4947 2828 5002 locustis
2852 4953 3178 5019 urgeretur,
3209 4950 3548 5006 festinanter
3591 4954 3815 5008 vocavit

2113 5035 2303 5088 Mosen
2331 5039 2388 5088 et
2413 5036 2604 5089 Aaron
2625 5035 2817 5091 dicens
2843 5053 2855 5090 :
2887 5039 3110 5093 Peccavi
3139 5044 3266 5094 ante
3313 5043 3593 5096 Dominum
3645 5045 3815 5097 Deum

2111 5127 2348 5177 vestrum
2426 5125 2485 5178 in
2550 5139 2661 5179 vos.
2729 5125 2952 5194 Suscipe
3040 5133 3324 5196 peccatum
3386 5145 3580 5198 meum,
3647 5133 3818 5186 etiam

2111 5227 2252 5266 nunc
2281 5217 2429 5268 orate
2453 5213 2528 5267 ad
2554 5217 2836 5268 Dominum
2865 5216 3041 5270 Deum
3068 5221 3326 5274 vestrum.
3359 5219 3424 5271 In
3458 5234 3635 5284 nono,
3680 5235 3814 5276 cum

2113 5300 2362 5356 tenebris
2391 5301 2758 5368 suffunditur,
2791 5309 2952 5358 vocat
2981 5305 3170 5360 Mosen
3218 5311 3276 5359 et
3317 5309 3529 5376 Aaron,
3568 5307 3764 5362 dicens
3795 5325 3809 5364 :

2116 5390 2190 5445 Ite
2216 5395 2266 5444 et
2309 5393 2504 5445 servite
2544 5394 2767 5447 Domino
2834 5395 2939 5448 Deo
2989 5400 3184 5449 vestro.
3238 5395 3304 5448 In
3364 5395 3606 5462 decimo,
3675 5413 3805 5452 cum

2112 5477 2404 5550 primitiva
2443 5480 2909 5550 exstinguuntur,
2960 5487 3124 5537 vocat
3169 5498 3264 5538 eos
3301 5489 3465 5538 nocte
3517 5490 3573 5540 et
3619 5485 3803 5542 dicit:
