4064 6186
215 262 299 313 '2l3
1307 254 1561 310 GLOSSA
1598 253 2000 310 0RDINARIA.
2044 282 2112 295 —
2152 255 2279 309 LIB.
2324 253 2526 308 EXOD.

3576 257 3683 310 214-

212 380 413 443 Surgite,
442 377 579 428 exite
606 373 673 427 de
727 375 925 442 populo
981 389 1113 438 meo,
1164 388 1256 427 vos
1313 378 1363 426 et
1389 372 1499 443 ﬁlii
1548 375 1733 440 Israel,
1766 378 1871 427 etc.
1906 376 1950 430 A
1988 372 2093 427 bus
2115 373 2277 429 bellis
2297 372 2529 444 propria
2575 371 2789 426 viscera
2827 379 2884 426 et
2941 372 3272 442 adjumenta
3328 374 3678 445 reipublicae,

213 469 264 521 Et
286 463 565 534 adjungit:
600 462 911 516 Benedicite
937 467 1137 516 'autem
1183 466 1235 515 et
1292 477 1391 515 me.
1454 463 1579 515 Non
1634 466 1872 533 possunt

210 557 305 610 haec
330 551 589 623 explicari
626 551 737 605 nisi
791 551 990 605 eodem
1047 550 1254 621 spiritu
1305 566 1423 618 quo
1498 555 1655 620 gesta
1712 556 1866 604 sunt.

211 643 333 714 quia,
379 640 688 694 secundum
767 640 1107 710 Apostolum
1177 640 1217 709 (Ι
1276 640 1395 695 Cor.
1455 640 1587 706 xw),
1637 639 1870 711 spiritus

206 731 577 802 prophetarum
602 729 895 799 prophetis
923 729 1207 799 subjectus
1232 734 1317 781 est
1350 745 1363 791 ;
1397 744 1514 781 non
1564 744 1700 798 ergo
1740 727 1867 799 qui-

207 822 496 889 buscunque
524 817 595 871 ad
626 817 1051 888 explauandum
1071 817 1222 871 dicta
1285 818 1722 888 prophetarum,
1770 816 1867 871 sed

206 908 462 982 prephetis
493 907 761 960 dicuntur
792 922 914 960 esse
955 906 1229 976 subjecta.

260 998 399 1051 Vens.
446 998 640 1050 30-35.
700 1024 774 1036 —
831 997 967 1050 Novi
1052 999 1230 1049 autem
1304 995 1466 1063 quod,
1529 999 1634 1048 etc.
1696 994 1861 1064 (AUG.

203 1090 357 1153 quaest.
386 1086 449 1138 35
478 1085 536 1136 in
558 1083 775 1151 Exod.)
802 1084 876 1135 De
898 1082 1121 1153 fragore
1163 1082 1290 1137 creli
1319 1086 1375 1135 et
1418 1082 1697 1151 grandine
1763 1097 1865 1135 ex-

202 1173 397 1227 territus
413 1178 531 1225 erat
552 1172 796 1226 Pharao.
832 1170 989 1224 Unde
1027 1171 1269 1241 rogabat
1331 1172 1521 1225 Mosen
1578 1176 1642 1223 ut
1679 1174 1867 1225 oraret

201 1277 285 1332 pro
313 1262 703 1324 eo,conﬁtens
759 1259 1123 1330 iniquitatem
1182 1275 1342 1312 suam
1386 1264 1444 1313 et
1501 1258 1697 1328 populi
1754 1259 1859 1312 sui.

200 1351 286 1404 Sed
328 1351 492 1403 Moses
558 1350 735 1403 alium
786 1350 1051 1403 timorem
1086 1348 1398 1419 quaarebat.
1464 1347 1645 1401 Facile
1710 1348 1864 1400 enim

200 1444 489 1509 estposnam
521 1438 726 1492 timere
760 1456 773 1492 :
807 1438 906 1492 sed
957 1453 1075 1491 non
1121 1442 1205 1492 est
1251 1437 1355 1491 hoc
1413 1438 1590 1490 Deum
1640 1436 1860 1489 timere.

198 1529 276 1581 illo
293 1528 490 1582 scilicet
516 1526 751 1598 pietatis
778 1526 1005 1593 timore,
1046 1526 1115 1580 de
1160 1542 1273 1597 quo
1300 1526 1473 1580 Jacob
1531 1525 1702 1579 dicit:
1745 1526 1864 1579 Nisi

198 1618 317 1671 Deus
360 1618 507 1685 patri
558 1618 665 1669 mei
713 1616 999 1670 Abraham
1062 1619 1113 1669 et
1143 1617 1302 1668 timor
1366 1616 1528 1670 Isaac
1591 1614 1862 1683 adfuisset

197 1706 325 1772 mihi,
345 1720 478 1759 nunc
505 1720 590 1759 me
611 1706 825 1757 inanem
855 1703 1152 1757 dimisisses
1172 1704 1332 1769 (Gen.
1369 1704 1536 1771 xxxs).

866 1834 1093 1889 CAPUT
1157 1836 1218 1889 Χ.

249 1970 391 2025 Vens:
424 1973 521 2025 l-3
558 2000 723 2026 —...
768 1971 893 2036 Ego
948 1972 1089 2024 enim
1140 1970 1400 2025 induravi
1444 1986 1534 2024 cor
1596 1969 1738 2038 ejus,
1772 1973 1859 2022 etc

193 2062 349 2127 (Ana,
378 2064 567 2130 quast.
602 2062 669 2114 36
718 2061 791 2133 in,
830 2060 1034 2130 Exod.)
1093 2061 1220 2113 Haec
1271 2075 1384 2111 non
1440 2058 1519 2112 ita
1566 2058 1709 2111 dixit
1738 2062 1860 2111 tan-

190 2165 331 2218 quam
351 2165 489 2219 opus
523 2148 734 2203 habeat
788 2138 933 2202 Deus
981 2146 1316 2219 cujusquam
1365 2147 1603 2215 malitia,
1651 2148 1747 2200 sed
1780 2147 1861 2201 sic

190 2235 593 2306 intelligendum
624 2240 710 2290 est
746 2228 809 2289 ac
839 2235 886 2289 si
918 2234 1153 2289 diceret:
1191 2235 1306 2305 Ego
1354 2233 1577 2303 patiens
1633 2233 1717 2287 fui
1758 2250 1859 2287 su-

190 2340 271 2395 per
295 2340 417 2378 eum
443 2330 499 2379 et
520 2341 715 2379 servos
742 2326 882 2394 ejus,
914 2329 978 2378 ut
1000 2340 1116 2377 nou
1146 2339 1241 2377 eos
1296 2323 1603 2389 auferrem,
1663 2326 1726 2375 ut
1765 2337 1857 2375 or-

190 2414 293 2467 dine
318 2413 720 2484 superveniant
746 2413 908 2483 signa
937 2429 1065 2467 mea
1098 2428 1272 2483 super
1324 2428 1456 2478 eos;
1513 2410 1649 2481 quia
1702 2410 1861 2464 enim

188 2502 426 2571 patientia
458 2501 563 2556 Dei
607 2501 945 2555 obstinatior
996 2501 1169 2556 ﬁebat
1208 2501 1391 2554 malus
1451 2500 1697 2565 animus,
1755 2515 1859 2569 pro

187 2606 240 2643 eo
264 2590 400 2661 quod
432 2589 657 2660 patiens
686 2590 747 2642 in
768 2605 835 2642 eo
898 2590 1000 2656 fui,
1035 2590 1262 2655 dicitur,
1293 2591 1586 2655 ingravavi
1616 2602 1704 2641 cor
1744 2589 1860 2655 ejus

192 2680 348 2748 Plaga:
397 2679 800 2749 Egyptiorum
822 2677 1069 2732 eruditio
1099 2682 1182 2731 est
1250 2677 1501 2731 ﬁliorum
1571 2675 1759 2734 Israel,
1788 2690 1860 2727 ne

191 2767 421 2821 similiter
475 2767 847 2834 indurentur,
902 2770 958 2820 et
1008 2765 1215 2819 similia
1254 2766 1560 2835 patiantur.
1628 2763 1860 2816 Multato

189 2856 449 2924 pestilenta
479 2856 803 2927 sapientior
818 2855 929 2910 erit
957 2855 1246 2925 parvulus.

1979 460 2036 515 id
2087 466 2188 526 est,
2238 461 2433 531 plebes
2499 461 2924 531 provinciarum
2977 465 3034 514 et
3110 460 3363 531 legiones
3430 462 3680 517 militum

1979 550 2351 604 comminutas
2384 554 2534 603 sunt.
2563 550 2645 604 Ibi
2674 555 2830 604 sexta
2884 551 3076 621 plaga,
3132 551 3329 604 vesicae
3387 556 3683 621 turgentes

1980 639 2651 710 ulceraquemanantia:
2690 639 2781 692 hic
2826 640 2993 709 plaga
3041 656 3171 710 quae
3218 645 3343 707 post
3394 640 3682 695 Maximini

1978 726 2437 797 persecutionem
2460 727 2583 793 fuit,
2610 727 2708 797 qui
2738 728 3060 797 specialiter
3095 727 3395 795 episcopos
3450 733 3507 781 et
3563 729 3682 782 cle-

1976 817 2142 882 ricos,
2175 816 2385 870 omissa
2411 816 2580 870 turba
2612 816 2896 885 populari,
2949 817 3326 870 Ecclesiarum
3409 818 3681 887 primates

1975 904 2213 959 cruciari
2245 905 2642 974 imperaverat,
2668 904 3048 958 intumescens
3079 906 3279 959 crebro
3328 905 3411 959 ira
3447 912 3500 959 et
3550 922 3678 976 per-

1974 994 2112 1049 ﬁdia
2138 1010 2254 1047 non
2287 1010 2390 1064 per
2422 993 2578 1064 vulgi
2598 994 2832 1059 easdem,
2855 994 2950 1047 sed
2987 1010 3086 1063 per
3146 996 3381 1047 vulnera
3430 995 3679 1048 morien-

1973 1083 2119 1137 tium
2143 1082 2470 1153 principum
2522 1087 2579 1135 et
2624 1082 2947 1150 potentium
2985 1083 3230 1135 exaltata
3287 1089 3392 1136 est.
3442 1082 3524 1135 lbi
3582 1099 3676 1138 se-

1974 1172 2154 1242 ptima
2178 1172 2367 1241 plaga,
2401 1174 2588 1223 coacta
2620 1169 2681 1222 in
2712 1186 2840 1223 aere
2867 1171 3101 1238 grando.
3166 1188 3295 1241 quas
3348 1172 3680 1226 hominibus

1973 1266 2029 1313 et
2068 1259 2349 1330 jumeutis
2407 1258 2514 1312 fuit
2582 1258 2795 1311 exitio:
2850 1258 2940 1311 hic
2999 1259 3102 1311 sub
3180 1259 3336 1313 Gallo
3393 1264 3450 1313 et
3503 1262 3678 1314 Volu-

1975 1348 2157 1407 siano,
2191 1347 2290 1418 qui
2322 1347 2488 1401 Decio
2520 1346 2870 1417 persecutori
2929 1352 3335 1414 successerunt,
3385 1349 3560 1418 pestis
3586 1349 3679 1403 in-

1975 1438 2098 1491 fusa
2126 1442 2211 1490 est
2240 1452 2343 1505 per
2391 1435 2588 1489 omnia
2644 1435 2826 1505 spatia
2885 1436 3125 1489 Romani
3168 1437 3348 1506 regni,
3400 1442 3454 1491 ct
3508 1453 3678 1492 omne

1972 1541 2151 1597 prope
2174 1542 2354 1595 genus
2402 1525 2723 1577 humanum
2774 1524 2932 1577 dedit
2974 1524 3115 1578 neci.
3168 1525 3250 1578 Ibi
3304 1530 3504 1579 octava
3546 1541 3677 1579 cor-

1976 1615 2172 1679 rectio,
2205 1614 2461 1667 excitata:
2495 1612 2750 1683 undique
2786 1613 3022 1666 locusta:
3055 1629 3067 1665 :
3135 1613 3226 1666 hic
3283 1613 3538 1667 excitatas
3570 1631 3679 1668 un-

1972 1703 2143 1774 dique
2174 1706 2371 1773 gentes
2401 1703 2722 1756 Romanum
2752 1702 2949 1755 orbem
2994 1701 3243 1756 cmdibus
3292 1708 3348 1755 et
3397 1702 3677 1757 incendiis

1966 1794 2348 1845 vastaverunt.
2404 1789 2487 1844 lbi
2538 1806 2691 1843 nona
2744 1790 2930 1861 plaga,
2995 1791 3249 1844 tenebrae
3325 1792 3672 1857 tractabiles,

1968 1880 2098 1950 plus
2124 1879 2362 1950 periculi
2383 1879 2798 1932 comminantes
2846 1895 3021 1949 qnam
3060 1879 3330 1932 facientes
3364 1896 3376 1931 :
3423 1879 3515 1933 hic
3552 1885 3672 1934 Au-

1964 1969 2181 2022 reliano
2209 1973 2569 2038 persecutore
2616 1968 2976 2031 decernente,
3018 1967 3154 2021 diris
3198 1968 3521 2022 turbinibus
3562 1973 3675 2022 ter-

1964 2058 2130 2111 ribile
2152 2057 2369 2111 fulmen
2409 2058 2513 2110 sub
2537 2056 2713 2127 ipsius
2743 2057 2984 2126 pedibus
3016 2056 3150 2118 ruit,
3199 2057 3502 2110 ostendens
3534 2056 3674 2128 quid

1967 2148 2178 2202 faceret
2206 2150 2396 2200 tantus
2446 2146 2616 2209 ultor,
2658 2145 2767 2198 nisi
2819 2145 3040 2215 patiens
3105 2150 3292 2199 esset:
3341 2161 3673 2215 quanquam

1968 2237 2120 2290 intra
2145 2252 2241 2288 sex
2300 2251 2521 2288 menses
2576 2238 2689 2288 tres
2732 2234 3012 2287 interfecti
3076 2239 3210 2286 sunt
3276 2233 3673 2303 imperatores.

1966 2324 2330 2390 Aurelianus,
2362 2323 2584 2377 Tacitus
2632 2328 2689 2377 et
2730 2322 3042 2377 Florianus.
3092 2322 3177 2376 Ibi
3231 2322 3449 2376 decima
3496 2328 3549 2376 et
3581 2325 3671 2377 ul-

1967 2411 2109 2465 tima
2160 2413 2351 2481 plaga,
2425 2412 2944 2482 primogenitorum
3005 2410 3350 2464 interfectio:
3410 2411 3500 2464 hic
3547 2430 3671 2466 om-

1971 2500 2131 2553 nium
2164 2500 2408 2570 perditio
2431 2500 2736 2565 idolorum,
2796 2516 2925 2569 quae
2983 2499 3250 2568 primitus
3279 2499 3423 2553 facta
3468 2500 3527 2553 in
3550 2502 3674 2571 pri-

1971 2588 2080 2642 mis
2131 2589 2419 2643 amabant.
2474 2590 2556 2643 lbi
2603 2604 2697 2642 rex
2764 2588 3079 2657 potentiam
3138 2587 3236 2640 Dei
3289 2588 3567 2656 probavit,
3613 2594 3669 2643 et

1971 2678 2167 2743 sensit,
2201 2686 2256 2733 et
2277 2677 2490 2745 timuit,
2541 2682 2598 2731 et
2645 2678 2922 2747 populum
2973 2676 3071 2730 Dei
3123 2676 3367 2729 liberum
3413 2676 3667 2732 dimisit:

1972 2766 2065 2819 hic
2096 2782 2327 2837 quoque
2352 2766 2547 2820 omnia
2595 2765 2749 2833 fecit,
2784 2768 2839 2817 et
2886 2764 3057 2817 etiam
3104 2764 3361 2818 credidit.

2047 2854 2361 2923 (Inau.)lbi
2388 2854 2633 2925 populus
2666 2854 2763 2907 Dei
2818 2870 2929 2906 non
2954 2857 3039 2905 est
3095 2852 3165 2905 ad
3211 2852 3544 2905 servitutem
3575 2870 3670 2907 re-

242 2946 428 3017 (Οιυα.)
460 2948 712 3000 Possunt
732 2945 926 2999 decem
958 2945 1139 3014 plagas
1170 2943 1379 3014 quibus
1428 2944 1700 3012 .IEgyptus
1752 2955 1853 3010 per
1883 2943 1924 2998 Ο
1963 2947 2193 3009 tractus,
2225 2959 2330 2996 nec
2375 2943 2470 2996 hic
2517 2946 2715 3012 postea
2762 2941 2829 2994 ad
2885 2939 3268 2993 idololatriam
3314 2944 3560 2993 coactus.
3589 2939 3671 2994 lbi

188 3032 430 3087 lsraelitas
459 3034 819 3097 verberatur,
850 3032 1092 3085 Romani
1125 3031 1287 3102 regni
1333 3031 1653 3100 comparari
1699 3034 1852 3084 tem-

188 3122 401 3190 poribus,
431 3122 570 3193 quia
590 3122 793 3175 hsecin
822 3121 1005 3191 figura
1046 3120 1228 3175 nostri
1287 3120 1431 3173 facta
1485 3125 1637 3173 sunt.
1689 3118 1851 3175 Chri-

188 3208 364 3264 stianus
388 3216 441 3265 et
493 3209 840 3265 Israeliticus
888 3210 1138 3279 pepulus
1194 3208 1367 3262 unius
1426 3208 1524 3262 Dei
1580 3213 1684 3267 est.
1737 3223 1851 3261 una

188 3298 439 3369 utriusque
497 3314 672 3352 causa
729 3296 955 3350 subdita
1007 3297 1132 3363 fuit,
1193 3297 1492 3367 Synagoga
1551 3296 1847 3367 Egyptiis,

188 3384 387 3439 Ecclesia
416 3384 714 3441 Romanis.
746 3384 1031 3438 Persecuti
1071 3389 1201 3437 sunt
1241 3384 1510 3453 Egyptii,
1560 3382 1847 3452 persecuti

186 3478 364 3527 suntet
408 3474 677 3529 Romani.
730 3473 815 3527 lbi
875 3473 1061 3527 decies
1107 3472 1517 3526 contradicitur
1570 3472 1727 3533 Mosi,
1759 3471 1850 3525 hic

185 3559 345 3614 decem
364 3562 548 3616 edicta
606 3566 802 3615 contra
856 3560 1165 3615 Christum.
1228 3560 1473 3613 Diversa:
1524 3559 1603 3613 ibi
1665 3560 1849 3630 plagas

184 3651 561 3721 .Egyptiorum,
624 3650 861 3705 diversas
919 3650 1013 3704 hic
1060 3649 1409 3704 calamitates
1436 3649 1845 3703 Romanorum.

186 3736 248 3788 lbi
271 3738 510 3806 primum
544 3736 779 3807 sanguis
808 3736 878 3790 de
900 3735 1088 3805 puteis
1129 3739 1186 3789 et
1240 3735 1573 3789 ﬂuminibus
1631 3738 1846 3800 manat,

184 3823 253 3876 hic
276 3827 447 3894 prima
476 3826 586 3879 sub
623 3827 845 3879 Nerone
874 3825 1067 3895 plaga,
1098 3828 1163 3877 ut
1216 3822 1427 3894 ubique
1476 3822 1847 3876 morientium

185 3915 376 3982 sanguis
423 3919 598 3982 esset,
651 3914 739 3968 vel
794 3913 1010 3967 morbis
1067 3912 1129 3966 in
1181 3912 1327 3966 Urbe
1384 3916 1706 3981 corruptus,
1761 3912 1849 3965 vel

181 3999 311 4055 bellis
337 4004 392 4057 in
420 4004 560 4057 orbe
592 4002 878 4072 profusus.
931 4001 1015 4056 lbi
1061 4000 1311 4055 secunda
1369 4000 1560 4070 plaga,
1614 3999 1847 4052 ranzein

185 4094 560 4159 penetralibus,
598 4091 788 4145 inedia
808 4107 957 4161 pene
992 4090 1341 4144 habitatores
1369 4087 1639 4141 exstinxit
1674 4104 1687 4141 :
1753 4088 1848 4141 hic

181 4179 259 4233 sub
297 4182 615 4235 Domitiano
686 4180 955 4234 satellites
1040 4178 1319 4243 effrenati,
1373 4178 1537 4248 jussu
1620 4178 1841 4231 cruenti

182 4268 433 4339 principis,
465 4274 525 4323 et
562 4268 759 4339 inopia
796 4284 943 4339 pene
975 4283 1175 4322 omnes
1206 4268 1487 4321 Romanos
1518 4265 1667 4318 cives
1724 4266 1832 4319 dis-

179 4356 337 4423 persit.
393 4357 476 4412 Ibi
532 4357 702 4411 tertia
748 4357 921 4427 plaga
965 4357 1270 4427 sciniphes,
1328 4355 1600 4408 musculae
1655 4354 1843 4408 saevis-

180 4443 325 4513 simae,
348 4462 474 4516 quae
500 4445 695 4500 media
722 4450 891 4500 aetate
912 4460 1016 4515 per
1068 4446 1193 4498 loca
1248 4442 1510 4513 squalida
1563 4442 1844 4512 gregatim

183 4531 355 4599 volant,
372 4534 709 4605 capillisque
734 4534 1039 4587 hominum
1063 4532 1311 4601 setisque
1334 4531 1618 4601 pecudum
1642 4536 1844 4586 urente

182 4633 341 4676 morsu
366 4624 700 4678 inferuntur
726 4639 739 4676 :
778 4621 868 4676 hic
910 4621 1079 4677 tertia
1106 4621 1273 4691 plaga
1301 4619 1404 4673 sub
1434 4621 1715 4690 Tranjano
1743 4622 1842 4675 Ju-

180 4706 305 4764 dzeos
339 4713 622 4780 excitavit,
663 4712 765 4783 qui
804 4727 933 4766 cum
966 4715 1096 4764 ante
1127 4708 1389 4778 dispersi,
1419 4709 1579 4778 quasi
1612 4724 1726 4761 non
1756 4724 1843 4761 es-

180 4805 297 4866 sent,
343 4801 723 4871 quiescerent,
783 4799 1083 4871 repentino
1135 4798 1322 4852 calore
1360 4798 1629 4867 permoti,
1685 4813 1846 4868 gras-

178 4886 260 4939 sati
307 4893 457 4942 sunt.
496 4891 783 4944 Praeterea
813 4890 1006 4943 multas
1053 4888 1222 4942 urbes
1250 4886 1454 4941 iisdem
1493 4886 1845 4955 temporibus

178 4982 482 5031 corruerunt
506 4981 677 5031 terra:
704 4982 878 5030 motu.
910 4976 992 5030 lbi
1021 4980 1227 5047 quarta
1256 4976 1451 5045 plaga,
1506 4990 1716 5028 muscas
1746 4990 1841 5027 ca-

179 5061 319 5129 ninae,
343 5066 595 5119 alumnae
622 5064 963 5135 putredinis,
995 5063 1279 5118 vermium
1313 5067 1524 5116 matres
1556 5079 1569 5127 ;
1616 5061 1710 5115 hic
1740 5062 1845 5115 sub

180 5150 328 5207 larco
355 5154 606 5207 Antonio
638 5153 762 5207 lues
786 5151 981 5206 multis
1011 5152 1197 5205 infusa
1246 5150 1577 5221 provinciis,
1626 5150 1845 5204 Italiam

182 5242 430 5296 eturbem
486 5243 748 5308 Romam,
821 5240 1245 5312 exercitumque
1295 5242 1687 5295 Romanorum
1743 5254 1846 5310 per

183 5326 367 5385 diversa
410 5331 657 5386 hiberna
724 5330 1065 5401 dispersum,
1122 5334 1307 5384 morte
1335 5329 1700 5391 dissolutum,
1728 5345 1845 5399 pu-

184 5418 354 5472 tredini
383 5426 439 5475 et
468 5421 759 5477 vermibus
787 5420 962 5475 dedit.
995 5420 1081 5473 Ibi
1108 5419 1309 5490 quinta
1338 5418 1530 5487 plaga,
1570 5433 1843 5487 pecorum

185 5508 621 5575 etjumentorum
656 5528 670 5565 :
700 5511 792 5565 hic
825 5511 930 5565 sub
985 5509 1189 5565 Severo
1252 5511 1613 5578 persecutore
1660 5506 1845 5560 civili-

1963 3031 2357 3102 Egyptiorum
2398 3048 2528 3084 vasa
2558 3030 2801 3101 pretiosa
2835 3028 3083 3083 Hebraeis
3113 3028 3321 3082 tradita
3370 3033 3502 3082 sunt
3536 3045 3549 3081 :
3578 3030 3670 3081 hic

1964 3120 2220 3174 Ecclesiae
2246 3119 2699 3173 Christianorum
2755 3118 3005 3188 pretiosa
3048 3132 3408 3186 paganorum
3452 3117 3668 3185 templa

1961 3214 2273 3263 cesserunt.

2032 3297 2532 3369 (Ineu.)}Egyptiis
2582 3301 2712 3366 post
2761 3297 2967 3351 decem‘
3015 3296 3211 3365 plagas
3260 3295 3525 3347 dimissos
3554 3296 3665 3347 He-

1957 3387 2143 3441 braeos
2198 3385 2672 3456 persequentibus
2733 3384 2903 3438 maris
2969 3382 3134 3436 irruit
3204 3382 3504 3435 interitus:
3560 3399 3664 3435 nos

1958 3490 2190 3545 quoque
2223 3472 2655 3543 peregrinantes
2704 3470 3025 3539 persecutio
3080 3469 3386 3540 gentilium
3447 3473 3659 3534 manet,

1958 3563 2306 3617 donecmare
2341 3562 2618 3625 Rubrum,
2676 3560 2734 3613 id
2774 3564 2857 3613 est
2912 3559 3104 3628 ignem
3159 3558 3380 3628 judicii,
3438 3558 3660 3611 Christo

1959 3652 2100 3705 duce
2128 3655 2183 3705 et
2197 3650 2387 3721 judice
2411 3654 2782 3702 transeamus.
2833 3648 2940 3711 Qui
2997 3662 3129 3699 vero
3179 3646 3529 3701 Christianos
3548 3661 3668 3715 per-

1958 3744 2298 3809 sequuntur,
2357 3754 2487 3791 cum
2547 3752 2679 3807 rege
2762 3752 2865 3789 suo
2913 3733 3259 3789 Antichristo
3343 3734 3400 3787 in
3461 3740 3662 3803 stagno

1958 3827 2110 3897 ignis
2135 3827 2337 3881 aeterni
2360 3827 2824 3894 submergentur.

2032 3917 2199 3969 Vaas.
2254 3917 2399 3968 4-12.
2449 3944 2515 3952 —-
2571 3916 2703 3968 Ecce
2752 3928 2844 3979 ego
2902 3912 3155 3964 inducam
3206 3926 3327 3963 cras
3379 3912 3654 3974 locustam,

1957 4008 2062 4059 etc.
2131 4003 2322 4071 (ΗΑΒ.)
2376 4002 2649 4057 Octavum
2705 4004 3094 4069 praeceptum:
3146 4000 3363 4051 Falsum
3421 4000 3657 4051 testimo-

1955 4095 2106 4145 m’um
2136 4106 2240 4145 non
2291 4091 2471 4144 dices:
2520 4092 2713 4142 octava
2760 4088 2947 4157 plaga,
2995 4088 3229 4151 locusta,
3286 4085 3498 4138 animal
3553 4086 3659 4138 sci-

1956 4183 2086 4236 licet
2115 4180 2283 4233 dente
2335 4177 2595 4231 noxium.
2648 4177 2841 4231 Falsus
2895 4175 3047 4228 enim
3098 4175 3255 4228 testis
3304 4178 3468 4227 nocet
3510 4189 3658 4226 mor-

1953 4270 2138 4328 dendo
2168 4273 2224 4322 et
2251 4266 2534 4321 consumit
2582 4265 2932 4320 mentiendo.
2996 4264 3152 4318 Unde
3212 4280 3226 4317 :
3287 4264 3348 4318 Si
3398 4262 3657 4316 mordetis

1954 4363 2005 4413 et
2052 4358 2383 4421 consumitis,
2475 4355 2650 4408 videte
2705 4370 2770 4408 ne
2824 4354 2898 4407 ad
2966 4355 3191 4407 invicem
3246 4352 3653 4406 consumamini.

1957 4447 2102 4517 (Gal.
2136 4446 2207 4511 v.)

2028 4534 2236 4602 (Orum)
2268 4533 2449 4587 hom‘i
2500 4534 2556 4585 in
2626 4530 2828 4600 Exod.)
2892 4532 3034 4586 Puto
3109 4546 3211 4600 per
3284 4529 3391 4583 hoc
3458 4544 3640 4598 genus

1953 4622 2137 4693 plagae
2172 4620 2493 4675 dissidentis
2556 4636 2853 4691 semper,a
2902 4636 2959 4673 se
3001 4623 3057 4673 et
3106 4616 3478 4672 discordantis
3540 4618 3654 4670 hu-

1953 4709 2110 4764 mani
2130 4708 2357 4780 generis
2387 4707 2830 4761 inconstantiam
2864 4705 3167 4759 confutari.
3195 4706 3432 4758 Locusta
3475 4702 3653 4767 enim,

1954 4814 2084 4852 cum
2119 4811 2316 4865 regem
2349 4812 2463 4848 non
2488 4795 2725 4859 habens,
2752 4795 3061 4848 secundum
3083 4794 3454 4862 Scripturam,
3503 4792 3655 4845 ordi-

1951 4890 2149 4941 natum
2176 4883 2328 4938 ducit
2362 4883 2671 4937 exercitum
2699 4898 2713 4937 :
2746 4883 3006 4936 homines
3038 4896 3353 4945 verohcum
3402 4879 3655 4933 rationa-

1952 4976 2034 5029 les
2062 4973 2193 5027 facti
2223 4977 2374 5040 sunt,
2401 4987 2585 5042 neque
2644 4986 2701 5023 se
2744 4984 2941 5037 regere
3015 4967 3274 5019 ordinate
3320 4970 3654 5035 potuerunt,

1955 5079 2140 5133 neque
2179 5061 2279 5116 Dei
2328 5060 2579 5130 regentis
2626 5058 2911 5129 patienter
2966 5055 3356 5109 moderamina
3411 5056 3655 5125 pertule‘

1953 5155 2107 5205 runt.

2027 5238 2271 5308 (Susa)
2320 5239 2427 5291 Per
2474 5237 2768 5297 locustam,
2819 5249 2946 5304 quae
2998 5248 3191 5303 regem
3244 5248 3364 5286 non
3422 5232 3652 5298 habent,

1954 5327 2307 5399 significatur
2327 5324 2618 5380 temeritas
2656 5323 2887 5377 illorum
2919 5322 3038 5393 qui,
3071 5323 3203 5376 licet
3229 5322 3466 5375 diversis
3530 5335 3655 5391 pae-

1954 5417 2045 5471 nis
2075 5415 2323 5481 multati,
2380 5429 2608 5483 semper
2658 5412 2717 5465 in
2783 5411 2996 5465 duritia
3059 5427 3161 5465 sua
3230 5413 3484 5474 manent,
3532 5414 3654 5461 tan-

1962 5520 2135 5576 quam
2174 5503 2400 5558 nullum
2419 5501 2633 5556 habent
2663 5504 2964 5555 rectorem.
