  <div class='ocr_page' id='page_1' title='image "/cluster/home/n/w/nwhite01/storage/ocr_20150623/113/hvd.32044054759782/113.png"; bbox 0 0 4052 6180; ppageno 0'>
   <div class='ocr_carea' id='block_1_1' title="bbox 307 206 408 258">
    <p class='ocr_par' dir='ltr' id='par_1_1' title="bbox 307 206 408 258">
     <span class='ocr_line' id='line_1_1' title="bbox 307 206 408 258; baseline -0.02 0"><span class='ocrx_word' id='word_1_1' title='bbox 307 206 408 258; x_wconf 81' lang='grc'><strong>215</strong></span> 
     </span>
    </p>
   </div>
   <div class='ocr_carea' id='block_1_2' title="bbox 367 318 2098 392">
    <p class='ocr_par' dir='ltr' id='par_1_2' title="bbox 367 318 2098 392">
     <span class='ocr_line' id='line_1_2' title="bbox 367 318 2098 392; baseline -0.003 -12"><span class='ocrx_word' id='word_1_2' title='bbox 367 325 672 381; x_wconf 85' lang='lat' dir='ltr'><strong>Locustam.</strong></span> <span class='ocrx_word' id='word_1_3' title='bbox 733 321 904 392; x_wconf 81' lang='lat' dir='ltr'><strong>(lsio.)</strong></span> <span class='ocrx_word' id='word_1_4' title='bbox 965 321 1214 376; x_wconf 73' lang='lat' dir='ltr'><strong>Locustae</strong></span> <span class='ocrx_word' id='word_1_5' title='bbox 1243 335 1348 391; x_wconf 91' lang='lat' dir='ltr'><strong>pro</strong></span> <span class='ocrx_word' id='word_1_6' title='bbox 1380 319 1707 375; x_wconf 78' lang='lat' dir='ltr'><strong>mobilitate</strong></span> <span class='ocrx_word' id='word_1_7' title='bbox 1767 318 2016 374; x_wconf 82' lang='lat' dir='ltr'><strong>levitatis</strong></span> <span class='ocrx_word' id='word_1_8' title='bbox 2052 320 2098 375; x_wconf 83' lang='grc' dir='ltr'><strong>Α</strong></span> 
     </span>
    </p>
   </div>
   <div class='ocr_carea' id='block_1_3' title="bbox 295 406 1998 484">
    <p class='ocr_par' dir='ltr' id='par_1_3' title="bbox 295 406 1998 484">
     <span class='ocr_line' id='line_1_3' title="bbox 295 406 1998 484; baseline -0.004 -16"><span class='ocrx_word' id='word_1_9' title='bbox 295 412 656 484; x_wconf 88' lang='lat' dir='ltr'><strong>accipiuntur</strong></span> <span class='ocrx_word' id='word_1_10' title='bbox 700 414 978 482; x_wconf 89' lang='lat' dir='ltr'><strong>tanquam</strong></span> <span class='ocrx_word' id='word_1_11' title='bbox 1034 425 1192 480; x_wconf 69' lang='lat' dir='ltr'><strong>vagze</strong></span> <span class='ocrx_word' id='word_1_12' title='bbox 1250 413 1308 463; x_wconf 92' lang='lat' dir='ltr'><strong>et</strong></span> <span class='ocrx_word' id='word_1_13' title='bbox 1351 407 1616 462; x_wconf 77' lang='lat' dir='ltr'><strong>salientes</strong></span> <span class='ocrx_word' id='word_1_14' title='bbox 1663 406 1871 463; x_wconf 64' lang='lat' dir='ltr'><strong>animae</strong></span> <span class='ocrx_word' id='word_1_15' title='bbox 1893 423 1998 480; x_wconf 92' lang='lat' dir='ltr'><strong>pro</strong></span> 
     </span>
    </p>
   </div>
   <div class='ocr_carea' id='block_1_4' title="bbox 304 499 844 572">
    <p class='ocr_par' dir='ltr' id='par_1_4' title="bbox 304 499 844 572">
     <span class='ocr_line' id='line_1_4' title="bbox 304 499 844 572; baseline 0 -18"><span class='ocrx_word' id='word_1_16' title='bbox 304 504 597 572; x_wconf 81' lang='lat' dir='ltr'><strong>voluptate</strong></span> <span class='ocrx_word' id='word_1_17' title='bbox 629 499 844 554; x_wconf 72' lang='lat' dir='ltr'><strong>saeculi.</strong></span> 
     </span>
    </p>
   </div>
   <div class='ocr_carea' id='block_1_5' title="bbox 371 584 2002 656">
    <p class='ocr_par' dir='ltr' id='par_1_5' title="bbox 371 584 2002 656">
     <span class='ocr_line' id='line_1_5' title="bbox 371 584 2002 656; baseline -0.004 -11"><span class='ocrx_word' id='word_1_18' title='bbox 371 592 532 646; x_wconf 77' lang='lat' dir='ltr'><strong>Vsus.</strong></span> <span class='ocrx_word' id='word_1_19' title='bbox 565 592 839 644; x_wconf 74' lang='lat' dir='ltr'><strong>l3-18.-</strong></span> <span class='ocrx_word' id='word_1_20' title='bbox 876 589 947 643; x_wconf 85' lang='lat' dir='ltr'><strong>Et</strong></span> <span class='ocrx_word' id='word_1_21' title='bbox 1002 586 1245 642; x_wconf 67' lang='lat' dir='ltr'><strong>ert-tendit</strong></span> <span class='ocrx_word' id='word_1_22' title='bbox 1293 587 1464 641; x_wconf 84' lang='lat' dir='ltr'><em>Moses</em></span> <span class='ocrx_word' id='word_1_23' title='bbox 1520 587 1756 652; x_wconf 82' lang='lat' dir='ltr'><strong>virgam.</strong></span> <span class='ocrx_word' id='word_1_24' title='bbox 1816 584 2002 656; x_wconf 69' lang='grc' dir='ltr'><strong>(ΕΑΒ.)</strong></span> 
     </span>
    </p>
   </div>
   <div class='ocr_carea' id='block_1_6' title="bbox 299 673 2006 748">
    <p class='ocr_par' dir='ltr' id='par_1_6' title="bbox 299 673 2006 748">
     <span class='ocr_line' id='line_1_6' title="bbox 299 673 2006 748; baseline -0.004 -13"><span class='ocrx_word' id='word_1_25' title='bbox 299 680 572 745; x_wconf 73' lang='lat' dir='ltr'><strong>Quaedam</strong></span> <span class='ocrx_word' id='word_1_26' title='bbox 636 677 901 748; x_wconf 86' lang='lat' dir='ltr'><strong>prodigia</strong></span> <span class='ocrx_word' id='word_1_27' title='bbox 975 677 1122 730; x_wconf 91' lang='lat' dir='ltr'><strong>ﬁunt</strong></span> <span class='ocrx_word' id='word_1_28' title='bbox 1182 689 1284 745; x_wconf 90' lang='lat' dir='ltr'><strong>per</strong></span> <span class='ocrx_word' id='word_1_29' title='bbox 1345 675 1556 741; x_wconf 83' lang='lat' dir='ltr'><strong>Mosen,</strong></span> <span class='ocrx_word' id='word_1_30' title='bbox 1619 673 1882 744; x_wconf 75' lang='lat' dir='ltr'><strong>quaedam</strong></span> <span class='ocrx_word' id='word_1_31' title='bbox 1903 689 2006 744; x_wconf 88' lang='lat' dir='ltr'><strong>per</strong></span> 
     </span>
    </p>
   </div>
   <div class='ocr_carea' id='block_1_7' title="bbox 301 761 2009 838">
    <p class='ocr_par' dir='ltr' id='par_1_7' title="bbox 301 761 2009 838">
     <span class='ocr_line' id='line_1_7' title="bbox 301 761 2009 838; baseline -0.005 -15"><span class='ocrx_word' id='word_1_32' title='bbox 301 772 511 834; x_wconf 79' lang='lat' dir='ltr'><strong>Aaron,</strong></span> <span class='ocrx_word' id='word_1_33' title='bbox 569 765 834 838; x_wconf 67' lang='lat' dir='ltr'><strong>quedam</strong></span> <span class='ocrx_word' id='word_1_34' title='bbox 883 781 1018 818; x_wconf 91' lang='lat' dir='ltr'><strong>vero</strong></span> <span class='ocrx_word' id='word_1_35' title='bbox 1105 779 1206 834; x_wconf 90' lang='lat' dir='ltr'><strong>per</strong></span> <span class='ocrx_word' id='word_1_36' title='bbox 1262 762 1454 832; x_wconf 88' lang='lat' dir='ltr'><strong>ipsum</strong></span> <span class='ocrx_word' id='word_1_37' title='bbox 1531 761 1885 830; x_wconf 88' lang='lat' dir='ltr'><strong>Dominum;</strong></span> <span class='ocrx_word' id='word_1_38' title='bbox 1946 765 2009 815; x_wconf 90' lang='lat' dir='ltr'><strong>ut</strong></span> 
     </span>
    </p>
   </div>
   <div class='ocr_carea' id='block_1_8' title="bbox 303 850 2007 928">
    <p class='ocr_par' dir='ltr' id='par_1_8' title="bbox 303 850 2007 928">
     <span class='ocr_line' id='line_1_8' title="bbox 303 850 2007 928; baseline -0.005 -15"><span class='ocrx_word' id='word_1_39' title='bbox 303 871 710 928; x_wconf 80' lang='lat' dir='ltr'><strong>cognoscamus</strong></span> <span class='ocrx_word' id='word_1_40' title='bbox 771 854 831 908; x_wconf 92' lang='lat' dir='ltr'><strong>in</strong></span> <span class='ocrx_word' id='word_1_41' title='bbox 884 852 1226 924; x_wconf 87' lang='lat' dir='ltr'><strong>quibusdam</strong></span> <span class='ocrx_word' id='word_1_42' title='bbox 1275 867 1376 922; x_wconf 90' lang='lat' dir='ltr'><strong>per</strong></span> <span class='ocrx_word' id='word_1_43' title='bbox 1425 850 1702 905; x_wconf 86' lang='lat' dir='ltr'><strong>sacriﬁcia</strong></span> <span class='ocrx_word' id='word_1_44' title='bbox 1749 851 2007 905; x_wconf 91' lang='lat' dir='ltr'><strong>sacerdo-</strong></span> 
     </span>
    </p>
   </div>
   <div class='ocr_carea' id='block_1_9' title="bbox 304 941 2009 1012">
    <p class='ocr_par' dir='ltr' id='par_1_9' title="bbox 304 941 2009 1012">
     <span class='ocr_line' id='line_1_9' title="bbox 304 941 2009 1012; baseline -0.005 -11"><span class='ocrx_word' id='word_1_45' title='bbox 304 951 428 1002; x_wconf 87' lang='lat' dir='ltr'><strong>tum</strong></span> <span class='ocrx_word' id='word_1_46' title='bbox 453 951 509 1000; x_wconf 90' lang='lat' dir='ltr'><strong>et</strong></span> <span class='ocrx_word' id='word_1_47' title='bbox 537 943 953 999; x_wconf 82' lang='lat' dir='ltr'><strong>obsecrationes</strong></span> <span class='ocrx_word' id='word_1_48' title='bbox 977 941 1314 1012; x_wconf 87' lang='lat' dir='ltr'><strong>pontiﬁcum</strong></span> <span class='ocrx_word' id='word_1_49' title='bbox 1358 956 1462 994; x_wconf 90' lang='lat' dir='ltr'><strong>nos</strong></span> <span class='ocrx_word' id='word_1_50' title='bbox 1513 955 1632 994; x_wconf 89' lang='lat' dir='ltr'><strong>esse</strong></span> <span class='ocrx_word' id='word_1_51' title='bbox 1681 941 2009 1010; x_wconf 82' lang='lat' dir='ltr'><strong>purgandos</strong></span> 
     </span>
    </p>
   </div>
   <div class='ocr_carea' id='block_1_10' title="bbox 305 1028 2011 1106">
    <p class='ocr_par' dir='ltr' id='par_1_10' title="bbox 305 1028 2011 1106">
     <span class='ocr_line' id='line_1_10' title="bbox 305 1028 2011 1106; baseline -0.004 -18"><span class='ocrx_word' id='word_1_52' title='bbox 305 1051 446 1106; x_wconf 90' lang='lat' dir='ltr'><strong>quos</strong></span> <span class='ocrx_word' id='word_1_53' title='bbox 484 1036 672 1088; x_wconf 81' lang='lat' dir='ltr'><strong>Aaron</strong></span> <span class='ocrx_word' id='word_1_54' title='bbox 739 1045 988 1101; x_wconf 89' lang='lat' dir='ltr'><strong>persona</strong></span> <span class='ocrx_word' id='word_1_55' title='bbox 1044 1029 1358 1099; x_wconf 80' lang='lat' dir='ltr'><strong>designat:</strong></span> <span class='ocrx_word' id='word_1_56' title='bbox 1394 1029 1455 1083; x_wconf 93' lang='lat' dir='ltr'><strong>in</strong></span> <span class='ocrx_word' id='word_1_57' title='bbox 1511 1028 1852 1100; x_wconf 86' lang='lat' dir='ltr'><strong>quibusdam</strong></span> <span class='ocrx_word' id='word_1_58' title='bbox 1907 1044 2011 1098; x_wconf 89' lang='lat' dir='ltr'><strong>per</strong></span> 
     </span>
    </p>
   </div>
   <div class='ocr_carea' id='block_1_11' title="bbox 305 1111 2010 1191">
    <p class='ocr_par' dir='ltr' id='par_1_11' title="bbox 305 1111 2010 1191">
     <span class='ocr_line' id='line_1_11' title="bbox 305 1111 2010 1191; baseline -0.005 -13"><span class='ocrx_word' id='word_1_59' title='bbox 305 1122 601 1178; x_wconf 88' lang='lat' dir='ltr'><strong>scientiam</strong></span> <span class='ocrx_word' id='word_1_60' title='bbox 627 1120 768 1191; x_wconf 83' lang='lat' dir='ltr'><strong>legis</strong></span> <span class='ocrx_word' id='word_1_61' title='bbox 798 1118 1204 1183; x_wconf 88' lang='lat' dir='ltr'><strong>emendandos,</strong></span> <span class='ocrx_word' id='word_1_62' title='bbox 1263 1133 1408 1188; x_wconf 90' lang='lat' dir='ltr'><strong>quos</strong></span> <span class='ocrx_word' id='word_1_63' title='bbox 1454 1117 1593 1172; x_wconf 88' lang='lat' dir='ltr'><strong>Mosi</strong></span> <span class='ocrx_word' id='word_1_64' title='bbox 1631 1111 1896 1187; x_wconf 86' lang='lat' dir='ltr'><strong>designat</strong></span> <span class='ocrx_word' id='word_1_65' title='bbox 1926 1117 2010 1170; x_wconf 87' lang='lat' dir='ltr'><strong>of-</strong></span> 
     </span>
    </p>
   </div>
   <div class='ocr_carea' id='block_1_12' title="bbox 306 1204 2010 1276">
    <p class='ocr_par' dir='ltr' id='par_1_12' title="bbox 306 1204 2010 1276">
     <span class='ocr_line' id='line_1_12' title="bbox 306 1204 2010 1276; baseline -0.003 -11"><span class='ocrx_word' id='word_1_66' title='bbox 306 1211 523 1266; x_wconf 84' lang='lat' dir='ltr'><strong>ﬁcium.</strong></span> <span class='ocrx_word' id='word_1_67' title='bbox 557 1210 623 1264; x_wconf 85' lang='lat' dir='ltr'><strong>In</strong></span> <span class='ocrx_word' id='word_1_68' title='bbox 643 1207 1058 1264; x_wconf 81' lang='lat' dir='ltr'><strong>difﬁcilioribus</strong></span> <span class='ocrx_word' id='word_1_69' title='bbox 1087 1211 1278 1261; x_wconf 89' lang='lat' dir='ltr'><strong>autem</strong></span> <span class='ocrx_word' id='word_1_70' title='bbox 1306 1205 1487 1276; x_wconf 85' lang='lat' dir='ltr'><strong>ipsius</strong></span> <span class='ocrx_word' id='word_1_71' title='bbox 1512 1204 1744 1260; x_wconf 87' lang='lat' dir='ltr'><strong>Domini</strong></span> <span class='ocrx_word' id='word_1_72' title='bbox 1803 1205 2010 1260; x_wconf 85' lang='lat' dir='ltr'><strong>virtute</strong></span> 
     </span>
    </p>
   </div>
   <div class='ocr_carea' id='block_1_13' title="bbox 313 1315 566 1370">
    <p class='ocr_par' dir='ltr' id='par_1_13' title="bbox 313 1315 566 1370">
     <span class='ocr_line' id='line_1_13' title="bbox 313 1315 566 1370; baseline -0.004 -17"><span class='ocrx_word' id='word_1_73' title='bbox 313 1315 566 1370; x_wconf 87' lang='lat' dir='ltr'><strong>egemus.</strong></span> 
     </span>
    </p>
   </div>
   <div class='ocr_carea' id='block_1_14' title="bbox 389 1381 2010 1458">
    <p class='ocr_par' dir='ltr' id='par_1_14' title="bbox 389 1381 2010 1458">
     <span class='ocr_line' id='line_1_14' title="bbox 389 1381 2010 1458; baseline -0.003 -16"><span class='ocrx_word' id='word_1_74' title='bbox 389 1388 597 1458; x_wconf 67' lang='lat'><strong>(6336.,</strong></span> <span class='ocrx_word' id='word_1_75' title='bbox 629 1385 729 1440; x_wconf 88' lang='lat' dir='ltr'><strong>lib.</strong></span> <span class='ocrx_word' id='word_1_76' title='bbox 764 1401 913 1448; x_wconf 62' lang='grc' dir='ltr'>χχιιι,</span> <span class='ocrx_word' id='word_1_77' title='bbox 962 1383 1182 1452; x_wconf 83' lang='lat' dir='ltr'><strong>Moral.,</strong></span> <span class='ocrx_word' id='word_1_78' title='bbox 1239 1399 1361 1453; x_wconf 87' lang='lat' dir='ltr'><strong>cap.</strong></span> <span class='ocrx_word' id='word_1_79' title='bbox 1413 1385 1528 1451; x_wconf 82' lang='lat'><strong>20).</strong></span> <span class='ocrx_word' id='word_1_80' title='bbox 1603 1381 1877 1437; x_wconf 83' lang='lat' dir='ltr'><strong>Exhibitae</strong></span> <span class='ocrx_word' id='word_1_81' title='bbox 1899 1399 2010 1437; x_wconf 74' lang='lat' dir='ltr'><strong>cm-</strong></span> 
     </span>
    </p>
   </div>
   <div class='ocr_carea' id='block_1_15' title="bbox 311 1471 2011 1548">
    <p class='ocr_par' dir='ltr' id='par_1_15' title="bbox 311 1471 2011 1548">
     <span class='ocr_line' id='line_1_15' title="bbox 311 1471 2011 1548; baseline -0.004 -17"><span class='ocrx_word' id='word_1_82' title='bbox 311 1479 444 1531; x_wconf 89' lang='lat' dir='ltr'><strong>litus</strong></span> <span class='ocrx_word' id='word_1_83' title='bbox 473 1475 698 1548; x_wconf 67' lang='lat' dir='ltr'><strong>Egypti</strong></span> <span class='ocrx_word' id='word_1_84' title='bbox 720 1475 922 1546; x_wconf 66' lang='lat' dir='ltr'><strong>plagae,</strong></span> <span class='ocrx_word' id='word_1_85' title='bbox 955 1477 1085 1541; x_wconf 86' lang='lat' dir='ltr'><strong>etc.,</strong></span> <span class='ocrx_word' id='word_1_86' title='bbox 1116 1487 1284 1543; x_wconf 88' lang='lat' dir='ltr'><strong>usque</strong></span> <span class='ocrx_word' id='word_1_87' title='bbox 1322 1472 1397 1526; x_wconf 86' lang='lat' dir='ltr'><strong>ad</strong></span> <span class='ocrx_word' id='word_1_88' title='bbox 1425 1487 1557 1525; x_wconf 90' lang='lat' dir='ltr'><strong>cum</strong></span> <span class='ocrx_word' id='word_1_89' title='bbox 1612 1471 1771 1526; x_wconf 92' lang='lat' dir='ltr'><strong>vanis</strong></span> <span class='ocrx_word' id='word_1_90' title='bbox 1826 1471 2011 1526; x_wconf 89' lang='lat' dir='ltr'><strong>laudi-</strong></span> 
     </span>
    </p>
   </div>
   <div class='ocr_carea' id='block_1_16' title="bbox 907 157 3162 258">
    <p class='ocr_par' dir='ltr' id='par_1_16' title="bbox 907 157 3162 258">
     <span class='ocr_line' id='line_1_16' title="bbox 907 157 3162 258; baseline 0 -2"><span class='ocrx_word' id='word_1_91' title='bbox 907 157 1302 257; x_wconf 64' lang='lat' dir='ltr'><strong>WllLAFRIDl</strong></span> <span class='ocrx_word' id='word_1_92' title='bbox 1341 201 1590 256; x_wconf 81' lang='lat' dir='ltr'><strong>STRABI</strong></span> <span class='ocrx_word' id='word_1_93' title='bbox 1629 201 1824 258; x_wconf 85' lang='lat' dir='ltr'><strong>FULD.</strong></span> <span class='ocrx_word' id='word_1_94' title='bbox 1871 202 2030 256; x_wconf 79' lang='lat' dir='ltr'><strong>MON.</strong></span> <span class='ocrx_word' id='word_1_95' title='bbox 2086 200 2245 257; x_wconf 87' lang='lat' dir='ltr'><strong>OPP.</strong></span> <span class='ocrx_word' id='word_1_96' title='bbox 2291 201 2464 257; x_wconf 82' lang='lat' dir='ltr'><strong>PARS</strong></span> <span class='ocrx_word' id='word_1_97' title='bbox 2511 202 2554 257; x_wconf 85' lang='grc' dir='ltr'><strong>Ι.</strong></span> <span class='ocrx_word' id='word_1_98' title='bbox 2599 229 2667 240; x_wconf 87' lang='lat'><strong>—-</strong></span> <span class='ocrx_word' id='word_1_99' title='bbox 2707 199 3162 256; x_wconf 82' lang='lat' dir='ltr'><strong>THEOLOGICA.</strong></span> 
     </span>
    </p>
   </div>
   <div class='ocr_carea' id='block_1_17' title="bbox 3704 202 3812 254">
    <p class='ocr_par' dir='ltr' id='par_1_17' title="bbox 3704 202 3812 254">
     <span class='ocr_line' id='line_1_17' title="bbox 3704 202 3812 254; baseline -0.019 0"><span class='ocrx_word' id='word_1_100' title='bbox 3704 202 3812 254; x_wconf 73' lang='lat'><strong>216</strong></span> 
     </span>
    </p>
   </div>
   <div class='ocr_carea' id='block_1_18' title="bbox 2834 365 3170 435">
    <p class='ocr_par' dir='ltr' id='par_1_18' title="bbox 2834 365 3170 435">
     <span class='ocr_line' id='line_1_18' title="bbox 2834 365 3170 435; baseline 0 -15"><span class='ocrx_word' id='word_1_101' title='bbox 2834 365 3057 435; x_wconf 80' lang='lat' dir='ltr'><strong>CAPUT</strong></span> <span class='ocrx_word' id='word_1_102' title='bbox 3082 366 3170 420; x_wconf 84' lang='lat' dir='ltr'><strong>x1.</strong></span> 
     </span>
    </p>
   </div>
   <div class='ocr_carea' id='block_1_19' title="bbox 2184 498 3821 566">
    <p class='ocr_par' dir='ltr' id='par_1_19' title="bbox 2184 498 3821 566">
     <span class='ocr_line' id='line_1_19' title="bbox 2184 498 3821 566; baseline 0.001 -14"><span class='ocrx_word' id='word_1_103' title='bbox 2184 499 2347 554; x_wconf 74' lang='lat' dir='ltr'><strong>Vnus.</strong></span> <span class='ocrx_word' id='word_1_104' title='bbox 2384 501 2436 553; x_wconf 83' lang='lat'><strong>2.</strong></span> <span class='ocrx_word' id='word_1_105' title='bbox 2487 529 2554 537; x_wconf 97' lang='lat'>—</span> <span class='ocrx_word' id='word_1_106' title='bbox 2611 499 2771 553; x_wconf 97' lang='lat' dir='ltr'><strong>Dices</strong></span> <span class='ocrx_word' id='word_1_107' title='bbox 2837 512 2961 564; x_wconf 87' lang='lat' dir='ltr'><strong>ergo</strong></span> <span class='ocrx_word' id='word_1_108' title='bbox 3012 501 3158 552; x_wconf 88' lang='lat' dir='ltr'><strong>omni</strong></span> <span class='ocrx_word' id='word_1_109' title='bbox 3201 498 3370 566; x_wconf 82' lang='lat' dir='ltr'><strong>plebi,</strong></span> <span class='ocrx_word' id='word_1_110' title='bbox 3455 501 3560 552; x_wconf 89' lang='lat' dir='ltr'><strong>etc.</strong></span> <span class='ocrx_word' id='word_1_111' title='bbox 3647 502 3821 566; x_wconf 77' lang='lat' dir='ltr'><strong>AUG.,</strong></span> 
     </span>
    </p>
   </div>
   <div class='ocr_carea' id='block_1_20' title="bbox 2114 586 3825 658">
    <p class='ocr_par' dir='ltr' id='par_1_20' title="bbox 2114 586 3825 658">
     <span class='ocr_line' id='line_1_20' title="bbox 2114 586 3825 658; baseline -0.001 -16"><span class='ocrx_word' id='word_1_112' title='bbox 2114 591 2308 658; x_wconf 64' lang='lat' dir='ltr'><strong>quaest.</strong></span> <span class='ocrx_word' id='word_1_113' title='bbox 2338 589 2406 641; x_wconf 78' lang='grc'><strong>94</strong></span> <span class='ocrx_word' id='word_1_114' title='bbox 2439 588 2498 641; x_wconf 87' lang='lat' dir='ltr'><strong>in</strong></span> <span class='ocrx_word' id='word_1_115' title='bbox 2528 587 2736 653; x_wconf 60' lang='lat' dir='ltr'><strong>Exod,</strong></span> <span class='ocrx_word' id='word_1_116' title='bbox 2795 591 2935 641; x_wconf 88' lang='lat' dir='ltr'><strong>tom.</strong></span> <span class='ocrx_word' id='word_1_117' title='bbox 2981 588 3107 656; x_wconf 82' lang='lat' dir='ltr'><strong>Ill.)</strong></span> <span class='ocrx_word' id='word_1_118' title='bbox 3144 589 3264 641; x_wconf 88' lang='lat' dir='ltr'><strong>Non</strong></span> <span class='ocrx_word' id='word_1_119' title='bbox 3286 587 3454 640; x_wconf 87' lang='lat' dir='ltr'><strong>debet</strong></span> <span class='ocrx_word' id='word_1_120' title='bbox 3487 586 3619 640; x_wconf 84' lang='lat' dir='ltr'><strong>hinc</strong></span> <span class='ocrx_word' id='word_1_121' title='bbox 3667 586 3825 657; x_wconf 85' lang='lat' dir='ltr'><strong>quis-</strong></span> 
     </span>
    </p>
   </div>
   <div class='ocr_carea' id='block_1_21' title="bbox 2114 674 3824 747">
    <p class='ocr_par' dir='ltr' id='par_1_21' title="bbox 2114 674 3824 747">
     <span class='ocr_line' id='line_1_21' title="bbox 2114 674 3824 747; baseline 0 -19"><span class='ocrx_word' id='word_1_122' title='bbox 2114 692 2226 747; x_wconf 91' lang='lat' dir='ltr'><strong>que</strong></span> <span class='ocrx_word' id='word_1_123' title='bbox 2255 677 2579 746; x_wconf 86' lang='lat' dir='ltr'><strong>exemplum</strong></span> <span class='ocrx_word' id='word_1_124' title='bbox 2637 690 2880 741; x_wconf 69' lang='lat' dir='ltr'><strong>sumere,</strong></span> <span class='ocrx_word' id='word_1_125' title='bbox 2927 679 3061 740; x_wconf 89' lang='lat' dir='ltr'><strong>etc.,</strong></span> <span class='ocrx_word' id='word_1_126' title='bbox 3115 689 3288 744; x_wconf 88' lang='lat' dir='ltr'><strong>usque</strong></span> <span class='ocrx_word' id='word_1_127' title='bbox 3344 674 3423 730; x_wconf 85' lang='lat' dir='ltr'><strong>ad</strong></span> <span class='ocrx_word' id='word_1_128' title='bbox 3459 677 3522 727; x_wconf 93' lang='lat' dir='ltr'><strong>ut</strong></span> <span class='ocrx_word' id='word_1_129' title='bbox 3567 689 3674 728; x_wconf 92' lang='lat' dir='ltr'><strong>nec</strong></span> <span class='ocrx_word' id='word_1_130' title='bbox 3714 674 3824 729; x_wconf 91' lang='lat' dir='ltr'><strong>isto</strong></span> 
     </span>
    </p>
   </div>
   <div class='ocr_carea' id='block_1_22' title="bbox 2113 763 3821 834">
    <p class='ocr_par' dir='ltr' id='par_1_22' title="bbox 2113 763 3821 834">
     <span class='ocr_line' id='line_1_22' title="bbox 2113 763 3821 834; baseline -0.002 -15"><span class='ocrx_word' id='word_1_131' title='bbox 2113 765 2323 819; x_wconf 90' lang='lat' dir='ltr'><strong>damno</strong></span> <span class='ocrx_word' id='word_1_132' title='bbox 2376 763 2703 831; x_wconf 81' lang='lat' dir='ltr'><strong>ferirentur,</strong></span> <span class='ocrx_word' id='word_1_133' title='bbox 2749 764 2848 834; x_wconf 69' lang='lat' dir='ltr'><strong>qii</strong></span> <span class='ocrx_word' id='word_1_134' title='bbox 2931 763 3061 818; x_wconf 89' lang='lat' dir='ltr'><strong>aliis</strong></span> <span class='ocrx_word' id='word_1_135' title='bbox 3125 764 3306 834; x_wconf 89' lang='lat' dir='ltr'><strong>plagis</strong></span> <span class='ocrx_word' id='word_1_136' title='bbox 3390 763 3645 832; x_wconf 88' lang='lat' dir='ltr'><strong>percussi</strong></span> <span class='ocrx_word' id='word_1_137' title='bbox 3704 780 3821 817; x_wconf 89' lang='lat' dir='ltr'><strong>non</strong></span> 
     </span>
    </p>
   </div>
   <div class='ocr_carea' id='block_1_23' title="bbox 2121 857 2304 908">
    <p class='ocr_par' dir='ltr' id='par_1_23' title="bbox 2121 857 2304 908">
     <span class='ocr_line' id='line_1_23' title="bbox 2121 857 2304 908; baseline -0.011 0"><span class='ocrx_word' id='word_1_138' title='bbox 2121 857 2304 908; x_wconf 88' lang='lat' dir='ltr'><strong>erant.</strong></span> 
     </span>
    </p>
   </div>
   <div class='ocr_carea' id='block_1_24' title="bbox 2191 938 3824 1010">
    <p class='ocr_par' dir='ltr' id='par_1_24' title="bbox 2191 938 3824 1010">
     <span class='ocr_line' id='line_1_24' title="bbox 2191 938 3824 1010; baseline -0.001 -16"><span class='ocrx_word' id='word_1_139' title='bbox 2191 942 2257 994; x_wconf 88' lang='lat' dir='ltr'><strong>Ut</strong></span> <span class='ocrx_word' id='word_1_140' title='bbox 2310 939 2542 1008; x_wconf 77' lang='lat' dir='ltr'><strong>postulet</strong></span> <span class='ocrx_word' id='word_1_141' title='bbox 2592 941 2696 1005; x_wconf 88' lang='lat' dir='ltr'><strong>vir,</strong></span> <span class='ocrx_word' id='word_1_142' title='bbox 2761 943 2869 993; x_wconf 90' lang='lat' dir='ltr'><strong>etc.</strong></span> <span class='ocrx_word' id='word_1_143' title='bbox 2948 938 3181 1010; x_wconf 77' lang='lat' dir='ltr'><strong>(Gaac.,-</strong></span> <span class='ocrx_word' id='word_1_144' title='bbox 3229 939 3330 994; x_wconf 92' lang='lat' dir='ltr'><strong>lib.</strong></span> <span class='ocrx_word' id='word_1_145' title='bbox 3397 941 3824 1004; x_wconf 84' lang='lat' dir='ltr'><strong>xxvaoral.,</strong></span> 
     </span>
    </p>
   </div>
   <div class='ocr_carea' id='block_1_25' title="bbox 2117 1027 3826 1099">
    <p class='ocr_par' dir='ltr' id='par_1_25' title="bbox 2117 1027 3826 1099">
     <span class='ocr_line' id='line_1_25' title="bbox 2117 1027 3826 1099; baseline -0.001 -17"><span class='ocrx_word' id='word_1_146' title='bbox 2117 1045 2244 1099; x_wconf 87' lang='lat' dir='ltr'><strong>cap.</strong></span> <span class='ocrx_word' id='word_1_147' title='bbox 2286 1033 2389 1092; x_wconf 87' lang='grc'><strong>17.)</strong></span> <span class='ocrx_word' id='word_1_148' title='bbox 2425 1029 2635 1083; x_wconf 83' lang='lat' dir='ltr'><strong>Meutes</strong></span> <span class='ocrx_word' id='word_1_149' title='bbox 2667 1027 2794 1082; x_wconf 89' lang='lat' dir='ltr'><strong>usui</strong></span> <span class='ocrx_word' id='word_1_150' title='bbox 2826 1027 2954 1082; x_wconf 68' lang='lat' dir='ltr'><strong>vitae</strong></span> <span class='ocrx_word' id='word_1_151' title='bbox 2985 1028 3227 1082; x_wconf 88' lang='lat' dir='ltr'><strong>carnalis</strong></span> <span class='ocrx_word' id='word_1_152' title='bbox 3265 1027 3641 1094; x_wconf 78' lang='lat' dir='ltr'><strong>inhaerentes,</strong></span> <span class='ocrx_word' id='word_1_153' title='bbox 3693 1033 3826 1092; x_wconf 89' lang='lat' dir='ltr'><strong>etc.,</strong></span> 
     </span>
    </p>
   </div>
   <div class='ocr_carea' id='block_1_26' title="bbox 2115 1116 3536 1188">
    <p class='ocr_par' dir='ltr' id='par_1_26' title="bbox 2115 1116 3536 1188">
     <span class='ocr_line' id='line_1_26' title="bbox 2115 1116 3536 1188; baseline -0.001 -16"><span class='ocrx_word' id='word_1_154' title='bbox 2115 1131 2285 1186; x_wconf 86' lang='lat' dir='ltr'><strong>usque</strong></span> <span class='ocrx_word' id='word_1_155' title='bbox 2314 1117 2388 1171; x_wconf 87' lang='lat' dir='ltr'><strong>ad</strong></span> <span class='ocrx_word' id='word_1_156' title='bbox 2427 1117 2612 1187; x_wconf 87' lang='lat' dir='ltr'><strong>major</strong></span> <span class='ocrx_word' id='word_1_157' title='bbox 2633 1116 2906 1171; x_wconf 82' lang='lat' dir='ltr'><strong>fortitudo</strong></span> <span class='ocrx_word' id='word_1_158' title='bbox 2937 1117 3170 1188; x_wconf 86' lang='lat' dir='ltr'><strong>spiritus</strong></span> <span class='ocrx_word' id='word_1_159' title='bbox 3219 1116 3536 1171; x_wconf 85' lang='lat' dir='ltr'><strong>nuntiatur.</strong></span> 
     </span>
    </p>
   </div>
   <div class='ocr_carea' id='block_1_27' title="bbox 2193 1205 3826 1274">
    <p class='ocr_par' dir='ltr' id='par_1_27' title="bbox 2193 1205 3826 1274">
     <span class='ocr_line' id='line_1_27' title="bbox 2193 1205 3826 1274; baseline -0.001 -14"><span class='ocrx_word' id='word_1_160' title='bbox 2193 1207 2354 1260; x_wconf 78' lang='lat' dir='ltr'><strong>Vens.</strong></span> <span class='ocrx_word' id='word_1_161' title='bbox 2388 1206 2497 1272; x_wconf 65' lang='lat'><strong>3,4.</strong></span> <span class='ocrx_word' id='word_1_162' title='bbox 2535 1234 2605 1246; x_wconf 91' lang='lat'><strong>—</strong></span> <span class='ocrx_word' id='word_1_163' title='bbox 2648 1205 2812 1260; x_wconf 83' lang='lat' dir='ltr'><strong>Dabit</strong></span> <span class='ocrx_word' id='word_1_164' title='bbox 2887 1210 3066 1260; x_wconf 88' lang='lat' dir='ltr'><strong>autem</strong></span> <span class='ocrx_word' id='word_1_165' title='bbox 3143 1209 3400 1261; x_wconf 80' lang='lat' dir='ltr'><strong>Dominus</strong></span> <span class='ocrx_word' id='word_1_166' title='bbox 3457 1208 3701 1272; x_wconf 80' lang='lat' dir='ltr'><strong>gratiam</strong></span> <span class='ocrx_word' id='word_1_167' title='bbox 3723 1221 3826 1274; x_wconf 82' lang='lat' dir='ltr'><strong>po-</strong></span> 
     </span>
    </p>
   </div>
   <div class='ocr_carea' id='block_1_28' title="bbox 2117 1294 3834 1364">
    <p class='ocr_par' dir='ltr' id='par_1_28' title="bbox 2117 1294 3834 1364">
     <span class='ocr_line' id='line_1_28' title="bbox 2117 1294 3834 1364; baseline -0.001 -15"><span class='ocrx_word' id='word_1_168' title='bbox 2117 1296 2246 1364; x_wconf 87' lang='lat' dir='ltr'><strong>pulo</strong></span> <span class='ocrx_word' id='word_1_169' title='bbox 2273 1309 2368 1348; x_wconf 89' lang='lat' dir='ltr'><strong>suo</strong></span> <span class='ocrx_word' id='word_1_170' title='bbox 2389 1309 2568 1348; x_wconf 90' lang='lat' dir='ltr'><strong>coram</strong></span> <span class='ocrx_word' id='word_1_171' title='bbox 2590 1294 2902 1362; x_wconf 71' lang='lat' dir='ltr'><strong>Egyptiis,</strong></span> <span class='ocrx_word' id='word_1_172' title='bbox 2936 1299 3040 1348; x_wconf 88' lang='lat' dir='ltr'><strong>etc.</strong></span> <span class='ocrx_word' id='word_1_173' title='bbox 3075 1294 3183 1358; x_wconf 88' lang='lat' dir='ltr'><strong>Qui</strong></span> <span class='ocrx_word' id='word_1_174' title='bbox 3214 1295 3428 1348; x_wconf 89' lang='lat' dir='ltr'><strong>scilicet</strong></span> <span class='ocrx_word' id='word_1_175' title='bbox 3493 1294 3834 1348; x_wconf 86' lang='lat' dir='ltr'><strong>habitabant</strong></span> 
     </span>
    </p>
   </div>
   <div class='ocr_carea' id='block_1_29' title="bbox 2119 1382 3829 1455">
    <p class='ocr_par' dir='ltr' id='par_1_29' title="bbox 2119 1382 3829 1455">
     <span class='ocr_line' id='line_1_29' title="bbox 2119 1382 3829 1455; baseline -0.001 -17"><span class='ocrx_word' id='word_1_176' title='bbox 2119 1399 2250 1438; x_wconf 91' lang='lat' dir='ltr'><strong>cum</strong></span> <span class='ocrx_word' id='word_1_177' title='bbox 2284 1382 2533 1438; x_wconf 80' lang='lat' dir='ltr'><strong>Hebraeis</strong></span> <span class='ocrx_word' id='word_1_178' title='bbox 2564 1382 2624 1436; x_wconf 92' lang='lat' dir='ltr'><strong>in</strong></span> <span class='ocrx_word' id='word_1_179' title='bbox 2642 1387 2794 1437; x_wconf 87' lang='lat' dir='ltr'><strong>terra</strong></span> <span class='ocrx_word' id='word_1_180' title='bbox 2813 1383 3042 1450; x_wconf 86' lang='lat' dir='ltr'><strong>Gessen,</strong></span> <span class='ocrx_word' id='word_1_181' title='bbox 3066 1387 3123 1438; x_wconf 90' lang='lat' dir='ltr'><strong>et</strong></span> <span class='ocrx_word' id='word_1_182' title='bbox 3143 1400 3247 1454; x_wconf 90' lang='lat' dir='ltr'><strong>pro</strong></span> <span class='ocrx_word' id='word_1_183' title='bbox 3269 1383 3408 1455; x_wconf 88' lang='lat' dir='ltr'><strong>ipsis</strong></span> <span class='ocrx_word' id='word_1_184' title='bbox 3457 1399 3662 1438; x_wconf 90' lang='lat' dir='ltr'><strong>novem</strong></span> <span class='ocrx_word' id='word_1_185' title='bbox 3703 1385 3829 1452; x_wconf 87' lang='lat' dir='ltr'><strong>pla-</strong></span> 
     </span>
    </p>
   </div>
   <div class='ocr_carea' id='block_1_30' title="bbox 2122 1472 3835 1545">
    <p class='ocr_par' dir='ltr' id='par_1_30' title="bbox 2122 1472 3835 1545">
     <span class='ocr_line' id='line_1_30' title="bbox 2122 1472 3835 1545; baseline -0.002 -19"><span class='ocrx_word' id='word_1_186' title='bbox 2122 1473 2210 1545; x_wconf 91' lang='lat' dir='ltr'><strong>gis</strong></span> <span class='ocrx_word' id='word_1_187' title='bbox 2232 1472 2352 1527; x_wconf 69' lang='lat' dir='ltr'><strong>laesi</strong></span> <span class='ocrx_word' id='word_1_188' title='bbox 2379 1488 2497 1526; x_wconf 91' lang='lat' dir='ltr'><strong>non</strong></span> <span class='ocrx_word' id='word_1_189' title='bbox 2529 1477 2716 1538; x_wconf 89' lang='lat' dir='ltr'><strong>erant,</strong></span> <span class='ocrx_word' id='word_1_190' title='bbox 2768 1472 3009 1543; x_wconf 88' lang='lat' dir='ltr'><strong>ideoque</strong></span> <span class='ocrx_word' id='word_1_191' title='bbox 3057 1489 3154 1526; x_wconf 84' lang='lat' dir='ltr'><strong>eos</strong></span> <span class='ocrx_word' id='word_1_192' title='bbox 3205 1473 3569 1543; x_wconf 83' lang='lat' dir='ltr'><strong>diligebant:</strong></span> <span class='ocrx_word' id='word_1_193' title='bbox 3613 1472 3835 1526; x_wconf 88' lang='lat' dir='ltr'><strong>decima</strong></span> 
     </span>
    </p>
   </div>
   <div class='ocr_carea' id='block_1_31' title="bbox 319 1559 3841 1666">
    <p class='ocr_par' dir='ltr' id='par_1_31' title="bbox 319 1559 3841 1666">
     <span class='ocr_line' id='line_1_31' title="bbox 319 1559 3841 1666; baseline -0.002 -47"><span class='ocrx_word' id='word_1_194' title='bbox 319 1565 426 1620; x_wconf 89' lang='lat' dir='ltr'><strong>bus</strong></span> <span class='ocrx_word' id='word_1_195' title='bbox 456 1563 841 1635; x_wconf 89' lang='lat' dir='ltr'><strong>quorumdam</strong></span> <span class='ocrx_word' id='word_1_196' title='bbox 866 1561 987 1632; x_wconf 90' lang='lat' dir='ltr'><strong>jam</strong></span> <span class='ocrx_word' id='word_1_197' title='bbox 1044 1560 1210 1632; x_wconf 88' lang='lat' dir='ltr'><strong>quasi</strong></span> <span class='ocrx_word' id='word_1_198' title='bbox 1239 1559 1475 1614; x_wconf 83' lang='lat' dir='ltr'><strong>fortium</strong></span> <span class='ocrx_word' id='word_1_199' title='bbox 1507 1575 1680 1630; x_wconf 87' lang='lat' dir='ltr'><strong>Opera</strong></span> <span class='ocrx_word' id='word_1_200' title='bbox 1719 1563 2010 1616; x_wconf 85' lang='lat' dir='ltr'><strong>enervant.</strong></span> <span class='ocrx_word' id='word_1_201' title='bbox 2043 1611 2085 1666; x_wconf 76' lang='grc' dir='ltr'>Β</span> <span class='ocrx_word' id='word_1_202' title='bbox 2122 1562 2294 1632; x_wconf 87' lang='lat' dir='ltr'><strong>plaga</strong></span> <span class='ocrx_word' id='word_1_203' title='bbox 2324 1559 2520 1614; x_wconf 78' lang='lat' dir='ltr'><strong>afﬂicti</strong></span> <span class='ocrx_word' id='word_1_204' title='bbox 2547 1564 2698 1627; x_wconf 89' lang='lat' dir='ltr'><strong>sunt,</strong></span> <span class='ocrx_word' id='word_1_205' title='bbox 2754 1576 2886 1615; x_wconf 92' lang='lat' dir='ltr'><strong>cum</strong></span> <span class='ocrx_word' id='word_1_206' title='bbox 2941 1559 3333 1616; x_wconf 89' lang='lat' dir='ltr'><strong>discessissent</strong></span> <span class='ocrx_word' id='word_1_207' title='bbox 3391 1560 3615 1614; x_wconf 68' lang='lat' dir='ltr'><strong>Hebraei</strong></span> <span class='ocrx_word' id='word_1_208' title='bbox 3664 1559 3737 1614; x_wconf 92' lang='lat' dir='ltr'><strong>ab</strong></span> <span class='ocrx_word' id='word_1_209' title='bbox 3757 1559 3841 1612; x_wconf 89' lang='lat' dir='ltr'><strong>eis</strong></span> 
     </span>
     <span class='ocr_line' id='line_1_32' title="bbox 379 1647 3806 1666; baseline -0.002 4"><span class='ocrx_word' id='word_1_210' title='bbox 379 1653 421 1666; x_wconf 76' lang='grc' dir='ltr'><strong><em>υ</em></strong></span> <span class='ocrx_word' id='word_1_211' title='bbox 584 1653 639 1666; x_wconf 69' lang='grc' dir='ltr'><strong>,η</strong></span> <span class='ocrx_word' id='word_1_212' title='bbox 692 1653 759 1666; x_wconf 61' lang='grc' dir='ltr'><strong>οη</strong></span> <span class='ocrx_word' id='word_1_213' title='bbox 918 1650 1019 1666; x_wconf 61' lang='lat'><em>“777</em></span> <span class='ocrx_word' id='word_1_214' title='bbox 1466 1663 1571 1666; x_wconf 52' lang='grc' dir='ltr'><strong>-.μ</strong></span> <span class='ocrx_word' id='word_1_215' title='bbox 2196 1650 2240 1666; x_wconf 74' lang='grc' dir='ltr'><strong><em>υ</em></strong></span> <span class='ocrx_word' id='word_1_216' title='bbox 2284 1665 2297 1666; x_wconf 53' lang='lat'><strong>7</strong></span> <span class='ocrx_word' id='word_1_217' title='bbox 2398 1652 2425 1666; x_wconf 88' lang='lat'><strong>..</strong></span> <span class='ocrx_word' id='word_1_218' title='bbox 2459 1651 2485 1666; x_wconf 69' lang='grc' dir='ltr'>η</span> <span class='ocrx_word' id='word_1_219' title='bbox 2742 1649 2806 1666; x_wconf 73' lang='grc' dir='ltr'><strong>η.</strong></span> <span class='ocrx_word' id='word_1_220' title='bbox 2895 1665 2899 1666; x_wconf 79' lang='lat'><strong>7</strong></span> <span class='ocrx_word' id='word_1_221' title='bbox 2942 1665 2948 1666; x_wconf 85' lang='lat'><strong>7</strong></span> <span class='ocrx_word' id='word_1_222' title='bbox 3001 1651 3060 1666; x_wconf 82' lang='lat'><strong>..</strong></span> <span class='ocrx_word' id='word_1_223' title='bbox 3106 1665 3111 1666; x_wconf 79' lang='lat'><strong>7</strong></span> <span class='ocrx_word' id='word_1_224' title='bbox 3206 1665 3209 1666; x_wconf 79' lang='lat'><strong>7</strong></span> <span class='ocrx_word' id='word_1_225' title='bbox 3286 1665 3289 1666; x_wconf 79' lang='lat'><strong>7</strong></span> <span class='ocrx_word' id='word_1_226' title='bbox 3334 1665 3337 1666; x_wconf 79' lang='lat'><strong>7</strong></span> <span class='ocrx_word' id='word_1_227' title='bbox 3478 1652 3516 1666; x_wconf 79' lang='lat'><em>.7</em></span> 
     </span>
    </p>
   </div>
   <div class='ocr_carea' id='block_1_32' title="bbox 379 1647 2009 1718">
    <p class='ocr_par' dir='ltr' id='par_1_32' title="bbox 379 1647 2009 1718">
     <span class='ocr_line' id='line_1_33' title="bbox 379 1647 2009 1718; baseline -0.002 -14"><span class='ocrx_word' id='word_1_228' title='bbox 379 1653 538 1706; x_wconf 75' lang='lat' dir='ltr'><strong>Vsus.</strong></span> <span class='ocrx_word' id='word_1_229' title='bbox 579 1653 661 1718; x_wconf 89' lang='lat' dir='ltr'><strong>l9,</strong></span> <span class='ocrx_word' id='word_1_230' title='bbox 692 1653 781 1704; x_wconf 80' lang='lat'><strong>20.</strong></span> <span class='ocrx_word' id='word_1_231' title='bbox 813 1679 882 1690; x_wconf 92' lang='lat'><strong><em>—</em></strong></span> <span class='ocrx_word' id='word_1_232' title='bbox 910 1650 1028 1704; x_wconf 85' lang='lat' dir='ltr'><strong>Non</strong></span> <span class='ocrx_word' id='word_1_233' title='bbox 1055 1649 1316 1702; x_wconf 76' lang='lat' dir='ltr'><strong>remansit</strong></span> <span class='ocrx_word' id='word_1_234' title='bbox 1354 1662 1418 1700; x_wconf 90' lang='lat' dir='ltr'><strong>ne</strong></span> <span class='ocrx_word' id='word_1_235' title='bbox 1464 1663 1575 1701; x_wconf 87' lang='lat' dir='ltr'><strong>una</strong></span> <span class='ocrx_word' id='word_1_236' title='bbox 1632 1647 1870 1717; x_wconf 82' lang='lat' dir='ltr'><strong>quidem,</strong></span> <span class='ocrx_word' id='word_1_237' title='bbox 1903 1651 2009 1701; x_wconf 90' lang='lat' dir='ltr'><strong>etc.</strong></span> 
     </span>
    </p>
   </div>
   <div class='ocr_carea' id='block_1_33' title="bbox 315 1734 2014 1811">
    <p class='ocr_par' dir='ltr' id='par_1_33' title="bbox 315 1734 2014 1811">
     <span class='ocr_line' id='line_1_34' title="bbox 315 1734 2014 1811; baseline -0.004 -16"><span class='ocrx_word' id='word_1_238' title='bbox 315 1743 504 1811; x_wconf 84' lang='lat' dir='ltr'><strong>(Aue.)</strong></span> <span class='ocrx_word' id='word_1_239' title='bbox 553 1738 900 1794; x_wconf 84' lang='lat' dir='ltr'><strong>Beneﬁcium</strong></span> <span class='ocrx_word' id='word_1_240' title='bbox 986 1741 1138 1791; x_wconf 89' lang='lat' dir='ltr'><strong>certe</strong></span> <span class='ocrx_word' id='word_1_241' title='bbox 1186 1734 1289 1790; x_wconf 89' lang='lat' dir='ltr'><strong>Dei</strong></span> <span class='ocrx_word' id='word_1_242' title='bbox 1341 1735 1815 1789; x_wconf 86' lang='lat' dir='ltr'><strong>commemoravit</strong></span> <span class='ocrx_word' id='word_1_243' title='bbox 1867 1734 2014 1790; x_wconf 90' lang='lat' dir='ltr'><strong>Scri-</strong></span> 
     </span>
    </p>
   </div>
   <div class='ocr_carea' id='block_1_34' title="bbox 312 1822 2021 1900">
    <p class='ocr_par' dir='ltr' id='par_1_34' title="bbox 312 1822 2021 1900">
     <span class='ocr_line' id='line_1_35' title="bbox 312 1822 2021 1900; baseline -0.005 -16"><span class='ocrx_word' id='word_1_244' title='bbox 312 1834 503 1900; x_wconf 91' lang='lat' dir='ltr'><strong>ptura,</strong></span> <span class='ocrx_word' id='word_1_245' title='bbox 539 1827 691 1899; x_wconf 91' lang='lat' dir='ltr'><strong>quod</strong></span> <span class='ocrx_word' id='word_1_246' title='bbox 720 1825 953 1880; x_wconf 87' lang='lat' dir='ltr'><strong>abstulit</strong></span> <span class='ocrx_word' id='word_1_247' title='bbox 1005 1825 1271 1885; x_wconf 86' lang='lat' dir='ltr'><strong>locustas,</strong></span> <span class='ocrx_word' id='word_1_248' title='bbox 1296 1828 1352 1878; x_wconf 90' lang='lat' dir='ltr'><strong>et</strong></span> <span class='ocrx_word' id='word_1_249' title='bbox 1408 1827 1712 1894; x_wconf 89' lang='lat' dir='ltr'><strong>prosecuta</strong></span> <span class='ocrx_word' id='word_1_250' title='bbox 1751 1822 1892 1878; x_wconf 82' lang='lat' dir='ltr'><strong>dixit</strong></span> <span class='ocrx_word' id='word_1_251' title='bbox 1924 1822 2021 1877; x_wconf 92' lang='lat' dir='ltr'><strong>in-</strong></span> 
     </span>
    </p>
   </div>
   <div class='ocr_carea' id='block_1_35' title="bbox 316 1911 2023 1978">
    <p class='ocr_par' dir='ltr' id='par_1_35' title="bbox 316 1911 2023 1978">
     <span class='ocr_line' id='line_1_36' title="bbox 316 1911 2023 1978; baseline -0.004 -5"><span class='ocrx_word' id='word_1_252' title='bbox 316 1919 548 1974; x_wconf 89' lang='lat' dir='ltr'><strong>durasse</strong></span> <span class='ocrx_word' id='word_1_253' title='bbox 577 1915 883 1971; x_wconf 89' lang='lat' dir='ltr'><strong>Dominum</strong></span> <span class='ocrx_word' id='word_1_254' title='bbox 931 1930 1030 1968; x_wconf 91' lang='lat' dir='ltr'><strong>cor</strong></span> <span class='ocrx_word' id='word_1_255' title='bbox 1089 1911 1417 1978; x_wconf 87' lang='lat' dir='ltr'><strong>Pharaonis,</strong></span> <span class='ocrx_word' id='word_1_256' title='bbox 1476 1912 1752 1966; x_wconf 88' lang='lat' dir='ltr'><strong>benelicio</strong></span> <span class='ocrx_word' id='word_1_257' title='bbox 1809 1911 2023 1966; x_wconf 88' lang='lat' dir='ltr'><strong>scilicet</strong></span> 
     </span>
    </p>
   </div>
   <div class='ocr_carea' id='block_1_36' title="bbox 317 1999 2024 2075">
    <p class='ocr_par' dir='ltr' id='par_1_36' title="bbox 317 1999 2024 2075">
     <span class='ocr_line' id='line_1_37' title="bbox 317 1999 2024 2075; baseline -0.004 -15"><span class='ocrx_word' id='word_1_258' title='bbox 317 2023 420 2066; x_wconf 88' lang='lat' dir='ltr'><strong>suo</strong></span> <span class='ocrx_word' id='word_1_259' title='bbox 449 2010 506 2059; x_wconf 89' lang='lat' dir='ltr'><strong>et</strong></span> <span class='ocrx_word' id='word_1_260' title='bbox 527 2003 823 2075; x_wconf 86' lang='lat' dir='ltr'><strong>patientia,</strong></span> <span class='ocrx_word' id='word_1_261' title='bbox 872 2019 986 2074; x_wconf 92' lang='lat' dir='ltr'><strong>qua</strong></span> <span class='ocrx_word' id='word_1_262' title='bbox 1037 2002 1131 2056; x_wconf 91' lang='lat' dir='ltr'><strong>ille</strong></span> <span class='ocrx_word' id='word_1_263' title='bbox 1187 2001 1362 2055; x_wconf 88' lang='lat' dir='ltr'><strong>ﬁebat</strong></span> <span class='ocrx_word' id='word_1_264' title='bbox 1415 1999 1758 2055; x_wconf 88' lang='lat' dir='ltr'><strong>obstinatior</strong></span> <span class='ocrx_word' id='word_1_265' title='bbox 1811 2001 1947 2056; x_wconf 93' lang='lat' dir='ltr'><strong>dum</strong></span> <span class='ocrx_word' id='word_1_266' title='bbox 1971 2000 2024 2054; x_wconf 90' lang='lat' dir='ltr'><strong>ei</strong></span> 
     </span>
    </p>
   </div>
   <div class='ocr_carea' id='block_1_37' title="bbox 319 2089 2027 2166">
    <p class='ocr_par' dir='ltr' id='par_1_37' title="bbox 319 2089 2027 2166">
     <span class='ocr_line' id='line_1_38' title="bbox 319 2089 2027 2166; baseline -0.003 -18"><span class='ocrx_word' id='word_1_267' title='bbox 319 2099 649 2166; x_wconf 87' lang='lat' dir='ltr'><strong>parceretur</strong></span> <span class='ocrx_word' id='word_1_268' title='bbox 682 2109 694 2146; x_wconf 92' lang='lat'><strong>:</strong></span> <span class='ocrx_word' id='word_1_269' title='bbox 757 2092 902 2146; x_wconf 89' lang='lat' dir='ltr'><strong>sicut</strong></span> <span class='ocrx_word' id='word_1_270' title='bbox 937 2091 1134 2145; x_wconf 89' lang='lat' dir='ltr'><strong>omnia</strong></span> <span class='ocrx_word' id='word_1_271' title='bbox 1190 2090 1340 2144; x_wconf 90' lang='lat' dir='ltr'><strong>mala</strong></span> <span class='ocrx_word' id='word_1_272' title='bbox 1378 2090 1549 2145; x_wconf 89' lang='lat' dir='ltr'><strong>corda</strong></span> <span class='ocrx_word' id='word_1_273' title='bbox 1599 2089 1902 2144; x_wconf 86' lang='lat' dir='ltr'><strong>hominum</strong></span> <span class='ocrx_word' id='word_1_274' title='bbox 1936 2107 2027 2161; x_wconf 88' lang='lat' dir='ltr'><strong>pa-</strong></span> 
     </span>
    </p>
   </div>
   <div class='ocr_carea' id='block_1_38' title="bbox 321 2179 1466 2238">
    <p class='ocr_par' dir='ltr' id='par_1_38' title="bbox 321 2179 1466 2238">
     <span class='ocr_line' id='line_1_39' title="bbox 321 2179 1466 2238; baseline -0.005 0"><span class='ocrx_word' id='word_1_275' title='bbox 321 2182 524 2238; x_wconf 86' lang='lat' dir='ltr'><strong>tientia</strong></span> <span class='ocrx_word' id='word_1_276' title='bbox 554 2182 652 2237; x_wconf 90' lang='lat' dir='ltr'><strong>Dei</strong></span> <span class='ocrx_word' id='word_1_277' title='bbox 686 2182 832 2235; x_wconf 90' lang='lat' dir='ltr'><strong>male</strong></span> <span class='ocrx_word' id='word_1_278' title='bbox 862 2180 1073 2235; x_wconf 90' lang='lat' dir='ltr'><strong>utendo</strong></span> <span class='ocrx_word' id='word_1_279' title='bbox 1141 2179 1466 2234; x_wconf 91' lang='lat' dir='ltr'><strong>durescunt.</strong></span> 
     </span>
    </p>
   </div>
   <div class='ocr_carea' id='block_1_39' title="bbox 281 2259 2026 2338">
    <p class='ocr_par' dir='ltr' id='par_1_39' title="bbox 281 2259 2026 2338">
     <span class='ocr_line' id='line_1_40' title="bbox 281 2259 2026 2338; baseline -0.003 -12"><span class='ocrx_word' id='word_1_280' title='bbox 281 2259 285 2268; x_wconf 35' lang='grc' dir='ltr'><strong>ί</strong></span> <span class='ocrx_word' id='word_1_281' title='bbox 391 2274 557 2326; x_wconf 78' lang='lat' dir='ltr'><strong>Vsus.</strong></span> <span class='ocrx_word' id='word_1_282' title='bbox 592 2274 679 2326; x_wconf 83' lang='lat' dir='ltr'><strong>5l.</strong></span> <span class='ocrx_word' id='word_1_283' title='bbox 711 2301 780 2310; x_wconf 94' lang='lat'><strong><em>—</em></strong></span> <span class='ocrx_word' id='word_1_284' title='bbox 839 2268 1086 2325; x_wconf 73' lang='lat' dir='ltr'><strong>Emtende</strong></span> <span class='ocrx_word' id='word_1_285' title='bbox 1128 2282 1370 2334; x_wconf 88' lang='lat' dir='ltr'><strong>manum,</strong></span> <span class='ocrx_word' id='word_1_286' title='bbox 1425 2270 1531 2320; x_wconf 91' lang='lat' dir='ltr'><strong>etc.</strong></span> <span class='ocrx_word' id='word_1_287' title='bbox 1606 2266 1784 2338; x_wconf 84' lang='lat' dir='ltr'><strong>(Aue.)</strong></span> <span class='ocrx_word' id='word_1_288' title='bbox 1839 2267 2026 2322; x_wconf 89' lang='lat' dir='ltr'><strong>Tertio</strong></span> 
     </span>
    </p>
   </div>
   <div class='ocr_carea' id='block_1_40' title="bbox 323 2355 2027 2416">
    <p class='ocr_par' dir='ltr' id='par_1_40' title="bbox 323 2355 2027 2416">
     <span class='ocr_line' id='line_1_41' title="bbox 323 2355 2027 2416; baseline -0.003 -1"><span class='ocrx_word' id='word_1_289' title='bbox 323 2361 530 2416; x_wconf 91' lang='lat' dir='ltr'><strong>dicitur</strong></span> <span class='ocrx_word' id='word_1_290' title='bbox 562 2359 632 2414; x_wconf 91' lang='lat' dir='ltr'><strong>ad</strong></span> <span class='ocrx_word' id='word_1_291' title='bbox 659 2359 881 2413; x_wconf 84' lang='lat' dir='ltr'><strong>Mosen:</strong></span> <span class='ocrx_word' id='word_1_292' title='bbox 918 2356 1172 2411; x_wconf 82' lang='lat' dir='ltr'><strong>Extende</strong></span> <span class='ocrx_word' id='word_1_293' title='bbox 1203 2371 1439 2410; x_wconf 88' lang='lat' dir='ltr'><strong>manum</strong></span> <span class='ocrx_word' id='word_1_294' title='bbox 1485 2361 1646 2410; x_wconf 89' lang='lat' dir='ltr'><strong>tuam</strong></span> <span class='ocrx_word' id='word_1_295' title='bbox 1701 2355 1764 2409; x_wconf 94' lang='lat' dir='ltr'><strong>in</strong></span> <span class='ocrx_word' id='word_1_296' title='bbox 1809 2357 2027 2410; x_wconf 83' lang='lat' dir='ltr'><strong>coelum</strong></span> 
     </span>
    </p>
   </div>
   <div class='ocr_carea' id='block_1_41' title="bbox 323 2444 2031 2517">
    <p class='ocr_par' dir='ltr' id='par_1_41' title="bbox 323 2444 2031 2517">
     <span class='ocr_line' id='line_1_42' title="bbox 323 2444 2031 2517; baseline -0.004 -12"><span class='ocrx_word' id='word_1_297' title='bbox 323 2456 390 2506; x_wconf 90' lang='lat' dir='ltr'><strong>ut</strong></span> <span class='ocrx_word' id='word_1_298' title='bbox 440 2451 603 2504; x_wconf 87' lang='lat' dir='ltr'><strong>ﬁeret</strong></span> <span class='ocrx_word' id='word_1_299' title='bbox 656 2448 827 2502; x_wconf 90' lang='lat' dir='ltr'><strong>etiam</strong></span> <span class='ocrx_word' id='word_1_300' title='bbox 880 2448 1051 2517; x_wconf 89' lang='lat' dir='ltr'><strong>plaga</strong></span> <span class='ocrx_word' id='word_1_301' title='bbox 1072 2445 1461 2499; x_wconf 87' lang='lat' dir='ltr'><strong>tenebrarum.</strong></span> <span class='ocrx_word' id='word_1_302' title='bbox 1497 2444 1803 2515; x_wconf 87' lang='lat' dir='ltr'><strong>Nunquam</strong></span> <span class='ocrx_word' id='word_1_303' title='bbox 1838 2449 2031 2499; x_wconf 90' lang='lat' dir='ltr'><strong>autem</strong></span> 
     </span>
    </p>
   </div>
   <div class='ocr_carea' id='block_1_42' title="bbox 326 2533 2026 2594">
    <p class='ocr_par' dir='ltr' id='par_1_42' title="bbox 326 2533 2026 2594">
     <span class='ocr_line' id='line_1_43' title="bbox 326 2533 2026 2594; baseline -0.004 -1"><span class='ocrx_word' id='word_1_304' title='bbox 326 2539 542 2594; x_wconf 87' lang='lat' dir='ltr'><strong>dictum</strong></span> <span class='ocrx_word' id='word_1_305' title='bbox 564 2542 647 2591; x_wconf 92' lang='lat' dir='ltr'><strong>est</strong></span> <span class='ocrx_word' id='word_1_306' title='bbox 674 2537 742 2591; x_wconf 91' lang='lat' dir='ltr'><strong>ad</strong></span> <span class='ocrx_word' id='word_1_307' title='bbox 777 2539 966 2590; x_wconf 76' lang='lat' dir='ltr'><strong>Aaron</strong></span> <span class='ocrx_word' id='word_1_308' title='bbox 996 2539 1058 2588; x_wconf 91' lang='lat' dir='ltr'><strong>ut</strong></span> <span class='ocrx_word' id='word_1_309' title='bbox 1086 2533 1420 2587; x_wconf 83' lang='lat' dir='ltr'><strong>extenderet</strong></span> <span class='ocrx_word' id='word_1_310' title='bbox 1467 2548 1678 2587; x_wconf 90' lang='lat' dir='ltr'><strong>manus</strong></span> <span class='ocrx_word' id='word_1_311' title='bbox 1697 2533 1760 2587; x_wconf 92' lang='lat' dir='ltr'><strong>in</strong></span> <span class='ocrx_word' id='word_1_312' title='bbox 1799 2535 2026 2588; x_wconf 74' lang='lat' dir='ltr'><strong>caelum.</strong></span> 
     </span>
    </p>
   </div>
   <div class='ocr_carea' id='block_1_43' title="bbox 326 2620 2033 2698">
    <p class='ocr_par' dir='ltr' id='par_1_43' title="bbox 326 2620 2033 2698">
     <span class='ocr_line' id='line_1_44' title="bbox 326 2620 2033 2698; baseline -0.005 -16"><span class='ocrx_word' id='word_1_313' title='bbox 326 2627 487 2692; x_wconf 89' lang='lat' dir='ltr'><strong>Quod</strong></span> <span class='ocrx_word' id='word_1_314' title='bbox 515 2643 652 2698; x_wconf 88' lang='lat' dir='ltr'><strong>ergo</strong></span> <span class='ocrx_word' id='word_1_315' title='bbox 707 2625 921 2679; x_wconf 91' lang='lat' dir='ltr'><strong>dictum</strong></span> <span class='ocrx_word' id='word_1_316' title='bbox 965 2627 1050 2676; x_wconf 91' lang='lat' dir='ltr'><strong>est</strong></span> <span class='ocrx_word' id='word_1_317' title='bbox 1101 2622 1173 2676; x_wconf 89' lang='lat' dir='ltr'><strong>ad</strong></span> <span class='ocrx_word' id='word_1_318' title='bbox 1221 2622 1410 2674; x_wconf 81' lang='lat' dir='ltr'><strong>Mosen</strong></span> <span class='ocrx_word' id='word_1_319' title='bbox 1449 2635 1466 2672; x_wconf 89' lang='lat'><strong>:</strong></span> <span class='ocrx_word' id='word_1_320' title='bbox 1518 2620 1758 2676; x_wconf 67' lang='lat' dir='ltr'><strong>Extende</strong></span> <span class='ocrx_word' id='word_1_321' title='bbox 1812 2636 2033 2675; x_wconf 90' lang='lat' dir='ltr'><strong>manum</strong></span> 
     </span>
    </p>
   </div>
   <div class='ocr_carea' id='block_1_44' title="bbox 328 2708 2035 2783">
    <p class='ocr_par' dir='ltr' id='par_1_44' title="bbox 328 2708 2035 2783">
     <span class='ocr_line' id='line_1_45' title="bbox 328 2708 2035 2783; baseline -0.005 -13"><span class='ocrx_word' id='word_1_322' title='bbox 328 2721 479 2770; x_wconf 87' lang='lat' dir='ltr'><strong>tuam</strong></span> <span class='ocrx_word' id='word_1_323' title='bbox 505 2729 666 2783; x_wconf 84' lang='lat' dir='ltr'><strong>super</strong></span> <span class='ocrx_word' id='word_1_324' title='bbox 691 2719 895 2768; x_wconf 80' lang='lat' dir='ltr'><strong>terram</strong></span> <span class='ocrx_word' id='word_1_325' title='bbox 951 2711 1199 2779; x_wconf 66' lang='lat' dir='ltr'><strong>zEgypti,</strong></span> <span class='ocrx_word' id='word_1_326' title='bbox 1231 2715 1281 2762; x_wconf 84' lang='lat' dir='ltr'><strong>et</strong></span> <span class='ocrx_word' id='word_1_327' title='bbox 1327 2708 1585 2762; x_wconf 84' lang='lat' dir='ltr'><strong>ascendat</strong></span> <span class='ocrx_word' id='word_1_328' title='bbox 1641 2709 1846 2762; x_wconf 86' lang='lat' dir='ltr'><strong>locusta</strong></span> <span class='ocrx_word' id='word_1_329' title='bbox 1873 2723 2035 2777; x_wconf 80' lang='lat' dir='ltr'><strong>super</strong></span> 
     </span>
    </p>
   </div>
   <div class='ocr_carea' id='block_1_45' title="bbox 328 2796 2036 2870">
    <p class='ocr_par' dir='ltr' id='par_1_45' title="bbox 328 2796 2036 2870">
     <span class='ocr_line' id='line_1_46' title="bbox 328 2796 2036 2870; baseline -0.005 -11"><span class='ocrx_word' id='word_1_330' title='bbox 328 2810 552 2869; x_wconf 86' lang='lat' dir='ltr'><strong>terram,</strong></span> <span class='ocrx_word' id='word_1_331' title='bbox 585 2802 754 2856; x_wconf 89' lang='lat' dir='ltr'><strong>credo</strong></span> <span class='ocrx_word' id='word_1_332' title='bbox 786 2801 840 2855; x_wconf 90' lang='lat' dir='ltr'><strong>id</strong></span> <span class='ocrx_word' id='word_1_333' title='bbox 864 2797 1197 2870; x_wconf 87' lang='lat' dir='ltr'><strong>signiﬁcari,</strong></span> <span class='ocrx_word' id='word_1_334' title='bbox 1229 2797 1404 2851; x_wconf 88' lang='lat' dir='ltr'><strong>etiam</strong></span> <span class='ocrx_word' id='word_1_335' title='bbox 1463 2796 1656 2850; x_wconf 88' lang='lat' dir='ltr'><strong>minus</strong></span> <span class='ocrx_word' id='word_1_336' title='bbox 1714 2812 1881 2866; x_wconf 87' lang='lat' dir='ltr'><strong>posse</strong></span> <span class='ocrx_word' id='word_1_337' title='bbox 1935 2796 2036 2867; x_wconf 90' lang='lat' dir='ltr'><strong>qui</strong></span> 
     </span>
    </p>
   </div>
   <div class='ocr_carea' id='block_1_46' title="bbox 2196 1649 3836 1719">
    <p class='ocr_par' dir='ltr' id='par_1_46' title="bbox 2196 1649 3836 1719">
     <span class='ocr_line' id='line_1_47' title="bbox 2196 1649 3836 1719; baseline -0.001 -17"><span class='ocrx_word' id='word_1_338' title='bbox 2196 1650 2358 1703; x_wconf 77' lang='lat' dir='ltr'><strong>Vsus.</strong></span> <span class='ocrx_word' id='word_1_339' title='bbox 2397 1651 2509 1716; x_wconf 84' lang='lat'><strong>5,6.</strong></span> <span class='ocrx_word' id='word_1_340' title='bbox 2595 1679 2664 1690; x_wconf 92' lang='lat'><strong>—</strong></span> <span class='ocrx_word' id='word_1_341' title='bbox 2727 1649 2809 1704; x_wconf 84' lang='lat' dir='ltr'><strong>Et</strong></span> <span class='ocrx_word' id='word_1_342' title='bbox 2871 1651 3130 1704; x_wconf 84' lang='lat' dir='ltr'><strong>morietur</strong></span> <span class='ocrx_word' id='word_1_343' title='bbox 3193 1665 3344 1704; x_wconf 88' lang='lat' dir='ltr'><strong>omne</strong></span> <span class='ocrx_word' id='word_1_344' title='bbox 3397 1651 3836 1719; x_wconf 85' lang='lat' dir='ltr'><strong>primogenitum,</strong></span> 
     </span>
    </p>
   </div>
   <div class='ocr_carea' id='block_1_47' title="bbox 2128 1736 3838 1808">
    <p class='ocr_par' dir='ltr' id='par_1_47' title="bbox 2128 1736 3838 1808">
     <span class='ocr_line' id='line_1_48' title="bbox 2128 1736 3838 1808; baseline -0.002 -16"><span class='ocrx_word' id='word_1_345' title='bbox 2128 1745 2231 1793; x_wconf 89' lang='lat' dir='ltr'><strong>etc.</strong></span> <span class='ocrx_word' id='word_1_346' title='bbox 2269 1738 2448 1808; x_wconf 82' lang='lat' dir='ltr'><strong>(Ome.</strong></span> <span class='ocrx_word' id='word_1_347' title='bbox 2475 1739 2615 1792; x_wconf 84' lang='lat' dir='ltr'><strong>hom.</strong></span> <span class='ocrx_word' id='word_1_348' title='bbox 2661 1739 2737 1804; x_wconf 77' lang='grc'><strong>4.)</strong></span> <span class='ocrx_word' id='word_1_349' title='bbox 2795 1737 2881 1792; x_wconf 84' lang='lat' dir='ltr'><strong>Ad</strong></span> <span class='ocrx_word' id='word_1_350' title='bbox 2920 1739 3192 1792; x_wconf 90' lang='lat' dir='ltr'><strong>ultimum</strong></span> <span class='ocrx_word' id='word_1_351' title='bbox 3256 1737 3685 1808; x_wconf 87' lang='lat' dir='ltr'><strong>primitivorum</strong></span> <span class='ocrx_word' id='word_1_352' title='bbox 3749 1736 3838 1789; x_wconf 90' lang='lat' dir='ltr'><strong>in—</strong></span> 
     </span>
    </p>
   </div>
   <div class='ocr_carea' id='block_1_48' title="bbox 2128 1825 3844 1897">
    <p class='ocr_par' dir='ltr' id='par_1_48' title="bbox 2128 1825 3844 1897">
     <span class='ocr_line' id='line_1_49' title="bbox 2128 1825 3844 1897; baseline -0.001 -18"><span class='ocrx_word' id='word_1_353' title='bbox 2128 1825 2308 1881; x_wconf 84' lang='lat' dir='ltr'><strong>fertur</strong></span> <span class='ocrx_word' id='word_1_354' title='bbox 2327 1826 2613 1891; x_wconf 89' lang='lat' dir='ltr'><strong>interitus,</strong></span> <span class='ocrx_word' id='word_1_355' title='bbox 2664 1826 2725 1880; x_wconf 92' lang='lat' dir='ltr'><strong>in</strong></span> <span class='ocrx_word' id='word_1_356' title='bbox 2773 1842 2888 1897; x_wconf 93' lang='lat' dir='ltr'><strong>quo</strong></span> <span class='ocrx_word' id='word_1_357' title='bbox 2934 1826 3191 1880; x_wconf 88' lang='lat' dir='ltr'><strong>fortassis</strong></span> <span class='ocrx_word' id='word_1_358' title='bbox 3248 1832 3333 1880; x_wconf 89' lang='lat' dir='ltr'><strong>est</strong></span> <span class='ocrx_word' id='word_1_359' title='bbox 3391 1825 3608 1896; x_wconf 91' lang='lat' dir='ltr'><strong>aliquid</strong></span> <span class='ocrx_word' id='word_1_360' title='bbox 3666 1841 3844 1894; x_wconf 85' lang='lat' dir='ltr'><strong>supra</strong></span> 
     </span>
    </p>
   </div>
   <div class='ocr_carea' id='block_1_49' title="bbox 2129 1913 3843 1986">
    <p class='ocr_par' dir='ltr' id='par_1_49' title="bbox 2129 1913 3843 1986">
     <span class='ocr_line' id='line_1_50' title="bbox 2129 1913 3843 1986; baseline -0.002 -16"><span class='ocrx_word' id='word_1_361' title='bbox 2129 1920 2383 1970; x_wconf 88' lang='lat' dir='ltr'><strong>nostram</strong></span> <span class='ocrx_word' id='word_1_362' title='bbox 2413 1915 2878 1986; x_wconf 88' lang='lat' dir='ltr'><strong>intelligentiam,</strong></span> <span class='ocrx_word' id='word_1_363' title='bbox 2936 1915 3089 1985; x_wconf 91' lang='lat' dir='ltr'><strong>quod</strong></span> <span class='ocrx_word' id='word_1_364' title='bbox 3140 1915 3511 1968; x_wconf 90' lang='lat' dir='ltr'><strong>commissum</strong></span> <span class='ocrx_word' id='word_1_365' title='bbox 3566 1913 3637 1968; x_wconf 91' lang='lat' dir='ltr'><strong>ab</strong></span> <span class='ocrx_word' id='word_1_366' title='bbox 3671 1916 3843 1983; x_wconf 66' lang='lat' dir='ltr'><strong>Aigy-</strong></span> 
     </span>
    </p>
   </div>
   <div class='ocr_carea' id='block_1_50' title="bbox 2129 2002 3843 2076">
    <p class='ocr_par' dir='ltr' id='par_1_50' title="bbox 2129 2002 3843 2076">
     <span class='ocr_line' id='line_1_51' title="bbox 2129 2002 3843 2076; baseline -0.003 -17"><span class='ocrx_word' id='word_1_367' title='bbox 2129 2004 2265 2076; x_wconf 89' lang='lat' dir='ltr'><strong>ptiis</strong></span> <span class='ocrx_word' id='word_1_368' title='bbox 2286 2003 2544 2058; x_wconf 88' lang='lat' dir='ltr'><strong>videatur</strong></span> <span class='ocrx_word' id='word_1_369' title='bbox 2572 2003 2630 2056; x_wconf 93' lang='lat' dir='ltr'><strong>in</strong></span> <span class='ocrx_word' id='word_1_370' title='bbox 2655 2003 2956 2058; x_wconf 88' lang='lat' dir='ltr'><strong>Ecclesiam</strong></span> <span class='ocrx_word' id='word_1_371' title='bbox 2987 2002 3434 2073; x_wconf 88' lang='lat' dir='ltr'><strong>primitivorum,</strong></span> <span class='ocrx_word' id='word_1_372' title='bbox 3487 2019 3614 2073; x_wconf 61' lang='lat' dir='ltr'><strong>quae</strong></span> <span class='ocrx_word' id='word_1_373' title='bbox 3666 2002 3843 2055; x_wconf 89' lang='lat' dir='ltr'><strong>ascri-</strong></span> 
     </span>
    </p>
   </div>
   <div class='ocr_carea' id='block_1_51' title="bbox 2132 2088 3844 2164">
    <p class='ocr_par' dir='ltr' id='par_1_51' title="bbox 2132 2088 3844 2164">
     <span class='ocr_line' id='line_1_52' title="bbox 2132 2088 3844 2164; baseline -0.002 -16"><span class='ocrx_word' id='word_1_374' title='bbox 2132 2100 2232 2164; x_wconf 91' lang='lat' dir='ltr'><strong>pta</strong></span> <span class='ocrx_word' id='word_1_375' title='bbox 2260 2093 2427 2147; x_wconf 91' lang='lat' dir='ltr'><strong>estin</strong></span> <span class='ocrx_word' id='word_1_376' title='bbox 2449 2093 2622 2147; x_wconf 72' lang='lat' dir='ltr'><strong>caelis.</strong></span> <span class='ocrx_word' id='word_1_377' title='bbox 2661 2093 2815 2147; x_wconf 88' lang='lat' dir='ltr'><strong>Unde</strong></span> <span class='ocrx_word' id='word_1_378' title='bbox 2853 2092 3029 2146; x_wconf 86' lang='lat' dir='ltr'><strong>etiam</strong></span> <span class='ocrx_word' id='word_1_379' title='bbox 3059 2088 3466 2146; x_wconf 78' lang='lat' dir='ltr'><strong>exterminator</strong></span> <span class='ocrx_word' id='word_1_380' title='bbox 3503 2091 3738 2161; x_wconf 88' lang='lat' dir='ltr'><strong>angelus</strong></span> <span class='ocrx_word' id='word_1_381' title='bbox 3770 2090 3844 2144; x_wconf 91' lang='lat' dir='ltr'><strong>ad</strong></span> 
     </span>
    </p>
   </div>
   <div class='ocr_carea' id='block_1_52' title="bbox 2133 2177 3843 2251">
    <p class='ocr_par' dir='ltr' id='par_1_52' title="bbox 2133 2177 3843 2251">
     <span class='ocr_line' id='line_1_53' title="bbox 2133 2177 3843 2251; baseline -0.004 -14"><span class='ocrx_word' id='word_1_382' title='bbox 2133 2183 2241 2237; x_wconf 91' lang='lat' dir='ltr'><strong>hoc</strong></span> <span class='ocrx_word' id='word_1_383' title='bbox 2258 2181 2639 2236; x_wconf 89' lang='lat' dir='ltr'><strong>ministerium</strong></span> <span class='ocrx_word' id='word_1_384' title='bbox 2668 2181 2935 2246; x_wconf 87' lang='lat' dir='ltr'><strong>mittitur,</strong></span> <span class='ocrx_word' id='word_1_385' title='bbox 2969 2181 3069 2251; x_wconf 92' lang='lat' dir='ltr'><strong>qui</strong></span> <span class='ocrx_word' id='word_1_386' title='bbox 3099 2177 3282 2250; x_wconf 81' lang='lat' dir='ltr'><strong>parcit</strong></span> <span class='ocrx_word' id='word_1_387' title='bbox 3332 2180 3445 2234; x_wconf 88' lang='lat' dir='ltr'><strong>illis</strong></span> <span class='ocrx_word' id='word_1_388' title='bbox 3497 2184 3718 2233; x_wconf 88' lang='lat' dir='ltr'><strong>tantum</strong></span> <span class='ocrx_word' id='word_1_389' title='bbox 3741 2177 3843 2249; x_wconf 89' lang='lat' dir='ltr'><strong>qui</strong></span> 
     </span>
    </p>
   </div>
   <div class='ocr_carea' id='block_1_53' title="bbox 2133 2268 3840 2342">
    <p class='ocr_par' dir='ltr' id='par_1_53' title="bbox 2133 2268 3840 2342">
     <span class='ocr_line' id='line_1_54' title="bbox 2133 2268 3840 2342; baseline -0.004 -16"><span class='ocrx_word' id='word_1_390' title='bbox 2133 2275 2409 2342; x_wconf 89' lang='lat' dir='ltr'><strong>utrosque</strong></span> <span class='ocrx_word' id='word_1_391' title='bbox 2467 2274 2658 2341; x_wconf 89' lang='lat' dir='ltr'><strong>postes</strong></span> <span class='ocrx_word' id='word_1_392' title='bbox 2717 2270 2854 2341; x_wconf 88' lang='lat' dir='ltr'><strong>agni</strong></span> <span class='ocrx_word' id='word_1_393' title='bbox 2897 2269 3175 2340; x_wconf 89' lang='lat' dir='ltr'><strong>sanguine</strong></span> <span class='ocrx_word' id='word_1_394' title='bbox 3224 2269 3449 2340; x_wconf 86' lang='lat' dir='ltr'><strong>signato</strong></span> <span class='ocrx_word' id='word_1_395' title='bbox 3493 2268 3840 2322; x_wconf 89' lang='lat' dir='ltr'><strong>habuerunt.</strong></span> 
     </span>
    </p>
   </div>
   <div class='ocr_carea' id='block_1_54' title="bbox 2137 2356 3842 2429">
    <p class='ocr_par' dir='ltr' id='par_1_54' title="bbox 2137 2356 3842 2429">
     <span class='ocr_line' id='line_1_55' title="bbox 2137 2356 3842 2429; baseline -0.004 -14"><span class='ocrx_word' id='word_1_396' title='bbox 2137 2361 2411 2414; x_wconf 89' lang='lat' dir='ltr'><strong>Delentur</strong></span> <span class='ocrx_word' id='word_1_397' title='bbox 2441 2359 2649 2413; x_wconf 89' lang='lat' dir='ltr'><strong>iterum</strong></span> <span class='ocrx_word' id='word_1_398' title='bbox 2681 2358 3066 2429; x_wconf 87' lang='lat' dir='ltr'><strong>primogenita</strong></span> <span class='ocrx_word' id='word_1_399' title='bbox 3117 2357 3513 2429; x_wconf 58' lang='lat' dir='ltr'><strong>[Egyptiorum</strong></span> <span class='ocrx_word' id='word_1_400' title='bbox 3547 2373 3561 2410; x_wconf 91' lang='lat'><strong>:</strong></span> <span class='ocrx_word' id='word_1_401' title='bbox 3595 2356 3710 2409; x_wconf 87' lang='lat' dir='ltr'><strong>sive</strong></span> <span class='ocrx_word' id='word_1_402' title='bbox 3741 2372 3842 2409; x_wconf 89' lang='lat' dir='ltr'><strong>eos</strong></span> 
     </span>
    </p>
   </div>
   <div class='ocr_carea' id='block_1_55' title="bbox 2137 2446 3849 2519">
    <p class='ocr_par' dir='ltr' id='par_1_55' title="bbox 2137 2446 3849 2519">
     <span class='ocr_line' id='line_1_56' title="bbox 2137 2446 3849 2519; baseline -0.003 -17"><span class='ocrx_word' id='word_1_403' title='bbox 2137 2447 2492 2519; x_wconf 89' lang='lat' dir='ltr'><strong>principatus</strong></span> <span class='ocrx_word' id='word_1_404' title='bbox 2541 2453 2596 2502; x_wconf 91' lang='lat' dir='ltr'><strong>et</strong></span> <span class='ocrx_word' id='word_1_405' title='bbox 2646 2451 2975 2517; x_wconf 90' lang='lat' dir='ltr'><strong>potestates,</strong></span> <span class='ocrx_word' id='word_1_406' title='bbox 3011 2451 3067 2500; x_wconf 91' lang='lat' dir='ltr'><strong>et</strong></span> <span class='ocrx_word' id='word_1_407' title='bbox 3123 2446 3328 2500; x_wconf 88' lang='lat' dir='ltr'><strong>mundi</strong></span> <span class='ocrx_word' id='word_1_408' title='bbox 3383 2446 3552 2516; x_wconf 86' lang='lat' dir='ltr'><strong>hujus</strong></span> <span class='ocrx_word' id='word_1_409' title='bbox 3599 2450 3849 2498; x_wconf 89' lang='lat' dir='ltr'><strong>rectores</strong></span> 
     </span>
    </p>
   </div>
   <div class='ocr_carea' id='block_1_56' title="bbox 2139 2533 3850 2604">
    <p class='ocr_par' dir='ltr' id='par_1_56' title="bbox 2139 2533 3850 2604">
     <span class='ocr_line' id='line_1_57' title="bbox 2139 2533 3850 2604; baseline -0.002 -14"><span class='ocrx_word' id='word_1_410' title='bbox 2139 2537 2509 2591; x_wconf 85' lang='lat' dir='ltr'><strong>tenebrarum</strong></span> <span class='ocrx_word' id='word_1_411' title='bbox 2566 2535 2842 2603; x_wconf 90' lang='lat' dir='ltr'><strong>dicamus,</strong></span> <span class='ocrx_word' id='word_1_412' title='bbox 2914 2551 3060 2604; x_wconf 90' lang='lat' dir='ltr'><strong>quos</strong></span> <span class='ocrx_word' id='word_1_413' title='bbox 3119 2535 3371 2588; x_wconf 89' lang='lat' dir='ltr'><strong>adventu</strong></span> <span class='ocrx_word' id='word_1_414' title='bbox 3435 2550 3536 2587; x_wconf 91' lang='lat' dir='ltr'><strong>suo</strong></span> <span class='ocrx_word' id='word_1_415' title='bbox 3589 2533 3850 2588; x_wconf 86' lang='lat' dir='ltr'><strong>Christus</strong></span> 
     </span>
    </p>
   </div>
   <div class='ocr_carea' id='block_1_57' title="bbox 2139 2621 3851 2694">
    <p class='ocr_par' dir='ltr' id='par_1_57' title="bbox 2139 2621 3851 2694">
     <span class='ocr_line' id='line_1_58' title="bbox 2139 2621 3851 2694; baseline -0.002 -15"><span class='ocrx_word' id='word_1_416' title='bbox 2139 2624 2407 2687; x_wconf 84' lang='lat' dir='ltr'><strong>traduxit,</strong></span> <span class='ocrx_word' id='word_1_417' title='bbox 2441 2624 2503 2678; x_wconf 93' lang='lat' dir='ltr'><strong>id</strong></span> <span class='ocrx_word' id='word_1_418' title='bbox 2533 2625 2882 2694; x_wconf 89' lang='lat' dir='ltr'><strong>estcaptivos</strong></span> <span class='ocrx_word' id='word_1_419' title='bbox 2917 2623 3080 2678; x_wconf 89' lang='lat' dir='ltr'><strong>duxit</strong></span> <span class='ocrx_word' id='word_1_420' title='bbox 3107 2628 3164 2678; x_wconf 91' lang='lat' dir='ltr'><strong>et</strong></span> <span class='ocrx_word' id='word_1_421' title='bbox 3209 2622 3531 2692; x_wconf 88' lang='lat' dir='ltr'><strong>captivavit,</strong></span> <span class='ocrx_word' id='word_1_422' title='bbox 3599 2638 3730 2676; x_wconf 90' lang='lat' dir='ltr'><strong>cum</strong></span> <span class='ocrx_word' id='word_1_423' title='bbox 3786 2621 3851 2676; x_wconf 86' lang='lat' dir='ltr'><strong>in</strong></span> 
     </span>
    </p>
   </div>
   <div class='ocr_carea' id='block_1_58' title="bbox 2141 2711 3848 2785">
    <p class='ocr_par' dir='ltr' id='par_1_58' title="bbox 2141 2711 3848 2785">
     <span class='ocr_line' id='line_1_59' title="bbox 2141 2711 3848 2785; baseline -0.004 -17"><span class='ocrx_word' id='word_1_424' title='bbox 2141 2714 2299 2785; x_wconf 90' lang='lat' dir='ltr'><strong>ligno</strong></span> <span class='ocrx_word' id='word_1_425' title='bbox 2357 2713 2537 2767; x_wconf 89' lang='lat' dir='ltr'><strong>crucis</strong></span> <span class='ocrx_word' id='word_1_426' title='bbox 2597 2712 3010 2783; x_wconf 86' lang='lat' dir='ltr'><strong>triumphavit:</strong></span> <span class='ocrx_word' id='word_1_427' title='bbox 3056 2712 3173 2766; x_wconf 89' lang='lat' dir='ltr'><strong>sive</strong></span> <span class='ocrx_word' id='word_1_428' title='bbox 3228 2717 3489 2765; x_wconf 88' lang='lat' dir='ltr'><strong>auctores</strong></span> <span class='ocrx_word' id='word_1_429' title='bbox 3546 2716 3603 2764; x_wconf 91' lang='lat' dir='ltr'><strong>et</strong></span> <span class='ocrx_word' id='word_1_430' title='bbox 3639 2711 3848 2764; x_wconf 86' lang='lat' dir='ltr'><strong>inven-</strong></span> 
     </span>
    </p>
   </div>
   <div class='ocr_carea' id='block_1_59' title="bbox 2140 2798 3852 2870">
    <p class='ocr_par' dir='ltr' id='par_1_59' title="bbox 2140 2798 3852 2870">
     <span class='ocr_line' id='line_1_60' title="bbox 2140 2798 3852 2870; baseline -0.002 -14"><span class='ocrx_word' id='word_1_431' title='bbox 2140 2807 2292 2857; x_wconf 89' lang='lat' dir='ltr'><strong>tores</strong></span> <span class='ocrx_word' id='word_1_432' title='bbox 2321 2801 2592 2855; x_wconf 85' lang='lat' dir='ltr'><strong>falsarum</strong></span> <span class='ocrx_word' id='word_1_433' title='bbox 2614 2800 2982 2870; x_wconf 85' lang='lat' dir='ltr'><strong>religionum,</strong></span> <span class='ocrx_word' id='word_1_434' title='bbox 3015 2815 3156 2870; x_wconf 91' lang='lat' dir='ltr'><strong>quas</strong></span> <span class='ocrx_word' id='word_1_435' title='bbox 3187 2799 3396 2854; x_wconf 88' lang='lat' dir='ltr'><strong>Christi</strong></span> <span class='ocrx_word' id='word_1_436' title='bbox 3455 2798 3662 2852; x_wconf 90' lang='lat' dir='ltr'><strong>veritas</strong></span> <span class='ocrx_word' id='word_1_437' title='bbox 3715 2814 3852 2852; x_wconf 91' lang='lat' dir='ltr'><strong>cum</strong></span> 
     </span>
    </p>
   </div>
   <div class='ocr_carea' id='block_1_60' title="bbox 329 2884 3852 2964">
    <p class='ocr_par' dir='ltr' id='par_1_60' title="bbox 329 2884 3852 2964">
     <span class='ocr_line' id='line_1_61' title="bbox 329 2884 3852 2964; baseline -0.002 -17"><span class='ocrx_word' id='word_1_438' title='bbox 329 2894 458 2964; x_wconf 88' lang='lat' dir='ltr'><strong>plus</strong></span> <span class='ocrx_word' id='word_1_439' title='bbox 489 2895 677 2962; x_wconf 90' lang='lat' dir='ltr'><strong>potest</strong></span> <span class='ocrx_word' id='word_1_440' title='bbox 711 2910 727 2958; x_wconf 90' lang='lat'><strong>;</strong></span> <span class='ocrx_word' id='word_1_441' title='bbox 758 2906 872 2944; x_wconf 94' lang='lat' dir='ltr'><strong>non</strong></span> <span class='ocrx_word' id='word_1_442' title='bbox 904 2891 1097 2942; x_wconf 89' lang='lat' dir='ltr'><strong>autem</strong></span> <span class='ocrx_word' id='word_1_443' title='bbox 1129 2885 1400 2940; x_wconf 88' lang='lat' dir='ltr'><strong>continuo</strong></span> <span class='ocrx_word' id='word_1_444' title='bbox 1433 2885 1524 2939; x_wconf 91' lang='lat' dir='ltr'><strong>cui</strong></span> <span class='ocrx_word' id='word_1_445' title='bbox 1550 2884 1779 2940; x_wconf 88' lang='lat' dir='ltr'><strong>minora</strong></span> <span class='ocrx_word' id='word_1_446' title='bbox 1834 2901 2031 2940; x_wconf 86' lang='lat' dir='ltr'><strong>conce-</strong></span> <span class='ocrx_word' id='word_1_447' title='bbox 2061 2891 2102 2948; x_wconf 87' lang='lat' dir='ltr'>C</span> <span class='ocrx_word' id='word_1_448' title='bbox 2141 2890 2258 2945; x_wconf 89' lang='lat' dir='ltr'><strong>suis</strong></span> <span class='ocrx_word' id='word_1_449' title='bbox 2289 2890 2558 2945; x_wconf 79' lang='lat' dir='ltr'><strong>exstinxit</strong></span> <span class='ocrx_word' id='word_1_450' title='bbox 2591 2889 2937 2944; x_wconf 87' lang='lat' dir='ltr'><strong>auctoribus.</strong></span> <span class='ocrx_word' id='word_1_451' title='bbox 2973 2888 3352 2958; x_wconf 90' lang='lat' dir='ltr'><strong>Principatus,</strong></span> <span class='ocrx_word' id='word_1_452' title='bbox 3409 2892 3466 2941; x_wconf 90' lang='lat' dir='ltr'><strong>et</strong></span> <span class='ocrx_word' id='word_1_453' title='bbox 3519 2891 3852 2958; x_wconf 87' lang='lat' dir='ltr'><strong>potestates,</strong></span> 
     </span>
    </p>
   </div>
   <div class='ocr_carea' id='block_1_61' title="bbox 329 2976 1042 3049">
    <p class='ocr_par' dir='ltr' id='par_1_61' title="bbox 329 2976 1042 3049">
     <span class='ocr_line' id='line_1_62' title="bbox 329 2976 1042 3049; baseline -0.01 -14"><span class='ocrx_word' id='word_1_454' title='bbox 329 2981 563 3047; x_wconf 89' lang='lat' dir='ltr'><strong>duntur,</strong></span> <span class='ocrx_word' id='word_1_455' title='bbox 605 2994 771 3049; x_wconf 86' lang='lat' dir='ltr'><strong>posse</strong></span> <span class='ocrx_word' id='word_1_456' title='bbox 801 2976 1042 3046; x_wconf 82' lang='lat' dir='ltr'><strong>majora.</strong></span> 
     </span>
    </p>
   </div>
   <div class='ocr_carea' id='block_1_62' title="bbox 405 3060 2037 3138">
    <p class='ocr_par' dir='ltr' id='par_1_62' title="bbox 405 3060 2037 3138">
     <span class='ocr_line' id='line_1_63' title="bbox 405 3060 2037 3138; baseline -0.007 -14"><span class='ocrx_word' id='word_1_457' title='bbox 405 3068 792 3138; x_wconf 78' lang='lat' dir='ltr'><strong>(OuiG.)Nona</strong></span> <span class='ocrx_word' id='word_1_458' title='bbox 816 3065 985 3136; x_wconf 86' lang='lat' dir='ltr'><strong>plaga</strong></span> <span class='ocrx_word' id='word_1_459' title='bbox 1025 3062 1275 3116; x_wconf 84' lang='lat' dir='ltr'><strong>tenebrae</strong></span> <span class='ocrx_word' id='word_1_460' title='bbox 1333 3065 1486 3128; x_wconf 88' lang='lat' dir='ltr'><strong>sunt,</strong></span> <span class='ocrx_word' id='word_1_461' title='bbox 1556 3063 1620 3114; x_wconf 91' lang='lat' dir='ltr'><strong>ut</strong></span> <span class='ocrx_word' id='word_1_462' title='bbox 1675 3060 1884 3114; x_wconf 90' lang='lat' dir='ltr'><strong>mentis</strong></span> <span class='ocrx_word' id='word_1_463' title='bbox 1939 3076 2037 3115; x_wconf 89' lang='lat' dir='ltr'><strong>eo-</strong></span> 
     </span>
    </p>
   </div>
   <div class='ocr_carea' id='block_1_63' title="bbox 337 3147 2035 3224">
    <p class='ocr_par' dir='ltr' id='par_1_63' title="bbox 337 3147 2035 3224">
     <span class='ocr_line' id='line_1_64' title="bbox 337 3147 2035 3224; baseline -0.004 -14"><span class='ocrx_word' id='word_1_464' title='bbox 337 3172 466 3210; x_wconf 89' lang='lat' dir='ltr'><strong>rum</strong></span> <span class='ocrx_word' id='word_1_465' title='bbox 495 3155 714 3210; x_wconf 84' lang='lat' dir='ltr'><strong>caecitas</strong></span> <span class='ocrx_word' id='word_1_466' title='bbox 789 3156 1085 3224; x_wconf 89' lang='lat' dir='ltr'><strong>arguatur,</strong></span> <span class='ocrx_word' id='word_1_467' title='bbox 1132 3150 1220 3203; x_wconf 87' lang='lat' dir='ltr'><strong>vel</strong></span> <span class='ocrx_word' id='word_1_468' title='bbox 1293 3151 1358 3202; x_wconf 90' lang='lat' dir='ltr'><strong>ut</strong></span> <span class='ocrx_word' id='word_1_469' title='bbox 1425 3147 1753 3218; x_wconf 89' lang='lat' dir='ltr'><strong>intelligant</strong></span> <span class='ocrx_word' id='word_1_470' title='bbox 1826 3149 2035 3204; x_wconf 81' lang='lat' dir='ltr'><strong>divinae</strong></span> 
     </span>
    </p>
   </div>
   <div class='ocr_carea' id='block_1_64' title="bbox 339 3236 2037 3314">
    <p class='ocr_par' dir='ltr' id='par_1_64' title="bbox 339 3236 2037 3314">
     <span class='ocr_line' id='line_1_65' title="bbox 339 3236 2037 3314; baseline -0.005 -16"><span class='ocrx_word' id='word_1_471' title='bbox 339 3243 782 3314; x_wconf 88' lang='lat' dir='ltr'><strong>dispensationis</strong></span> <span class='ocrx_word' id='word_1_472' title='bbox 811 3246 870 3296; x_wconf 91' lang='lat' dir='ltr'><strong>et</strong></span> <span class='ocrx_word' id='word_1_473' title='bbox 905 3237 1280 3311; x_wconf 68' lang='lat' dir='ltr'><strong>providentim</strong></span> <span class='ocrx_word' id='word_1_474' title='bbox 1324 3236 1757 3291; x_wconf 86' lang='lat' dir='ltr'><strong>obscurissimas</strong></span> <span class='ocrx_word' id='word_1_475' title='bbox 1800 3253 1921 3292; x_wconf 91' lang='lat' dir='ltr'><strong>esse</strong></span> <span class='ocrx_word' id='word_1_476' title='bbox 1951 3254 2037 3291; x_wconf 88' lang='lat' dir='ltr'><strong>ra-</strong></span> 
     </span>
    </p>
   </div>
   <div class='ocr_carea' id='block_1_65' title="bbox 339 3325 2038 3387">
    <p class='ocr_par' dir='ltr' id='par_1_65' title="bbox 339 3325 2038 3387">
     <span class='ocr_line' id='line_1_66' title="bbox 339 3325 2038 3387; baseline -0.003 -1"><span class='ocrx_word' id='word_1_477' title='bbox 339 3333 542 3386; x_wconf 89' lang='lat' dir='ltr'><strong>tiones.</strong></span> <span class='ocrx_word' id='word_1_478' title='bbox 599 3334 779 3387; x_wconf 88' lang='lat' dir='ltr'><strong>Posuit</strong></span> <span class='ocrx_word' id='word_1_479' title='bbox 817 3327 972 3383; x_wconf 90' lang='lat' dir='ltr'><strong>enim</strong></span> <span class='ocrx_word' id='word_1_480' title='bbox 1035 3328 1181 3380; x_wconf 89' lang='lat' dir='ltr'><strong>Deus</strong></span> <span class='ocrx_word' id='word_1_481' title='bbox 1239 3325 1483 3379; x_wconf 81' lang='lat' dir='ltr'><strong>tenebras</strong></span> <span class='ocrx_word' id='word_1_482' title='bbox 1539 3326 1825 3380; x_wconf 85' lang='lat' dir='ltr'><strong>latibulum</strong></span> <span class='ocrx_word' id='word_1_483' title='bbox 1881 3341 2038 3382; x_wconf 88' lang='lat' dir='ltr'><strong>suum</strong></span> 
     </span>
    </p>
   </div>
   <div class='ocr_carea' id='block_1_66' title="bbox 343 3414 2039 3490">
    <p class='ocr_par' dir='ltr' id='par_1_66' title="bbox 343 3414 2039 3490">
     <span class='ocr_line' id='line_1_67' title="bbox 343 3414 2039 3490; baseline -0.003 -15"><span class='ocrx_word' id='word_1_484' title='bbox 343 3420 509 3490; x_wconf 83' lang='lat' dir='ltr'><strong>(Psal.</strong></span> <span class='ocrx_word' id='word_1_485' title='bbox 544 3419 676 3486; x_wconf 86' lang='lat' dir='ltr'><strong>xvn)</strong></span> <span class='ocrx_word' id='word_1_486' title='bbox 712 3434 724 3472; x_wconf 93' lang='lat'><strong>:</strong></span> <span class='ocrx_word' id='word_1_487' title='bbox 777 3433 918 3488; x_wconf 91' lang='lat' dir='ltr'><strong>quas</strong></span> <span class='ocrx_word' id='word_1_488' title='bbox 962 3415 1048 3468; x_wconf 89' lang='lat' dir='ltr'><strong>illi</strong></span> <span class='ocrx_word' id='word_1_489' title='bbox 1102 3414 1367 3468; x_wconf 87' lang='lat' dir='ltr'><strong>audacter</strong></span> <span class='ocrx_word' id='word_1_490' title='bbox 1423 3417 1481 3468; x_wconf 88' lang='lat' dir='ltr'><strong>et</strong></span> <span class='ocrx_word' id='word_1_491' title='bbox 1520 3418 1736 3469; x_wconf 89' lang='lat' dir='ltr'><strong>temere</strong></span> <span class='ocrx_word' id='word_1_492' title='bbox 1777 3431 2039 3485; x_wconf 87' lang='lat' dir='ltr'><strong>perscru-</strong></span> 
     </span>
    </p>
   </div>
   <div class='ocr_carea' id='block_1_67' title="bbox 346 3501 2042 3576">
    <p class='ocr_par' dir='ltr' id='par_1_67' title="bbox 346 3501 2042 3576">
     <span class='ocr_line' id='line_1_68' title="bbox 346 3501 2042 3576; baseline -0.001 -15"><span class='ocrx_word' id='word_1_493' title='bbox 346 3511 550 3573; x_wconf 85' lang='lat' dir='ltr'><strong>tantes,</strong></span> <span class='ocrx_word' id='word_1_494' title='bbox 579 3511 636 3560; x_wconf 90' lang='lat' dir='ltr'><strong>et</strong></span> <span class='ocrx_word' id='word_1_495' title='bbox 665 3505 776 3559; x_wconf 91' lang='lat' dir='ltr'><strong>alia</strong></span> <span class='ocrx_word' id='word_1_496' title='bbox 805 3521 870 3558; x_wconf 89' lang='lat' dir='ltr'><strong>ex</strong></span> <span class='ocrx_word' id='word_1_497' title='bbox 901 3503 1026 3558; x_wconf 91' lang='lat' dir='ltr'><strong>aliis</strong></span> <span class='ocrx_word' id='word_1_498' title='bbox 1073 3506 1407 3570; x_wconf 88' lang='lat' dir='ltr'><strong>asserentes,</strong></span> <span class='ocrx_word' id='word_1_499' title='bbox 1468 3501 1529 3556; x_wconf 91' lang='lat' dir='ltr'><strong>in</strong></span> <span class='ocrx_word' id='word_1_500' title='bbox 1569 3519 1782 3557; x_wconf 89' lang='lat' dir='ltr'><strong>crassas</strong></span> <span class='ocrx_word' id='word_1_501' title='bbox 1837 3508 1894 3558; x_wconf 89' lang='lat' dir='ltr'><strong>et</strong></span> <span class='ocrx_word' id='word_1_502' title='bbox 1914 3506 2042 3576; x_wconf 90' lang='lat' dir='ltr'><strong>pal—</strong></span> 
     </span>
    </p>
   </div>
   <div class='ocr_carea' id='block_1_68' title="bbox 345 3589 1591 3667">
    <p class='ocr_par' dir='ltr' id='par_1_68' title="bbox 345 3589 1591 3667">
     <span class='ocr_line' id='line_1_69' title="bbox 345 3589 1591 3667; baseline -0.003 -19"><span class='ocrx_word' id='word_1_503' title='bbox 345 3596 562 3667; x_wconf 84' lang='lat' dir='ltr'><strong>pabiles</strong></span> <span class='ocrx_word' id='word_1_504' title='bbox 592 3609 854 3648; x_wconf 89' lang='lat' dir='ltr'><strong>errorum</strong></span> <span class='ocrx_word' id='word_1_505' title='bbox 884 3592 1148 3646; x_wconf 86' lang='lat' dir='ltr'><strong>tenebras</strong></span> <span class='ocrx_word' id='word_1_506' title='bbox 1175 3589 1425 3644; x_wconf 89' lang='lat' dir='ltr'><strong>devoluti</strong></span> <span class='ocrx_word' id='word_1_507' title='bbox 1443 3595 1591 3644; x_wconf 88' lang='lat' dir='ltr'><strong>sunt.</strong></span> 
     </span>
    </p>
   </div>
   <div class='ocr_carea' id='block_1_69' title="bbox 417 3677 2047 3754">
    <p class='ocr_par' dir='ltr' id='par_1_69' title="bbox 417 3677 2047 3754">
     <span class='ocr_line' id='line_1_70' title="bbox 417 3677 2047 3754; baseline -0.002 -16"><span class='ocrx_word' id='word_1_508' title='bbox 417 3685 658 3754; x_wconf 77' lang='lat' dir='ltr'><strong>(STRAB.)</strong></span> <span class='ocrx_word' id='word_1_509' title='bbox 691 3684 798 3736; x_wconf 89' lang='lat' dir='ltr'><strong>Per</strong></span> <span class='ocrx_word' id='word_1_510' title='bbox 824 3680 1088 3735; x_wconf 82' lang='lat' dir='ltr'><strong>tenebras</strong></span> <span class='ocrx_word' id='word_1_511' title='bbox 1160 3677 1491 3748; x_wconf 87' lang='lat' dir='ltr'><strong>insipientia</strong></span> <span class='ocrx_word' id='word_1_512' title='bbox 1541 3695 1738 3734; x_wconf 90' lang='lat' dir='ltr'><strong>eorum</strong></span> <span class='ocrx_word' id='word_1_513' title='bbox 1797 3681 2047 3751; x_wconf 82' lang='lat' dir='ltr'><strong>[Judaeu-</strong></span> 
     </span>
    </p>
   </div>
   <div class='ocr_carea' id='block_1_70' title="bbox 349 3768 2043 3844">
    <p class='ocr_par' dir='ltr' id='par_1_70' title="bbox 349 3768 2043 3844">
     <span class='ocr_line' id='line_1_71' title="bbox 349 3768 2043 3844; baseline -0.002 -17"><span class='ocrx_word' id='word_1_514' title='bbox 349 3771 494 3844; x_wconf 89' lang='lat' dir='ltr'><strong>rum]</strong></span> <span class='ocrx_word' id='word_1_515' title='bbox 533 3771 869 3835; x_wconf 88' lang='lat' dir='ltr'><strong>ostenditur,</strong></span> <span class='ocrx_word' id='word_1_516' title='bbox 905 3770 1002 3840; x_wconf 90' lang='lat' dir='ltr'><strong>qui</strong></span> <span class='ocrx_word' id='word_1_517' title='bbox 1025 3768 1429 3838; x_wconf 87' lang='lat' dir='ltr'><strong>allligebantur</strong></span> <span class='ocrx_word' id='word_1_518' title='bbox 1474 3772 1532 3822; x_wconf 89' lang='lat' dir='ltr'><strong>et</strong></span> <span class='ocrx_word' id='word_1_519' title='bbox 1586 3768 1930 3838; x_wconf 81' lang='lat' dir='ltr'><strong>ignorabant</strong></span> <span class='ocrx_word' id='word_1_520' title='bbox 1975 3769 2043 3824; x_wconf 90' lang='lat' dir='ltr'><strong>ad</strong></span> 
     </span>
    </p>
   </div>
   <div class='ocr_carea' id='block_1_71' title="bbox 349 3856 2047 3932">
    <p class='ocr_par' dir='ltr' id='par_1_71' title="bbox 349 3856 2047 3932">
     <span class='ocr_line' id='line_1_72' title="bbox 349 3856 2047 3932; baseline -0.002 -18"><span class='ocrx_word' id='word_1_521' title='bbox 349 3877 523 3932; x_wconf 89' lang='lat' dir='ltr'><strong>quem</strong></span> <span class='ocrx_word' id='word_1_522' title='bbox 553 3861 726 3914; x_wconf 83' lang='lat' dir='ltr'><strong>ﬁnem</strong></span> <span class='ocrx_word' id='word_1_523' title='bbox 749 3874 949 3912; x_wconf 88' lang='lat' dir='ltr'><strong>eorum</strong></span> <span class='ocrx_word' id='word_1_524' title='bbox 977 3872 1160 3927; x_wconf 62' lang='lat' dir='ltr'><strong>poenae</strong></span> <span class='ocrx_word' id='word_1_525' title='bbox 1184 3856 1532 3910; x_wconf 88' lang='lat' dir='ltr'><strong>devenirent.</strong></span> <span class='ocrx_word' id='word_1_526' title='bbox 1593 3856 1778 3910; x_wconf 83' lang='lat' dir='ltr'><strong>Etiam</strong></span> <span class='ocrx_word' id='word_1_527' title='bbox 1827 3858 1912 3911; x_wconf 84' lang='lat' dir='ltr'><strong>vel</strong></span> <span class='ocrx_word' id='word_1_528' title='bbox 1947 3873 2047 3928; x_wconf 90' lang='lat' dir='ltr'><strong>per</strong></span> 
     </span>
    </p>
   </div>
   <div class='ocr_carea' id='block_1_72' title="bbox 350 3943 2047 4016">
    <p class='ocr_par' dir='ltr' id='par_1_72' title="bbox 350 3943 2047 4016">
     <span class='ocr_line' id='line_1_73' title="bbox 350 3943 2047 4016; baseline -0.003 -12"><span class='ocrx_word' id='word_1_529' title='bbox 350 3950 612 4004; x_wconf 85' lang='lat' dir='ltr'><strong>tenebras</strong></span> <span class='ocrx_word' id='word_1_530' title='bbox 666 3963 936 4002; x_wconf 88' lang='lat' dir='ltr'><strong>arcanum</strong></span> <span class='ocrx_word' id='word_1_531' title='bbox 985 3944 1162 4000; x_wconf 84' lang='lat' dir='ltr'><strong>divini</strong></span> <span class='ocrx_word' id='word_1_532' title='bbox 1241 3943 1444 4014; x_wconf 90' lang='lat' dir='ltr'><strong>judicii</strong></span> <span class='ocrx_word' id='word_1_533' title='bbox 1517 3944 1895 4015; x_wconf 86' lang='lat' dir='ltr'><strong>signiﬁcatur,</strong></span> <span class='ocrx_word' id='word_1_534' title='bbox 1933 3962 2047 4016; x_wconf 91' lang='lat' dir='ltr'><strong>quo</strong></span> 
     </span>
    </p>
   </div>
   <div class='ocr_carea' id='block_1_73' title="bbox 349 4033 2048 4110">
    <p class='ocr_par' dir='ltr' id='par_1_73' title="bbox 349 4033 2048 4110">
     <span class='ocr_line' id='line_1_74' title="bbox 349 4033 2048 4110; baseline -0.002 -18"><span class='ocrx_word' id='word_1_535' title='bbox 349 4039 530 4110; x_wconf 85' lang='lat' dir='ltr'><strong>justos</strong></span> <span class='ocrx_word' id='word_1_536' title='bbox 602 4033 1046 4090; x_wconf 86' lang='lat' dir='ltr'><strong>misericorditer</strong></span> <span class='ocrx_word' id='word_1_537' title='bbox 1112 4034 1310 4100; x_wconf 89' lang='lat' dir='ltr'><strong>salvat,</strong></span> <span class='ocrx_word' id='word_1_538' title='bbox 1399 4033 1606 4104; x_wconf 90' lang='lat' dir='ltr'><strong>impios</strong></span> <span class='ocrx_word' id='word_1_539' title='bbox 1676 4034 1831 4104; x_wconf 92' lang='lat' dir='ltr'><strong>juste</strong></span> <span class='ocrx_word' id='word_1_540' title='bbox 1915 4050 2048 4088; x_wconf 91' lang='lat' dir='ltr'><strong>con-</strong></span> 
     </span>
    </p>
   </div>
   <div class='ocr_carea' id='block_1_74' title="bbox 355 4127 606 4180">
    <p class='ocr_par' dir='ltr' id='par_1_74' title="bbox 355 4127 606 4180">
     <span class='ocr_line' id='line_1_75' title="bbox 355 4127 606 4180; baseline -0.016 0"><span class='ocrx_word' id='word_1_541' title='bbox 355 4127 606 4180; x_wconf 79' lang='lat' dir='ltr'><strong>damnat.</strong></span> 
     </span>
    </p>
   </div>
   <div class='ocr_carea' id='block_1_75' title="bbox 427 4209 2056 4278">
    <p class='ocr_par' dir='ltr' id='par_1_75' title="bbox 427 4209 2056 4278">
     <span class='ocr_line' id='line_1_76' title="bbox 427 4209 2056 4278; baseline -0.001 -14"><span class='ocrx_word' id='word_1_542' title='bbox 427 4213 588 4265; x_wconf 72' lang='lat' dir='ltr'><strong>Vsus.</strong></span> <span class='ocrx_word' id='word_1_543' title='bbox 619 4211 795 4264; x_wconf 58' lang='lat'><strong>24-29.</strong></span> <span class='ocrx_word' id='word_1_544' title='bbox 838 4239 910 4250; x_wconf 95' lang='lat'><strong><em>—</em></strong></span> <span class='ocrx_word' id='word_1_545' title='bbox 954 4210 1088 4264; x_wconf 86' lang='lat' dir='ltr'><strong>Oves</strong></span> <span class='ocrx_word' id='word_1_546' title='bbox 1121 4213 1350 4274; x_wconf 87' lang='lat' dir='ltr'><strong>tantum,</strong></span> <span class='ocrx_word' id='word_1_547' title='bbox 1378 4212 1484 4262; x_wconf 88' lang='lat' dir='ltr'><strong>etc.</strong></span> <span class='ocrx_word' id='word_1_548' title='bbox 1521 4209 1679 4278; x_wconf 80' lang='lat' dir='ltr'><strong>(Ave.</strong></span> <span class='ocrx_word' id='word_1_549' title='bbox 1715 4212 1773 4264; x_wconf 86' lang='lat' dir='ltr'><strong>in</strong></span> <span class='ocrx_word' id='word_1_550' title='bbox 1817 4210 2056 4265; x_wconf 86' lang='lat' dir='ltr'><strong>Locutio-</strong></span> 
     </span>
    </p>
   </div>
   <div class='ocr_carea' id='block_1_76' title="bbox 356 4295 2054 4366">
    <p class='ocr_par' dir='ltr' id='par_1_76' title="bbox 356 4295 2054 4366">
     <span class='ocr_line' id='line_1_77' title="bbox 356 4295 2054 4366; baseline -0.001 -12"><span class='ocrx_word' id='word_1_551' title='bbox 356 4300 513 4355; x_wconf 85' lang='lat' dir='ltr'><strong>m’bus</strong></span> <span class='ocrx_word' id='word_1_552' title='bbox 536 4302 595 4352; x_wconf 87' lang='lat' dir='ltr'><strong>in</strong></span> <span class='ocrx_word' id='word_1_553' title='bbox 647 4298 850 4363; x_wconf 60' lang='lat' dir='ltr'><strong>Euod,</strong></span> <span class='ocrx_word' id='word_1_554' title='bbox 898 4298 930 4351; x_wconf 93' lang='lat' dir='ltr'><strong>l.</strong></span> <span class='ocrx_word' id='word_1_555' title='bbox 995 4295 1105 4364; x_wconf 80' lang='lat'><strong>52.)</strong></span> <span class='ocrx_word' id='word_1_556' title='bbox 1167 4296 1392 4348; x_wconf 63' lang='lat' dir='ltr'><strong>Graecus</strong></span> <span class='ocrx_word' id='word_1_557' title='bbox 1449 4296 1640 4364; x_wconf 90' lang='lat' dir='ltr'><strong>habet,</strong></span> <span class='ocrx_word' id='word_1_558' title='bbox 1692 4302 1890 4366; x_wconf 70' lang='lat' dir='ltr'><strong>praeter</strong></span> <span class='ocrx_word' id='word_1_559' title='bbox 1936 4312 2054 4352; x_wconf 86' lang='lat' dir='ltr'><strong>oves</strong></span> 
     </span>
    </p>
   </div>
   <div class='ocr_carea' id='block_1_77' title="bbox 356 4380 2058 4454">
    <p class='ocr_par' dir='ltr' id='par_1_77' title="bbox 356 4380 2058 4454">
     <span class='ocr_line' id='line_1_78' title="bbox 356 4380 2058 4454; baseline -0.002 -13"><span class='ocrx_word' id='word_1_560' title='bbox 356 4392 406 4441; x_wconf 87' lang='lat' dir='ltr'><strong>et</strong></span> <span class='ocrx_word' id='word_1_561' title='bbox 445 4388 596 4441; x_wconf 85' lang='lat' dir='ltr'><strong>boves</strong></span> <span class='ocrx_word' id='word_1_562' title='bbox 615 4386 921 4452; x_wconf 79' lang='lat' dir='ltr'><strong>relinquite,</strong></span> <span class='ocrx_word' id='word_1_563' title='bbox 972 4388 1028 4436; x_wconf 90' lang='lat' dir='ltr'><strong>et</strong></span> <span class='ocrx_word' id='word_1_564' title='bbox 1051 4385 1136 4434; x_wconf 91' lang='lat' dir='ltr'><strong>est</strong></span> <span class='ocrx_word' id='word_1_565' title='bbox 1181 4380 1454 4435; x_wconf 89' lang='lat' dir='ltr'><strong>inusitata</strong></span> <span class='ocrx_word' id='word_1_566' title='bbox 1500 4383 1729 4448; x_wconf 89' lang='lat' dir='ltr'><strong>locutio,</strong></span> <span class='ocrx_word' id='word_1_567' title='bbox 1788 4384 1897 4437; x_wconf 90' lang='lat' dir='ltr'><strong>nisi</strong></span> <span class='ocrx_word' id='word_1_568' title='bbox 1928 4390 2058 4454; x_wconf 84' lang='lat' dir='ltr'><strong>post</strong></span> 
     </span>
    </p>
   </div>
   <div class='ocr_carea' id='block_1_78' title="bbox 359 4459 2055 4538">
    <p class='ocr_par' dir='ltr' id='par_1_78' title="bbox 359 4459 2055 4538">
     <span class='ocr_line' id='line_1_79' title="bbox 359 4459 2055 4538; baseline -0.002 -10"><span class='ocrx_word' id='word_1_569' title='bbox 359 4473 783 4529; x_wconf 89' lang='lat' dir='ltr'><strong>distinctionem</strong></span> <span class='ocrx_word' id='word_1_570' title='bbox 827 4471 1132 4535; x_wconf 88' lang='lat' dir='ltr'><strong>inseratur,</strong></span> <span class='ocrx_word' id='word_1_571' title='bbox 1188 4469 1476 4538; x_wconf 83' lang='lat' dir='ltr'><strong>relinquite</strong></span> <span class='ocrx_word' id='word_1_572' title='bbox 1514 4488 1528 4537; x_wconf 86' lang='lat'><strong>;</strong></span> <span class='ocrx_word' id='word_1_573' title='bbox 1560 4459 1617 4523; x_wconf 84' lang='lat' dir='ltr'><strong>et</strong></span> <span class='ocrx_word' id='word_1_574' title='bbox 1665 4471 2055 4538; x_wconf 89' lang='lat' dir='ltr'><strong>subaudiatur,</strong></span> 
     </span>
    </p>
   </div>
   <div class='ocr_carea' id='block_1_79' title="bbox 352 4559 2058 4628">
    <p class='ocr_par' dir='ltr' id='par_1_79' title="bbox 352 4559 2058 4628">
     <span class='ocr_line' id='line_1_80' title="bbox 352 4559 2058 4628; baseline -0.002 -11"><span class='ocrx_word' id='word_1_575' title='bbox 352 4563 480 4627; x_wconf 87' lang='lat' dir='ltr'><strong>ista,</strong></span> <span class='ocrx_word' id='word_1_576' title='bbox 509 4567 570 4616; x_wconf 90' lang='lat' dir='ltr'><strong>ut</strong></span> <span class='ocrx_word' id='word_1_577' title='bbox 605 4561 677 4614; x_wconf 90' lang='lat' dir='ltr'><strong>sit</strong></span> <span class='ocrx_word' id='word_1_578' title='bbox 721 4575 957 4614; x_wconf 88' lang='lat' dir='ltr'><strong>sensus:</strong></span> <span class='ocrx_word' id='word_1_579' title='bbox 1011 4559 1091 4612; x_wconf 91' lang='lat' dir='ltr'><strong>lte</strong></span> <span class='ocrx_word' id='word_1_580' title='bbox 1131 4563 1338 4628; x_wconf 73' lang='lat' dir='ltr'><strong>praeter</strong></span> <span class='ocrx_word' id='word_1_581' title='bbox 1379 4573 1508 4611; x_wconf 79' lang='lat' dir='ltr'><strong>oves</strong></span> <span class='ocrx_word' id='word_1_582' title='bbox 1548 4565 1604 4612; x_wconf 88' lang='lat' dir='ltr'><strong>et</strong></span> <span class='ocrx_word' id='word_1_583' title='bbox 1634 4559 1806 4614; x_wconf 88' lang='lat' dir='ltr'><strong>boves</strong></span> <span class='ocrx_word' id='word_1_584' title='bbox 1888 4564 1944 4614; x_wconf 91' lang='lat' dir='ltr'><strong>et</strong></span> <span class='ocrx_word' id='word_1_585' title='bbox 1970 4576 2058 4614; x_wconf 90' lang='lat' dir='ltr'><strong>re-</strong></span> 
     </span>
    </p>
   </div>
   <div class='ocr_carea' id='block_1_80' title="bbox 356 4645 2062 4722">
    <p class='ocr_par' dir='ltr' id='par_1_80' title="bbox 356 4645 2062 4722">
     <span class='ocr_line' id='line_1_81' title="bbox 356 4645 2062 4722; baseline -0.001 -18"><span class='ocrx_word' id='word_1_586' title='bbox 356 4649 602 4722; x_wconf 87' lang='lat' dir='ltr'><strong>linquite</strong></span> <span class='ocrx_word' id='word_1_587' title='bbox 633 4649 758 4702; x_wconf 88' lang='lat' dir='ltr'><strong>ista.</strong></span> <span class='ocrx_word' id='word_1_588' title='bbox 800 4648 957 4702; x_wconf 90' lang='lat' dir='ltr'><strong>Solet</strong></span> <span class='ocrx_word' id='word_1_589' title='bbox 985 4645 1139 4700; x_wconf 88' lang='lat' dir='ltr'><strong>enim</strong></span> <span class='ocrx_word' id='word_1_590' title='bbox 1169 4645 1295 4700; x_wconf 90' lang='lat' dir='ltr'><strong>talis</strong></span> <span class='ocrx_word' id='word_1_591' title='bbox 1323 4646 1547 4716; x_wconf 90' lang='lat' dir='ltr'><strong>eclipsis</strong></span> <span class='ocrx_word' id='word_1_592' title='bbox 1593 4646 1717 4701; x_wconf 89' lang='lat' dir='ltr'><strong>ﬁeri</strong></span> <span class='ocrx_word' id='word_1_593' title='bbox 1771 4648 1968 4702; x_wconf 89' lang='lat' dir='ltr'><strong>crebro</strong></span> <span class='ocrx_word' id='word_1_594' title='bbox 2002 4649 2062 4703; x_wconf 91' lang='lat' dir='ltr'><strong>in</strong></span> 
     </span>
    </p>
   </div>
   <div class='ocr_carea' id='block_1_81' title="bbox 359 4736 1212 4806">
    <p class='ocr_par' dir='ltr' id='par_1_81' title="bbox 359 4736 1212 4806">
     <span class='ocr_line' id='line_1_82' title="bbox 359 4736 1212 4806; baseline -0.007 -12"><span class='ocrx_word' id='word_1_595' title='bbox 359 4738 745 4794; x_wconf 85' lang='lat' dir='ltr'><strong>locutionibus</strong></span> <span class='ocrx_word' id='word_1_596' title='bbox 768 4736 1212 4806; x_wconf 86' lang='lat' dir='ltr'><strong>Scripturarum.</strong></span> 
     </span>
    </p>
   </div>
   <div class='ocr_carea' id='block_1_82' title="bbox 435 4824 2065 4905">
    <p class='ocr_par' dir='ltr' id='par_1_82' title="bbox 435 4824 2065 4905">
     <span class='ocr_line' id='line_1_83' title="bbox 435 4824 2065 4905; baseline -0.002 -24"><span class='ocrx_word' id='word_1_597' title='bbox 435 4827 622 4896; x_wconf 73' lang='grc' dir='ltr'><strong>(ΗΑΒ.)</strong></span> <span class='ocrx_word' id='word_1_598' title='bbox 652 4827 879 4905; x_wconf 73' lang='lat' dir='ltr'><strong>Nonum</strong></span> <span class='ocrx_word' id='word_1_599' title='bbox 918 4828 1269 4894; x_wconf 85' lang='lat' dir='ltr'><strong>praeceptum</strong></span> <span class='ocrx_word' id='word_1_600' title='bbox 1293 4838 1305 4876; x_wconf 91' lang='lat'><strong>:</strong></span> <span class='ocrx_word' id='word_1_601' title='bbox 1331 4824 1446 4878; x_wconf 89' lang='lat' dir='ltr'><strong>Non</strong></span> <span class='ocrx_word' id='word_1_602' title='bbox 1472 4826 1807 4893; x_wconf 87' lang='lat' dir='ltr'><strong>concupisces</strong></span> <span class='ocrx_word' id='word_1_603' title='bbox 1843 4838 2065 4877; x_wconf 61' lang='lat' dir='ltr'><strong>uxorem</strong></span> 
     </span>
    </p>
   </div>
   <div class='ocr_carea' id='block_1_83' title="bbox 359 4911 2067 4986">
    <p class='ocr_par' dir='ltr' id='par_1_83' title="bbox 359 4911 2067 4986">
     <span class='ocr_line' id='line_1_84' title="bbox 359 4911 2067 4986; baseline -0.002 -17"><span class='ocrx_word' id='word_1_604' title='bbox 359 4917 604 4986; x_wconf 69' lang='lat' dir='ltr'><strong>proximi</strong></span> <span class='ocrx_word' id='word_1_605' title='bbox 632 4916 746 4969; x_wconf 87' lang='lat' dir='ltr'><strong>tui:</strong></span> <span class='ocrx_word' id='word_1_606' title='bbox 788 4929 942 4968; x_wconf 90' lang='lat' dir='ltr'><strong>nona</strong></span> <span class='ocrx_word' id='word_1_607' title='bbox 1000 4912 1190 4983; x_wconf 89' lang='lat' dir='ltr'><strong>plaga,</strong></span> <span class='ocrx_word' id='word_1_608' title='bbox 1214 4911 1404 4964; x_wconf 68' lang='lat' dir='ltr'><strong>densa:</strong></span> <span class='ocrx_word' id='word_1_609' title='bbox 1458 4911 1730 4966; x_wconf 86' lang='lat' dir='ltr'><strong>tenebrae.</strong></span> <span class='ocrx_word' id='word_1_610' title='bbox 1793 4913 1888 4966; x_wconf 90' lang='lat' dir='ltr'><strong>Est</strong></span> <span class='ocrx_word' id='word_1_611' title='bbox 1912 4911 2067 4966; x_wconf 90' lang='lat' dir='ltr'><strong>enim</strong></span> 
     </span>
    </p>
   </div>
   <div class='ocr_carea' id='block_1_84' title="bbox 365 5000 2067 5076">
    <p class='ocr_par' dir='ltr' id='par_1_84' title="bbox 365 5000 2067 5076">
     <span class='ocr_line' id='line_1_85' title="bbox 365 5000 2067 5076; baseline -0.004 -18"><span class='ocrx_word' id='word_1_612' title='bbox 365 5005 626 5076; x_wconf 77' lang='lat' dir='ltr'><strong>quaedam</strong></span> <span class='ocrx_word' id='word_1_613' title='bbox 674 5003 915 5057; x_wconf 70' lang='lat' dir='ltr'><strong>mmchia</strong></span> <span class='ocrx_word' id='word_1_614' title='bbox 971 5003 1143 5055; x_wconf 87' lang='lat' dir='ltr'><strong>etiam</strong></span> <span class='ocrx_word' id='word_1_615' title='bbox 1178 5001 1239 5054; x_wconf 93' lang='lat' dir='ltr'><strong>in</strong></span> <span class='ocrx_word' id='word_1_616' title='bbox 1293 5001 1614 5070; x_wconf 87' lang='lat' dir='ltr'><strong>appetendo</strong></span> <span class='ocrx_word' id='word_1_617' title='bbox 1655 5016 1894 5054; x_wconf 85' lang='lat' dir='ltr'><strong>uxorem</strong></span> <span class='ocrx_word' id='word_1_618' title='bbox 1935 5000 2067 5054; x_wconf 87' lang='lat' dir='ltr'><strong>alie-</strong></span> 
     </span>
    </p>
   </div>
   <div class='ocr_carea' id='block_1_85' title="bbox 365 5088 2066 5162">
    <p class='ocr_par' dir='ltr' id='par_1_85' title="bbox 365 5088 2066 5162">
     <span class='ocr_line' id='line_1_86' title="bbox 365 5088 2066 5162; baseline -0.002 -16"><span class='ocrx_word' id='word_1_619' title='bbox 365 5109 500 5147; x_wconf 89' lang='lat' dir='ltr'><strong>nam</strong></span> <span class='ocrx_word' id='word_1_620' title='bbox 532 5091 758 5162; x_wconf 90' lang='lat' dir='ltr'><strong>quando</strong></span> <span class='ocrx_word' id='word_1_621' title='bbox 780 5091 956 5144; x_wconf 90' lang='lat' dir='ltr'><strong>cuivis</strong></span> <span class='ocrx_word' id='word_1_622' title='bbox 988 5106 1105 5144; x_wconf 92' lang='lat' dir='ltr'><strong>non</strong></span> <span class='ocrx_word' id='word_1_623' title='bbox 1159 5088 1370 5143; x_wconf 83' lang='lat' dir='ltr'><strong>sufﬁcit</strong></span> <span class='ocrx_word' id='word_1_624' title='bbox 1420 5103 1538 5154; x_wconf 90' lang='lat' dir='ltr'><strong>sua,</strong></span> <span class='ocrx_word' id='word_1_625' title='bbox 1600 5088 1771 5142; x_wconf 89' lang='lat' dir='ltr'><strong>etiam</strong></span> <span class='ocrx_word' id='word_1_626' title='bbox 1819 5089 2066 5144; x_wconf 90' lang='lat' dir='ltr'><strong>alienam</strong></span> 
     </span>
    </p>
   </div>
   <div class='ocr_carea' id='block_1_86' title="bbox 366 5176 2066 5237">
    <p class='ocr_par' dir='ltr' id='par_1_86' title="bbox 366 5176 2066 5237">
     <span class='ocr_line' id='line_1_87' title="bbox 366 5176 2066 5237; baseline -0.004 -1"><span class='ocrx_word' id='word_1_627' title='bbox 366 5185 606 5236; x_wconf 90' lang='lat' dir='ltr'><strong>tentare.</strong></span> <span class='ocrx_word' id='word_1_628' title='bbox 640 5181 779 5233; x_wconf 90' lang='lat' dir='ltr'><strong>Vere</strong></span> <span class='ocrx_word' id='word_1_629' title='bbox 811 5179 998 5233; x_wconf 86' lang='lat' dir='ltr'><strong>densae</strong></span> <span class='ocrx_word' id='word_1_630' title='bbox 1059 5182 1192 5232; x_wconf 90' lang='lat' dir='ltr'><strong>sunt</strong></span> <span class='ocrx_word' id='word_1_631' title='bbox 1243 5176 1516 5237; x_wconf 64' lang='lat' dir='ltr'><strong>tenebrae,</strong></span> <span class='ocrx_word' id='word_1_632' title='bbox 1566 5176 1710 5231; x_wconf 91' lang='lat' dir='ltr'><strong>nihil</strong></span> <span class='ocrx_word' id='word_1_633' title='bbox 1763 5177 1918 5231; x_wconf 90' lang='lat' dir='ltr'><strong>enim</strong></span> <span class='ocrx_word' id='word_1_634' title='bbox 1949 5181 2066 5231; x_wconf 90' lang='lat' dir='ltr'><strong>tam</strong></span> 
     </span>
    </p>
   </div>
   <div class='ocr_carea' id='block_1_87' title="bbox 365 5264 2070 5338">
    <p class='ocr_par' dir='ltr' id='par_1_87' title="bbox 365 5264 2070 5338">
     <span class='ocr_line' id='line_1_88' title="bbox 365 5264 2070 5338; baseline -0.002 -15"><span class='ocrx_word' id='word_1_635' title='bbox 365 5269 521 5324; x_wconf 92' lang='lat' dir='ltr'><strong>dolet</strong></span> <span class='ocrx_word' id='word_1_636' title='bbox 537 5268 777 5338; x_wconf 90' lang='lat' dir='ltr'><strong>patiens,</strong></span> <span class='ocrx_word' id='word_1_637' title='bbox 813 5266 956 5321; x_wconf 87' lang='lat' dir='ltr'><strong>nihil</strong></span> <span class='ocrx_word' id='word_1_638' title='bbox 1000 5271 1115 5319; x_wconf 87' lang='lat' dir='ltr'><strong>tam</strong></span> <span class='ocrx_word' id='word_1_639' title='bbox 1155 5264 1301 5320; x_wconf 87' lang='lat' dir='ltr'><strong>nolit</strong></span> <span class='ocrx_word' id='word_1_640' title='bbox 1341 5264 1461 5336; x_wconf 87' lang='lat' dir='ltr'><strong>pati</strong></span> <span class='ocrx_word' id='word_1_641' title='bbox 1517 5265 1773 5320; x_wconf 83' lang='lat' dir='ltr'><strong>faciens:</strong></span> <span class='ocrx_word' id='word_1_642' title='bbox 1813 5265 1912 5336; x_wconf 92' lang='lat' dir='ltr'><strong>qui</strong></span> <span class='ocrx_word' id='word_1_643' title='bbox 1959 5265 2070 5320; x_wconf 91' lang='lat' dir='ltr'><strong>hoc</strong></span> 
     </span>
    </p>
   </div>
   <div class='ocr_carea' id='block_1_88' title="bbox 365 5353 1453 5411">
    <p class='ocr_par' dir='ltr' id='par_1_88' title="bbox 365 5353 1453 5411">
     <span class='ocr_line' id='line_1_89' title="bbox 365 5353 1453 5411; baseline -0.003 0"><span class='ocrx_word' id='word_1_644' title='bbox 365 5357 498 5411; x_wconf 83' lang='lat' dir='ltr'><strong>facit</strong></span> <span class='ocrx_word' id='word_1_645' title='bbox 525 5371 654 5410; x_wconf 90' lang='lat' dir='ltr'><strong>vere</strong></span> <span class='ocrx_word' id='word_1_646' title='bbox 675 5360 916 5409; x_wconf 66' lang='lat' dir='ltr'><strong>caecatur</strong></span> <span class='ocrx_word' id='word_1_647' title='bbox 945 5355 1137 5408; x_wconf 81' lang='lat' dir='ltr'><strong>furore</strong></span> <span class='ocrx_word' id='word_1_648' title='bbox 1167 5353 1453 5408; x_wconf 89' lang='lat' dir='ltr'><strong>horribili.</strong></span> 
     </span>
    </p>
   </div>
   <div class='ocr_carea' id='block_1_89' title="bbox 2142 2976 3852 3046">
    <p class='ocr_par' dir='ltr' id='par_1_89' title="bbox 2142 2976 3852 3046">
     <span class='ocr_line' id='line_1_90' title="bbox 2142 2976 3852 3046; baseline -0.002 -12"><span class='ocrx_word' id='word_1_649' title='bbox 2142 2984 2199 3036; x_wconf 88' lang='lat' dir='ltr'><strong>et</strong></span> <span class='ocrx_word' id='word_1_650' title='bbox 2252 2985 2502 3034; x_wconf 90' lang='lat' dir='ltr'><strong>rectores</strong></span> <span class='ocrx_word' id='word_1_651' title='bbox 2554 2978 2924 3032; x_wconf 86' lang='lat' dir='ltr'><strong>tenebrarum</strong></span> <span class='ocrx_word' id='word_1_652' title='bbox 2971 2978 3198 3044; x_wconf 85' lang='lat' dir='ltr'><strong>harum,</strong></span> <span class='ocrx_word' id='word_1_653' title='bbox 3272 2976 3659 3046; x_wconf 87' lang='lat' dir='ltr'><strong>primogenita</strong></span> <span class='ocrx_word' id='word_1_654' title='bbox 3711 2980 3852 3030; x_wconf 91' lang='lat' dir='ltr'><strong>sunt</strong></span> 
     </span>
    </p>
   </div>
   <div class='ocr_carea' id='block_1_90' title="bbox 2141 3064 3855 3139">
    <p class='ocr_par' dir='ltr' id='par_1_90' title="bbox 2141 3064 3855 3139">
     <span class='ocr_line' id='line_1_91' title="bbox 2141 3064 3855 3139; baseline -0.003 -16"><span class='ocrx_word' id='word_1_655' title='bbox 2141 3067 2537 3139; x_wconf 67' lang='lat' dir='ltr'><strong>Egyptiorum</strong></span> <span class='ocrx_word' id='word_1_656' title='bbox 2569 3067 2721 3138; x_wconf 91' lang='lat' dir='ltr'><strong>quod</strong></span> <span class='ocrx_word' id='word_1_657' title='bbox 2775 3067 2914 3137; x_wconf 87' lang='lat' dir='ltr'><strong>[Al.,</strong></span> <span class='ocrx_word' id='word_1_658' title='bbox 2967 3064 3090 3137; x_wconf 91' lang='lat' dir='ltr'><strong>qui]</strong></span> <span class='ocrx_word' id='word_1_659' title='bbox 3127 3065 3187 3119; x_wconf 91' lang='lat' dir='ltr'><strong>in</strong></span> <span class='ocrx_word' id='word_1_660' title='bbox 3237 3064 3440 3118; x_wconf 89' lang='lat' dir='ltr'><strong>ultima</strong></span> <span class='ocrx_word' id='word_1_661' title='bbox 3496 3065 3686 3135; x_wconf 88' lang='lat' dir='ltr'><strong>plaga,</strong></span> <span class='ocrx_word' id='word_1_662' title='bbox 3717 3081 3855 3119; x_wconf 92' lang='lat' dir='ltr'><strong>cum</strong></span> 
     </span>
    </p>
   </div>
   <div class='ocr_carea' id='block_1_91' title="bbox 2143 3153 3856 3223">
    <p class='ocr_par' dir='ltr' id='par_1_91' title="bbox 2143 3153 3856 3223">
     <span class='ocr_line' id='line_1_92' title="bbox 2143 3153 3856 3223; baseline -0.002 -13"><span class='ocrx_word' id='word_1_663' title='bbox 2143 3156 2358 3211; x_wconf 89' lang='lat' dir='ltr'><strong>scilicet</strong></span> <span class='ocrx_word' id='word_1_664' title='bbox 2384 3157 2514 3210; x_wconf 86' lang='lat' dir='ltr'><strong>ﬁnis</strong></span> <span class='ocrx_word' id='word_1_665' title='bbox 2567 3155 2772 3210; x_wconf 89' lang='lat' dir='ltr'><strong>mundi</strong></span> <span class='ocrx_word' id='word_1_666' title='bbox 2822 3155 3116 3210; x_wconf 89' lang='lat' dir='ltr'><strong>advenerit</strong></span> <span class='ocrx_word' id='word_1_667' title='bbox 3173 3169 3305 3208; x_wconf 91' lang='lat' dir='ltr'><strong>cum</strong></span> <span class='ocrx_word' id='word_1_668' title='bbox 3382 3153 3667 3223; x_wconf 85' lang='lat' dir='ltr'><strong>separabit</strong></span> <span class='ocrx_word' id='word_1_669' title='bbox 3720 3169 3856 3207; x_wconf 89' lang='lat' dir='ltr'><strong>oves</strong></span> 
     </span>
    </p>
   </div>
   <div class='ocr_carea' id='block_1_92' title="bbox 2145 3241 3050 3314">
    <p class='ocr_par' dir='ltr' id='par_1_92' title="bbox 2145 3241 3050 3314">
     <span class='ocr_line' id='line_1_93' title="bbox 2145 3241 3050 3314; baseline -0.001 -17"><span class='ocrx_word' id='word_1_670' title='bbox 2145 3243 2214 3297; x_wconf 89' lang='lat' dir='ltr'><strong>ab</strong></span> <span class='ocrx_word' id='word_1_671' title='bbox 2273 3243 2471 3310; x_wconf 60' lang='lat' dir='ltr'><strong>haedis,</strong></span> <span class='ocrx_word' id='word_1_672' title='bbox 2535 3259 2715 3314; x_wconf 89' lang='lat' dir='ltr'><strong>grana</strong></span> <span class='ocrx_word' id='word_1_673' title='bbox 2761 3259 2795 3296; x_wconf 90' lang='lat' dir='ltr'><strong>a</strong></span> <span class='ocrx_word' id='word_1_674' title='bbox 2841 3241 3050 3313; x_wconf 88' lang='lat' dir='ltr'><strong>paleis,</strong></span> 
     </span>
    </p>
   </div>
   <div class='ocr_carea' id='block_1_93' title="bbox 2144 3330 3036 3402">
    <p class='ocr_par' dir='ltr' id='par_1_93' title="bbox 2144 3330 3036 3402">
     <span class='ocr_line' id='line_1_94' title="bbox 2144 3330 3036 3402; baseline 0 -17"><span class='ocrx_word' id='word_1_675' title='bbox 2144 3331 2387 3402; x_wconf 87' lang='lat' dir='ltr'><strong>vagandi</strong></span> <span class='ocrx_word' id='word_1_676' title='bbox 2417 3337 2474 3385; x_wconf 91' lang='lat' dir='ltr'><strong>et</strong></span> <span class='ocrx_word' id='word_1_677' title='bbox 2502 3330 2759 3385; x_wconf 90' lang='lat' dir='ltr'><strong>tentandi</strong></span> <span class='ocrx_word' id='word_1_678' title='bbox 2789 3331 3036 3386; x_wconf 88' lang='lat' dir='ltr'><strong>licentia.</strong></span> 
     </span>
    </p>
   </div>
   <div class='ocr_carea' id='block_1_94' title="bbox 2219 3417 3859 3491">
    <p class='ocr_par' dir='ltr' id='par_1_94' title="bbox 2219 3417 3859 3491">
     <span class='ocr_line' id='line_1_95' title="bbox 2219 3417 3859 3491; baseline -0.002 -17"><span class='ocrx_word' id='word_1_679' title='bbox 2219 3419 2423 3491; x_wconf 80' lang='lat' dir='ltr'><strong>(ORIG.)</strong></span> <span class='ocrx_word' id='word_1_680' title='bbox 2475 3420 2782 3474; x_wconf 82' lang='lat' dir='ltr'><strong>Moraliter.</strong></span> <span class='ocrx_word' id='word_1_681' title='bbox 2828 3419 3050 3484; x_wconf 82' lang='lat' dir='ltr'><strong>Anima,</strong></span> <span class='ocrx_word' id='word_1_682' title='bbox 3120 3419 3259 3474; x_wconf 91' lang='lat' dir='ltr'><strong>dum</strong></span> <span class='ocrx_word' id='word_1_683' title='bbox 3305 3420 3368 3473; x_wconf 92' lang='lat' dir='ltr'><strong>in</strong></span> <span class='ocrx_word' id='word_1_684' title='bbox 3404 3419 3510 3473; x_wconf 89' lang='lat' dir='ltr'><strong>hoc</strong></span> <span class='ocrx_word' id='word_1_685' title='bbox 3555 3417 3770 3472; x_wconf 90' lang='lat' dir='ltr'><strong>mundo</strong></span> <span class='ocrx_word' id='word_1_686' title='bbox 3795 3417 3859 3471; x_wconf 90' lang='lat' dir='ltr'><strong>in</strong></span> 
     </span>
    </p>
   </div>
   <div class='ocr_carea' id='block_1_95' title="bbox 2149 3507 3858 3578">
    <p class='ocr_par' dir='ltr' id='par_1_95' title="bbox 2149 3507 3858 3578">
     <span class='ocr_line' id='line_1_96' title="bbox 2149 3507 3858 3578; baseline -0.002 -17"><span class='ocrx_word' id='word_1_687' title='bbox 2149 3509 2440 3562; x_wconf 90' lang='lat' dir='ltr'><strong>erroribus</strong></span> <span class='ocrx_word' id='word_1_688' title='bbox 2467 3507 2625 3573; x_wconf 85' lang='lat' dir='ltr'><strong>vivit,</strong></span> <span class='ocrx_word' id='word_1_689' title='bbox 2658 3507 2986 3578; x_wconf 89' lang='lat' dir='ltr'><strong>ignorantia</strong></span> <span class='ocrx_word' id='word_1_690' title='bbox 3014 3507 3288 3570; x_wconf 89' lang='lat' dir='ltr'><strong>veritatis,</strong></span> <span class='ocrx_word' id='word_1_691' title='bbox 3347 3507 3409 3560; x_wconf 91' lang='lat' dir='ltr'><strong>in</strong></span> <span class='ocrx_word' id='word_1_692' title='bbox 3467 3509 3708 3576; x_wconf 67' lang='lat' dir='ltr'><strong>Egypto</strong></span> <span class='ocrx_word' id='word_1_693' title='bbox 3740 3521 3858 3575; x_wconf 85' lang='lat' dir='ltr'><strong>po-</strong></span> 
     </span>
    </p>
   </div>
   <div class='ocr_carea' id='block_1_96' title="bbox 2149 3594 3865 3667">
    <p class='ocr_par' dir='ltr' id='par_1_96' title="bbox 2149 3594 3865 3667">
     <span class='ocr_line' id='line_1_97' title="bbox 2149 3594 3865 3667; baseline -0.003 -16"><span class='ocrx_word' id='word_1_694' title='bbox 2149 3597 2258 3652; x_wconf 90' lang='lat' dir='ltr'><strong>sita</strong></span> <span class='ocrx_word' id='word_1_695' title='bbox 2305 3602 2390 3652; x_wconf 90' lang='lat' dir='ltr'><strong>est</strong></span> <span class='ocrx_word' id='word_1_696' title='bbox 2417 3613 2431 3651; x_wconf 90' lang='lat'><strong>:</strong></span> <span class='ocrx_word' id='word_1_697' title='bbox 2464 3596 2512 3650; x_wconf 89' lang='lat' dir='ltr'><strong>is</strong></span> <span class='ocrx_word' id='word_1_698' title='bbox 2541 3596 3006 3667; x_wconf 89' lang='lat' dir='ltr'><strong>appropinquare</strong></span> <span class='ocrx_word' id='word_1_699' title='bbox 3036 3596 3207 3666; x_wconf 62' lang='lat' dir='ltr'><strong>caepit</strong></span> <span class='ocrx_word' id='word_1_700' title='bbox 3276 3597 3366 3650; x_wconf 86' lang='lat' dir='ltr'><strong>lex</strong></span> <span class='ocrx_word' id='word_1_701' title='bbox 3422 3596 3543 3661; x_wconf 91' lang='lat' dir='ltr'><strong>Dei,</strong></span> <span class='ocrx_word' id='word_1_702' title='bbox 3595 3609 3773 3665; x_wconf 90' lang='lat' dir='ltr'><strong>aquas</strong></span> <span class='ocrx_word' id='word_1_703' title='bbox 3797 3594 3865 3647; x_wconf 87' lang='lat' dir='ltr'><strong>in</strong></span> 
     </span>
    </p>
   </div>
   <div class='ocr_carea' id='block_1_97' title="bbox 2152 3681 3867 3754">
    <p class='ocr_par' dir='ltr' id='par_1_97' title="bbox 2152 3681 3867 3754">
     <span class='ocr_line' id='line_1_98' title="bbox 2152 3681 3867 3754; baseline -0.002 -16"><span class='ocrx_word' id='word_1_704' title='bbox 2152 3686 2492 3754; x_wconf 80' lang='lat' dir='ltr'><strong>sanguinem</strong></span> <span class='ocrx_word' id='word_1_705' title='bbox 2517 3683 2809 3747; x_wconf 88' lang='lat' dir='ltr'><strong>convertit,</strong></span> <span class='ocrx_word' id='word_1_706' title='bbox 2869 3684 2928 3738; x_wconf 92' lang='lat' dir='ltr'><strong>id</strong></span> <span class='ocrx_word' id='word_1_707' title='bbox 2981 3690 3066 3738; x_wconf 90' lang='lat' dir='ltr'><strong>est</strong></span> <span class='ocrx_word' id='word_1_708' title='bbox 3119 3684 3355 3738; x_wconf 78' lang='lat' dir='ltr'><strong>fluidam</strong></span> <span class='ocrx_word' id='word_1_709' title='bbox 3373 3689 3432 3738; x_wconf 90' lang='lat' dir='ltr'><strong>et</strong></span> <span class='ocrx_word' id='word_1_710' title='bbox 3477 3683 3754 3738; x_wconf 90' lang='lat' dir='ltr'><strong>lubricam</strong></span> <span class='ocrx_word' id='word_1_711' title='bbox 3771 3681 3867 3751; x_wconf 85' lang='lat' dir='ltr'><strong>ju-</strong></span> 
     </span>
    </p>
   </div>
   <div class='ocr_carea' id='block_1_98' title="bbox 2151 3769 3863 3840">
    <p class='ocr_par' dir='ltr' id='par_1_98' title="bbox 2151 3769 3863 3840">
     <span class='ocr_line' id='line_1_99' title="bbox 2151 3769 3863 3840; baseline -0.001 -15"><span class='ocrx_word' id='word_1_712' title='bbox 2151 3773 2401 3826; x_wconf 88' lang='lat' dir='ltr'><strong>ventutis</strong></span> <span class='ocrx_word' id='word_1_713' title='bbox 2453 3772 2627 3826; x_wconf 88' lang='lat' dir='ltr'><strong>vitam</strong></span> <span class='ocrx_word' id='word_1_714' title='bbox 2679 3771 2958 3826; x_wconf 88' lang='lat' dir='ltr'><strong>convertit</strong></span> <span class='ocrx_word' id='word_1_715' title='bbox 3001 3772 3071 3826; x_wconf 89' lang='lat' dir='ltr'><strong>ad</strong></span> <span class='ocrx_word' id='word_1_716' title='bbox 3121 3771 3466 3840; x_wconf 88' lang='lat' dir='ltr'><strong>sanguinem</strong></span> <span class='ocrx_word' id='word_1_717' title='bbox 3526 3769 3742 3824; x_wconf 88' lang='lat' dir='ltr'><strong>Veteris</strong></span> <span class='ocrx_word' id='word_1_718' title='bbox 3773 3770 3863 3823; x_wconf 90' lang='lat' dir='ltr'><strong>vel</strong></span> 
     </span>
    </p>
   </div>
   <div class='ocr_carea' id='block_1_99' title="bbox 2153 3860 3870 3919">
    <p class='ocr_par' dir='ltr' id='par_1_99' title="bbox 2153 3860 3870 3919">
     <span class='ocr_line' id='line_1_100' title="bbox 2153 3860 3870 3919; baseline -0.003 0"><span class='ocrx_word' id='word_1_719' title='bbox 2153 3864 2291 3919; x_wconf 84' lang='lat' dir='ltr'><strong>Novi</strong></span> <span class='ocrx_word' id='word_1_720' title='bbox 2319 3860 2681 3916; x_wconf 87' lang='lat' dir='ltr'><strong>Testamenti.</strong></span> <span class='ocrx_word' id='word_1_721' title='bbox 2719 3860 2933 3915; x_wconf 88' lang='lat' dir='ltr'><strong>Deinde</strong></span> <span class='ocrx_word' id='word_1_722' title='bbox 2983 3860 3176 3914; x_wconf 90' lang='lat' dir='ltr'><strong>educit</strong></span> <span class='ocrx_word' id='word_1_723' title='bbox 3222 3861 3311 3913; x_wconf 89' lang='lat' dir='ltr'><strong>lex</strong></span> <span class='ocrx_word' id='word_1_724' title='bbox 3353 3876 3418 3913; x_wconf 86' lang='lat' dir='ltr'><strong>ex</strong></span> <span class='ocrx_word' id='word_1_725' title='bbox 3445 3875 3513 3912; x_wconf 89' lang='lat' dir='ltr'><strong>ea</strong></span> <span class='ocrx_word' id='word_1_726' title='bbox 3566 3874 3772 3912; x_wconf 86' lang='lat' dir='ltr'><strong>vanam</strong></span> <span class='ocrx_word' id='word_1_727' title='bbox 3804 3864 3870 3913; x_wconf 87' lang='lat' dir='ltr'><strong>et</strong></span> 
     </span>
    </p>
   </div>
   <div class='ocr_carea' id='block_1_100' title="bbox 2155 3943 3864 4018">
    <p class='ocr_par' dir='ltr' id='par_1_100' title="bbox 2155 3943 3864 4018">
     <span class='ocr_line' id='line_1_101' title="bbox 2155 3943 3864 4018; baseline -0.004 -14"><span class='ocrx_word' id='word_1_728' title='bbox 2155 3950 2388 4004; x_wconf 87' lang='lat' dir='ltr'><strong>inanem</strong></span> <span class='ocrx_word' id='word_1_729' title='bbox 2443 3947 2847 4018; x_wconf 89' lang='lat' dir='ltr'><strong>loquacitatem</strong></span> <span class='ocrx_word' id='word_1_730' title='bbox 2892 3946 3200 4000; x_wconf 91' lang='lat' dir='ltr'><strong>adversum</strong></span> <span class='ocrx_word' id='word_1_731' title='bbox 3250 3945 3352 3999; x_wconf 87' lang='lat' dir='ltr'><strong>Dei</strong></span> <span class='ocrx_word' id='word_1_732' title='bbox 3411 3943 3864 4015; x_wconf 89' lang='lat' dir='ltr'><strong>providentiam,</strong></span> 
     </span>
    </p>
   </div>
   <div class='ocr_carea' id='block_1_101' title="bbox 2158 4032 3867 4106">
    <p class='ocr_par' dir='ltr' id='par_1_101' title="bbox 2158 4032 3867 4106">
     <span class='ocr_line' id='line_1_102' title="bbox 2158 4032 3867 4106; baseline -0.004 -15"><span class='ocrx_word' id='word_1_733' title='bbox 2158 4053 2428 4091; x_wconf 88' lang='lat' dir='ltr'><strong>ranarum</strong></span> <span class='ocrx_word' id='word_1_734' title='bbox 2457 4036 2705 4106; x_wconf 71' lang='lat' dir='ltr'><strong>querelae</strong></span> <span class='ocrx_word' id='word_1_735' title='bbox 2737 4034 3004 4089; x_wconf 89' lang='lat' dir='ltr'><strong>similem.</strong></span> <span class='ocrx_word' id='word_1_736' title='bbox 3033 4036 3247 4104; x_wconf 88' lang='lat' dir='ltr'><strong>Purgat</strong></span> <span class='ocrx_word' id='word_1_737' title='bbox 3269 4034 3440 4088; x_wconf 88' lang='lat' dir='ltr'><strong>etiam</strong></span> <span class='ocrx_word' id='word_1_738' title='bbox 3463 4032 3744 4101; x_wconf 89' lang='lat' dir='ltr'><strong>malignas</strong></span> <span class='ocrx_word' id='word_1_739' title='bbox 3763 4048 3867 4085; x_wconf 89' lang='lat' dir='ltr'><strong>co-</strong></span> 
     </span>
    </p>
   </div>
   <div class='ocr_carea' id='block_1_102' title="bbox 3138 3240 3859 3307">
    <p class='ocr_par' dir='ltr' id='par_1_102' title="bbox 3138 3240 3859 3307">
     <span class='ocr_line' id='line_1_103' title="bbox 3138 3240 3859 3307; baseline -0.004 -11"><span class='ocrx_word' id='word_1_740' title='bbox 3138 3240 3384 3297; x_wconf 88' lang='lat' dir='ltr'><strong>damnab</strong></span> <span class='ocrx_word' id='word_1_741' title='bbox 3394 3245 3585 3307; x_wconf 90' lang='lat' dir='ltr'><strong>untur,</strong></span> <span class='ocrx_word' id='word_1_742' title='bbox 3643 3241 3859 3294; x_wconf 90' lang='lat' dir='ltr'><strong>amissa</strong></span> 
     </span>
    </p>
   </div>
   <div class='ocr_carea' id='block_1_103' title="bbox 2093 4120 3866 4226">
    <p class='ocr_par' dir='ltr' id='par_1_103' title="bbox 2093 4120 3866 4226">
     <span class='ocr_line' id='line_1_104' title="bbox 2093 4120 3866 4226; baseline -0.003 -46"><span class='ocrx_word' id='word_1_743' title='bbox 2093 4172 2136 4226; x_wconf 66' lang='grc' dir='ltr'><strong>Β</strong></span> <span class='ocrx_word' id='word_1_744' title='bbox 2161 4126 2461 4197; x_wconf 86' lang='lat' dir='ltr'><strong>gitationes</strong></span> <span class='ocrx_word' id='word_1_745' title='bbox 2491 4125 2538 4194; x_wconf 79' lang='lat' dir='ltr'><strong>ej</strong></span> <span class='ocrx_word' id='word_1_746' title='bbox 2549 4141 2632 4185; x_wconf 83' lang='lat' dir='ltr'><strong>us,</strong></span> <span class='ocrx_word' id='word_1_747' title='bbox 2655 4129 2712 4177; x_wconf 89' lang='lat' dir='ltr'><strong>et</strong></span> <span class='ocrx_word' id='word_1_748' title='bbox 2737 4123 3065 4192; x_wconf 90' lang='lat' dir='ltr'><strong>sciniphum</strong></span> <span class='ocrx_word' id='word_1_749' title='bbox 3088 4122 3446 4176; x_wconf 90' lang='lat' dir='ltr'><strong>mordacitati</strong></span> <span class='ocrx_word' id='word_1_750' title='bbox 3491 4120 3704 4174; x_wconf 91' lang='lat' dir='ltr'><strong>similes</strong></span> <span class='ocrx_word' id='word_1_751' title='bbox 3734 4120 3866 4174; x_wconf 88' lang='lat' dir='ltr'><strong>cal-</strong></span> 
     </span>
    </p>
   </div>
   <div class='ocr_carea' id='block_1_104' title="bbox 2168 4210 3871 4280">
    <p class='ocr_par' dir='ltr' id='par_1_104' title="bbox 2168 4210 3871 4280">
     <span class='ocr_line' id='line_1_105' title="bbox 2168 4210 3871 4280; baseline -0.004 -12"><span class='ocrx_word' id='word_1_752' title='bbox 2168 4214 2402 4268; x_wconf 88' lang='lat' dir='ltr'><strong>liditatis</strong></span> <span class='ocrx_word' id='word_1_753' title='bbox 2429 4213 2651 4266; x_wconf 88' lang='lat' dir='ltr'><strong>aculeos</strong></span> <span class='ocrx_word' id='word_1_754' title='bbox 2685 4211 2934 4266; x_wconf 89' lang='lat' dir='ltr'><strong>discutit.</strong></span> <span class='ocrx_word' id='word_1_755' title='bbox 2989 4210 3312 4265; x_wconf 89' lang='lat' dir='ltr'><strong>Libidinum</strong></span> <span class='ocrx_word' id='word_1_756' title='bbox 3372 4225 3602 4280; x_wconf 88' lang='lat' dir='ltr'><strong>quoque</strong></span> <span class='ocrx_word' id='word_1_757' title='bbox 3640 4224 3871 4262; x_wconf 86' lang='lat' dir='ltr'><strong>morsus</strong></span> 
     </span>
    </p>
   </div>
   <div class='ocr_carea' id='block_1_105' title="bbox 2165 4297 3873 4373">
    <p class='ocr_par' dir='ltr' id='par_1_105' title="bbox 2165 4297 3873 4373">
     <span class='ocr_line' id='line_1_106' title="bbox 2165 4297 3873 4373; baseline -0.002 -18"><span class='ocrx_word' id='word_1_758' title='bbox 2165 4301 2477 4373; x_wconf 66' lang='lat' dir='ltr'><strong>cynomyize</strong></span> <span class='ocrx_word' id='word_1_759' title='bbox 2501 4300 2732 4370; x_wconf 89' lang='lat' dir='ltr'><strong>spiculis</strong></span> <span class='ocrx_word' id='word_1_760' title='bbox 2749 4300 2962 4353; x_wconf 90' lang='lat' dir='ltr'><strong>similes</strong></span> <span class='ocrx_word' id='word_1_761' title='bbox 2984 4299 3258 4369; x_wconf 86' lang='lat' dir='ltr'><strong>depellit:</strong></span> <span class='ocrx_word' id='word_1_762' title='bbox 3282 4299 3697 4369; x_wconf 90' lang='lat' dir='ltr'><strong>stultitiamque</strong></span> <span class='ocrx_word' id='word_1_763' title='bbox 3710 4302 3766 4351; x_wconf 89' lang='lat' dir='ltr'><strong>et</strong></span> <span class='ocrx_word' id='word_1_764' title='bbox 3787 4297 3873 4352; x_wconf 75' lang='lat' dir='ltr'><strong>in.</strong></span> 
     </span>
    </p>
   </div>
   <div class='ocr_carea' id='block_1_106' title="bbox 2164 4388 3872 4459">
    <p class='ocr_par' dir='ltr' id='par_1_106' title="bbox 2164 4388 3872 4459">
     <span class='ocr_line' id='line_1_107' title="bbox 2164 4388 3872 4459; baseline -0.004 -13"><span class='ocrx_word' id='word_1_765' title='bbox 2164 4393 2456 4446; x_wconf 89' lang='lat' dir='ltr'><strong>tellectum</strong></span> <span class='ocrx_word' id='word_1_766' title='bbox 2487 4389 2798 4459; x_wconf 91' lang='lat' dir='ltr'><strong>pecudibus</strong></span> <span class='ocrx_word' id='word_1_767' title='bbox 2826 4388 3070 4442; x_wconf 89' lang='lat' dir='ltr'><strong>similem</strong></span> <span class='ocrx_word' id='word_1_768' title='bbox 3100 4403 3202 4458; x_wconf 90' lang='lat' dir='ltr'><strong>per</strong></span> <span class='ocrx_word' id='word_1_769' title='bbox 3234 4403 3406 4458; x_wconf 91' lang='lat' dir='ltr'><strong>quam</strong></span> <span class='ocrx_word' id='word_1_770' title='bbox 3451 4388 3623 4452; x_wconf 84' lang='lat' dir='ltr'><strong>homo,</strong></span> <span class='ocrx_word' id='word_1_771' title='bbox 3657 4403 3778 4440; x_wconf 91' lang='lat' dir='ltr'><strong>cum</strong></span> <span class='ocrx_word' id='word_1_772' title='bbox 3806 4389 3872 4441; x_wconf 86' lang='lat' dir='ltr'><strong>in</strong></span> 
     </span>
    </p>
   </div>
   <div class='ocr_carea' id='block_1_107' title="bbox 2169 4475 3873 4545">
    <p class='ocr_par' dir='ltr' id='par_1_107' title="bbox 2169 4475 3873 4545">
     <span class='ocr_line' id='line_1_108' title="bbox 2169 4475 3873 4545; baseline -0.004 -11"><span class='ocrx_word' id='word_1_773' title='bbox 2169 4482 2361 4535; x_wconf 85' lang='lat' dir='ltr'><strong>honore</strong></span> <span class='ocrx_word' id='word_1_774' title='bbox 2416 4483 2565 4542; x_wconf 87' lang='lat' dir='ltr'><strong>esset,</strong></span> <span class='ocrx_word' id='word_1_775' title='bbox 2625 4494 2732 4532; x_wconf 88' lang='lat' dir='ltr'><strong>non</strong></span> <span class='ocrx_word' id='word_1_776' title='bbox 2778 4478 3075 4544; x_wconf 69' lang='lat' dir='ltr'><strong>intellexit,</strong></span> <span class='ocrx_word' id='word_1_777' title='bbox 3133 4477 3228 4530; x_wconf 85' lang='lat' dir='ltr'><strong>sed</strong></span> <span class='ocrx_word' id='word_1_778' title='bbox 3283 4481 3629 4545; x_wconf 88' lang='lat' dir='ltr'><strong>comparatus</strong></span> <span class='ocrx_word' id='word_1_779' title='bbox 3671 4480 3749 4530; x_wconf 85' lang='lat' dir='ltr'><strong>est</strong></span> <span class='ocrx_word' id='word_1_780' title='bbox 3768 4475 3873 4544; x_wconf 84' lang='lat' dir='ltr'><strong>ju-</strong></span> 
     </span>
    </p>
   </div>
   <div class='ocr_carea' id='block_1_108' title="bbox 2169 4564 3875 4636">
    <p class='ocr_par' dir='ltr' id='par_1_108' title="bbox 2169 4564 3875 4636">
     <span class='ocr_line' id='line_1_109' title="bbox 2169 4564 3875 4636; baseline -0.004 -14"><span class='ocrx_word' id='word_1_781' title='bbox 2169 4573 2358 4622; x_wconf 77' lang='lat' dir='ltr'><strong>mentis</strong></span> <span class='ocrx_word' id='word_1_782' title='bbox 2406 4567 2812 4636; x_wconf 85' lang='lat' dir='ltr'><strong>insipientibus,</strong></span> <span class='ocrx_word' id='word_1_783' title='bbox 2864 4571 2970 4620; x_wconf 91' lang='lat' dir='ltr'><strong>etc.</strong></span> <span class='ocrx_word' id='word_1_784' title='bbox 3019 4566 3182 4636; x_wconf 84' lang='lat' dir='ltr'><strong>(Psal.</strong></span> <span class='ocrx_word' id='word_1_785' title='bbox 3241 4566 3446 4632; x_wconf 81' lang='lat' dir='ltr'><strong>vaiu.)</strong></span> <span class='ocrx_word' id='word_1_786' title='bbox 3521 4564 3722 4634; x_wconf 85' lang='lat' dir='ltr'><strong>Arguit</strong></span> <span class='ocrx_word' id='word_1_787' title='bbox 3779 4565 3875 4616; x_wconf 88' lang='lat' dir='ltr'><strong>ul-</strong></span> 
     </span>
    </p>
   </div>
   <div class='ocr_carea' id='block_1_109' title="bbox 2170 4652 3877 4727">
    <p class='ocr_par' dir='ltr' id='par_1_109' title="bbox 2170 4652 3877 4727">
     <span class='ocr_line' id='line_1_110' title="bbox 2170 4652 3877 4727; baseline -0.002 -16"><span class='ocrx_word' id='word_1_788' title='bbox 2170 4673 2298 4711; x_wconf 89' lang='lat' dir='ltr'><strong>cera</strong></span> <span class='ocrx_word' id='word_1_789' title='bbox 2325 4661 2705 4727; x_wconf 89' lang='lat' dir='ltr'><strong>peccatorum,</strong></span> <span class='ocrx_word' id='word_1_790' title='bbox 2739 4654 3080 4724; x_wconf 88' lang='lat' dir='ltr'><strong>arrogantiae</strong></span> <span class='ocrx_word' id='word_1_791' title='bbox 3120 4659 3429 4720; x_wconf 88' lang='lat' dir='ltr'><strong>tumorem,</strong></span> <span class='ocrx_word' id='word_1_792' title='bbox 3470 4657 3528 4707; x_wconf 88' lang='lat' dir='ltr'><strong>et</strong></span> <span class='ocrx_word' id='word_1_793' title='bbox 3585 4652 3877 4707; x_wconf 80' lang='lat' dir='ltr'><strong>fervorem</strong></span> 
     </span>
    </p>
   </div>
   <div class='ocr_carea' id='block_1_110' title="bbox 2173 4741 3878 4814">
    <p class='ocr_par' dir='ltr' id='par_1_110' title="bbox 2173 4741 3878 4814">
     <span class='ocr_line' id='line_1_111' title="bbox 2173 4741 3878 4814; baseline -0.004 -14"><span class='ocrx_word' id='word_1_794' title='bbox 2173 4746 2380 4800; x_wconf 80' lang='lat' dir='ltr'><strong>furoris</strong></span> <span class='ocrx_word' id='word_1_795' title='bbox 2409 4744 2742 4814; x_wconf 89' lang='lat' dir='ltr'><strong>exstinguit.</strong></span> <span class='ocrx_word' id='word_1_796' title='bbox 2770 4743 3019 4798; x_wconf 85' lang='lat' dir='ltr'><strong>Adhibet</strong></span> <span class='ocrx_word' id='word_1_797' title='bbox 3048 4747 3175 4812; x_wconf 91' lang='lat' dir='ltr'><strong>post</strong></span> <span class='ocrx_word' id='word_1_798' title='bbox 3217 4742 3341 4796; x_wconf 72' lang='lat' dir='ltr'><strong>haec</strong></span> <span class='ocrx_word' id='word_1_799' title='bbox 3397 4758 3562 4796; x_wconf 84' lang='lat' dir='ltr'><strong>voces</strong></span> <span class='ocrx_word' id='word_1_800' title='bbox 3616 4741 3878 4795; x_wconf 83' lang='lat' dir='ltr'><strong>ﬁliorum</strong></span> 
     </span>
    </p>
   </div>
   <div class='ocr_carea' id='block_1_111' title="bbox 2175 4829 3879 4900">
    <p class='ocr_par' dir='ltr' id='par_1_111' title="bbox 2175 4829 3879 4900">
     <span class='ocr_line' id='line_1_112' title="bbox 2175 4829 3879 4900; baseline -0.003 -13"><span class='ocrx_word' id='word_1_801' title='bbox 2175 4833 2432 4899; x_wconf 89' lang='lat' dir='ltr'><strong>tonitrui,</strong></span> <span class='ocrx_word' id='word_1_802' title='bbox 2465 4833 2522 4886; x_wconf 91' lang='lat' dir='ltr'><strong>id</strong></span> <span class='ocrx_word' id='word_1_803' title='bbox 2549 4837 2634 4886; x_wconf 90' lang='lat' dir='ltr'><strong>est</strong></span> <span class='ocrx_word' id='word_1_804' title='bbox 2661 4831 3017 4900; x_wconf 88' lang='lat' dir='ltr'><strong>evangelicas</strong></span> <span class='ocrx_word' id='word_1_805' title='bbox 3054 4835 3112 4885; x_wconf 90' lang='lat' dir='ltr'><strong>et</strong></span> <span class='ocrx_word' id='word_1_806' title='bbox 3158 4830 3498 4900; x_wconf 85' lang='lat' dir='ltr'><strong>apostolicas</strong></span> <span class='ocrx_word' id='word_1_807' title='bbox 3556 4829 3879 4894; x_wconf 89' lang='lat' dir='ltr'><strong>doctrinas,</strong></span> 
     </span>
    </p>
   </div>
   <div class='ocr_carea' id='block_1_112' title="bbox 2175 4918 3885 4991">
    <p class='ocr_par' dir='ltr' id='par_1_112' title="bbox 2175 4918 3885 4991">
     <span class='ocr_line' id='line_1_113' title="bbox 2175 4918 3885 4991; baseline -0.002 -15"><span class='ocrx_word' id='word_1_808' title='bbox 2175 4928 2231 4976; x_wconf 89' lang='lat' dir='ltr'><strong>et</strong></span> <span class='ocrx_word' id='word_1_809' title='bbox 2257 4920 2690 4991; x_wconf 88' lang='lat' dir='ltr'><strong>castigationem</strong></span> <span class='ocrx_word' id='word_1_810' title='bbox 2736 4918 3052 4990; x_wconf 88' lang='lat' dir='ltr'><strong>grandinis,</strong></span> <span class='ocrx_word' id='word_1_811' title='bbox 3091 4924 3156 4973; x_wconf 89' lang='lat' dir='ltr'><strong>ut</strong></span> <span class='ocrx_word' id='word_1_812' title='bbox 3195 4919 3481 4973; x_wconf 90' lang='lat' dir='ltr'><strong>luxuriam</strong></span> <span class='ocrx_word' id='word_1_813' title='bbox 3531 4919 3885 4988; x_wconf 86' lang='lat' dir='ltr'><strong>voluptates-</strong></span> 
     </span>
    </p>
   </div>
   <div class='ocr_carea' id='block_1_113' title="bbox 2175 5006 3885 5081">
    <p class='ocr_par' dir='ltr' id='par_1_113' title="bbox 2175 5006 3885 5081">
     <span class='ocr_line' id='line_1_114' title="bbox 2175 5006 3885 5081; baseline -0.002 -17"><span class='ocrx_word' id='word_1_814' title='bbox 2175 5026 2287 5081; x_wconf 90' lang='lat' dir='ltr'><strong>que</strong></span> <span class='ocrx_word' id='word_1_815' title='bbox 2318 5013 2574 5063; x_wconf 91' lang='lat' dir='ltr'><strong>coerceat</strong></span> <span class='ocrx_word' id='word_1_816' title='bbox 2608 5024 2621 5074; x_wconf 90' lang='lat'><strong>;</strong></span> <span class='ocrx_word' id='word_1_817' title='bbox 2653 5011 2710 5061; x_wconf 90' lang='lat' dir='ltr'><strong>et</strong></span> <span class='ocrx_word' id='word_1_818' title='bbox 2736 5007 2904 5061; x_wconf 90' lang='lat' dir='ltr'><strong>simul</strong></span> <span class='ocrx_word' id='word_1_819' title='bbox 2935 5007 3130 5078; x_wconf 88' lang='lat' dir='ltr'><strong>ignem</strong></span> <span class='ocrx_word' id='word_1_820' title='bbox 3159 5007 3536 5078; x_wconf 60' lang='lat' dir='ltr'><strong>paenitentia,</strong></span> <span class='ocrx_word' id='word_1_821' title='bbox 3588 5011 3651 5061; x_wconf 90' lang='lat' dir='ltr'><strong>ut</strong></span> <span class='ocrx_word' id='word_1_822' title='bbox 3678 5006 3832 5061; x_wconf 90' lang='lat' dir='ltr'><strong>dicat</strong></span> <span class='ocrx_word' id='word_1_823' title='bbox 3871 5025 3885 5061; x_wconf 92' lang='lat'><strong>:</strong></span> 
     </span>
    </p>
   </div>
   <div class='ocr_carea' id='block_1_114' title="bbox 2175 5096 3888 5165">
    <p class='ocr_par' dir='ltr' id='par_1_114' title="bbox 2175 5096 3888 5165">
     <span class='ocr_line' id='line_1_115' title="bbox 2175 5096 3888 5165; baseline -0.003 -10"><span class='ocrx_word' id='word_1_824' title='bbox 2175 5103 2361 5156; x_wconf 85' lang='lat' dir='ltr'><strong>Nonne</strong></span> <span class='ocrx_word' id='word_1_825' title='bbox 2383 5113 2474 5151; x_wconf 87' lang='lat' dir='ltr'><strong>cor</strong></span> <span class='ocrx_word' id='word_1_826' title='bbox 2510 5101 2753 5151; x_wconf 82' lang='lat' dir='ltr'><strong>nostrum</strong></span> <span class='ocrx_word' id='word_1_827' title='bbox 2799 5096 2997 5152; x_wconf 82' lang='lat' dir='ltr'><strong>ardens</strong></span> <span class='ocrx_word' id='word_1_828' title='bbox 3037 5102 3156 5151; x_wconf 84' lang='lat' dir='ltr'><strong>erat</strong></span> <span class='ocrx_word' id='word_1_829' title='bbox 3185 5101 3242 5151; x_wconf 84' lang='lat' dir='ltr'><strong>in</strong></span> <span class='ocrx_word' id='word_1_830' title='bbox 3284 5097 3437 5151; x_wconf 89' lang='lat' dir='ltr'><strong>nobis</strong></span> <span class='ocrx_word' id='word_1_831' title='bbox 3489 5097 3632 5165; x_wconf 88' lang='lat' dir='ltr'><strong>(Luc.</strong></span> <span class='ocrx_word' id='word_1_832' title='bbox 3670 5096 3823 5164; x_wconf 78' lang='lat' dir='ltr'><strong>xxiv)</strong></span> <span class='ocrx_word' id='word_1_833' title='bbox 3853 5098 3888 5150; x_wconf 86' lang='lat'><strong>?</strong></span> 
     </span>
    </p>
   </div>
   <div class='ocr_carea' id='block_1_115' title="bbox 2179 5183 3896 5254">
    <p class='ocr_par' dir='ltr' id='par_1_115' title="bbox 2179 5183 3896 5254">
     <span class='ocr_line' id='line_1_116' title="bbox 2179 5183 3896 5254; baseline -0.003 -11"><span class='ocrx_word' id='word_1_834' title='bbox 2179 5190 2289 5243; x_wconf 89' lang='lat' dir='ltr'><strong>Nec</strong></span> <span class='ocrx_word' id='word_1_835' title='bbox 2318 5203 2433 5241; x_wconf 91' lang='lat' dir='ltr'><strong>non</strong></span> <span class='ocrx_word' id='word_1_836' title='bbox 2464 5187 2810 5239; x_wconf 89' lang='lat' dir='ltr'><strong>locustarum</strong></span> <span class='ocrx_word' id='word_1_837' title='bbox 2833 5185 2904 5240; x_wconf 90' lang='lat' dir='ltr'><strong>ab</strong></span> <span class='ocrx_word' id='word_1_838' title='bbox 2933 5201 3000 5240; x_wconf 89' lang='lat' dir='ltr'><strong>ea</strong></span> <span class='ocrx_word' id='word_1_839' title='bbox 3028 5184 3292 5240; x_wconf 88' lang='lat' dir='ltr'><strong>subducit</strong></span> <span class='ocrx_word' id='word_1_840' title='bbox 3341 5184 3620 5254; x_wconf 87' lang='lat' dir='ltr'><strong>exempla,</strong></span> <span class='ocrx_word' id='word_1_841' title='bbox 3674 5183 3896 5254; x_wconf 89' lang='lat' dir='ltr'><strong>quibus</strong></span> 
     </span>
    </p>
   </div>
   <div class='ocr_carea' id='block_1_116' title="bbox 2179 5271 3889 5345">
    <p class='ocr_par' dir='ltr' id='par_1_116' title="bbox 2179 5271 3889 5345">
     <span class='ocr_line' id='line_1_117' title="bbox 2179 5271 3889 5345; baseline -0.002 -15"><span class='ocrx_word' id='word_1_842' title='bbox 2179 5277 2554 5345; x_wconf 89' lang='lat' dir='ltr'><strong>depascantnr</strong></span> <span class='ocrx_word' id='word_1_843' title='bbox 2589 5288 2787 5328; x_wconf 89' lang='lat' dir='ltr'><strong>omnes</strong></span> <span class='ocrx_word' id='word_1_844' title='bbox 2832 5273 3078 5344; x_wconf 89' lang='lat' dir='ltr'><strong>inquieti</strong></span> <span class='ocrx_word' id='word_1_845' title='bbox 3121 5277 3178 5326; x_wconf 89' lang='lat' dir='ltr'><strong>et</strong></span> <span class='ocrx_word' id='word_1_846' title='bbox 3220 5271 3434 5326; x_wconf 89' lang='lat' dir='ltr'><strong>turbidi</strong></span> <span class='ocrx_word' id='word_1_847' title='bbox 3483 5275 3675 5324; x_wconf 87' lang='lat' dir='ltr'><strong>motus</strong></span> <span class='ocrx_word' id='word_1_848' title='bbox 3731 5271 3889 5340; x_wconf 88' lang='lat' dir='ltr'><strong>ejus,</strong></span> 
     </span>
    </p>
   </div>
   <div class='ocr_carea' id='block_1_117' title="bbox 2181 5358 3891 5416">
    <p class='ocr_par' dir='ltr' id='par_1_117' title="bbox 2181 5358 3891 5416">
     <span class='ocr_line' id='line_1_118' title="bbox 2181 5358 3891 5416; baseline 0.001 -3"><span class='ocrx_word' id='word_1_849' title='bbox 2181 5365 2244 5414; x_wconf 90' lang='lat' dir='ltr'><strong>ut</strong></span> <span class='ocrx_word' id='word_1_850' title='bbox 2263 5360 2442 5414; x_wconf 91' lang='lat' dir='ltr'><strong>discat</strong></span> <span class='ocrx_word' id='word_1_851' title='bbox 2470 5360 2666 5414; x_wconf 89' lang='lat' dir='ltr'><strong>omnia</strong></span> <span class='ocrx_word' id='word_1_852' title='bbox 2701 5361 3010 5416; x_wconf 87' lang='lat' dir='ltr'><strong>secundum</strong></span> <span class='ocrx_word' id='word_1_853' title='bbox 3039 5361 3298 5416; x_wconf 88' lang='lat' dir='ltr'><strong>ordinem</strong></span> <span class='ocrx_word' id='word_1_854' title='bbox 3330 5359 3532 5414; x_wconf 89' lang='lat' dir='ltr'><strong>facere.</strong></span> <span class='ocrx_word' id='word_1_855' title='bbox 3563 5358 3720 5414; x_wconf 90' lang='lat' dir='ltr'><strong>Unde</strong></span> <span class='ocrx_word' id='word_1_856' title='bbox 3746 5375 3891 5414; x_wconf 89' lang='lat' dir='ltr'><strong>vero</strong></span> 
     </span>
    </p>
   </div>
   <div class='ocr_carea' id='block_1_118' title="bbox 2179 5449 3892 5521">
    <p class='ocr_par' dir='ltr' id='par_1_118' title="bbox 2179 5449 3892 5521">
     <span class='ocr_line' id='line_1_119' title="bbox 2179 5449 3892 5521; baseline -0.001 -18"><span class='ocrx_word' id='word_1_857' title='bbox 2179 5449 2528 5505; x_wconf 88' lang='lat' dir='ltr'><strong>sufﬁcienter</strong></span> <span class='ocrx_word' id='word_1_858' title='bbox 2564 5449 2737 5506; x_wconf 84' lang='lat' dir='ltr'><strong>fuerit</strong></span> <span class='ocrx_word' id='word_1_859' title='bbox 2795 5451 3066 5521; x_wconf 86' lang='lat' dir='ltr'><strong>castigata</strong></span> <span class='ocrx_word' id='word_1_860' title='bbox 3097 5465 3202 5521; x_wconf 89' lang='lat' dir='ltr'><strong>pro</strong></span> <span class='ocrx_word' id='word_1_861' title='bbox 3262 5449 3538 5516; x_wconf 88' lang='lat' dir='ltr'><strong>moribus,</strong></span> <span class='ocrx_word' id='word_1_862' title='bbox 3596 5463 3726 5502; x_wconf 91' lang='lat' dir='ltr'><strong>cum</strong></span> <span class='ocrx_word' id='word_1_863' title='bbox 3776 5463 3892 5502; x_wconf 87' lang='lat' dir='ltr'><strong>au-</strong></span> 
     </span>
    </p>
   </div>
  </div>
