4052 6180
220 228 297 279 217

1308 216 1562 273 GLOSSA
1601 215 2001 271 ORDINARIA.
2045 245 2112 252 —
2154 215 2281 269 LIB.
2327 214 2531 270 EXOD.

3569 212 3674 264 218

212 350 386 399 ctorem
439 341 739 396 verberum
799 340 1059 408 senserit,
1105 338 1384 393 conﬁtens
1451 337 1587 409 quia
1648 338 1853 406 digitus
1880 340 1926 393 A
1966 336 2219 391 noctium
2258 338 2484 391 vernale
2514 351 2739 405 semper
2786 340 2871 388 est
2916 333 3376 387 attendendum:
3434 333 3491 386 in
3546 349 3660 403 quo

222 436 290 487 Dei
312 436 395 498 est,
419 436 473 484 et
492 446 695 499 parum
719 428 1027 499 agnitionis
1049 427 1333 499 acceperit
1356 444 1367 481 :
1393 432 1530 481 tunc
1573 426 1864 497 praecipue

222 525 465 591 gestorum
496 534 733 572 suorum
760 517 1024 571 tenebras
1054 517 1206 571 videt
1253 521 1310 570 et
1353 532 1614 569 errorum
1662 515 1865 585 caligi-

223 625 337 669 nem,
366 614 416 661 et
437 614 571 661 tunc
602 607 919 660 merebitur
948 610 1012 659 ut
1046 605 1487 674 exstinguantur
1530 604 1590 657 in
1636 620 1703 657 ea
1741 603 1867 674 pri-

222 698 461 767 mogenita
493 698 735 766 :Egypti.
773 695 970 750 Omnis
1000 694 1152 748 enim
1203 693 1397 747 anima
1439 709 1570 747 cum
1623 694 1691 746 ad
1737 710 1868 763 sup-

221 787 527 856 plementum
583 785 766 837 aetatis
819 783 1056 849 venerit,
1117 787 1173 836 et
1223 784 1376 837 velut
1423 781 1699 836 naturalis
1784 782 1869 833 lex

221 873 412 943 ceperit
438 872 498 926 in
537 888 603 926 ea
627 873 762 942 jura
792 889 892 925 sua
923 871 1247 938 defendere,
1276 871 1494 941 primos
1535 874 1726 924 motus
1776 886 1870 921 se-

221 962 426 1015 cundum
456 961 804 1014 desiderium
837 961 1021 1015 carnis
1051 960 1333 1030 producit,
1362 976 1509 1030 quos
1549 976 1612 1013 ex
1663 974 1869 1012 concu-

220 1050 466 1121 piscentia:
498 1051 581 1103 vel
630 1050 729 1103 ira:
764 1050 981 1118 fomite;
1008 1049 1090 1102 vis
1142 1048 1427 1102 incentiva
1472 1046 1866 1101 commoverit.

222 1139 345 1193 Unde
388 1139 546 1208 quasi
594 1138 957 1208 privilegium
997 1139 1286 1207 singulare
1337 1138 1405 1190 de
1459 1136 1684 1190 Christo
1738 1153 1870 1206 pro-

222 1228 357 1297 pheta
383 1227 515 1281 dicit
549 1244 562 1280 :
601 1230 864 1295 Butyrum
893 1231 943 1281 et
979 1228 1081 1280 mel
1110 1226 1460 1280 manducabit
1490 1245 1505 1292 -,
1548 1228 1875 1294 priusquam

219 1318 357 1381 faciat
404 1321 498 1369 aut
523 1319 773 1384 proferat
803 1316 1064 1383 maligna,
1111 1316 1269 1380 eliget
1316 1315 1509 1368 bonum
1555 1314 1683 1381 (lsa.
1739 1314 1874 1378 vn);

222 1404 448 1474 quoniam
484 1405 818 1474 priusquam
853 1403 991 1457 sciat
1022 1404 1171 1473 puer
1224 1403 1439 1456 bonum
1490 1407 1591 1455 aut
1636 1401 1873 1459 malum.

219 1493 404 1547 resistet
442 1492 698 1557 malitiae,
748 1498 813 1545 ut
859 1493 1030 1561 eligat
1069 1492 1217 1563 quod
1278 1491 1497 1545 bonum
1544 1496 1643 1543 est.
1701 1489 1875 1543 David

220 1588 378 1634 autem
407 1582 473 1634 de
517 1598 577 1634 se
627 1580 766 1634 dicit
802 1596 813 1633 :
870 1583 1077 1634 Delicta
1113 1581 1417 1649 juventutis
1456 1594 1583 1632 meae
1630 1583 1678 1632 et
1722 1580 1873 1645 igno-

221 1673 396 1723 rantias
438 1685 582 1723 meas
630 1686 695 1723 ne
755 1670 1060 1722 memineris
1110 1668 1277 1735 (Psal.
1346 1666 1509 1736 xxw).
1557 1666 1701 1730 Quia
1743 1681 1879 1734 ergo

221 1757 265 1810 hi
288 1757 445 1825 primi
476 1757 688 1810 animm
730 1760 916 1809 motus
946 1756 1259 1810 secundum
1288 1769 1518 1808 carnem
1566 1751 1769 1823 prolati
1821 1751 1881 1803 in

220 1849 471 1913 peccatum
500 1849 696 1909 ruunt,
730 1844 933 1897 merito
963 1843 1023 1896 in
1065 1842 1271 1896 morali
1318 1842 1443 1895 loco
1490 1839 1880 1910 primogenita

221 1934 579 2004 £gyptiorum
609 1933 899 2004 primitiva
928 1936 1240 2002 ponuntur,
1273 1930 1409 2001 quia
1441 1929 1884 1999 exstinguuntur

221 2020 257 2073 si
302 2022 525 2091 reliqua:
587 2022 715 2075 vitae
773 2021 1121 2075 conversatio
1174 2017 1626 2073 emendatiorem
1675 2014 1886 2083 dirigat

218 2125 434 2163 cursum.
468 2109 561 2164 Sic
589 2125 724 2179 ergo
756 2109 817 2162 in
847 2109 1055 2173 anima,
1084 2122 1257 2179 quam
1308 2108 1398 2160 lex
1440 2104 1631 2160 divina
1679 2102 1748 2156 ab
1802 2116 1879 2154 er-

219 2198 409 2251 roribus
455 2204 776 2268 susceptam
825 2197 1081 2267 castigat,
1142 2195 1531 2266 primogenita
1596 2190 1884 2262 Egyptia-

219 2302 323 2340 rum
362 2287 640 2353 delentur,
696 2286 807 2339 nisi
859 2291 985 2355 post
1033 2286 1154 2339 haec
1205 2285 1400 2339 omnia
1440 2284 1501 2337 in
1550 2281 1886 2336 inﬁdelitate

221 2376 523 2444 perdurans,
561 2375 703 2428 nolit
725 2375 896 2445 jungi
927 2373 1248 2429 Israeliticae
1292 2372 1464 2442 plebi,
1515 2376 1581 2425 ut
1609 2375 1770 2424 exeat
1816 2368 1887 2423 de

218 2464 470 2533 profundo
492 2469 551 2517 et
568 2464 767 2517 evadat
787 2462 1108 2529 incolumis,
1131 2462 1227 2515 sed
1248 2461 1309 2514 in
1329 2461 1635 2531 iniquitate
1670 2475 1888 2528 perma-

216 2557 342 2614 neat,
395 2558 450 2605 et
506 2552 814 2606 descendat
869 2556 1143 2622 tanquam
1181 2550 1488 2621 plumbum
1558 2550 1619 2603 in
1671 2564 1880 2619 aquam

217 2639 641 2696 validissimam.
672 2639 949 2710 lniquitas
975 2639 1150 2705 enim,
1201 2638 1519 2692 secundum
1562 2636 1885 2691 Zachariam

216 2730 333 2793 (ZAC.
390 2729 457 2795 v),
510 2733 672 2783 sedet
724 2745 896 2798 super
948 2729 1229 2781 talentum
1284 2727 1509 2796 plumbi
1571 2744 1581 2779 :
1640 2731 1695 2778 et
1762 2726 1887 2778 ideo

217 2817 295 2887 qui
324 2822 623 2887 permanet
653 2818 711 2871 in
738 2817 1061 2887 iniquitate,
1112 2822 1387 2887 tanquam
1436 2815 1738 2885 plumbum
1789 2814 1886 2866 de-

218 2906 469 2974 mergitur
500 2907 561 2959 in
588 2904 957 2974 profundum.

273 2993 423 3048 Vens.
453 3000 507 3049 7.
548 3025 614 3033 —
645 2993 814 3061 Apud
856 3008 1053 3059 omnes,
1104 2997 1211 3046 etc.
1260 2992 1419 3062 (Avo.
1477 2991 1537 3044 in
1586 2989 1730 3043 libro
1782 2990 1889 3043 Lo-

216 3086 507 3152 cutionum.)
582 3080 1017 3149 Elegantissima
1074 3081 1285 3135 locutio
1345 3085 1473 3135 est:
1541 3095 1643 3150 per
1690 3094 1888 3133 canem

218 3171 403 3242 quippe
477 3178 802 3229 extremum
871 3172 1229 3243 signiﬁcavit,
1304 3173 1387 3224 vel
1432 3170 1752 3233 hominum,
1803 3168 1890 3220 vel

216 3275 513 3328 pecorum:
583 3262 661 3316 ita
731 3262 1158 3317 commendavit
1225 3266 1441 3332 quanta
1512 3261 1571 3313 in
1643 3258 1892 3313 Hebraeis

219 3348 356 3417 quies
383 3350 581 3403 futura
612 3356 774 3417 esset,
810 3348 1085 3421 [Egyptiis
1112 3348 1314 3401 acerba
1342 3347 1583 3401 orbitate
1635 3348 1891 3399 claman-

220 3434 367 3488 ﬁbus.

273 3523 423 3576 Vsus.
484 3527 540 3587 9,
600 3526 683 3577 lO.
731 3525 848 3579 Non
886 3524 1073 3577 audiet
1118 3538 1210 3577 vos
1257 3523 1488 3588 Pharao,
1537 3526 1642 3575 etc.
1705 3519 1889 3589 (Ana,

215 3618 377 3678 quasi.
410 3614 481 3667 40
510 3615 576 3666 in
610 3613 805 3682 Exod.)
848 3614 1143 3683 Tanquam
1189 3629 1329 3683 opus
1375 3611 1546 3665 fuerit
1585 3610 1894 3665 Pharaonis

216 3698 589 3753 inobedientia
618 3704 679 3753 ut
709 3699 873 3769 signa
903 3699 1003 3753 illa
1036 3699 1554 3768 multiplicarentur
1580 3716 1596 3750 :
1630 3714 1758 3767 qua;
1789 3697 1897 3749 uti-

217 3784 327 3839 liter
352 3788 571 3841 ﬁebant
606 3788 675 3841 ad
707 3786 1040 3840 terrendum
1078 3787 1359 3856 populum
1389 3786 1511 3849 Dei,
1564 3790 1734 3855 atque
1775 3784 1898 3855 ipsa

217 3874 541 3930 discretione
573 3875 642 3929 ad
676 3875 948 3945 pietatem
980 3874 1430 3929 informandum.
1484 3874 1592 3928 Sed
1640 3874 1750 3927 hoc
1800 3873 1899 3927 Dei

217 3962 324 4029 fuit,
354 3964 583 4017 malitia
614 3963 767 4016 illius
799 3962 983 4016 cordis
1016 3963 1159 4016 bene
1203 3963 1431 4027 utentis,
1487 3977 1602 4015 non
1650 3961 1898 4014 Pharao-

217 4049 289 4103 nis
318 4052 415 4105 Dei
442 4051 728 4121 patientia
758 4051 905 4104 male
936 4050 1239 4104 abutentis.

872 4184 1095 4240 CAPUT
1122 4186 1235 4239 XII.

279 4318 443 4371 Vens.
506 4319 631 4370 2-4.
700 4346 767 4356 -
816 4319 1014 4372 Mensis
1069 4320 1192 4386 iste,
1247 4322 1352 4372 etc.
1413 4319 1594 4387 (ΗΑΒ.)
1657 4319 1754 4371 Hic
1821 4324 1906 4372 est

219 4406 431 4472 Aprilis,
463 4405 571 4474 qui
600 4404 748 4474 apud
782 4404 1047 4458 Hebrmos
1097 4405 1309 4471 Nisam,
1365 4406 1515 4475 apud
1570 4406 1904 4459 Macedones

220 4492 712 4557 zmaragdicitur,
795 4497 851 4545 et
908 4494 1114 4547 dicitur
1162 4493 1371 4563 Aprilis
1428 4494 1591 4564 quasi
1649 4495 1900 4564 aperilis,

220 4579 339 4648 quia
362 4584 503 4634 tunc
549 4582 807 4651 aperitur
855 4587 1004 4636 terra
1055 4582 1415 4652 proferendis
1461 4584 1725 4653 virgultis
1773 4586 1901 4638 her-

216 4664 289 4718 bis
317 4684 377 4722 ac
406 4670 696 4723 ﬂoribus:
731 4671 817 4724 vel
845 4672 1053 4741 Aprilis
1094 4689 1127 4726 a
1181 4674 1413 4733 Venere,
1465 4672 1629 4743 quasi
1675 4674 1901 4742 Aphro-

215 4753 377 4811 ditis:
422 4759 620 4811 Venus
671 4758 825 4811 enim
880 4760 1068 4813 Graece
1116 4760 1422 4827 Aphrodite
1461 4760 1688 4813 dicitur.
1748 4761 1904 4813 Hunc

214 4843 417 4899 Hebraei
445 4846 709 4916 primum
734 4846 960 4911 habent,
995 4847 1131 4918 quia
1148 4864 1217 4901 xv
1238 4848 1625 4902 Kalendarum
1650 4849 1771 4917 ejus
1791 4848 1904 4917 pri-

216 4945 293 4984 ma
313 4932 431 4987 dies
454 4935 657 4987 saeculi
678 4934 786 4988 fuit
810 4951 821 4987 :
848 4940 1050 5005 quarta
1074 4935 1296 4989 decima
1314 4952 1467 4998 vero,
1495 4936 1615 4989 dies
1633 4936 1902 5001 secunda;

213 5021 360 5074 tertia
390 5023 644 5087 decima,
676 5023 889 5077 tertia:
945 5024 1303 5091 duodecima,
1361 5031 1564 5095 quarta
1599 5042 1611 5079 :
1662 5041 1775 5095 qua
1822 5025 1903 5077 sol

215 5113 263 5159 et
286 5109 414 5164 luna
446 5111 686 5165 condita
727 5115 878 5179 sunt,
930 5117 985 5167 et
1017 5118 1153 5167 tunc
1196 5114 1451 5183 primum
1494 5112 1902 5184 aequinoctium

215 5195 340 5266 fuit;
374 5201 458 5253 sol
493 5199 656 5253 enim
687 5200 746 5254 in
777 5201 1016 5267 oriente,
1071 5203 1209 5255 luna
1259 5202 1322 5256 in
1367 5202 1676 5267 occidente,
1725 5202 1905 5270 sphae-

217 5298 321 5338 ram
349 5287 564 5342 mundi
596 5304 659 5342 ex
692 5305 860 5359 aequo
891 5289 1237 5344 dividebant.

277 5376 510 5447 (Suum)
580 5378 678 5431 Hic
733 5384 817 5432 est
872 5378 1063 5445 Nisan,
1120 5378 1434 5434 secundum
1507 5378 1789 5445 Hebraeos,
1841 5377 1903 5431 in

219 5476 317 5530 quo
342 5465 530 5520 factus
563 5470 645 5520 est
675 5467 942 5532 mundus,
976 5469 1138 5538 cujus
1166 5467 1550 5538 plenilunium
1580 5472 1703 5537 post
1727 5467 1903 5538 aequi-

1974 427 2222 497 pOpulus
2252 426 2485 479 Israela
2533 424 2798 478 servitute
2847 423 3071 493 Egypti
3123 423 3415 489 liberatur,
3471 426 3528 475 et
3578 438 3670 492 ge-

1976 530 2084 567 nus
2110 515 2427 568 humanum
2462 513 2740 582 sanguine
2787 512 2991 567 Christi
3039 528 3070 564 a
3122 516 3401 581 potestate
3455 509 3671 563 diaboli

1977 603 2238 673 eripitur.
2275 603 2503 656 Decima
2531 603 2620 655 die
2666 602 2876 654 mensis
2926 601 3148 654 tollitur
3204 615 3405 668 agnus,
3465 603 3669 669 quarto

1976 697 2196 751 decimo
2228 697 2596 751 immolatur:
2630 698 2764 768 quia
2792 698 2850 751 in
2876 698 3001 767 lege
3042 696 3229 767 passio
3270 695 3473 749 Christi
3523 695 3672 765 ﬁgu-

1978 797 2155 839 ratur.
2209 786 2498 856 Evangelii
2536 786 2719 856 gratia
2763 790 3091 839 coruscante
3139 785 3452 854 impletur;
3503 783 3675 836 dena-

1977 874 2098 927 rius
2133 874 2307 940 enim,
2344 877 2576 944 propter
2599 874 2955 943 decalogum,
2982 874 3165 942 legem
3189 872 3472 942 signiﬁcat
3498 887 3511 936 ;
3538 887 3675 941 qua-

1979 962 2265 1016 ternarius
2295 978 2445 1027 vero,
2481 966 2725 1032 quatuor
2755 962 3072 1029 evangelia.

2054 1052 2212 1103 Vsus.
2248 1053 2300 1118 5,
2333 1052 2383 1102 6.
2433 1080 2500 1087 -
2545 1052 2666 1103 Erit
2717 1056 2912 1113 autem,
2968 1055 3071 1101 etc.
3124 1049 3306 1117 (AUG.,
3367 1050 3553 1114 quaest.
3608 1046 3675 1098 42

1980 1142 2039 1193 in
2071 1139 2281 1203 Emod.,
2316 1143 2453 1191 tom.
2488 1138 2609 1207 ΙΙΙ.)
2646 1139 2863 1191 Movere
2894 1142 3079 1206 potest
3112 1137 3205 1189 illa
3261 1136 3491 1201 locutio,
3542 1138 3673 1201 etc.,

1983 1244 2151 1296 usque
2176 1228 2249 1280 ad
2280 1228 2415 1298 quid
2446 1227 2543 1280 illo
2578 1232 2860 1297 praecepto
2892 1226 3201 1295 ﬁguratum
3235 1224 3328 1279 sit.

2051 1319 2235 1370 Juxta
2274 1332 2428 1385 quem
2453 1318 2641 1381 ritum,
2686 1320 2790 1369 etc.
2840 1316 3153 1381 Attegorice.
3204 1313 3346 1377 Quia
3394 1312 3463 1366 de
3508 1310 3681 1381 justis

1985 1412 2042 1459 et
2073 1405 2463 1474 peccatoribus
2495 1405 2748 1459 Christus
2778 1420 3008 1457 carnem
3038 1401 3363 1471 assumpsit,
3406 1404 3470 1453 ut
3508 1415 3676 1452 nemo

1987 1496 2056 1547 de
2077 1494 2243 1548 venia
2284 1494 2627 1562 desperaret.
2682 1494 2777 1546 Vel
2827 1492 2961 1561 quia
3010 1491 3262 1546 Christus
3302 1487 3511 1543 Iudaeis
3559 1487 3680 1539 ha:-

1989 1583 2093 1637 dus
2126 1587 2264 1643 erat,
2327 1582 2691 1635 dicentibus:
2734 1584 2833 1635 Hic
2881 1582 3032 1635 homo
3088 1583 3337 1648 peccator
3384 1581 3461 1631 est
3502 1576 3678 1644 (Joan.

1993 1675 2088 1738 lx),
2122 1671 2285 1724 nobis
2315 1675 2505 1723 autem
2536 1687 2717 1740 agnus
2747 1670 2958 1740 absque
2999 1669 3244 1722 macula.
3295 1666 3390 1719 Vel
3438 1664 3575 1734 quia
3627 1665 3684 1715 in

1990 1759 2346 1814 similitudine
2372 1761 2553 1811 carnis
2577 1761 2789 1827 peccati
2812 1757 3080 1827 apparuit
3109 1760 3164 1809 et
3181 1770 3280 1824 pro
3305 1758 3520 1823 peccato
3540 1765 3681 1803 mor-

1992 1853 2114 1901 tuus
2144 1852 2239 1913 est,
2270 1860 2395 1901 cum
2422 1850 2698 1913 peccatum
2726 1862 2829 1899 non
2860 1847 3074 1899 haberet
3106 1846 3327 1914 (LPetr.
3370 1842 3448 1909 ιι).

2064 1935 2304 2005 (ΞΤΒΑΒ.)
2340 1934 2571 1989 Decima
2614 1936 2704 1989 die
2751 1936 2961 2004 Aprilis
3010 1933 3463 2002 Hierosolymam
3508 1927 3681 1992 venit,

1994 2022 2256 2092 sequenti
2282 2038 2413 2075 vero
2441 2022 2531 2076 die
2579 2027 2845 2091 exceptus
2892 2026 2978 2074 est
3026 2038 3057 2074 a
3102 2020 3283 2073 turbis
3330 2034 3461 2071 cum
3513 2014 3683 2069 ramis

1993 2113 2313 2182 palmarum
2339 2117 2395 2163 et
2427 2109 2634 2163 divinis
2665 2109 2944 2162 laudibus.
2980 2109 3182 2163 Tribus
3211 2106 3445 2177 reliquis
3494 2107 3682 2158 custo-

1994 2201 2145 2254 ditus
2184 2204 2264 2253 est
2297 2198 2547 2253 aJudmis
2579 2214 2759 2266 usque
2790 2198 2859 2251 ad
2893 2202 3155 2268 quartam
3187 2195 3469 2250 decimam
3503 2192 3678 2254 diem,

1994 2289 2050 2342 id
2081 2293 2181 2353 est,
2226 2304 2403 2359 usque
2436 2287 2504 2341 ad
2532 2287 2792 2357 quintam
2820 2286 3043 2349 feriam,
3078 2302 3190 2356 qua
3236 2300 3365 2338 cum
3412 2280 3684 2353 apostolis

1996 2378 2257 2441 coenavit,
2290 2381 2346 2431 et
2372 2381 2497 2447 post
2525 2376 2765 2430 traditus
2798 2381 2901 2429 est.

2069 2469 2228 2520 Vens.
2264 2471 2315 2520 7.
2346 2467 2425 2519 Et
2454 2471 2661 2520 sument
2690 2466 2755 2519 de
2800 2467 3062 2531 sanguine
3096 2464 3232 2532 ejus,
3276 2467 3418 2527 etc.,
3470 2460 3685 2524 (Garga,

1999 2556 2181 2610 homit.
2211 2557 2280 2608 22
2310 2556 2367 2607 in
2398 2557 2628 2621 Evang.,
2663 2546 2803 2608 tom:
2834 2556 2924 2624 ΙΙ.)
2948 2554 3190 2623 Sanguis
3220 2551 3470 2622 ponitur,
3504 2563 3685 2618 quan-

1998 2646 2071 2697 do
2102 2661 2217 2696 non
2249 2643 2432 2695 solum
2466 2658 2562 2695 ore
2593 2643 2870 2711 corporis,
2904 2642 3001 2695 sed
3028 2642 3198 2695 etiam
3230 2654 3326 2693 ore
3357 2636 3539 2690 cordis
3559 2634 3689 2687 hau-

1999 2734 2162 2795 ritur,
2201 2738 2527 2798 etc.,usque
2556 2731 2630 2784 ad
2681 2730 2815 2800 quia
2863 2745 3089 2783 crucem
3137 2726 3416 2798 passionis
3464 2724 3586 2794 ejus
3628 2720 3687 2773 in

1997 2822 2183 2874 fronte
2209 2825 2521 2890 portamus.

2072 2909 2233 2962 Vens.
2278 2910 2330 2962 8.
2397 2937 2458 2945 —
2507 2909 2577 2961 Et
2634 2906 2790 2960 edent
2842 2920 3047 2970 carnes,
3099 2907 3207 2958 etc.
3266 2902 3480 2971 (Casca,
3531 2895 3688 2961 ibid.)

2000 2996 2170 3050 Nocte
2200 3010 2413 3063 agnum
2445 2993 2819 3058 comedimus,
2854 3000 2981 3058 etc.,
3016 3006 3184 3058 usque
3213 2989 3287 3042 ad
3315 2988 3384 3040 de
3406 2987 3690 3039 fermento

2001 3083 2154 3137 enim
2184 3084 2410 3137 laudem
2442 3082 2722 3147 immolat,
2757 3081 2857 3152 qui
2888 3082 3000 3135 Deo
3032 3075 3372 3132 sacriﬁcium
3402 3075 3469 3129 de
3491 3072 3692 3143 rapina

2000 3176 2181 3243 parat.

2070 3262 2201 3316 Cum
2230 3260 2474 3319 lactucis,
2507 3263 2610 3313 etc.
2662 3259 2874 3325 (Casca,
2925 3258 3090 3327 ibid.)
3138 3257 3391 3310 Lactucae
3447 3252 3695 3321 agrestes

2003 3348 2160 3401 valde
2192 3363 2401 3401 amarae
2432 3351 2585 3413 sunt,
2618 3352 2750 3413 etc.,
2777 3362 2944 3415 usque
2972 3345 3046 3399 ad
3093 3349 3154 3397 ut
3205 3339 3525 3412 dispensari
3567 3351 3697 3389 om-

2002 3435 2095 3488 nia
2127 3451 2227 3505 per
2258 3435 2501 3505 Spiritus
2537 3434 2715 3487 sancti
2745 3434 3060 3503 potentiam
3091 3432 3252 3485 sciat.

2074 3526 2235 3578 Vens.
2272 3528 2428 3579 9-H.
2487 3554 2555 3563 ——
2613 3525 2787 3591 Caput
2842 3539 2960 3577 cum
3009 3521 3256 3590 pedibus,
3317 3524 3422 3573 etc.
3482 3516 3695 3584 (Gesch,

2002 3613 2160 3679 ibid.)
2194 3614 2379 3681 Caput
2408 3613 2616 3668 Christi
2640 3614 2777 3665 Deus
2810 3611 2852 3681 (Ι
2886 3612 3003 3667 Cor.
3035 3613 3128 3677 ix).
3167 3611 3351 3678 Caput
3384 3622 3520 3675 ergo
3563 3601 3699 3672 agni

2005 3717 2223 3767 vorare,
2263 3705 2394 3765 etc.,
2447 3716 2615 3770 usque
2653 3700 2727 3753 ad
2776 3716 2945 3753 nemo
2990 3699 3050 3752 in
3095 3699 3265 3767 hujus
3313 3696 3443 3749 vitae
3495 3692 3699 3746 itinere

2006 3795 2251 3859 torpeat,
2280 3805 2349 3841 ue
2379 3788 2440 3841 in
2469 3788 2652 3857 patria
2682 3788 2868 3840 locum
2904 3787 3122 3855 perdat.

2078 3878 2261 3943 (Cum.
2324 3877 2481 3930 sts.
2539 3874 2603 3928 de
2665 3875 2793 3928 Vita
2826 3872 3037 3934 'Mosis.)
3089 3871 3205 3924 Illis
3235 3885 3431 3924 rerum
3478 3868 3701 3921 involu-

2008 3965 2117 4018 cris
2170 3969 2367 4016 monet
2422 3966 2484 4015 ut
2534 3978 2636 4031 per
2688 3963 2810 4015 haec
2867 3960 3170 4029 aenigmata
3233 3957 3590 4011 considerare
3649 3959 3705 4007 et

2007 4052 2326 4121 intelligere
2383 4050 2620 4103 velimus
2666 4048 2967 4102 transitum
3020 4047 3331 4119 quemdam
3378 4062 3500 4099 esse
3556 4045 3703 4097 hanc

2016 4141 2185 4194 vitam
2218 4143 2489 4192 nostram.
2526 4140 2666 4192 Nam
2698 4142 2896 4207 postea
2942 4151 3115 4207 quam
3165 4133 3407 4204 ingressi
3455 4132 3527 4186 ad
3574 4144 3701 4183 eam

2015 4246 2229 4290 sumus,
2268 4227 2598 4281 necessitate
2628 4226 2874 4297 quadam
2906 4226 2976 4280 ad
3022 4225 3239 4279 exitum
3277 4237 3502 4292 semper
3550 4234 3703 4272 com-

2012 4318 2302 4389 pellimur,
2327 4316 2395 4370 ad
2424 4333 2597 4388 quem
2622 4320 2848 4386 paratos
2877 4332 2979 4369 nos
3018 4331 3137 4368 esse
3166 4314 3287 4367 vult
3337 4310 3605 4366 manibus
3652 4313 3708 4361 et
3788 4336 3790 4339 τ

2013 4407 2252 4476 pedibus
2280 4405 2618 4476 reliquoque
2645 4405 2714 4458 ad
2746 4405 2855 4457 iter
2883 4408 3183 4473 apparatu.
3234 4402 3312 4456 Ne
3361 4399 3541 4472 igitur
3589 4396 3704 4467 spi-

2013 4496 2101 4547 nis
2140 4495 2198 4548 in
2232 4495 2338 4547 hoc
2390 4495 2570 4548 arduo
2629 4493 2855 4547 vivendi
2913 4492 3119 4546 itinere
3170 4492 3343 4562 pedes
3394 4489 3701 4549 laedantur,

2012 4600 2126 4637 non
2154 4583 2319 4637 nudis
2357 4582 2619 4652 pedibus,
2670 4581 2768 4636 sed
2817 4582 3143 4635 durioribus
3186 4581 3389 4635 calceis
3434 4593 3699 4632 commu-

2011 4671 2115 4725 niti
2144 4671 2413 4724 itinerare
2440 4670 2730 4724 debemus.
2785 4670 2976 4739 Spinaa
3021 4675 3234 4735 autem,
3285 4684 3416 4738 quae
3466 4664 3706 4736 pedibus
3782 4717 3803 4732 ,

2011 4758 2200 4811 inﬁxae
2230 4774 2343 4811 non
2371 4758 2557 4811 solum
2587 4758 2832 4811 retinent
2854 4760 3278 4827 retardantque,
3311 4770 3507 4809 verum
3535 4753 3706 4807 etiam

2012 4854 2271 4913 enecant,
2304 4852 2531 4917 peccata
2576 4852 2725 4913 sunt,
2756 4863 2789 4900 a
2836 4848 3047 4918 quibus
3087 4846 3323 4900 durities
3378 4846 3705 4899 calceorum

2013 4935 2285 4999 defendit,
2329 4936 2624 4989 continens
2671 4936 2948 5001 videlicet,
2999 4935 3184 4989 tenuis
3235 4950 3299 4987 ac
3365 4934 3511 4988 dura
3570 4932 3704 4997 vita,

2012 5040 2142 5094 quas
2172 5023 2428 5078 debilitat
2456 5030 2627 5094 atque
2656 5024 2870 5093 frangit
2898 5023 3197 5093 spinarum
3247 5022 3531 5088 acumina,
3580 5020 3704 5091 qui-

2011 5113 2115 5165 bus
2144 5129 2177 5165 a
2205 5128 2379 5181 parvo
2406 5112 2679 5180 tenuique
2724 5112 3011 5180 principio
3059 5112 3127 5165 ad
3174 5112 3480 5175 anteriora,
3530 5126 3708 5179 usque

2012 5205 2242 5270 peccata
2300 5200 2378 5254 sic
2422 5199 2847 5269 ingrediuntur,
2897 5207 2958 5252 ut
2999 5199 3245 5269 poenitus
3294 5199 3572 5253 occidant.
3622 5197 3706 5251 Ad

2010 5290 2159 5343 hanc
2190 5290 2362 5343 vitam
2389 5288 2704 5341 faciendam
2738 5288 2931 5342 talaris
2963 5288 3129 5341 vestis
3159 5293 3215 5341 et
3264 5289 3467 5355 effusa,
3517 5287 3571 5341 id
3626 5291 3709 5340 est

2010 5379 2348 5447 voluptuosa
2382 5381 2438 5431 et
2486 5376 2687 5457 vitiosa
2750 5376 2975 5431 vivendi
3036 5378 3203 5443 ratio,
3260 5393 3389 5448 qua:
3436 5375 3710 5430 latissime

2016 5470 2183 5537 patet,
2217 5465 2632 5536 impedimento
2662 5470 2747 5519 est.
2783 5483 2795 5519 :
2829 5479 3004 5538 quare
3040 5465 3272 5538 cingulo
3313 5465 3559 5537 quodam
3606 5470 3716 5517 tra-
