  <div class='ocr_page' id='page_1' title='image "/cluster/home/n/w/nwhite01/storage/ocr_20150623/113/hvd.32044054759782/115.png"; bbox 0 0 4052 6180; ppageno 0'>
   <div class='ocr_carea' id='block_1_1' title="bbox 324 246 428 297">
    <p class='ocr_par' dir='ltr' id='par_1_1' title="bbox 324 246 428 297">
     <span class='ocr_line' id='line_1_1' title="bbox 324 246 428 297; baseline 0.029 -3"><span class='ocrx_word' id='word_1_1' title='bbox 324 246 428 297; x_wconf 72' lang='grc'><strong>219</strong></span> 
     </span>
    </p>
   </div>
   <div class='ocr_carea' id='block_1_2' title="bbox 940 244 3160 302">
    <p class='ocr_par' dir='ltr' id='par_1_2' title="bbox 940 244 3160 302">
     <span class='ocr_line' id='line_1_2' title="bbox 940 244 3160 302; baseline 0.002 -6"><span class='ocrx_word' id='word_1_2' title='bbox 940 245 1333 300; x_wconf 81' lang='lat' dir='ltr'><strong>WALAFBIDI</strong></span> <span class='ocrx_word' id='word_1_3' title='bbox 1372 245 1620 300; x_wconf 80' lang='lat' dir='ltr'><strong>STRABI</strong></span> <span class='ocrx_word' id='word_1_4' title='bbox 1659 247 1854 301; x_wconf 87' lang='lat' dir='ltr'><strong>FULD.</strong></span> <span class='ocrx_word' id='word_1_5' title='bbox 1900 245 2061 301; x_wconf 83' lang='lat' dir='ltr'><strong>MON.</strong></span> <span class='ocrx_word' id='word_1_6' title='bbox 2103 246 2258 302; x_wconf 87' lang='lat' dir='ltr'><strong>OPP.</strong></span> <span class='ocrx_word' id='word_1_7' title='bbox 2301 248 2476 301; x_wconf 83' lang='lat' dir='ltr'><strong>PARS</strong></span> <span class='ocrx_word' id='word_1_8' title='bbox 2513 248 2556 300; x_wconf 91' lang='grc' dir='ltr'><strong>Ι.</strong></span> <span class='ocrx_word' id='word_1_9' title='bbox 2598 275 2667 285; x_wconf 90' lang='grc'><strong>-·</strong></span> <span class='ocrx_word' id='word_1_10' title='bbox 2706 244 3160 301; x_wconf 80' lang='lat' dir='ltr'><strong>THEOLOCICA.</strong></span> 
     </span>
    </p>
   </div>
   <div class='ocr_carea' id='block_1_3' title="bbox 3719 245 3823 298">
    <p class='ocr_par' dir='ltr' id='par_1_3' title="bbox 3719 245 3823 298">
     <span class='ocr_line' id='line_1_3' title="bbox 3719 245 3823 298; baseline 0.029 -3"><span class='ocrx_word' id='word_1_11' title='bbox 3719 245 3823 298; x_wconf 77' lang='lat'><strong>2&#39;20</strong></span> 
     </span>
    </p>
   </div>
   <div class='ocr_carea' id='block_1_4' title="bbox 313 367 3820 442">
    <p class='ocr_par' dir='ltr' id='par_1_4' title="bbox 313 367 3820 442">
     <span class='ocr_line' id='line_1_4' title="bbox 313 367 3820 442; baseline 0 -20"><span class='ocrx_word' id='word_1_12' title='bbox 313 368 503 422; x_wconf 88' lang='lat' dir='ltr'><strong>henda</strong></span> <span class='ocrx_word' id='word_1_13' title='bbox 540 371 624 422; x_wconf 90' lang='lat' dir='ltr'><strong>est</strong></span> <span class='ocrx_word' id='word_1_14' title='bbox 673 371 728 422; x_wconf 91' lang='lat' dir='ltr'><strong>et</strong></span> <span class='ocrx_word' id='word_1_15' title='bbox 747 369 1106 432; x_wconf 83' lang='lat' dir='ltr'><strong>coarctanda,</strong></span> <span class='ocrx_word' id='word_1_16' title='bbox 1159 385 1228 422; x_wconf 90' lang='lat' dir='ltr'><strong>ne</strong></span> <span class='ocrx_word' id='word_1_17' title='bbox 1248 370 1358 424; x_wconf 90' lang='lat' dir='ltr'><strong>huc</strong></span> <span class='ocrx_word' id='word_1_18' title='bbox 1387 373 1558 440; x_wconf 88' lang='lat' dir='ltr'><strong>atque</strong></span> <span class='ocrx_word' id='word_1_19' title='bbox 1589 369 1724 423; x_wconf 91' lang='lat' dir='ltr'><strong>illuc</strong></span> <span class='ocrx_word' id='word_1_20' title='bbox 1762 369 2006 425; x_wconf 89' lang='lat' dir='ltr'><strong>circum-</strong></span> <span class='ocrx_word' id='word_1_21' title='bbox 2043 371 2082 425; x_wconf 86' lang='lat' dir='ltr'><strong>A</strong></span> <span class='ocrx_word' id='word_1_22' title='bbox 2109 370 2277 442; x_wconf 81' lang='lat' dir='ltr'><strong>juxta</strong></span> <span class='ocrx_word' id='word_1_23' title='bbox 2302 369 2512 424; x_wconf 82' lang='lat' dir='ltr'><strong>ostium</strong></span> <span class='ocrx_word' id='word_1_24' title='bbox 2541 369 2834 441; x_wconf 84' lang='lat' dir='ltr'><strong>positurus</strong></span> <span class='ocrx_word' id='word_1_25' title='bbox 2861 372 2968 437; x_wconf 88' lang='lat' dir='ltr'><strong>est,</strong></span> <span class='ocrx_word' id='word_1_26' title='bbox 3003 373 3068 424; x_wconf 93' lang='lat' dir='ltr'><strong>ut</strong></span> <span class='ocrx_word' id='word_1_27' title='bbox 3091 367 3164 423; x_wconf 91' lang='lat' dir='ltr'><strong>ad</strong></span> <span class='ocrx_word' id='word_1_28' title='bbox 3195 384 3433 424; x_wconf 87' lang='lat' dir='ltr'><strong>manum</strong></span> <span class='ocrx_word' id='word_1_29' title='bbox 3454 367 3820 424; x_wconf 87' lang='lat' dir='ltr'><strong>habeatdum</strong></span> 
     </span>
    </p>
   </div>
   <div class='ocr_carea' id='block_1_5' title="bbox 311 455 2009 527">
    <p class='ocr_par' dir='ltr' id='par_1_5' title="bbox 311 455 2009 527">
     <span class='ocr_line' id='line_1_5' title="bbox 311 455 2009 527; baseline 0.002 -17"><span class='ocrx_word' id='word_1_30' title='bbox 311 457 470 512; x_wconf 85' lang='lat' dir='ltr'><strong>ﬂuat.</strong></span> <span class='ocrx_word' id='word_1_31' title='bbox 505 455 778 524; x_wconf 86' lang='lat' dir='ltr'><strong>Cingulus</strong></span> <span class='ocrx_word' id='word_1_32' title='bbox 808 473 940 512; x_wconf 90' lang='lat' dir='ltr'><strong>vero</strong></span> <span class='ocrx_word' id='word_1_33' title='bbox 968 458 1247 512; x_wconf 78' lang='lat' dir='ltr'><strong>modestia</strong></span> <span class='ocrx_word' id='word_1_34' title='bbox 1275 461 1359 511; x_wconf 89' lang='lat' dir='ltr'><strong>est</strong></span> <span class='ocrx_word' id='word_1_35' title='bbox 1406 462 1461 511; x_wconf 90' lang='lat' dir='ltr'><strong>et</strong></span> <span class='ocrx_word' id='word_1_36' title='bbox 1496 457 1740 527; x_wconf 90' lang='lat' dir='ltr'><strong>diligens</strong></span> <span class='ocrx_word' id='word_1_37' title='bbox 1782 457 2009 514; x_wconf 86' lang='lat' dir='ltr'><strong>vivendi</strong></span> 
     </span>
    </p>
   </div>
   <div class='ocr_carea' id='block_1_6' title="bbox 315 544 2007 615">
    <p class='ocr_par' dir='ltr' id='par_1_6' title="bbox 315 544 2007 615">
     <span class='ocr_line' id='line_1_6' title="bbox 315 544 2007 615; baseline 0.002 -18"><span class='ocrx_word' id='word_1_38' title='bbox 315 544 482 613; x_wconf 80' lang='lat' dir='ltr'><strong>ratio,</strong></span> <span class='ocrx_word' id='word_1_39' title='bbox 516 561 646 615; x_wconf 76' lang='lat' dir='ltr'><strong>quae</strong></span> <span class='ocrx_word' id='word_1_40' title='bbox 668 561 771 599; x_wconf 90' lang='lat' dir='ltr'><strong>nos</strong></span> <span class='ocrx_word' id='word_1_41' title='bbox 796 551 992 600; x_wconf 92' lang='lat' dir='ltr'><strong>monet</strong></span> <span class='ocrx_word' id='word_1_42' title='bbox 1021 546 1091 600; x_wconf 91' lang='lat' dir='ltr'><strong>ad</strong></span> <span class='ocrx_word' id='word_1_43' title='bbox 1130 545 1544 611; x_wconf 84' lang='lat' dir='ltr'><strong>necessitatem,</strong></span> <span class='ocrx_word' id='word_1_44' title='bbox 1572 562 1687 600; x_wconf 92' lang='lat' dir='ltr'><strong>non</strong></span> <span class='ocrx_word' id='word_1_45' title='bbox 1740 545 1812 600; x_wconf 90' lang='lat' dir='ltr'><strong>ad</strong></span> <span class='ocrx_word' id='word_1_46' title='bbox 1852 547 2007 600; x_wconf 87' lang='lat' dir='ltr'><strong>volu-</strong></span> 
     </span>
    </p>
   </div>
   <div class='ocr_carea' id='block_1_7' title="bbox 315 632 2010 704">
    <p class='ocr_par' dir='ltr' id='par_1_7' title="bbox 315 632 2010 704">
     <span class='ocr_line' id='line_1_7' title="bbox 315 632 2010 704; baseline 0.001 -18"><span class='ocrx_word' id='word_1_47' title='bbox 315 638 554 703; x_wconf 88' lang='lat' dir='ltr'><strong>ptatem,</strong></span> <span class='ocrx_word' id='word_1_48' title='bbox 586 633 758 686; x_wconf 86' lang='lat' dir='ltr'><strong>rebus</strong></span> <span class='ocrx_word' id='word_1_49' title='bbox 785 632 887 687; x_wconf 90' lang='lat' dir='ltr'><strong>uti.</strong></span> <span class='ocrx_word' id='word_1_50' title='bbox 925 634 1164 687; x_wconf 86' lang='lat' dir='ltr'><strong>Baculus</strong></span> <span class='ocrx_word' id='word_1_51' title='bbox 1193 649 1306 704; x_wconf 91' lang='lat' dir='ltr'><strong>quo</strong></span> <span class='ocrx_word' id='word_1_52' title='bbox 1356 632 1501 686; x_wconf 84' lang='lat' dir='ltr'><strong>feras</strong></span> <span class='ocrx_word' id='word_1_53' title='bbox 1551 632 1902 702; x_wconf 70' lang='lat' dir='ltr'><strong>repellimus,</strong></span> <span class='ocrx_word' id='word_1_54' title='bbox 1953 639 2010 688; x_wconf 88' lang='lat' dir='ltr'><strong>et</strong></span> 
     </span>
    </p>
   </div>
   <div class='ocr_carea' id='block_1_8' title="bbox 316 721 2007 792">
    <p class='ocr_par' dir='ltr' id='par_1_8' title="bbox 316 721 2007 792">
     <span class='ocr_line' id='line_1_8' title="bbox 316 721 2007 792; baseline 0.001 -16"><span class='ocrx_word' id='word_1_55' title='bbox 316 737 736 792; x_wconf 69' lang='lat' dir='ltr'><strong>nonnunq..am</strong></span> <span class='ocrx_word' id='word_1_56' title='bbox 784 726 1192 790; x_wconf 86' lang='lat' dir='ltr'><strong>sustentamur,</strong></span> <span class='ocrx_word' id='word_1_57' title='bbox 1216 737 1342 792; x_wconf 90' lang='lat' dir='ltr'><strong>spes</strong></span> <span class='ocrx_word' id='word_1_58' title='bbox 1382 726 1483 775; x_wconf 85' lang='lat' dir='ltr'><strong>est.</strong></span> <span class='ocrx_word' id='word_1_59' title='bbox 1520 723 1592 775; x_wconf 88' lang='lat' dir='ltr'><strong>Ex</strong></span> <span class='ocrx_word' id='word_1_60' title='bbox 1633 721 1766 792; x_wconf 83' lang='lat' dir='ltr'><strong>igne</strong></span> <span class='ocrx_word' id='word_1_61' title='bbox 1813 729 2007 777; x_wconf 88' lang='lat' dir='ltr'><strong>autem</strong></span> 
     </span>
    </p>
   </div>
   <div class='ocr_carea' id='block_1_9' title="bbox 315 809 2006 881">
    <p class='ocr_par' dir='ltr' id='par_1_9' title="bbox 315 809 2006 881">
     <span class='ocr_line' id='line_1_9' title="bbox 315 809 2006 881; baseline 0.002 -19"><span class='ocrx_word' id='word_1_62' title='bbox 315 811 503 864; x_wconf 89' lang='lat' dir='ltr'><strong>solum</strong></span> <span class='ocrx_word' id='word_1_63' title='bbox 562 811 721 864; x_wconf 89' lang='lat' dir='ltr'><strong>cibus</strong></span> <span class='ocrx_word' id='word_1_64' title='bbox 777 811 943 864; x_wconf 91' lang='lat' dir='ltr'><strong>nobis</strong></span> <span class='ocrx_word' id='word_1_65' title='bbox 999 809 1326 880; x_wconf 89' lang='lat' dir='ltr'><strong>propositus</strong></span> <span class='ocrx_word' id='word_1_66' title='bbox 1371 814 1472 876; x_wconf 90' lang='lat' dir='ltr'><strong>est,</strong></span> <span class='ocrx_word' id='word_1_67' title='bbox 1533 810 1800 881; x_wconf 74' lang='lat' dir='ltr'><strong>quoniam</strong></span> <span class='ocrx_word' id='word_1_68' title='bbox 1848 811 2006 878; x_wconf 88' lang='lat' dir='ltr'><strong>ﬁdes,</strong></span> 
     </span>
    </p>
   </div>
   <div class='ocr_carea' id='block_1_10' title="bbox 315 899 2006 971">
    <p class='ocr_par' dir='ltr' id='par_1_10' title="bbox 315 899 2006 971">
     <span class='ocr_line' id='line_1_10' title="bbox 315 899 2006 971; baseline 0.002 -20"><span class='ocrx_word' id='word_1_69' title='bbox 315 916 443 971; x_wconf 68' lang='lat' dir='ltr'><strong>quae</strong></span> <span class='ocrx_word' id='word_1_70' title='bbox 474 915 577 970; x_wconf 88' lang='lat' dir='ltr'><strong>per</strong></span> <span class='ocrx_word' id='word_1_71' title='bbox 603 899 794 953; x_wconf 85' lang='lat' dir='ltr'><strong>cibum</strong></span> <span class='ocrx_word' id='word_1_72' title='bbox 825 899 989 953; x_wconf 90' lang='lat' dir='ltr'><strong>illum</strong></span> <span class='ocrx_word' id='word_1_73' title='bbox 1020 899 1392 969; x_wconf 89' lang='lat' dir='ltr'><strong>signiﬁcatur,</strong></span> <span class='ocrx_word' id='word_1_74' title='bbox 1441 900 1843 954; x_wconf 88' lang='lat' dir='ltr'><strong>ardentissima</strong></span> <span class='ocrx_word' id='word_1_75' title='bbox 1883 916 2006 956; x_wconf 89' lang='lat' dir='ltr'><strong>esse</strong></span> 
     </span>
    </p>
   </div>
   <div class='ocr_carea' id='block_1_11' title="bbox 316 986 1688 1058">
    <p class='ocr_par' dir='ltr' id='par_1_11' title="bbox 316 986 1688 1058">
     <span class='ocr_line' id='line_1_11' title="bbox 316 986 1688 1058; baseline -0.001 -17"><span class='ocrx_word' id='word_1_76' title='bbox 316 989 504 1054; x_wconf 85' lang='lat' dir='ltr'><strong>debet,</strong></span> <span class='ocrx_word' id='word_1_77' title='bbox 539 987 680 1041; x_wconf 88' lang='lat' dir='ltr'><strong>nihil</strong></span> <span class='ocrx_word' id='word_1_78' title='bbox 711 987 1016 1042; x_wconf 88' lang='lat' dir='ltr'><strong>humidum</strong></span> <span class='ocrx_word' id='word_1_79' title='bbox 1041 993 1137 1041; x_wconf 84' lang='lat' dir='ltr'><strong>aut</strong></span> <span class='ocrx_word' id='word_1_80' title='bbox 1167 987 1337 1041; x_wconf 86' lang='lat' dir='ltr'><strong>labile</strong></span> <span class='ocrx_word' id='word_1_81' title='bbox 1370 986 1688 1058; x_wconf 87' lang='lat' dir='ltr'><strong>possidens.</strong></span> 
     </span>
    </p>
   </div>
   <div class='ocr_carea' id='block_1_12' title="bbox 388 1076 2002 1146">
    <p class='ocr_par' dir='ltr' id='par_1_12' title="bbox 388 1076 2002 1146">
     <span class='ocr_line' id='line_1_12' title="bbox 388 1076 2002 1146; baseline -0.002 -16"><span class='ocrx_word' id='word_1_82' title='bbox 388 1077 560 1130; x_wconf 87' lang='lat' dir='ltr'><strong>Phase</strong></span> <span class='ocrx_word' id='word_1_83' title='bbox 623 1076 891 1130; x_wconf 85' lang='lat' dir='ltr'><strong>Hebraice</strong></span> <span class='ocrx_word' id='word_1_84' title='bbox 946 1080 1030 1130; x_wconf 86' lang='lat' dir='ltr'><strong>est</strong></span> <span class='ocrx_word' id='word_1_85' title='bbox 1072 1077 1272 1130; x_wconf 84' lang='lat' dir='ltr'><strong>Pesach</strong></span> <span class='ocrx_word' id='word_1_86' title='bbox 1325 1087 1470 1143; x_wconf 69' lang='lat' dir='ltr'><strong>nos,</strong></span> <span class='ocrx_word' id='word_1_87' title='bbox 1546 1078 1732 1130; x_wconf 83' lang='lat' dir='ltr'><strong>Graece</strong></span> <span class='ocrx_word' id='word_1_88' title='bbox 1785 1077 2002 1146; x_wconf 74' lang='grc' dir='ltr'><strong>Πάσχα,</strong></span> 
     </span>
    </p>
   </div>
   <div class='ocr_carea' id='block_1_13' title="bbox 314 1163 2004 1234">
    <p class='ocr_par' dir='ltr' id='par_1_13' title="bbox 314 1163 2004 1234">
     <span class='ocr_line' id='line_1_13' title="bbox 314 1163 2004 1234; baseline 0 -17"><span class='ocrx_word' id='word_1_89' title='bbox 314 1163 373 1217; x_wconf 90' lang='lat' dir='ltr'><strong>id</strong></span> <span class='ocrx_word' id='word_1_90' title='bbox 405 1167 509 1230; x_wconf 89' lang='lat' dir='ltr'><strong>est,</strong></span> <span class='ocrx_word' id='word_1_91' title='bbox 538 1166 842 1228; x_wconf 81' lang='lat' dir='ltr'><strong>transitus;</strong></span> <span class='ocrx_word' id='word_1_92' title='bbox 885 1164 1020 1234; x_wconf 87' lang='lat' dir='ltr'><strong>quia</strong></span> <span class='ocrx_word' id='word_1_93' title='bbox 1059 1180 1090 1216; x_wconf 90' lang='lat' dir='ltr'><strong>a</strong></span> <span class='ocrx_word' id='word_1_94' title='bbox 1120 1164 1251 1217; x_wconf 88' lang='lat' dir='ltr'><strong>ﬁliis</strong></span> <span class='ocrx_word' id='word_1_95' title='bbox 1283 1165 1455 1217; x_wconf 85' lang='lat' dir='ltr'><strong>Israel</strong></span> <span class='ocrx_word' id='word_1_96' title='bbox 1503 1180 1570 1217; x_wconf 79' lang='lat' dir='ltr'><strong>ex</strong></span> <span class='ocrx_word' id='word_1_97' title='bbox 1609 1165 1847 1234; x_wconf 64' lang='lat' dir='ltr'><strong>ngypto</strong></span> <span class='ocrx_word' id='word_1_98' title='bbox 1898 1165 2004 1218; x_wconf 91' lang='lat' dir='ltr'><strong>mi-</strong></span> 
     </span>
    </p>
   </div>
   <div class='ocr_carea' id='block_1_14' title="bbox 315 1252 2005 1324">
    <p class='ocr_par' dir='ltr' id='par_1_14' title="bbox 315 1252 2005 1324">
     <span class='ocr_line' id='line_1_14' title="bbox 315 1252 2005 1324; baseline 0.002 -20"><span class='ocrx_word' id='word_1_99' title='bbox 315 1252 614 1322; x_wconf 86' lang='lat' dir='ltr'><strong>grantibus</strong></span> <span class='ocrx_word' id='word_1_100' title='bbox 670 1252 924 1322; x_wconf 83' lang='lat' dir='ltr'><strong>primum</strong></span> <span class='ocrx_word' id='word_1_101' title='bbox 981 1253 1327 1306; x_wconf 84' lang='lat' dir='ltr'><strong>celebratum</strong></span> <span class='ocrx_word' id='word_1_102' title='bbox 1375 1258 1499 1307; x_wconf 87' lang='lat' dir='ltr'><strong>est:</strong></span> <span class='ocrx_word' id='word_1_103' title='bbox 1570 1253 1735 1306; x_wconf 91' lang='lat' dir='ltr'><strong>nobis</strong></span> <span class='ocrx_word' id='word_1_104' title='bbox 1775 1269 2005 1324; x_wconf 89' lang='lat' dir='ltr'><strong>quoque</strong></span> 
     </span>
    </p>
   </div>
   <div class='ocr_carea' id='block_1_15' title="bbox 315 1340 2004 1410">
    <p class='ocr_par' dir='ltr' id='par_1_15' title="bbox 315 1340 2004 1410">
     <span class='ocr_line' id='line_1_15' title="bbox 315 1340 2004 1410; baseline 0.001 -16"><span class='ocrx_word' id='word_1_105' title='bbox 315 1340 679 1410; x_wconf 85' lang='lat' dir='ltr'><strong>migrandum</strong></span> <span class='ocrx_word' id='word_1_106' title='bbox 711 1346 795 1395; x_wconf 89' lang='lat' dir='ltr'><strong>est</strong></span> <span class='ocrx_word' id='word_1_107' title='bbox 826 1342 896 1396; x_wconf 91' lang='lat' dir='ltr'><strong>de</strong></span> <span class='ocrx_word' id='word_1_108' title='bbox 927 1341 1270 1395; x_wconf 83' lang='lat' dir='ltr'><strong>transitoriis</strong></span> <span class='ocrx_word' id='word_1_109' title='bbox 1307 1341 1376 1394; x_wconf 85' lang='lat' dir='ltr'><strong>ad</strong></span> <span class='ocrx_word' id='word_1_110' title='bbox 1421 1346 1652 1409; x_wconf 70' lang='lat' dir='ltr'><strong>mterna,</strong></span> <span class='ocrx_word' id='word_1_111' title='bbox 1705 1341 1776 1396; x_wconf 92' lang='lat' dir='ltr'><strong>de</strong></span> <span class='ocrx_word' id='word_1_112' title='bbox 1827 1346 2004 1396; x_wconf 90' lang='lat' dir='ltr'><strong>terre-</strong></span> 
     </span>
    </p>
   </div>
   <div class='ocr_carea' id='block_1_16' title="bbox 315 1428 800 1484">
    <p class='ocr_par' dir='ltr' id='par_1_16' title="bbox 315 1428 800 1484">
     <span class='ocr_line' id='line_1_16' title="bbox 315 1428 800 1484; baseline 0 -1"><span class='ocrx_word' id='word_1_113' title='bbox 315 1428 405 1483; x_wconf 90' lang='lat' dir='ltr'><strong>nis</strong></span> <span class='ocrx_word' id='word_1_114' title='bbox 435 1429 507 1483; x_wconf 92' lang='lat' dir='ltr'><strong>ad</strong></span> <span class='ocrx_word' id='word_1_115' title='bbox 539 1429 800 1484; x_wconf 79' lang='lat' dir='ltr'><strong>ccelestia:</strong></span> 
     </span>
    </p>
   </div>
   <div class='ocr_carea' id='block_1_17' title="bbox 387 1517 2002 1585">
    <p class='ocr_par' dir='ltr' id='par_1_17' title="bbox 387 1517 2002 1585">
     <span class='ocr_line' id='line_1_17' title="bbox 387 1517 2002 1585; baseline 0.002 -15"><span class='ocrx_word' id='word_1_116' title='bbox 387 1519 547 1572; x_wconf 77' lang='lat' dir='ltr'><strong>Vens.</strong></span> <span class='ocrx_word' id='word_1_117' title='bbox 595 1522 681 1585; x_wconf 84' lang='grc'><strong>12,</strong></span> <span class='ocrx_word' id='word_1_118' title='bbox 734 1521 816 1572; x_wconf 82' lang='lat' dir='ltr'><strong>l3.</strong></span> <span class='ocrx_word' id='word_1_119' title='bbox 868 1547 936 1556; x_wconf 94' lang='lat'><strong>—</strong></span> <span class='ocrx_word' id='word_1_120' title='bbox 980 1520 1041 1573; x_wconf 89' lang='lat' dir='ltr'><strong>In</strong></span> <span class='ocrx_word' id='word_1_121' title='bbox 1089 1520 1292 1572; x_wconf 88' lang='lat' dir='ltr'><strong>cunctis</strong></span> <span class='ocrx_word' id='word_1_122' title='bbox 1335 1517 1464 1583; x_wconf 88' lang='lat' dir='ltr'><strong>diis,</strong></span> <span class='ocrx_word' id='word_1_123' title='bbox 1508 1521 1612 1572; x_wconf 85' lang='lat' dir='ltr'><strong>etc.</strong></span> <span class='ocrx_word' id='word_1_124' title='bbox 1645 1518 1854 1573; x_wconf 85' lang='lat' dir='ltr'><strong>Ferunt</strong></span> <span class='ocrx_word' id='word_1_125' title='bbox 1890 1520 2002 1574; x_wconf 83' lang='lat' dir='ltr'><strong>He-</strong></span> 
     </span>
    </p>
   </div>
   <div class='ocr_carea' id='block_1_18' title="bbox 313 1606 2003 1677">
    <p class='ocr_par' dir='ltr' id='par_1_18' title="bbox 313 1606 2003 1677">
     <span class='ocr_line' id='line_1_18' title="bbox 313 1606 2003 1677; baseline 0.001 -17"><span class='ocrx_word' id='word_1_126' title='bbox 313 1606 455 1660; x_wconf 68' lang='lat' dir='ltr'><strong>braei</strong></span> <span class='ocrx_word' id='word_1_127' title='bbox 483 1607 618 1677; x_wconf 86' lang='lat' dir='ltr'><strong>quia</strong></span> <span class='ocrx_word' id='word_1_128' title='bbox 638 1606 831 1661; x_wconf 89' lang='lat' dir='ltr'><strong>omnia</strong></span> <span class='ocrx_word' id='word_1_129' title='bbox 857 1606 1277 1677; x_wconf 56' lang='lat' dir='ltr'><strong>idolajngypti</strong></span> <span class='ocrx_word' id='word_1_130' title='bbox 1325 1608 1612 1660; x_wconf 83' lang='lat' dir='ltr'><strong>confracta</strong></span> <span class='ocrx_word' id='word_1_131' title='bbox 1661 1612 1793 1661; x_wconf 90' lang='lat' dir='ltr'><strong>sunt</strong></span> <span class='ocrx_word' id='word_1_132' title='bbox 1837 1613 2003 1661; x_wconf 88' lang='lat' dir='ltr'><strong>nocte</strong></span> 
     </span>
    </p>
   </div>
   <div class='ocr_carea' id='block_1_19' title="bbox 316 1694 2013 1765">
    <p class='ocr_par' dir='ltr' id='par_1_19' title="bbox 316 1694 2013 1765">
     <span class='ocr_line' id='line_1_19' title="bbox 316 1694 2013 1765; baseline 0.001 -17"><span class='ocrx_word' id='word_1_133' title='bbox 316 1694 415 1748; x_wconf 89' lang='lat' dir='ltr'><strong>illa</strong></span> <span class='ocrx_word' id='word_1_134' title='bbox 440 1699 496 1748; x_wconf 91' lang='lat' dir='ltr'><strong>et</strong></span> <span class='ocrx_word' id='word_1_135' title='bbox 523 1696 758 1765; x_wconf 88' lang='lat' dir='ltr'><strong>templa,</strong></span> <span class='ocrx_word' id='word_1_136' title='bbox 789 1696 878 1749; x_wconf 89' lang='lat' dir='ltr'><strong>vel</strong></span> <span class='ocrx_word' id='word_1_137' title='bbox 910 1700 1073 1749; x_wconf 91' lang='lat' dir='ltr'><strong>motu</strong></span> <span class='ocrx_word' id='word_1_138' title='bbox 1100 1699 1288 1760; x_wconf 65' lang='lat' dir='ltr'><strong>terrae,</strong></span> <span class='ocrx_word' id='word_1_139' title='bbox 1321 1695 1408 1748; x_wconf 85' lang='lat' dir='ltr'><strong>vel</strong></span> <span class='ocrx_word' id='word_1_140' title='bbox 1430 1695 1682 1749; x_wconf 83' lang='lat' dir='ltr'><strong>ﬂuminis</strong></span> <span class='ocrx_word' id='word_1_141' title='bbox 1701 1695 1816 1751; x_wconf 85' lang='lat' dir='ltr'><strong>Nili</strong></span> <span class='ocrx_word' id='word_1_142' title='bbox 1841 1695 2013 1750; x_wconf 90' lang='lat' dir='ltr'><strong>inun-</strong></span> 
     </span>
    </p>
   </div>
   <div class='ocr_carea' id='block_1_20' title="bbox 318 1782 2014 1854">
    <p class='ocr_par' dir='ltr' id='par_1_20' title="bbox 318 1782 2014 1854">
     <span class='ocr_line' id='line_1_20' title="bbox 318 1782 2014 1854; baseline 0.002 -18"><span class='ocrx_word' id='word_1_143' title='bbox 318 1782 565 1837; x_wconf 84' lang='lat' dir='ltr'><strong>datione.</strong></span> <span class='ocrx_word' id='word_1_144' title='bbox 592 1783 903 1854; x_wconf 83' lang='lat' dir='ltr'><strong>Allegorice</strong></span> <span class='ocrx_word' id='word_1_145' title='bbox 952 1799 1084 1837; x_wconf 82' lang='lat' dir='ltr'><strong>vero</strong></span> <span class='ocrx_word' id='word_1_146' title='bbox 1123 1783 1288 1837; x_wconf 91' lang='lat' dir='ltr'><strong>nobis</strong></span> <span class='ocrx_word' id='word_1_147' title='bbox 1329 1783 1757 1852; x_wconf 76' lang='lat' dir='ltr'><strong>egredientibus</strong></span> <span class='ocrx_word' id='word_1_148' title='bbox 1804 1800 1872 1838; x_wconf 84' lang='lat' dir='ltr'><strong>ex</strong></span> <span class='ocrx_word' id='word_1_149' title='bbox 1919 1787 2014 1838; x_wconf 74' lang='grc' dir='ltr'><strong>ΑΞ-</strong></span> 
     </span>
    </p>
   </div>
   <div class='ocr_carea' id='block_1_21' title="bbox 316 1872 2014 1944">
    <p class='ocr_par' dir='ltr' id='par_1_21' title="bbox 316 1872 2014 1944">
     <span class='ocr_line' id='line_1_21' title="bbox 316 1872 2014 1944; baseline 0.003 -20"><span class='ocrx_word' id='word_1_150' title='bbox 316 1878 492 1943; x_wconf 87' lang='lat' dir='ltr'><strong>gypto</strong></span> <span class='ocrx_word' id='word_1_151' title='bbox 523 1888 782 1927; x_wconf 89' lang='lat' dir='ltr'><strong>errorum</strong></span> <span class='ocrx_word' id='word_1_152' title='bbox 812 1873 962 1927; x_wconf 89' lang='lat' dir='ltr'><strong>idola</strong></span> <span class='ocrx_word' id='word_1_153' title='bbox 992 1877 1289 1936; x_wconf 85' lang='lat' dir='ltr'><strong>corruunt,</strong></span> <span class='ocrx_word' id='word_1_154' title='bbox 1320 1877 1377 1926; x_wconf 91' lang='lat' dir='ltr'><strong>et</strong></span> <span class='ocrx_word' id='word_1_155' title='bbox 1397 1872 1584 1927; x_wconf 90' lang='lat' dir='ltr'><strong>omnis</strong></span> <span class='ocrx_word' id='word_1_156' title='bbox 1610 1889 2014 1944; x_wconf 88' lang='lat' dir='ltr'><strong>perversorum</strong></span> 
     </span>
    </p>
   </div>
   <div class='ocr_carea' id='block_1_22' title="bbox 319 1961 1208 2032">
    <p class='ocr_par' dir='ltr' id='par_1_22' title="bbox 319 1961 1208 2032">
     <span class='ocr_line' id='line_1_22' title="bbox 319 1961 1208 2032; baseline -0.001 -18"><span class='ocrx_word' id='word_1_157' title='bbox 319 1961 651 2030; x_wconf 86' lang='lat' dir='ltr'><strong>dogmatum</strong></span> <span class='ocrx_word' id='word_1_158' title='bbox 679 1961 902 2015; x_wconf 87' lang='lat' dir='ltr'><strong>cultura</strong></span> <span class='ocrx_word' id='word_1_159' title='bbox 933 1961 1208 2032; x_wconf 84' lang='lat' dir='ltr'><strong>quatitur.</strong></span> 
     </span>
    </p>
   </div>
   <div class='ocr_carea' id='block_1_23' title="bbox 391 2049 2011 2116">
    <p class='ocr_par' dir='ltr' id='par_1_23' title="bbox 391 2049 2011 2116">
     <span class='ocr_line' id='line_1_23' title="bbox 391 2049 2011 2116; baseline 0.003 -14"><span class='ocrx_word' id='word_1_160' title='bbox 391 2051 556 2105; x_wconf 72' lang='lat' dir='ltr'><strong>Vens.</strong></span> <span class='ocrx_word' id='word_1_161' title='bbox 595 2052 775 2106; x_wconf 79' lang='grc'><strong>14-17.</strong></span> <span class='ocrx_word' id='word_1_162' title='bbox 833 2080 899 2090; x_wconf 88' lang='grc'><strong>-</strong></span> <span class='ocrx_word' id='word_1_163' title='bbox 944 2050 1224 2104; x_wconf 86' lang='lat' dir='ltr'><strong>Habebitis</strong></span> <span class='ocrx_word' id='word_1_164' title='bbox 1281 2052 1460 2103; x_wconf 85' lang='lat' dir='ltr'><strong>autem</strong></span> <span class='ocrx_word' id='word_1_165' title='bbox 1503 2049 1641 2104; x_wconf 85' lang='lat' dir='ltr'><strong>hunc</strong></span> <span class='ocrx_word' id='word_1_166' title='bbox 1685 2049 1845 2116; x_wconf 87' lang='lat' dir='ltr'><strong>diem,</strong></span> <span class='ocrx_word' id='word_1_167' title='bbox 1905 2055 2011 2107; x_wconf 89' lang='lat' dir='ltr'><strong>etc.</strong></span> 
     </span>
    </p>
   </div>
   <div class='ocr_carea' id='block_1_24' title="bbox 320 2137 2016 2208">
    <p class='ocr_par' dir='ltr' id='par_1_24' title="bbox 320 2137 2016 2208">
     <span class='ocr_line' id='line_1_24' title="bbox 320 2137 2016 2208; baseline 0.001 -17"><span class='ocrx_word' id='word_1_168' title='bbox 320 2137 498 2204; x_wconf 80' lang='lat' dir='ltr'><strong>(AUG.,</strong></span> <span class='ocrx_word' id='word_1_169' title='bbox 525 2140 584 2192; x_wconf 89' lang='lat' dir='ltr'><strong>in</strong></span> <span class='ocrx_word' id='word_1_170' title='bbox 611 2139 788 2193; x_wconf 66' lang='lat' dir='ltr'><strong>Exod.</strong></span> <span class='ocrx_word' id='word_1_171' title='bbox 821 2144 1010 2208; x_wconf 58' lang='lat' dir='ltr'><strong>quast,</strong></span> <span class='ocrx_word' id='word_1_172' title='bbox 1040 2141 1129 2203; x_wconf 85' lang='lat'><strong>43,</strong></span> <span class='ocrx_word' id='word_1_173' title='bbox 1163 2141 1307 2191; x_wconf 91' lang='lat' dir='ltr'><strong>tom.</strong></span> <span class='ocrx_word' id='word_1_174' title='bbox 1349 2137 1463 2207; x_wconf 93' lang='lat' dir='ltr'><strong>lIl.)</strong></span> <span class='ocrx_word' id='word_1_175' title='bbox 1495 2138 1578 2191; x_wconf 82' lang='lat' dir='ltr'><strong>Et</strong></span> <span class='ocrx_word' id='word_1_176' title='bbox 1611 2140 1831 2205; x_wconf 75' lang='lat' dir='ltr'><strong>facietis</strong></span> <span class='ocrx_word' id='word_1_177' title='bbox 1872 2138 2016 2193; x_wconf 86' lang='lat' dir='ltr'><strong>diem</strong></span> 
     </span>
    </p>
   </div>
   <div class='ocr_carea' id='block_1_25' title="bbox 319 2227 2016 2296">
    <p class='ocr_par' dir='ltr' id='par_1_25' title="bbox 319 2227 2016 2296">
     <span class='ocr_line' id='line_1_25' title="bbox 319 2227 2016 2296; baseline 0.001 -16"><span class='ocrx_word' id='word_1_178' title='bbox 319 2227 461 2280; x_wconf 87' lang='lat' dir='ltr'><strong>hunc</strong></span> <span class='ocrx_word' id='word_1_179' title='bbox 492 2229 550 2280; x_wconf 90' lang='lat' dir='ltr'><strong>in</strong></span> <span class='ocrx_word' id='word_1_180' title='bbox 582 2229 864 2296; x_wconf 79' lang='lat' dir='ltr'><strong>progenies</strong></span> <span class='ocrx_word' id='word_1_181' title='bbox 896 2232 1102 2281; x_wconf 81' lang='lat' dir='ltr'><strong>vestras</strong></span> <span class='ocrx_word' id='word_1_182' title='bbox 1135 2227 1454 2293; x_wconf 84' lang='lat' dir='ltr'><strong>legitimum,</strong></span> <span class='ocrx_word' id='word_1_183' title='bbox 1478 2232 1736 2280; x_wconf 67' lang='lat' dir='ltr'><strong>zternum</strong></span> <span class='ocrx_word' id='word_1_184' title='bbox 1763 2228 1847 2282; x_wconf 88' lang='lat' dir='ltr'><strong>vel</strong></span> <span class='ocrx_word' id='word_1_185' title='bbox 1866 2233 2016 2282; x_wconf 65' lang='lat' dir='ltr'><strong>arter-</strong></span> 
     </span>
    </p>
   </div>
   <div class='ocr_carea' id='block_1_26' title="bbox 318 2314 2012 2386">
    <p class='ocr_par' dir='ltr' id='par_1_26' title="bbox 318 2314 2012 2386">
     <span class='ocr_line' id='line_1_26' title="bbox 318 2314 2012 2386; baseline 0 -18"><span class='ocrx_word' id='word_1_186' title='bbox 318 2315 495 2369; x_wconf 87' lang='lat' dir='ltr'><strong>nalem</strong></span> <span class='ocrx_word' id='word_1_187' title='bbox 521 2335 536 2383; x_wconf 83' lang='lat'><strong>;</strong></span> <span class='ocrx_word' id='word_1_188' title='bbox 563 2315 720 2386; x_wconf 91' lang='lat' dir='ltr'><strong>quod</strong></span> <span class='ocrx_word' id='word_1_189' title='bbox 748 2317 937 2370; x_wconf 66' lang='lat' dir='ltr'><strong>Graece</strong></span> <span class='ocrx_word' id='word_1_190' title='bbox 965 2315 1172 2370; x_wconf 89' lang='lat' dir='ltr'><strong>dicitur</strong></span> <span class='ocrx_word' id='word_1_191' title='bbox 1200 2316 1424 2381; x_wconf 69' lang='grc' dir='ltr'><strong>αἰώνιον,</strong></span> <span class='ocrx_word' id='word_1_192' title='bbox 1457 2331 1571 2368; x_wconf 90' lang='lat' dir='ltr'><strong>non</strong></span> <span class='ocrx_word' id='word_1_193' title='bbox 1595 2314 1675 2368; x_wconf 90' lang='lat' dir='ltr'><strong>sic</strong></span> <span class='ocrx_word' id='word_1_194' title='bbox 1723 2315 2012 2386; x_wconf 91' lang='lat' dir='ltr'><strong>accipien-</strong></span> 
     </span>
    </p>
   </div>
   <div class='ocr_carea' id='block_1_27' title="bbox 318 2403 2015 2474">
    <p class='ocr_par' dir='ltr' id='par_1_27' title="bbox 318 2403 2015 2474">
     <span class='ocr_line' id='line_1_27' title="bbox 318 2403 2015 2474; baseline 0 -16"><span class='ocrx_word' id='word_1_195' title='bbox 318 2403 457 2458; x_wconf 90' lang='lat' dir='ltr'><strong>dum</strong></span> <span class='ocrx_word' id='word_1_196' title='bbox 488 2409 590 2471; x_wconf 89' lang='lat' dir='ltr'><strong>est,</strong></span> <span class='ocrx_word' id='word_1_197' title='bbox 633 2409 766 2473; x_wconf 89' lang='lat' dir='ltr'><strong>etc.,</strong></span> <span class='ocrx_word' id='word_1_198' title='bbox 796 2420 965 2473; x_wconf 86' lang='lat' dir='ltr'><strong>usque</strong></span> <span class='ocrx_word' id='word_1_199' title='bbox 994 2405 1069 2458; x_wconf 90' lang='lat' dir='ltr'><strong>ad</strong></span> <span class='ocrx_word' id='word_1_200' title='bbox 1091 2403 1248 2457; x_wconf 90' lang='lat' dir='ltr'><strong>omni</strong></span> <span class='ocrx_word' id='word_1_201' title='bbox 1272 2407 1532 2472; x_wconf 88' lang='lat' dir='ltr'><strong>tempore</strong></span> <span class='ocrx_word' id='word_1_202' title='bbox 1555 2403 1854 2474; x_wconf 68' lang='lat' dir='ltr'><strong>praesentis</strong></span> <span class='ocrx_word' id='word_1_203' title='bbox 1883 2404 2015 2458; x_wconf 69' lang='lat' dir='ltr'><strong>vita:</strong></span> 
     </span>
    </p>
   </div>
   <div class='ocr_carea' id='block_1_28' title="bbox 319 2492 1520 2564">
    <p class='ocr_par' dir='ltr' id='par_1_28' title="bbox 319 2492 1520 2564">
     <span class='ocr_line' id='line_1_28' title="bbox 319 2492 1520 2564; baseline -0.001 -18"><span class='ocrx_word' id='word_1_204' title='bbox 319 2492 653 2564; x_wconf 87' lang='lat' dir='ltr'><strong>simplicitas</strong></span> <span class='ocrx_word' id='word_1_205' title='bbox 674 2493 970 2558; x_wconf 87' lang='lat' dir='ltr'><strong>servanda,</strong></span> <span class='ocrx_word' id='word_1_206' title='bbox 1004 2493 1223 2547; x_wconf 88' lang='lat' dir='ltr'><strong>malitia</strong></span> <span class='ocrx_word' id='word_1_207' title='bbox 1251 2493 1520 2546; x_wconf 87' lang='lat' dir='ltr'><strong>cavenda.</strong></span> 
     </span>
    </p>
   </div>
   <div class='ocr_carea' id='block_1_29' title="bbox 389 2581 2009 2649">
    <p class='ocr_par' dir='ltr' id='par_1_29' title="bbox 389 2581 2009 2649">
     <span class='ocr_line' id='line_1_29' title="bbox 389 2581 2009 2649; baseline 0.001 -15"><span class='ocrx_word' id='word_1_208' title='bbox 389 2583 552 2637; x_wconf 77' lang='lat' dir='ltr'><strong>Vens.</strong></span> <span class='ocrx_word' id='word_1_209' title='bbox 617 2585 802 2638; x_wconf 78' lang='lat'><strong>18-20.</strong></span> <span class='ocrx_word' id='word_1_210' title='bbox 859 2585 1042 2637; x_wconf 87' lang='lat' dir='ltr'><strong>Primo</strong></span> <span class='ocrx_word' id='word_1_211' title='bbox 1095 2597 1272 2646; x_wconf 49' lang='lat' dir='ltr'><strong>mese</strong></span> <span class='ocrx_word' id='word_1_212' title='bbox 1335 2586 1536 2649; x_wconf 87' lang='lat' dir='ltr'><strong>quarta</strong></span> <span class='ocrx_word' id='word_1_213' title='bbox 1609 2581 1834 2649; x_wconf 87' lang='lat' dir='ltr'><strong>decima,</strong></span> <span class='ocrx_word' id='word_1_214' title='bbox 1904 2586 2009 2635; x_wconf 86' lang='lat' dir='ltr'><strong>etc.</strong></span> 
     </span>
    </p>
   </div>
   <div class='ocr_carea' id='block_1_30' title="bbox 318 2669 2014 2741">
    <p class='ocr_par' dir='ltr' id='par_1_30' title="bbox 318 2669 2014 2741">
     <span class='ocr_line' id='line_1_30' title="bbox 318 2669 2014 2741; baseline -0.001 -15"><span class='ocrx_word' id='word_1_215' title='bbox 318 2671 496 2739; x_wconf 69' lang='grc' dir='ltr'><strong>(ΗΑΒ.)</strong></span> <span class='ocrx_word' id='word_1_216' title='bbox 553 2673 794 2740; x_wconf 74' lang='lat' dir='ltr'><strong>Mystice.</strong></span> <span class='ocrx_word' id='word_1_217' title='bbox 861 2671 1104 2740; x_wconf 85' lang='lat' dir='ltr'><strong>Vespera</strong></span> <span class='ocrx_word' id='word_1_218' title='bbox 1159 2669 1350 2741; x_wconf 86' lang='lat' dir='ltr'><strong>quarti</strong></span> <span class='ocrx_word' id='word_1_219' title='bbox 1399 2669 1606 2723; x_wconf 89' lang='lat' dir='ltr'><strong>decimi</strong></span> <span class='ocrx_word' id='word_1_220' title='bbox 1675 2670 1788 2724; x_wconf 89' lang='lat' dir='ltr'><strong>diei</strong></span> <span class='ocrx_word' id='word_1_221' title='bbox 1839 2669 2014 2741; x_wconf 88' lang='lat' dir='ltr'><strong>primi</strong></span> 
     </span>
    </p>
   </div>
   <div class='ocr_carea' id='block_1_31' title="bbox 321 2757 2012 2831">
    <p class='ocr_par' dir='ltr' id='par_1_31' title="bbox 321 2757 2012 2831">
     <span class='ocr_line' id='line_1_31' title="bbox 321 2757 2012 2831; baseline 0 -18"><span class='ocrx_word' id='word_1_222' title='bbox 321 2759 550 2826; x_wconf 89' lang='lat' dir='ltr'><strong>mensis,</strong></span> <span class='ocrx_word' id='word_1_223' title='bbox 583 2759 642 2813; x_wconf 90' lang='lat' dir='ltr'><strong>in</strong></span> <span class='ocrx_word' id='word_1_224' title='bbox 688 2776 802 2831; x_wconf 91' lang='lat' dir='ltr'><strong>quo</strong></span> <span class='ocrx_word' id='word_1_225' title='bbox 846 2760 1060 2814; x_wconf 89' lang='lat' dir='ltr'><strong>Pascha</strong></span> <span class='ocrx_word' id='word_1_226' title='bbox 1097 2757 1436 2824; x_wconf 81' lang='lat' dir='ltr'><strong>celebratur,</strong></span> <span class='ocrx_word' id='word_1_227' title='bbox 1487 2763 1545 2812; x_wconf 91' lang='lat' dir='ltr'><strong>et</strong></span> <span class='ocrx_word' id='word_1_228' title='bbox 1581 2758 1714 2828; x_wconf 90' lang='lat' dir='ltr'><strong>agni</strong></span> <span class='ocrx_word' id='word_1_229' title='bbox 1751 2759 2012 2813; x_wconf 87' lang='lat' dir='ltr'><strong>immola-</strong></span> 
     </span>
    </p>
   </div>
   <div class='ocr_carea' id='block_1_32' title="bbox 319 2847 2013 2919">
    <p class='ocr_par' dir='ltr' id='par_1_32' title="bbox 319 2847 2013 2919">
     <span class='ocr_line' id='line_1_32' title="bbox 319 2847 2013 2919; baseline 0 -18"><span class='ocrx_word' id='word_1_230' title='bbox 319 2847 399 2902; x_wconf 88' lang='lat' dir='ltr'><strong>tio</strong></span> <span class='ocrx_word' id='word_1_231' title='bbox 426 2848 740 2918; x_wconf 89' lang='lat' dir='ltr'><strong>perﬁcitur,</strong></span> <span class='ocrx_word' id='word_1_232' title='bbox 774 2848 1195 2919; x_wconf 89' lang='lat' dir='ltr'><strong>depositionem</strong></span> <span class='ocrx_word' id='word_1_233' title='bbox 1244 2847 1452 2900; x_wconf 88' lang='lat' dir='ltr'><strong>veteris</strong></span> <span class='ocrx_word' id='word_1_234' title='bbox 1502 2847 1751 2901; x_wconf 90' lang='lat' dir='ltr'><strong>hominis</strong></span> <span class='ocrx_word' id='word_1_235' title='bbox 1798 2847 2013 2919; x_wconf 85' lang='lat' dir='ltr'><strong>signiﬁ-</strong></span> 
     </span>
    </p>
   </div>
   <div class='ocr_carea' id='block_1_33' title="bbox 2118 459 2314 531">
    <p class='ocr_par' dir='ltr' id='par_1_33' title="bbox 2118 459 2314 531">
     <span class='ocr_line' id='line_1_33' title="bbox 2118 459 2314 531; baseline 0 -18"><span class='ocrx_word' id='word_1_236' title='bbox 2118 459 2314 531; x_wconf 65' lang='lat' dir='ltr'><strong>ﬁngﬁ.</strong></span> 
     </span>
    </p>
   </div>
   <div class='ocr_carea' id='block_1_34' title="bbox 2190 548 3814 615">
    <p class='ocr_par' dir='ltr' id='par_1_34' title="bbox 2190 548 3814 615">
     <span class='ocr_line' id='line_1_34' title="bbox 2190 548 3814 615; baseline -0.002 -14"><span class='ocrx_word' id='word_1_237' title='bbox 2190 549 2351 603; x_wconf 78' lang='lat' dir='ltr'><strong>Vens.</strong></span> <span class='ocrx_word' id='word_1_238' title='bbox 2403 550 2580 604; x_wconf 79' lang='lat'><strong>23-29.</strong></span> <span class='ocrx_word' id='word_1_239' title='bbox 2639 576 2708 588; x_wconf 90' lang='lat'><strong>-</strong></span> <span class='ocrx_word' id='word_1_240' title='bbox 2756 550 2826 602; x_wconf 86' lang='lat' dir='ltr'><strong>Et</strong></span> <span class='ocrx_word' id='word_1_241' title='bbox 2880 563 2986 601; x_wconf 85' lang='lat' dir='ltr'><strong>non</strong></span> <span class='ocrx_word' id='word_1_242' title='bbox 3040 548 3179 600; x_wconf 82' lang='lat' dir='ltr'><strong>sinet</strong></span> <span class='ocrx_word' id='word_1_243' title='bbox 3242 561 3625 615; x_wconf 78' lang='lat' dir='ltr'><strong>percussorem,</strong></span> <span class='ocrx_word' id='word_1_244' title='bbox 3708 550 3814 599; x_wconf 87' lang='lat' dir='ltr'><strong>etc-</strong></span> 
     </span>
    </p>
   </div>
   <div class='ocr_carea' id='block_1_35' title="bbox 2116 634 3818 707">
    <p class='ocr_par' dir='ltr' id='par_1_35' title="bbox 2116 634 3818 707">
     <span class='ocr_line' id='line_1_35' title="bbox 2116 634 3818 707; baseline -0.004 -15"><span class='ocrx_word' id='word_1_245' title='bbox 2116 636 2350 707; x_wconf 58' lang='lat' dir='ltr'><strong>(Srnne)</strong></span> <span class='ocrx_word' id='word_1_246' title='bbox 2407 637 2604 690; x_wconf 90' lang='lat' dir='ltr'><strong>Utrum</strong></span> <span class='ocrx_word' id='word_1_247' title='bbox 2644 651 2943 706; x_wconf 89' lang='lat' dir='ltr'><strong>percussor</strong></span> <span class='ocrx_word' id='word_1_248' title='bbox 2990 634 3173 688; x_wconf 90' lang='lat' dir='ltr'><strong>bonus</strong></span> <span class='ocrx_word' id='word_1_249' title='bbox 3225 636 3460 705; x_wconf 89' lang='lat' dir='ltr'><strong>angelus</strong></span> <span class='ocrx_word' id='word_1_250' title='bbox 3511 650 3587 688; x_wconf 90' lang='lat' dir='ltr'><strong>an</strong></span> <span class='ocrx_word' id='word_1_251' title='bbox 3633 635 3818 687; x_wconf 88' lang='lat' dir='ltr'><strong>malus</strong></span> 
     </span>
    </p>
   </div>
   <div class='ocr_carea' id='block_1_36' title="bbox 2117 722 3820 794">
    <p class='ocr_par' dir='ltr' id='par_1_36' title="bbox 2117 722 3820 794">
     <span class='ocr_line' id='line_1_36' title="bbox 2117 722 3820 794; baseline -0.002 -15"><span class='ocrx_word' id='word_1_252' title='bbox 2117 725 2310 792; x_wconf 89' lang='lat' dir='ltr'><strong>fuerit,</strong></span> <span class='ocrx_word' id='word_1_253' title='bbox 2367 741 2483 778; x_wconf 92' lang='lat' dir='ltr'><strong>non</strong></span> <span class='ocrx_word' id='word_1_254' title='bbox 2539 740 2768 778; x_wconf 86' lang='lat' dir='ltr'><strong>necesse</strong></span> <span class='ocrx_word' id='word_1_255' title='bbox 2819 729 2904 777; x_wconf 88' lang='lat' dir='ltr'><strong>est</strong></span> <span class='ocrx_word' id='word_1_256' title='bbox 2953 722 3216 794; x_wconf 88' lang='lat' dir='ltr'><strong>inquiri:</strong></span> <span class='ocrx_word' id='word_1_257' title='bbox 3269 723 3598 793; x_wconf 87' lang='lat' dir='ltr'><strong>quicunque</strong></span> <span class='ocrx_word' id='word_1_258' title='bbox 3664 722 3820 775; x_wconf 88' lang='lat' dir='ltr'><strong>enim</strong></span> 
     </span>
    </p>
   </div>
   <div class='ocr_carea' id='block_1_37' title="bbox 2114 811 3815 885">
    <p class='ocr_par' dir='ltr' id='par_1_37' title="bbox 2114 811 3815 885">
     <span class='ocr_line' id='line_1_37' title="bbox 2114 811 3815 885; baseline -0.004 -16"><span class='ocrx_word' id='word_1_259' title='bbox 2114 814 2244 880; x_wconf 89' lang='lat' dir='ltr'><strong>fuit,</strong></span> <span class='ocrx_word' id='word_1_260' title='bbox 2277 818 2560 885; x_wconf 61' lang='lat' dir='ltr'><strong>pratcepto</strong></span> <span class='ocrx_word' id='word_1_261' title='bbox 2581 812 2812 868; x_wconf 90' lang='lat' dir='ltr'><strong>Domini</strong></span> <span class='ocrx_word' id='word_1_262' title='bbox 2827 812 3096 867; x_wconf 88' lang='lat' dir='ltr'><strong>obedivit.</strong></span> <span class='ocrx_word' id='word_1_263' title='bbox 3121 811 3424 866; x_wconf 87' lang='lat' dir='ltr'><strong>Sciendum</strong></span> <span class='ocrx_word' id='word_1_264' title='bbox 3451 817 3641 865; x_wconf 88' lang='lat' dir='ltr'><strong>tamen</strong></span> <span class='ocrx_word' id='word_1_265' title='bbox 3664 811 3815 881; x_wconf 89' lang='lat' dir='ltr'><strong>quod</strong></span> 
     </span>
    </p>
   </div>
   <div class='ocr_carea' id='block_1_38' title="bbox 2115 898 3815 975">
    <p class='ocr_par' dir='ltr' id='par_1_38' title="bbox 2115 898 3815 975">
     <span class='ocr_line' id='line_1_38' title="bbox 2115 898 3815 975; baseline -0.003 -18"><span class='ocrx_word' id='word_1_266' title='bbox 2115 903 2269 975; x_wconf 92' lang='lat' dir='ltr'><strong>quod</strong></span> <span class='ocrx_word' id='word_1_267' title='bbox 2297 904 2439 957; x_wconf 87' lang='lat' dir='ltr'><strong>tales</strong></span> <span class='ocrx_word' id='word_1_268' title='bbox 2471 907 2659 974; x_wconf 89' lang='lat' dir='ltr'><strong>pestes</strong></span> <span class='ocrx_word' id='word_1_269' title='bbox 2690 902 2826 956; x_wconf 91' lang='lat' dir='ltr'><strong>mali</strong></span> <span class='ocrx_word' id='word_1_270' title='bbox 2858 900 3046 972; x_wconf 81' lang='lat' dir='ltr'><strong>angeli</strong></span> <span class='ocrx_word' id='word_1_271' title='bbox 3086 900 3270 954; x_wconf 84' lang='lat' dir='ltr'><strong>facere</strong></span> <span class='ocrx_word' id='word_1_272' title='bbox 3322 901 3528 968; x_wconf 90' lang='lat' dir='ltr'><strong>solent,</strong></span> <span class='ocrx_word' id='word_1_273' title='bbox 3570 898 3815 970; x_wconf 87' lang='lat' dir='ltr'><strong>permis-</strong></span> 
     </span>
    </p>
   </div>
   <div class='ocr_carea' id='block_1_39' title="bbox 2114 991 2423 1047">
    <p class='ocr_par' dir='ltr' id='par_1_39' title="bbox 2114 991 2423 1047">
     <span class='ocr_line' id='line_1_39' title="bbox 2114 991 2423 1047; baseline -0.006 -1"><span class='ocrx_word' id='word_1_274' title='bbox 2114 993 2273 1047; x_wconf 88' lang='lat' dir='ltr'><strong>sione</strong></span> <span class='ocrx_word' id='word_1_275' title='bbox 2307 991 2423 1046; x_wconf 92' lang='lat' dir='ltr'><strong>Dei.</strong></span> 
     </span>
    </p>
   </div>
   <div class='ocr_carea' id='block_1_40' title="bbox 2185 1078 3815 1150">
    <p class='ocr_par' dir='ltr' id='par_1_40' title="bbox 2185 1078 3815 1150">
     <span class='ocr_line' id='line_1_40' title="bbox 2185 1078 3815 1150; baseline -0.004 -16"><span class='ocrx_word' id='word_1_276' title='bbox 2185 1079 2482 1134; x_wconf 91' lang='lat' dir='ltr'><strong>Decimum</strong></span> <span class='ocrx_word' id='word_1_277' title='bbox 2537 1083 2888 1150; x_wconf 72' lang='lat' dir='ltr'><strong>praeceptum</strong></span> <span class='ocrx_word' id='word_1_278' title='bbox 2940 1082 3066 1132; x_wconf 91' lang='lat' dir='ltr'><strong>est:</strong></span> <span class='ocrx_word' id='word_1_279' title='bbox 3132 1079 3247 1133; x_wconf 82' lang='lat' dir='ltr'><strong>Non</strong></span> <span class='ocrx_word' id='word_1_280' title='bbox 3305 1078 3641 1145; x_wconf 82' lang='lat' dir='ltr'><strong>concupisces</strong></span> <span class='ocrx_word' id='word_1_281' title='bbox 3701 1091 3815 1129; x_wconf 85' lang='lat' dir='ltr'><strong>rem</strong></span> 
     </span>
    </p>
   </div>
   <div class='ocr_carea' id='block_1_41' title="bbox 2108 1164 3808 1240">
    <p class='ocr_par' dir='ltr' id='par_1_41' title="bbox 2108 1164 3808 1240">
     <span class='ocr_line' id='line_1_41' title="bbox 2108 1164 3808 1240; baseline -0.005 -16"><span class='ocrx_word' id='word_1_282' title='bbox 2108 1171 2354 1240; x_wconf 67' lang='lat' dir='ltr'><strong>proximi</strong></span> <span class='ocrx_word' id='word_1_283' title='bbox 2383 1171 2485 1234; x_wconf 86' lang='lat' dir='ltr'><strong>tui,</strong></span> <span class='ocrx_word' id='word_1_284' title='bbox 2517 1173 2623 1225; x_wconf 92' lang='lat' dir='ltr'><strong>etc.</strong></span> <span class='ocrx_word' id='word_1_285' title='bbox 2677 1167 2817 1222; x_wconf 84' lang='lat' dir='ltr'><strong>Huic</strong></span> <span class='ocrx_word' id='word_1_286' title='bbox 2866 1165 3151 1220; x_wconf 85' lang='lat' dir='ltr'><strong>contraria</strong></span> <span class='ocrx_word' id='word_1_287' title='bbox 3201 1168 3288 1219; x_wconf 89' lang='lat' dir='ltr'><strong>est</strong></span> <span class='ocrx_word' id='word_1_288' title='bbox 3343 1165 3566 1218; x_wconf 89' lang='lat' dir='ltr'><strong>decima</strong></span> <span class='ocrx_word' id='word_1_289' title='bbox 3615 1164 3808 1235; x_wconf 87' lang='lat' dir='ltr'><strong>plaga,</strong></span> 
     </span>
    </p>
   </div>
   <div class='ocr_carea' id='block_1_42' title="bbox 2113 1254 3814 1328">
    <p class='ocr_par' dir='ltr' id='par_1_42' title="bbox 2113 1254 3814 1328">
     <span class='ocr_line' id='line_1_42' title="bbox 2113 1254 3814 1328; baseline -0.003 -16"><span class='ocrx_word' id='word_1_290' title='bbox 2113 1274 2266 1312; x_wconf 89' lang='lat' dir='ltr'><strong>mors</strong></span> <span class='ocrx_word' id='word_1_291' title='bbox 2295 1257 2832 1328; x_wconf 87' lang='lat' dir='ltr'><strong>primogenitorum.</strong></span> <span class='ocrx_word' id='word_1_292' title='bbox 2870 1257 2991 1311; x_wconf 77' lang='lat' dir='ltr'><strong>Alio</strong></span> <span class='ocrx_word' id='word_1_293' title='bbox 3023 1262 3304 1328; x_wconf 59' lang='lat' dir='ltr'><strong>praecepto</strong></span> <span class='ocrx_word' id='word_1_294' title='bbox 3339 1256 3557 1310; x_wconf 85' lang='lat' dir='ltr'><strong>furtum</strong></span> <span class='ocrx_word' id='word_1_295' title='bbox 3608 1254 3814 1324; x_wconf 90' lang='lat' dir='ltr'><strong>prohi-</strong></span> 
     </span>
    </p>
   </div>
   <div class='ocr_carea' id='block_1_43' title="bbox 2112 1343 3816 1417">
    <p class='ocr_par' dir='ltr' id='par_1_43' title="bbox 2112 1343 3816 1417">
     <span class='ocr_line' id='line_1_43' title="bbox 2112 1343 3816 1417; baseline -0.002 -17"><span class='ocrx_word' id='word_1_296' title='bbox 2112 1347 2302 1414; x_wconf 88' lang='lat' dir='ltr'><strong>betur,</strong></span> <span class='ocrx_word' id='word_1_297' title='bbox 2330 1363 2443 1417; x_wconf 90' lang='lat' dir='ltr'><strong>quo</strong></span> <span class='ocrx_word' id='word_1_298' title='bbox 2475 1353 2531 1400; x_wconf 87' lang='lat' dir='ltr'><strong>et</strong></span> <span class='ocrx_word' id='word_1_299' title='bbox 2561 1345 2759 1417; x_wconf 88' lang='lat' dir='ltr'><strong>rapina</strong></span> <span class='ocrx_word' id='word_1_300' title='bbox 2791 1346 3096 1400; x_wconf 88' lang='lat' dir='ltr'><strong>damnatur</strong></span> <span class='ocrx_word' id='word_1_301' title='bbox 3126 1361 3138 1398; x_wconf 95' lang='lat'>:</span> <span class='ocrx_word' id='word_1_302' title='bbox 3173 1346 3338 1415; x_wconf 83' lang='lat' dir='ltr'><strong>pejus</strong></span> <span class='ocrx_word' id='word_1_303' title='bbox 3366 1343 3523 1398; x_wconf 88' lang='lat' dir='ltr'><strong>enim</strong></span> <span class='ocrx_word' id='word_1_304' title='bbox 3565 1349 3650 1397; x_wconf 90' lang='lat' dir='ltr'><strong>est</strong></span> <span class='ocrx_word' id='word_1_305' title='bbox 3695 1344 3816 1396; x_wconf 90' lang='lat' dir='ltr'><strong>eri-</strong></span> 
     </span>
    </p>
   </div>
   <div class='ocr_carea' id='block_1_44' title="bbox 2113 1432 3815 1506">
    <p class='ocr_par' dir='ltr' id='par_1_44' title="bbox 2113 1432 3815 1506">
     <span class='ocr_line' id='line_1_44' title="bbox 2113 1432 3815 1506; baseline -0.002 -16"><span class='ocrx_word' id='word_1_306' title='bbox 2113 1451 2249 1506; x_wconf 91' lang='lat' dir='ltr'><strong>pere</strong></span> <span class='ocrx_word' id='word_1_307' title='bbox 2295 1435 2575 1488; x_wconf 86' lang='lat' dir='ltr'><strong>violenter</strong></span> <span class='ocrx_word' id='word_1_308' title='bbox 2617 1450 2791 1504; x_wconf 88' lang='lat' dir='ltr'><strong>quam</strong></span> <span class='ocrx_word' id='word_1_309' title='bbox 2841 1436 3100 1488; x_wconf 84' lang='lat' dir='ltr'><strong>latenter.</strong></span> <span class='ocrx_word' id='word_1_310' title='bbox 3151 1434 3390 1488; x_wconf 83' lang='lat' dir='ltr'><strong>Auferre</strong></span> <span class='ocrx_word' id='word_1_311' title='bbox 3433 1448 3570 1502; x_wconf 89' lang='lat' dir='ltr'><strong>ergo</strong></span> <span class='ocrx_word' id='word_1_312' title='bbox 3615 1432 3815 1486; x_wconf 89' lang='lat' dir='ltr'><strong>volens</strong></span> 
     </span>
    </p>
   </div>
   <div class='ocr_carea' id='block_1_45' title="bbox 2113 1520 3816 1594">
    <p class='ocr_par' dir='ltr' id='par_1_45' title="bbox 2113 1520 3816 1594">
     <span class='ocr_line' id='line_1_45' title="bbox 2113 1520 3816 1594; baseline -0.004 -16"><span class='ocrx_word' id='word_1_313' title='bbox 2113 1529 2306 1594; x_wconf 86' lang='lat' dir='ltr'><strong>aperte</strong></span> <span class='ocrx_word' id='word_1_314' title='bbox 2331 1525 2417 1577; x_wconf 82' lang='lat' dir='ltr'><strong>vel</strong></span> <span class='ocrx_word' id='word_1_315' title='bbox 2465 1525 2681 1577; x_wconf 85' lang='lat' dir='ltr'><strong>occulte</strong></span> <span class='ocrx_word' id='word_1_316' title='bbox 2715 1527 3064 1592; x_wconf 71' lang='lat' dir='ltr'><strong>praeceptum</strong></span> <span class='ocrx_word' id='word_1_317' title='bbox 3120 1537 3289 1576; x_wconf 88' lang='lat' dir='ltr'><strong>suum</strong></span> <span class='ocrx_word' id='word_1_318' title='bbox 3354 1520 3570 1574; x_wconf 82' lang='lat' dir='ltr'><strong>habet:</strong></span> <span class='ocrx_word' id='word_1_319' title='bbox 3612 1535 3816 1572; x_wconf 89' lang='lat' dir='ltr'><strong>concu-</strong></span> 
     </span>
    </p>
   </div>
   <div class='ocr_carea' id='block_1_46' title="bbox 2121 1609 3818 1684">
    <p class='ocr_par' dir='ltr' id='par_1_46' title="bbox 2121 1609 3818 1684">
     <span class='ocr_line' id='line_1_46' title="bbox 2121 1609 3818 1684; baseline -0.003 -18"><span class='ocrx_word' id='word_1_320' title='bbox 2121 1613 2338 1684; x_wconf 87' lang='lat' dir='ltr'><strong>piscere</strong></span> <span class='ocrx_word' id='word_1_321' title='bbox 2386 1617 2579 1666; x_wconf 88' lang='lat' dir='ltr'><strong>autem</strong></span> <span class='ocrx_word' id='word_1_322' title='bbox 2632 1625 2757 1665; x_wconf 87' lang='lat' dir='ltr'><strong>rem</strong></span> <span class='ocrx_word' id='word_1_323' title='bbox 2807 1610 3071 1681; x_wconf 86' lang='lat' dir='ltr'><strong>proximi,</strong></span> <span class='ocrx_word' id='word_1_324' title='bbox 3119 1609 3345 1665; x_wconf 86' lang='lat' dir='ltr'><strong>etiamsi</strong></span> <span class='ocrx_word' id='word_1_325' title='bbox 3389 1610 3545 1680; x_wconf 90' lang='lat' dir='ltr'><strong>justa</strong></span> <span class='ocrx_word' id='word_1_326' title='bbox 3601 1623 3818 1662; x_wconf 33' lang='lat' dir='ltr'><strong>success</strong></span> 
     </span>
    </p>
   </div>
   <div class='ocr_carea' id='block_1_47' title="bbox 2125 1697 3819 1771">
    <p class='ocr_par' dir='ltr' id='par_1_47' title="bbox 2125 1697 3819 1771">
     <span class='ocr_line' id='line_1_47' title="bbox 2125 1697 3819 1771; baseline -0.003 -17"><span class='ocrx_word' id='word_1_327' title='bbox 2125 1701 2287 1754; x_wconf 90' lang='lat' dir='ltr'><strong>sione</strong></span> <span class='ocrx_word' id='word_1_328' title='bbox 2308 1716 2553 1771; x_wconf 64' lang='lat' dir='ltr'><strong>qumras,</strong></span> <span class='ocrx_word' id='word_1_329' title='bbox 2585 1715 2702 1754; x_wconf 90' lang='lat' dir='ltr'><strong>non</strong></span> <span class='ocrx_word' id='word_1_330' title='bbox 2733 1699 2882 1754; x_wconf 91' lang='lat' dir='ltr'><strong>licet.</strong></span> <span class='ocrx_word' id='word_1_331' title='bbox 2909 1699 3018 1764; x_wconf 85' lang='lat' dir='ltr'><strong>Qui</strong></span> <span class='ocrx_word' id='word_1_332' title='bbox 3047 1699 3201 1752; x_wconf 90' lang='lat' dir='ltr'><strong>enim</strong></span> <span class='ocrx_word' id='word_1_333' title='bbox 3226 1699 3424 1752; x_wconf 90' lang='lat' dir='ltr'><strong>volunt</strong></span> <span class='ocrx_word' id='word_1_334' title='bbox 3465 1713 3556 1751; x_wconf 90' lang='lat' dir='ltr'><strong>res</strong></span> <span class='ocrx_word' id='word_1_335' title='bbox 3601 1697 3819 1751; x_wconf 89' lang='lat' dir='ltr'><strong>alienas</strong></span> 
     </span>
    </p>
   </div>
   <div class='ocr_carea' id='block_1_48' title="bbox 2125 1788 3817 1861">
    <p class='ocr_par' dir='ltr' id='par_1_48' title="bbox 2125 1788 3817 1861">
     <span class='ocr_line' id='line_1_48' title="bbox 2125 1788 3817 1861; baseline -0.003 -17"><span class='ocrx_word' id='word_1_336' title='bbox 2125 1795 2403 1861; x_wconf 87' lang='lat' dir='ltr'><strong>tanquam</strong></span> <span class='ocrx_word' id='word_1_337' title='bbox 2423 1790 2575 1859; x_wconf 85' lang='lat' dir='ltr'><strong>juste</strong></span> <span class='ocrx_word' id='word_1_338' title='bbox 2604 1788 2916 1858; x_wconf 90' lang='lat' dir='ltr'><strong>possidere,</strong></span> <span class='ocrx_word' id='word_1_339' title='bbox 2961 1793 3018 1860; x_wconf 74' lang='lat' dir='ltr'><strong>et</strong></span> <span class='ocrx_word' id='word_1_340' title='bbox 3071 1788 3325 1842; x_wconf 64' lang='lat' dir='ltr'><strong>heredes</strong></span> <span class='ocrx_word' id='word_1_341' title='bbox 3379 1791 3648 1858; x_wconf 66' lang='lat' dir='ltr'><strong>quaerunt</strong></span> <span class='ocrx_word' id='word_1_342' title='bbox 3689 1802 3817 1840; x_wconf 88' lang='lat' dir='ltr'><strong>mo-</strong></span> 
     </span>
    </p>
   </div>
   <div class='ocr_carea' id='block_1_49' title="bbox 2124 1874 3821 1946">
    <p class='ocr_par' dir='ltr' id='par_1_49' title="bbox 2124 1874 3821 1946">
     <span class='ocr_line' id='line_1_49' title="bbox 2124 1874 3821 1946; baseline -0.002 -14"><span class='ocrx_word' id='word_1_343' title='bbox 2124 1879 2406 1933; x_wconf 87' lang='lat' dir='ltr'><strong>rientibus</strong></span> <span class='ocrx_word' id='word_1_344' title='bbox 2438 1878 2550 1931; x_wconf 85' lang='lat' dir='ltr'><strong>illis</strong></span> <span class='ocrx_word' id='word_1_345' title='bbox 2578 1893 2718 1931; x_wconf 90' lang='lat' dir='ltr'><strong>esse.</strong></span> <span class='ocrx_word' id='word_1_346' title='bbox 2755 1877 2898 1932; x_wconf 89' lang='lat' dir='ltr'><strong>Cum</strong></span> <span class='ocrx_word' id='word_1_347' title='bbox 2928 1876 3126 1931; x_wconf 88' lang='lat' dir='ltr'><strong>laudas</strong></span> <span class='ocrx_word' id='word_1_348' title='bbox 3173 1892 3294 1932; x_wconf 91' lang='lat' dir='ltr'><strong>rem</strong></span> <span class='ocrx_word' id='word_1_349' title='bbox 3348 1875 3607 1931; x_wconf 87' lang='lat' dir='ltr'><strong>relictam</strong></span> <span class='ocrx_word' id='word_1_350' title='bbox 3655 1874 3821 1946; x_wconf 86' lang='lat' dir='ltr'><strong>quasi</strong></span> 
     </span>
    </p>
   </div>
   <div class='ocr_carea' id='block_1_50' title="bbox 2116 1964 3812 2038">
    <p class='ocr_par' dir='ltr' id='par_1_50' title="bbox 2116 1964 3812 2038">
     <span class='ocr_line' id='line_1_50' title="bbox 2116 1964 3812 2038; baseline -0.002 -18"><span class='ocrx_word' id='word_1_351' title='bbox 2116 1967 2250 2038; x_wconf 89' lang='lat' dir='ltr'><strong>jure</strong></span> <span class='ocrx_word' id='word_1_352' title='bbox 2280 1966 2690 2037; x_wconf 88' lang='lat' dir='ltr'><strong>possidentem,</strong></span> <span class='ocrx_word' id='word_1_353' title='bbox 2728 1967 2875 2019; x_wconf 88' lang='lat' dir='ltr'><strong>Deus</strong></span> <span class='ocrx_word' id='word_1_354' title='bbox 2924 1966 3159 2020; x_wconf 89' lang='lat' dir='ltr'><strong>damnat</strong></span> <span class='ocrx_word' id='word_1_355' title='bbox 3203 1965 3414 2035; x_wconf 86' lang='lat' dir='ltr'><strong>injuste</strong></span> <span class='ocrx_word' id='word_1_356' title='bbox 3461 1964 3812 2034; x_wconf 88' lang='lat' dir='ltr'><strong>cupientem.</strong></span> 
     </span>
    </p>
   </div>
   <div class='ocr_carea' id='block_1_51' title="bbox 2123 2052 3821 2126">
    <p class='ocr_par' dir='ltr' id='par_1_51' title="bbox 2123 2052 3821 2126">
     <span class='ocr_line' id='line_1_51' title="bbox 2123 2052 3821 2126; baseline -0.004 -17"><span class='ocrx_word' id='word_1_357' title='bbox 2123 2056 2232 2121; x_wconf 89' lang='lat' dir='ltr'><strong>Qui</strong></span> <span class='ocrx_word' id='word_1_358' title='bbox 2259 2055 2415 2108; x_wconf 89' lang='lat' dir='ltr'><strong>enim</strong></span> <span class='ocrx_word' id='word_1_359' title='bbox 2441 2054 2652 2126; x_wconf 76' lang='lat' dir='ltr'><strong>quaeris</strong></span> <span class='ocrx_word' id='word_1_360' title='bbox 2679 2055 2749 2108; x_wconf 89' lang='lat' dir='ltr'><strong>ab</strong></span> <span class='ocrx_word' id='word_1_361' title='bbox 2789 2054 2984 2124; x_wconf 88' lang='lat' dir='ltr'><strong>aliquo</strong></span> <span class='ocrx_word' id='word_1_362' title='bbox 3025 2054 3208 2108; x_wconf 69' lang='lat' dir='ltr'><strong>haeres</strong></span> <span class='ocrx_word' id='word_1_363' title='bbox 3255 2052 3401 2114; x_wconf 87' lang='lat' dir='ltr'><strong>ﬁeri,</strong></span> <span class='ocrx_word' id='word_1_364' title='bbox 3455 2068 3573 2106; x_wconf 90' lang='lat' dir='ltr'><strong>non</strong></span> <span class='ocrx_word' id='word_1_365' title='bbox 3623 2053 3705 2104; x_wconf 91' lang='lat' dir='ltr'><strong>vis</strong></span> <span class='ocrx_word' id='word_1_366' title='bbox 3755 2057 3821 2104; x_wconf 89' lang='lat' dir='ltr'><strong>ut</strong></span> 
     </span>
    </p>
   </div>
   <div class='ocr_carea' id='block_1_52' title="bbox 2122 2139 3822 2213">
    <p class='ocr_par' dir='ltr' id='par_1_52' title="bbox 2122 2139 3822 2213">
     <span class='ocr_line' id='line_1_52' title="bbox 2122 2139 3822 2213; baseline -0.004 -13"><span class='ocrx_word' id='word_1_367' title='bbox 2122 2145 2331 2200; x_wconf 89' lang='lat' dir='ltr'><strong>habeat</strong></span> <span class='ocrx_word' id='word_1_368' title='bbox 2356 2143 2634 2208; x_wconf 62' lang='lat' dir='ltr'><strong>haeredes,</strong></span> <span class='ocrx_word' id='word_1_369' title='bbox 2666 2143 2726 2196; x_wconf 93' lang='lat' dir='ltr'><strong>in</strong></span> <span class='ocrx_word' id='word_1_370' title='bbox 2757 2143 2964 2213; x_wconf 89' lang='lat' dir='ltr'><strong>quibus</strong></span> <span class='ocrx_word' id='word_1_371' title='bbox 2988 2142 3128 2196; x_wconf 89' lang='lat' dir='ltr'><strong>nihil</strong></span> <span class='ocrx_word' id='word_1_372' title='bbox 3157 2141 3384 2196; x_wconf 91' lang='lat' dir='ltr'><strong>charius</strong></span> <span class='ocrx_word' id='word_1_373' title='bbox 3421 2139 3822 2212; x_wconf 88' lang='lat' dir='ltr'><strong>primogenitis</strong></span> 
     </span>
    </p>
   </div>
   <div class='ocr_carea' id='block_1_53' title="bbox 2125 2228 3818 2301">
    <p class='ocr_par' dir='ltr' id='par_1_53' title="bbox 2125 2228 3818 2301">
     <span class='ocr_line' id='line_1_53' title="bbox 2125 2228 3818 2301; baseline -0.004 -14"><span class='ocrx_word' id='word_1_374' title='bbox 2125 2237 2229 2288; x_wconf 89' lang='lat' dir='ltr'><strong>est.</strong></span> <span class='ocrx_word' id='word_1_375' title='bbox 2263 2235 2397 2286; x_wconf 79' lang='lat' dir='ltr'><strong>Jure</strong></span> <span class='ocrx_word' id='word_1_376' title='bbox 2429 2247 2564 2301; x_wconf 89' lang='lat' dir='ltr'><strong>ergo</strong></span> <span class='ocrx_word' id='word_1_377' title='bbox 2597 2231 2655 2284; x_wconf 89' lang='lat' dir='ltr'><strong>in</strong></span> <span class='ocrx_word' id='word_1_378' title='bbox 2686 2230 3086 2300; x_wconf 89' lang='lat' dir='ltr'><strong>primogenitis</strong></span> <span class='ocrx_word' id='word_1_379' title='bbox 3128 2229 3240 2284; x_wconf 89' lang='lat' dir='ltr'><strong>tuis</strong></span> <span class='ocrx_word' id='word_1_380' title='bbox 3284 2229 3532 2300; x_wconf 89' lang='lat' dir='ltr'><strong>puniris,</strong></span> <span class='ocrx_word' id='word_1_381' title='bbox 3576 2228 3675 2299; x_wconf 87' lang='lat' dir='ltr'><strong>qui</strong></span> <span class='ocrx_word' id='word_1_382' title='bbox 3719 2243 3818 2281; x_wconf 91' lang='lat' dir='ltr'><strong>cu-</strong></span> 
     </span>
    </p>
   </div>
   <div class='ocr_carea' id='block_1_54' title="bbox 2122 2317 3818 2393">
    <p class='ocr_par' dir='ltr' id='par_1_54' title="bbox 2122 2317 3818 2393">
     <span class='ocr_line' id='line_1_54' title="bbox 2122 2317 3818 2393; baseline -0.004 -17"><span class='ocrx_word' id='word_1_383' title='bbox 2122 2321 2330 2393; x_wconf 90' lang='lat' dir='ltr'><strong>piendo</strong></span> <span class='ocrx_word' id='word_1_384' title='bbox 2359 2336 2446 2374; x_wconf 91' lang='lat' dir='ltr'><strong>res</strong></span> <span class='ocrx_word' id='word_1_385' title='bbox 2475 2320 2712 2382; x_wconf 85' lang='lat' dir='ltr'><strong>alienas,</strong></span> <span class='ocrx_word' id='word_1_386' title='bbox 2747 2319 2910 2390; x_wconf 81' lang='lat' dir='ltr'><strong>quasi</strong></span> <span class='ocrx_word' id='word_1_387' title='bbox 2932 2320 3078 2389; x_wconf 78' lang='lat' dir='ltr'><strong>juris</strong></span> <span class='ocrx_word' id='word_1_388' title='bbox 3105 2318 3367 2372; x_wconf 86' lang='lat' dir='ltr'><strong>umbram</strong></span> <span class='ocrx_word' id='word_1_389' title='bbox 3398 2317 3704 2388; x_wconf 87' lang='lat' dir='ltr'><strong>perquiris,</strong></span> <span class='ocrx_word' id='word_1_390' title='bbox 3740 2321 3818 2381; x_wconf 91' lang='lat' dir='ltr'><strong>et,</strong></span> 
     </span>
    </p>
   </div>
   <div class='ocr_carea' id='block_1_55' title="bbox 2122 2405 3824 2482">
    <p class='ocr_par' dir='ltr' id='par_1_55' title="bbox 2122 2405 3824 2482">
     <span class='ocr_line' id='line_1_55' title="bbox 2122 2405 3824 2482; baseline -0.004 -18"><span class='ocrx_word' id='word_1_391' title='bbox 2122 2427 2252 2482; x_wconf 63' lang='lat' dir='ltr'><strong>quae</strong></span> <span class='ocrx_word' id='word_1_392' title='bbox 2283 2409 2524 2464; x_wconf 86' lang='lat' dir='ltr'><strong>meliora</strong></span> <span class='ocrx_word' id='word_1_393' title='bbox 2550 2413 2702 2475; x_wconf 87' lang='lat' dir='ltr'><strong>sunt,</strong></span> <span class='ocrx_word' id='word_1_394' title='bbox 2735 2408 2917 2462; x_wconf 81' lang='lat' dir='ltr'><strong>cordis</strong></span> <span class='ocrx_word' id='word_1_395' title='bbox 2937 2407 3320 2478; x_wconf 87' lang='lat' dir='ltr'><strong>primogenita</strong></span> <span class='ocrx_word' id='word_1_396' title='bbox 3349 2407 3557 2478; x_wconf 90' lang='lat' dir='ltr'><strong>perdis.</strong></span> <span class='ocrx_word' id='word_1_397' title='bbox 3604 2405 3824 2460; x_wconf 83' lang='lat' dir='ltr'><strong>Primo-</strong></span> 
     </span>
    </p>
   </div>
   <div class='ocr_carea' id='block_1_56' title="bbox 2121 2493 3818 2570">
    <p class='ocr_par' dir='ltr' id='par_1_56' title="bbox 2121 2493 3818 2570">
     <span class='ocr_line' id='line_1_56' title="bbox 2121 2493 3818 2570; baseline -0.005 -17"><span class='ocrx_word' id='word_1_398' title='bbox 2121 2498 2317 2570; x_wconf 88' lang='lat' dir='ltr'><strong>genita</strong></span> <span class='ocrx_word' id='word_1_399' title='bbox 2339 2497 2574 2568; x_wconf 87' lang='lat' dir='ltr'><strong>quidem</strong></span> <span class='ocrx_word' id='word_1_400' title='bbox 2603 2496 2746 2551; x_wconf 89' lang='lat' dir='ltr'><strong>ﬁdes</strong></span> <span class='ocrx_word' id='word_1_401' title='bbox 2775 2500 2877 2550; x_wconf 90' lang='lat' dir='ltr'><strong>est.</strong></span> <span class='ocrx_word' id='word_1_402' title='bbox 2936 2497 3114 2550; x_wconf 79' lang='lat' dir='ltr'><strong>Nemo</strong></span> <span class='ocrx_word' id='word_1_403' title='bbox 3157 2495 3312 2549; x_wconf 89' lang='lat' dir='ltr'><strong>enim</strong></span> <span class='ocrx_word' id='word_1_404' title='bbox 3350 2495 3502 2549; x_wconf 86' lang='lat' dir='ltr'><strong>bona</strong></span> <span class='ocrx_word' id='word_1_405' title='bbox 3552 2493 3705 2559; x_wconf 82' lang='lat' dir='ltr'><strong>facit,</strong></span> <span class='ocrx_word' id='word_1_406' title='bbox 3757 2493 3818 2546; x_wconf 88' lang='lat' dir='ltr'><strong>in</strong></span> 
     </span>
    </p>
   </div>
   <div class='ocr_carea' id='block_1_57' title="bbox 2121 2580 3820 2659">
    <p class='ocr_par' dir='ltr' id='par_1_57' title="bbox 2121 2580 3820 2659">
     <span class='ocr_line' id='line_1_57' title="bbox 2121 2580 3820 2659; baseline -0.004 -19"><span class='ocrx_word' id='word_1_407' title='bbox 2121 2604 2234 2659; x_wconf 92' lang='lat' dir='ltr'><strong>quo</strong></span> <span class='ocrx_word' id='word_1_408' title='bbox 2261 2587 2402 2640; x_wconf 90' lang='lat' dir='ltr'><strong>ﬁdes</strong></span> <span class='ocrx_word' id='word_1_409' title='bbox 2434 2601 2549 2640; x_wconf 87' lang='lat' dir='ltr'><strong>non</strong></span> <span class='ocrx_word' id='word_1_410' title='bbox 2582 2584 2892 2655; x_wconf 82' lang='lat' dir='ltr'><strong>praecessit.</strong></span> <span class='ocrx_word' id='word_1_411' title='bbox 2927 2583 3132 2639; x_wconf 87' lang='lat' dir='ltr'><strong>Omnia</strong></span> <span class='ocrx_word' id='word_1_412' title='bbox 3162 2599 3335 2654; x_wconf 81' lang='lat' dir='ltr'><strong>opera</strong></span> <span class='ocrx_word' id='word_1_413' title='bbox 3362 2583 3511 2636; x_wconf 92' lang='lat' dir='ltr'><strong>bona</strong></span> <span class='ocrx_word' id='word_1_414' title='bbox 3541 2586 3673 2636; x_wconf 92' lang='lat' dir='ltr'><strong>sunt</strong></span> <span class='ocrx_word' id='word_1_415' title='bbox 3710 2580 3820 2635; x_wconf 87' lang='lat' dir='ltr'><strong>ﬁlii</strong></span> 
     </span>
    </p>
   </div>
   <div class='ocr_carea' id='block_1_58' title="bbox 2123 2669 3822 2746">
    <p class='ocr_par' dir='ltr' id='par_1_58' title="bbox 2123 2669 3822 2746">
     <span class='ocr_line' id='line_1_58' title="bbox 2123 2669 3822 2746; baseline -0.004 -17"><span class='ocrx_word' id='word_1_416' title='bbox 2123 2675 2471 2746; x_wconf 89' lang='lat' dir='ltr'><strong>spirituales,</strong></span> <span class='ocrx_word' id='word_1_417' title='bbox 2505 2674 2602 2726; x_wconf 89' lang='lat' dir='ltr'><strong>sed</strong></span> <span class='ocrx_word' id='word_1_418' title='bbox 2637 2674 2788 2728; x_wconf 89' lang='lat' dir='ltr'><strong>inter</strong></span> <span class='ocrx_word' id='word_1_419' title='bbox 2820 2675 2923 2727; x_wconf 87' lang='lat' dir='ltr'><strong>hos</strong></span> <span class='ocrx_word' id='word_1_420' title='bbox 2947 2673 3331 2744; x_wconf 86' lang='lat' dir='ltr'><strong>primogenita</strong></span> <span class='ocrx_word' id='word_1_421' title='bbox 3355 2672 3514 2726; x_wconf 89' lang='lat' dir='ltr'><strong>ﬁdes.</strong></span> <span class='ocrx_word' id='word_1_422' title='bbox 3549 2669 3822 2740; x_wconf 86' lang='lat' dir='ltr'><strong>Quisquis</strong></span> 
     </span>
    </p>
   </div>
   <div class='ocr_carea' id='block_1_59' title="bbox 2121 2759 3818 2834">
    <p class='ocr_par' dir='ltr' id='par_1_59' title="bbox 2121 2759 3818 2834">
     <span class='ocr_line' id='line_1_59' title="bbox 2121 2759 3818 2834; baseline -0.004 -17"><span class='ocrx_word' id='word_1_423' title='bbox 2121 2779 2258 2834; x_wconf 87' lang='lat' dir='ltr'><strong>ergo</strong></span> <span class='ocrx_word' id='word_1_424' title='bbox 2289 2778 2412 2817; x_wconf 90' lang='lat' dir='ltr'><strong>rem</strong></span> <span class='ocrx_word' id='word_1_425' title='bbox 2446 2763 2662 2816; x_wconf 90' lang='lat' dir='ltr'><strong>occulte</strong></span> <span class='ocrx_word' id='word_1_426' title='bbox 2693 2761 2854 2831; x_wconf 90' lang='lat' dir='ltr'><strong>cupis</strong></span> <span class='ocrx_word' id='word_1_427' title='bbox 2884 2761 3152 2830; x_wconf 89' lang='lat' dir='ltr'><strong>alienam,</strong></span> <span class='ocrx_word' id='word_1_428' title='bbox 3173 2759 3414 2815; x_wconf 89' lang='lat' dir='ltr'><strong>interius</strong></span> <span class='ocrx_word' id='word_1_429' title='bbox 3461 2759 3635 2814; x_wconf 89' lang='lat' dir='ltr'><strong>ﬁdem</strong></span> <span class='ocrx_word' id='word_1_430' title='bbox 3680 2773 3818 2827; x_wconf 91' lang='lat' dir='ltr'><strong>per-</strong></span> 
     </span>
    </p>
   </div>
   <div class='ocr_carea' id='block_1_60' title="bbox 2121 2847 3822 2915">
    <p class='ocr_par' dir='ltr' id='par_1_60' title="bbox 2121 2847 3822 2915">
     <span class='ocr_line' id='line_1_60' title="bbox 2121 2847 3822 2915; baseline -0.004 -8"><span class='ocrx_word' id='word_1_431' title='bbox 2121 2852 2228 2907; x_wconf 91' lang='lat' dir='ltr'><strong>dis.</strong></span> <span class='ocrx_word' id='word_1_432' title='bbox 2282 2851 2470 2906; x_wconf 88' lang='lat' dir='ltr'><strong>Servis</strong></span> <span class='ocrx_word' id='word_1_433' title='bbox 2522 2851 2679 2904; x_wconf 89' lang='lat' dir='ltr'><strong>enim</strong></span> <span class='ocrx_word' id='word_1_434' title='bbox 2727 2866 2846 2904; x_wconf 90' lang='lat' dir='ltr'><strong>non</strong></span> <span class='ocrx_word' id='word_1_435' title='bbox 2891 2849 3184 2915; x_wconf 88' lang='lat' dir='ltr'><strong>charitate,</strong></span> <span class='ocrx_word' id='word_1_436' title='bbox 3243 2849 3343 2903; x_wconf 90' lang='lat' dir='ltr'><strong>sed</strong></span> <span class='ocrx_word' id='word_1_437' title='bbox 3391 2848 3610 2909; x_wconf 83' lang='lat' dir='ltr'><strong>fraude,</strong></span> <span class='ocrx_word' id='word_1_438' title='bbox 3662 2847 3822 2900; x_wconf 87' lang='lat' dir='ltr'><strong>velut</strong></span> 
     </span>
    </p>
   </div>
   <div class='ocr_carea' id='block_1_61' title="bbox 319 2936 3608 3010">
    <p class='ocr_par' dir='ltr' id='par_1_61' title="bbox 319 2936 3608 3010">
     <span class='ocr_line' id='line_1_61' title="bbox 319 2936 3608 3010; baseline 0 -21"><span class='ocrx_word' id='word_1_439' title='bbox 319 2941 424 3000; x_wconf 85' lang='lat' dir='ltr'><strong>cat,</strong></span> <span class='ocrx_word' id='word_1_440' title='bbox 461 2941 518 2990; x_wconf 89' lang='lat' dir='ltr'><strong>et</strong></span> <span class='ocrx_word' id='word_1_441' title='bbox 537 2936 766 2991; x_wconf 88' lang='lat' dir='ltr'><strong>initium</strong></span> <span class='ocrx_word' id='word_1_442' title='bbox 791 2938 947 3004; x_wconf 91' lang='lat' dir='ltr'><strong>novi,</strong></span> <span class='ocrx_word' id='word_1_443' title='bbox 979 2939 1081 3008; x_wconf 90' lang='lat' dir='ltr'><strong>qui</strong></span> <span class='ocrx_word' id='word_1_444' title='bbox 1108 2938 1164 2990; x_wconf 91' lang='lat' dir='ltr'><strong>in</strong></span> <span class='ocrx_word' id='word_1_445' title='bbox 1197 2937 1483 3008; x_wconf 89' lang='lat' dir='ltr'><strong>baptismo</strong></span> <span class='ocrx_word' id='word_1_446' title='bbox 1514 2937 1722 2992; x_wconf 87' lang='lat' dir='ltr'><strong>Christi</strong></span> <span class='ocrx_word' id='word_1_447' title='bbox 1763 2942 2007 2990; x_wconf 85' lang='lat' dir='ltr'><strong>mortem</strong></span> <span class='ocrx_word' id='word_1_448' title='bbox 2049 2941 2088 2998; x_wconf 88' lang='lat' dir='ltr'><strong>C</strong></span> <span class='ocrx_word' id='word_1_449' title='bbox 2121 2956 2320 2994; x_wconf 88' lang='lat' dir='ltr'><strong>amans</strong></span> <span class='ocrx_word' id='word_1_450' title='bbox 2351 2955 2484 2994; x_wconf 89' lang='lat' dir='ltr'><strong>eum</strong></span> <span class='ocrx_word' id='word_1_451' title='bbox 2514 2954 2685 3010; x_wconf 89' lang='lat' dir='ltr'><strong>quem</strong></span> <span class='ocrx_word' id='word_1_452' title='bbox 2720 2938 2868 2993; x_wconf 90' lang='lat' dir='ltr'><strong>mori</strong></span> <span class='ocrx_word' id='word_1_453' title='bbox 2894 2938 3201 3003; x_wconf 90' lang='lat' dir='ltr'><strong>desideras,</strong></span> <span class='ocrx_word' id='word_1_454' title='bbox 3231 2942 3295 2990; x_wconf 93' lang='lat' dir='ltr'><strong>ut</strong></span> <span class='ocrx_word' id='word_1_455' title='bbox 3323 2937 3608 2991; x_wconf 89' lang='lat' dir='ltr'><strong>succedas.</strong></span> 
     </span>
    </p>
   </div>
   <div class='ocr_carea' id='block_1_62' title="bbox 319 3024 2014 3095">
    <p class='ocr_par' dir='ltr' id='par_1_62' title="bbox 319 3024 2014 3095">
     <span class='ocr_line' id='line_1_62' title="bbox 319 3024 2014 3095; baseline 0.002 -17"><span class='ocrx_word' id='word_1_456' title='bbox 319 3024 604 3094; x_wconf 86' lang='lat' dir='ltr'><strong>ﬁgurante</strong></span> <span class='ocrx_word' id='word_1_457' title='bbox 633 3025 955 3081; x_wconf 89' lang='lat' dir='ltr'><strong>inchoatur.</strong></span> <span class='ocrx_word' id='word_1_458' title='bbox 991 3027 1148 3080; x_wconf 90' lang='lat' dir='ltr'><strong>Unde</strong></span> <span class='ocrx_word' id='word_1_459' title='bbox 1184 3042 1196 3080; x_wconf 89' lang='lat'>:</span> <span class='ocrx_word' id='word_1_460' title='bbox 1253 3027 1570 3095; x_wconf 84' lang='lat' dir='ltr'><strong>Quicunque</strong></span> <span class='ocrx_word' id='word_1_461' title='bbox 1611 3026 1881 3094; x_wconf 81' lang='lat' dir='ltr'><strong>baptizati</strong></span> <span class='ocrx_word' id='word_1_462' title='bbox 1924 3041 2014 3081; x_wconf 88' lang='lat' dir='ltr'><strong>su-</strong></span> 
     </span>
    </p>
   </div>
   <div class='ocr_carea' id='block_1_63' title="bbox 319 3113 2013 3183">
    <p class='ocr_par' dir='ltr' id='par_1_63' title="bbox 319 3113 2013 3183">
     <span class='ocr_line' id='line_1_63' title="bbox 319 3113 2013 3183; baseline 0.001 -17"><span class='ocrx_word' id='word_1_463' title='bbox 319 3128 438 3168; x_wconf 88' lang='lat' dir='ltr'><strong>mus</strong></span> <span class='ocrx_word' id='word_1_464' title='bbox 465 3116 524 3166; x_wconf 85' lang='lat' dir='ltr'><strong>in</strong></span> <span class='ocrx_word' id='word_1_465' title='bbox 555 3115 764 3170; x_wconf 85' lang='lat' dir='ltr'><strong>Christo</strong></span> <span class='ocrx_word' id='word_1_466' title='bbox 792 3117 947 3178; x_wconf 87' lang='lat' dir='ltr'><strong>Jesu,</strong></span> <span class='ocrx_word' id='word_1_467' title='bbox 1001 3116 1061 3168; x_wconf 85' lang='lat' dir='ltr'><strong>in</strong></span> <span class='ocrx_word' id='word_1_468' title='bbox 1099 3120 1322 3168; x_wconf 85' lang='lat' dir='ltr'><strong>mortem</strong></span> <span class='ocrx_word' id='word_1_469' title='bbox 1365 3113 1538 3183; x_wconf 83' lang='lat' dir='ltr'><strong>ipsius</strong></span> <span class='ocrx_word' id='word_1_470' title='bbox 1597 3114 1867 3183; x_wconf 86' lang='lat' dir='ltr'><strong>baptizati</strong></span> <span class='ocrx_word' id='word_1_471' title='bbox 1921 3130 2013 3168; x_wconf 91' lang='lat' dir='ltr'><strong>su-</strong></span> 
     </span>
    </p>
   </div>
   <div class='ocr_carea' id='block_1_64' title="bbox 320 3202 2016 3273">
    <p class='ocr_par' dir='ltr' id='par_1_64' title="bbox 320 3202 2016 3273">
     <span class='ocr_line' id='line_1_64' title="bbox 320 3202 2016 3273; baseline 0.001 -18"><span class='ocrx_word' id='word_1_472' title='bbox 320 3217 457 3267; x_wconf 89' lang='lat' dir='ltr'><strong>mus,</strong></span> <span class='ocrx_word' id='word_1_473' title='bbox 491 3207 598 3266; x_wconf 86' lang='lat' dir='ltr'><strong>etc,</strong></span> <span class='ocrx_word' id='word_1_474' title='bbox 633 3204 777 3269; x_wconf 87' lang='lat' dir='ltr'><strong>(Gal.</strong></span> <span class='ocrx_word' id='word_1_475' title='bbox 831 3203 938 3272; x_wconf 84' lang='lat' dir='ltr'><strong>III.)</strong></span> <span class='ocrx_word' id='word_1_476' title='bbox 987 3205 1033 3257; x_wconf 83' lang='lat' dir='ltr'><strong>A</strong></span> <span class='ocrx_word' id='word_1_477' title='bbox 1089 3219 1322 3273; x_wconf 88' lang='lat' dir='ltr'><strong>vespera</strong></span> <span class='ocrx_word' id='word_1_478' title='bbox 1379 3219 1516 3272; x_wconf 84' lang='lat' dir='ltr'><strong>ergo</strong></span> <span class='ocrx_word' id='word_1_479' title='bbox 1568 3203 1756 3273; x_wconf 86' lang='lat' dir='ltr'><strong>quarti</strong></span> <span class='ocrx_word' id='word_1_480' title='bbox 1810 3202 2016 3256; x_wconf 87' lang='lat' dir='ltr'><strong>decimi</strong></span> 
     </span>
    </p>
   </div>
   <div class='ocr_carea' id='block_1_65' title="bbox 323 3290 2016 3362">
    <p class='ocr_par' dir='ltr' id='par_1_65' title="bbox 323 3290 2016 3362">
     <span class='ocr_line' id='line_1_65' title="bbox 323 3290 2016 3362; baseline 0.001 -18"><span class='ocrx_word' id='word_1_481' title='bbox 323 3290 438 3344; x_wconf 90' lang='lat' dir='ltr'><strong>diei</strong></span> <span class='ocrx_word' id='word_1_482' title='bbox 468 3291 640 3360; x_wconf 89' lang='lat' dir='ltr'><strong>primi</strong></span> <span class='ocrx_word' id='word_1_483' title='bbox 673 3292 884 3345; x_wconf 88' lang='lat' dir='ltr'><strong>mensis</strong></span> <span class='ocrx_word' id='word_1_484' title='bbox 913 3308 1094 3362; x_wconf 89' lang='lat' dir='ltr'><strong>usque</strong></span> <span class='ocrx_word' id='word_1_485' title='bbox 1125 3293 1194 3345; x_wconf 92' lang='lat' dir='ltr'><strong>ad</strong></span> <span class='ocrx_word' id='word_1_486' title='bbox 1222 3308 1515 3361; x_wconf 85' lang='lat' dir='ltr'><strong>vesperam</strong></span> <span class='ocrx_word' id='word_1_487' title='bbox 1563 3291 1813 3344; x_wconf 91' lang='lat' dir='ltr'><strong>vicesimi</strong></span> <span class='ocrx_word' id='word_1_488' title='bbox 1843 3290 2016 3361; x_wconf 88' lang='lat' dir='ltr'><strong>primi</strong></span> 
     </span>
    </p>
   </div>
   <div class='ocr_carea' id='block_1_66' title="bbox 318 3377 2017 3451">
    <p class='ocr_par' dir='ltr' id='par_1_66' title="bbox 318 3377 2017 3451">
     <span class='ocr_line' id='line_1_66' title="bbox 318 3377 2017 3451; baseline 0.001 -19"><span class='ocrx_word' id='word_1_489' title='bbox 318 3377 628 3448; x_wconf 89' lang='lat' dir='ltr'><strong>integram,</strong></span> <span class='ocrx_word' id='word_1_490' title='bbox 647 3379 1270 3449; x_wconf 89' lang='lat' dir='ltr'><strong>scilicetseptimanam,</strong></span> <span class='ocrx_word' id='word_1_491' title='bbox 1291 3396 1486 3451; x_wconf 78' lang='lat' dir='ltr'><strong>azyma</strong></span> <span class='ocrx_word' id='word_1_492' title='bbox 1501 3380 1776 3450; x_wconf 88' lang='lat' dir='ltr'><strong>jubemur</strong></span> <span class='ocrx_word' id='word_1_493' title='bbox 1798 3379 2017 3451; x_wconf 89' lang='lat' dir='ltr'><strong>[juben-</strong></span> 
     </span>
    </p>
   </div>
   <div class='ocr_carea' id='block_1_67' title="bbox 321 3465 2015 3538">
    <p class='ocr_par' dir='ltr' id='par_1_67' title="bbox 321 3465 2015 3538">
     <span class='ocr_line' id='line_1_67' title="bbox 321 3465 2015 3538; baseline 0.002 -18"><span class='ocrx_word' id='word_1_494' title='bbox 321 3465 440 3537; x_wconf 74' lang='lat' dir='ltr'><strong>turj</strong></span> <span class='ocrx_word' id='word_1_495' title='bbox 476 3467 795 3533; x_wconf 85' lang='lat' dir='ltr'><strong>comedere,</strong></span> <span class='ocrx_word' id='word_1_496' title='bbox 823 3467 960 3538; x_wconf 90' lang='lat' dir='ltr'><strong>quia</strong></span> <span class='ocrx_word' id='word_1_497' title='bbox 988 3485 1021 3521; x_wconf 90' lang='lat' dir='ltr'><strong>a</strong></span> <span class='ocrx_word' id='word_1_498' title='bbox 1049 3468 1413 3538; x_wconf 87' lang='lat' dir='ltr'><strong>perceptione</strong></span> <span class='ocrx_word' id='word_1_499' title='bbox 1444 3467 1714 3538; x_wconf 84' lang='lat' dir='ltr'><strong>baptismi</strong></span> <span class='ocrx_word' id='word_1_500' title='bbox 1746 3485 1924 3538; x_wconf 89' lang='lat' dir='ltr'><strong>usque</strong></span> <span class='ocrx_word' id='word_1_501' title='bbox 1944 3468 2015 3523; x_wconf 90' lang='lat' dir='ltr'><strong>ad</strong></span> 
     </span>
    </p>
   </div>
   <div class='ocr_carea' id='block_1_68' title="bbox 323 3555 2011 3626">
    <p class='ocr_par' dir='ltr' id='par_1_68' title="bbox 323 3555 2011 3626">
     <span class='ocr_line' id='line_1_68' title="bbox 323 3555 2011 3626; baseline 0.001 -18"><span class='ocrx_word' id='word_1_502' title='bbox 323 3555 498 3608; x_wconf 89' lang='lat' dir='ltr'><strong>ﬁnem</strong></span> <span class='ocrx_word' id='word_1_503' title='bbox 529 3555 657 3609; x_wconf 61' lang='lat' dir='ltr'><strong>vitae</strong></span> <span class='ocrx_word' id='word_1_504' title='bbox 685 3555 1018 3626; x_wconf 88' lang='lat' dir='ltr'><strong>simpliciter</strong></span> <span class='ocrx_word' id='word_1_505' title='bbox 1041 3561 1098 3610; x_wconf 87' lang='lat' dir='ltr'><strong>et</strong></span> <span class='ocrx_word' id='word_1_506' title='bbox 1144 3556 1264 3610; x_wconf 92' lang='lat' dir='ltr'><strong>sine</strong></span> <span class='ocrx_word' id='word_1_507' title='bbox 1310 3557 1440 3610; x_wconf 93' lang='lat' dir='ltr'><strong>dolo</strong></span> <span class='ocrx_word' id='word_1_508' title='bbox 1484 3556 1757 3610; x_wconf 80' lang='lat' dir='ltr'><strong>debemus</strong></span> <span class='ocrx_word' id='word_1_509' title='bbox 1805 3557 2011 3610; x_wconf 88' lang='lat' dir='ltr'><strong>vivere.</strong></span> 
     </span>
    </p>
   </div>
   <div class='ocr_carea' id='block_1_69' title="bbox 329 3644 2016 3714">
    <p class='ocr_par' dir='ltr' id='par_1_69' title="bbox 329 3644 2016 3714">
     <span class='ocr_line' id='line_1_69' title="bbox 329 3644 2016 3714; baseline 0.002 -17"><span class='ocrx_word' id='word_1_510' title='bbox 329 3644 484 3697; x_wconf 89' lang='lat' dir='ltr'><strong>Unde</strong></span> <span class='ocrx_word' id='word_1_511' title='bbox 519 3645 715 3698; x_wconf 83' lang='lat' dir='ltr'><strong>Petrus</strong></span> <span class='ocrx_word' id='word_1_512' title='bbox 747 3662 760 3699; x_wconf 90' lang='lat'><strong>:</strong></span> <span class='ocrx_word' id='word_1_513' title='bbox 797 3645 1132 3714; x_wconf 86' lang='lat' dir='ltr'><strong>Deponentes</strong></span> <span class='ocrx_word' id='word_1_514' title='bbox 1163 3661 1366 3700; x_wconf 82' lang='lat' dir='ltr'><strong>omnem</strong></span> <span class='ocrx_word' id='word_1_515' title='bbox 1404 3647 1674 3699; x_wconf 77' lang='lat' dir='ltr'><strong>malitiam</strong></span> <span class='ocrx_word' id='word_1_516' title='bbox 1717 3649 1768 3699; x_wconf 91' lang='lat' dir='ltr'><strong>et</strong></span> <span class='ocrx_word' id='word_1_517' title='bbox 1812 3661 2016 3700; x_wconf 87' lang='lat' dir='ltr'><strong>omnem</strong></span> 
     </span>
    </p>
   </div>
   <div class='ocr_carea' id='block_1_70' title="bbox 323 3733 2010 3804">
    <p class='ocr_par' dir='ltr' id='par_1_70' title="bbox 323 3733 2010 3804">
     <span class='ocr_line' id='line_1_70' title="bbox 323 3733 2010 3804; baseline 0.002 -18"><span class='ocrx_word' id='word_1_518' title='bbox 323 3733 505 3786; x_wconf 80' lang='lat' dir='ltr'><strong>dolum</strong></span> <span class='ocrx_word' id='word_1_519' title='bbox 534 3739 584 3788; x_wconf 92' lang='lat' dir='ltr'><strong>et</strong></span> <span class='ocrx_word' id='word_1_520' title='bbox 613 3735 1032 3804; x_wconf 84' lang='lat' dir='ltr'><strong>simulationem,</strong></span> <span class='ocrx_word' id='word_1_521' title='bbox 1060 3736 1199 3789; x_wconf 85' lang='lat' dir='ltr'><strong>sicut</strong></span> <span class='ocrx_word' id='word_1_522' title='bbox 1227 3734 1382 3789; x_wconf 91' lang='lat' dir='ltr'><strong>modo</strong></span> <span class='ocrx_word' id='word_1_523' title='bbox 1410 3735 1582 3801; x_wconf 86' lang='lat' dir='ltr'><strong>geniti</strong></span> <span class='ocrx_word' id='word_1_524' title='bbox 1611 3735 1871 3801; x_wconf 80' lang='lat' dir='ltr'><strong>infantes,</strong></span> <span class='ocrx_word' id='word_1_525' title='bbox 1905 3738 2010 3789; x_wconf 91' lang='lat' dir='ltr'><strong>etc.</strong></span> 
     </span>
    </p>
   </div>
   <div class='ocr_carea' id='block_1_71' title="bbox 322 3821 667 3890">
    <p class='ocr_par' dir='ltr' id='par_1_71' title="bbox 322 3821 667 3890">
     <span class='ocr_line' id='line_1_71' title="bbox 322 3821 667 3890; baseline 0.006 -15"><span class='ocrx_word' id='word_1_526' title='bbox 322 3821 366 3890; x_wconf 88' lang='grc' dir='ltr'><strong>(Ι</strong></span> <span class='ocrx_word' id='word_1_527' title='bbox 405 3824 552 3876; x_wconf 82' lang='lat' dir='ltr'><strong>Petr.</strong></span> <span class='ocrx_word' id='word_1_528' title='bbox 586 3824 667 3890; x_wconf 83' lang='grc' dir='ltr'><strong>ιι).</strong></span> 
     </span>
    </p>
   </div>
   <div class='ocr_carea' id='block_1_72' title="bbox 396 3911 2016 3982">
    <p class='ocr_par' dir='ltr' id='par_1_72' title="bbox 396 3911 2016 3982">
     <span class='ocr_line' id='line_1_72' title="bbox 396 3911 2016 3982; baseline 0.001 -19"><span class='ocrx_word' id='word_1_529' title='bbox 396 3911 553 3964; x_wconf 73' lang='lat' dir='ltr'><strong>Vens.</strong></span> <span class='ocrx_word' id='word_1_530' title='bbox 601 3913 690 3965; x_wconf 88' lang='grc'><strong>21.</strong></span> <span class='ocrx_word' id='word_1_531' title='bbox 753 3913 1013 3968; x_wconf 86' lang='lat' dir='ltr'><strong>Seniores.</strong></span> <span class='ocrx_word' id='word_1_532' title='bbox 1061 3912 1205 3966; x_wconf 88' lang='lat' dir='ltr'><strong>Nota</strong></span> <span class='ocrx_word' id='word_1_533' title='bbox 1258 3911 1411 3981; x_wconf 87' lang='lat' dir='ltr'><strong>quod</strong></span> <span class='ocrx_word' id='word_1_534' title='bbox 1464 3927 1580 3965; x_wconf 91' lang='lat' dir='ltr'><strong>non</strong></span> <span class='ocrx_word' id='word_1_535' title='bbox 1639 3911 1850 3982; x_wconf 89' lang='lat' dir='ltr'><strong>pueris,</strong></span> <span class='ocrx_word' id='word_1_536' title='bbox 1900 3928 2016 3964; x_wconf 91' lang='lat' dir='ltr'><strong>non</strong></span> 
     </span>
    </p>
   </div>
   <div class='ocr_carea' id='block_1_73' title="bbox 315 3999 2013 4071">
    <p class='ocr_par' dir='ltr' id='par_1_73' title="bbox 315 3999 2013 4071">
     <span class='ocr_line' id='line_1_73' title="bbox 315 3999 2013 4071; baseline 0.002 -20"><span class='ocrx_word' id='word_1_537' title='bbox 315 3999 644 4069; x_wconf 81' lang='lat' dir='ltr'><strong>juvenibus,</strong></span> <span class='ocrx_word' id='word_1_538' title='bbox 677 4001 944 4055; x_wconf 88' lang='lat' dir='ltr'><strong>mandata</strong></span> <span class='ocrx_word' id='word_1_539' title='bbox 965 4000 1065 4055; x_wconf 88' lang='lat' dir='ltr'><strong>Dei</strong></span> <span class='ocrx_word' id='word_1_540' title='bbox 1102 4000 1290 4071; x_wconf 89' lang='lat' dir='ltr'><strong>primo</strong></span> <span class='ocrx_word' id='word_1_541' title='bbox 1335 3999 1738 4068; x_wconf 89' lang='lat' dir='ltr'><strong>communicat,</strong></span> <span class='ocrx_word' id='word_1_542' title='bbox 1784 4001 1877 4054; x_wconf 88' lang='lat' dir='ltr'><strong>sed</strong></span> <span class='ocrx_word' id='word_1_543' title='bbox 1929 4015 2013 4054; x_wconf 90' lang='lat' dir='ltr'><strong>se-</strong></span> 
     </span>
    </p>
   </div>
   <div class='ocr_carea' id='block_1_74' title="bbox 322 4087 2013 4161">
    <p class='ocr_par' dir='ltr' id='par_1_74' title="bbox 322 4087 2013 4161">
     <span class='ocr_line' id='line_1_74' title="bbox 322 4087 2013 4161; baseline 0.001 -20"><span class='ocrx_word' id='word_1_544' title='bbox 322 4087 598 4153; x_wconf 90' lang='lat' dir='ltr'><strong>nioribus,</strong></span> <span class='ocrx_word' id='word_1_545' title='bbox 637 4089 772 4160; x_wconf 90' lang='lat' dir='ltr'><strong>quia</strong></span> <span class='ocrx_word' id='word_1_546' title='bbox 793 4089 852 4143; x_wconf 89' lang='lat' dir='ltr'><strong>in</strong></span> <span class='ocrx_word' id='word_1_547' title='bbox 907 4090 1137 4144; x_wconf 90' lang='lat' dir='ltr'><strong>senibus</strong></span> <span class='ocrx_word' id='word_1_548' title='bbox 1167 4093 1254 4144; x_wconf 90' lang='lat' dir='ltr'><strong>est</strong></span> <span class='ocrx_word' id='word_1_549' title='bbox 1300 4089 1601 4161; x_wconf 90' lang='lat' dir='ltr'><strong>sapientia,</strong></span> <span class='ocrx_word' id='word_1_550' title='bbox 1643 4095 1700 4143; x_wconf 90' lang='lat' dir='ltr'><strong>et</strong></span> <span class='ocrx_word' id='word_1_551' title='bbox 1745 4088 1804 4143; x_wconf 90' lang='lat' dir='ltr'><strong>in</strong></span> <span class='ocrx_word' id='word_1_552' title='bbox 1833 4090 2013 4144; x_wconf 86' lang='lat' dir='ltr'><strong>multo</strong></span> 
     </span>
    </p>
   </div>
   <div class='ocr_carea' id='block_1_75' title="bbox 323 4178 939 4248">
    <p class='ocr_par' dir='ltr' id='par_1_75' title="bbox 323 4178 939 4248">
     <span class='ocr_line' id='line_1_75' title="bbox 323 4178 939 4248; baseline 0.005 -19"><span class='ocrx_word' id='word_1_553' title='bbox 323 4182 584 4246; x_wconf 90' lang='lat' dir='ltr'><strong>tempore</strong></span> <span class='ocrx_word' id='word_1_554' title='bbox 613 4178 939 4248; x_wconf 88' lang='lat' dir='ltr'><strong>prudentia.</strong></span> 
     </span>
    </p>
   </div>
   <div class='ocr_carea' id='block_1_76' title="bbox 394 4267 2012 4336">
    <p class='ocr_par' dir='ltr' id='par_1_76' title="bbox 394 4267 2012 4336">
     <span class='ocr_line' id='line_1_76' title="bbox 394 4267 2012 4336; baseline 0.003 -21"><span class='ocrx_word' id='word_1_555' title='bbox 394 4267 548 4319; x_wconf 78' lang='lat' dir='ltr'><strong>Vens.</strong></span> <span class='ocrx_word' id='word_1_556' title='bbox 580 4269 670 4321; x_wconf 88' lang='grc'><strong>22.</strong></span> <span class='ocrx_word' id='word_1_557' title='bbox 701 4296 769 4306; x_wconf 93' lang='grc'><strong><em>-</em></strong></span> <span class='ocrx_word' id='word_1_558' title='bbox 825 4267 1265 4336; x_wconf 85' lang='lat' dir='ltr'><strong>Fasciculumquc</strong></span> <span class='ocrx_word' id='word_1_559' title='bbox 1329 4267 1563 4336; x_wconf 82' lang='lat' dir='ltr'><strong>hyssopi,</strong></span> <span class='ocrx_word' id='word_1_560' title='bbox 1627 4271 1733 4321; x_wconf 88' lang='lat' dir='ltr'><strong>etc.</strong></span> <span class='ocrx_word' id='word_1_561' title='bbox 1785 4267 2012 4332; x_wconf 58' lang='lat' dir='ltr'><strong>(Smne)</strong></span> 
     </span>
    </p>
   </div>
   <div class='ocr_carea' id='block_1_77' title="bbox 326 4355 2012 4425">
    <p class='ocr_par' dir='ltr' id='par_1_77' title="bbox 326 4355 2012 4425">
     <span class='ocr_line' id='line_1_77' title="bbox 326 4355 2012 4425; baseline -0.002 -15"><span class='ocrx_word' id='word_1_562' title='bbox 326 4355 614 4425; x_wconf 86' lang='lat' dir='ltr'><strong>Hyssopus</strong></span> <span class='ocrx_word' id='word_1_563' title='bbox 642 4355 819 4409; x_wconf 88' lang='lat' dir='ltr'><strong>herba</strong></span> <span class='ocrx_word' id='word_1_564' title='bbox 847 4360 933 4409; x_wconf 90' lang='lat' dir='ltr'><strong>est</strong></span> <span class='ocrx_word' id='word_1_565' title='bbox 961 4355 1216 4422; x_wconf 88' lang='lat' dir='ltr'><strong>humilis,</strong></span> <span class='ocrx_word' id='word_1_566' title='bbox 1249 4371 1488 4409; x_wconf 86' lang='lat' dir='ltr'><strong>nascens</strong></span> <span class='ocrx_word' id='word_1_567' title='bbox 1516 4355 1577 4408; x_wconf 91' lang='lat' dir='ltr'><strong>in</strong></span> <span class='ocrx_word' id='word_1_568' title='bbox 1607 4355 1822 4425; x_wconf 69' lang='lat' dir='ltr'><strong>{petris,</strong></span> <span class='ocrx_word' id='word_1_569' title='bbox 1876 4371 2012 4424; x_wconf 84' lang='lat' dir='ltr'><strong>pur-</strong></span> 
     </span>
    </p>
   </div>
   <div class='ocr_carea' id='block_1_78' title="bbox 323 4443 2016 4516">
    <p class='ocr_par' dir='ltr' id='par_1_78' title="bbox 323 4443 2016 4516">
     <span class='ocr_line' id='line_1_78' title="bbox 323 4443 2016 4516; baseline 0 -20"><span class='ocrx_word' id='word_1_570' title='bbox 323 4458 465 4513; x_wconf 90' lang='lat' dir='ltr'><strong>gans</strong></span> <span class='ocrx_word' id='word_1_571' title='bbox 504 4447 699 4513; x_wconf 88' lang='lat' dir='ltr'><strong>pectus</strong></span> <span class='ocrx_word' id='word_1_572' title='bbox 733 4448 790 4498; x_wconf 91' lang='lat' dir='ltr'><strong>et</strong></span> <span class='ocrx_word' id='word_1_573' title='bbox 836 4444 1207 4514; x_wconf 89' lang='lat' dir='ltr'><strong>pulmonem:</strong></span> <span class='ocrx_word' id='word_1_574' title='bbox 1259 4448 1314 4498; x_wconf 91' lang='lat' dir='ltr'><strong>et</strong></span> <span class='ocrx_word' id='word_1_575' title='bbox 1355 4443 1639 4516; x_wconf 88' lang='lat' dir='ltr'><strong>signiﬁcat</strong></span> <span class='ocrx_word' id='word_1_576' title='bbox 1680 4459 1871 4498; x_wconf 82' lang='lat' dir='ltr'><strong>veram</strong></span> <span class='ocrx_word' id='word_1_577' title='bbox 1912 4443 2016 4497; x_wconf 83' lang='lat' dir='ltr'><strong>hu-</strong></span> 
     </span>
    </p>
   </div>
   <div class='ocr_carea' id='block_1_79' title="bbox 324 4529 2018 4602">
    <p class='ocr_par' dir='ltr' id='par_1_79' title="bbox 324 4529 2018 4602">
     <span class='ocr_line' id='line_1_79' title="bbox 324 4529 2018 4602; baseline 0 -18"><span class='ocrx_word' id='word_1_578' title='bbox 324 4529 646 4598; x_wconf 90' lang='lat' dir='ltr'><strong>militatem,</strong></span> <span class='ocrx_word' id='word_1_579' title='bbox 675 4531 836 4602; x_wconf 89' lang='lat' dir='ltr'><strong>cujus</strong></span> <span class='ocrx_word' id='word_1_580' title='bbox 873 4531 1204 4602; x_wconf 83' lang='lat' dir='ltr'><strong>exemplum</strong></span> <span class='ocrx_word' id='word_1_581' title='bbox 1248 4531 1504 4586; x_wconf 90' lang='lat' dir='ltr'><strong>Christus</strong></span> <span class='ocrx_word' id='word_1_582' title='bbox 1530 4532 1693 4586; x_wconf 91' lang='lat' dir='ltr'><strong>nobis</strong></span> <span class='ocrx_word' id='word_1_583' title='bbox 1726 4531 1785 4585; x_wconf 91' lang='lat' dir='ltr'><strong>in</strong></span> <span class='ocrx_word' id='word_1_584' title='bbox 1819 4534 2018 4584; x_wconf 88' lang='lat' dir='ltr'><strong>semet-</strong></span> 
     </span>
    </p>
   </div>
   <div class='ocr_carea' id='block_1_80' title="bbox 323 4619 2017 4690">
    <p class='ocr_par' dir='ltr' id='par_1_80' title="bbox 323 4619 2017 4690">
     <span class='ocr_line' id='line_1_80' title="bbox 323 4619 2017 4690; baseline 0.001 -19"><span class='ocrx_word' id='word_1_585' title='bbox 323 4619 448 4688; x_wconf 87' lang='lat' dir='ltr'><strong>ipso</strong></span> <span class='ocrx_word' id='word_1_586' title='bbox 478 4619 738 4690; x_wconf 73' lang='lat' dir='ltr'><strong>praebuit.</strong></span> <span class='ocrx_word' id='word_1_587' title='bbox 773 4619 1124 4674; x_wconf 86' lang='lat' dir='ltr'><strong>Fasciculum</strong></span> <span class='ocrx_word' id='word_1_588' title='bbox 1155 4635 1292 4690; x_wconf 87' lang='lat' dir='ltr'><strong>ergo</strong></span> <span class='ocrx_word' id='word_1_589' title='bbox 1318 4620 1551 4690; x_wconf 86' lang='lat' dir='ltr'><strong>hyssopi</strong></span> <span class='ocrx_word' id='word_1_590' title='bbox 1580 4620 1859 4689; x_wconf 90' lang='lat' dir='ltr'><strong>sanguine</strong></span> <span class='ocrx_word' id='word_1_591' title='bbox 1898 4619 2017 4672; x_wconf 90' lang='lat' dir='ltr'><strong>tin-</strong></span> 
     </span>
    </p>
   </div>
   <div class='ocr_carea' id='block_1_81' title="bbox 323 4707 2015 4778">
    <p class='ocr_par' dir='ltr' id='par_1_81' title="bbox 323 4707 2015 4778">
     <span class='ocr_line' id='line_1_81' title="bbox 323 4707 2015 4778; baseline 0 -18"><span class='ocrx_word' id='word_1_592' title='bbox 323 4708 532 4777; x_wconf 89' lang='lat' dir='ltr'><strong>gimus,</strong></span> <span class='ocrx_word' id='word_1_593' title='bbox 567 4708 815 4778; x_wconf 88' lang='lat' dir='ltr'><strong>quando,</strong></span> <span class='ocrx_word' id='word_1_594' title='bbox 876 4724 1156 4762; x_wconf 91' lang='lat' dir='ltr'><strong>memores</strong></span> <span class='ocrx_word' id='word_1_595' title='bbox 1211 4708 1555 4762; x_wconf 88' lang='lat' dir='ltr'><strong>humilitatis</strong></span> <span class='ocrx_word' id='word_1_596' title='bbox 1606 4707 1833 4774; x_wconf 86' lang='lat' dir='ltr'><strong>Christi,</strong></span> <span class='ocrx_word' id='word_1_597' title='bbox 1881 4723 2015 4760; x_wconf 90' lang='lat' dir='ltr'><strong>eum</strong></span> 
     </span>
    </p>
   </div>
   <div class='ocr_carea' id='block_1_82' title="bbox 325 4795 884 4852">
    <p class='ocr_par' dir='ltr' id='par_1_82' title="bbox 325 4795 884 4852">
     <span class='ocr_line' id='line_1_82' title="bbox 325 4795 884 4852; baseline 0.005 -4"><span class='ocrx_word' id='word_1_598' title='bbox 325 4795 542 4850; x_wconf 90' lang='lat' dir='ltr'><strong>imitari</strong></span> <span class='ocrx_word' id='word_1_599' title='bbox 572 4796 884 4852; x_wconf 89' lang='lat' dir='ltr'><strong>studemus.</strong></span> 
     </span>
    </p>
   </div>
   <div class='ocr_carea' id='block_1_83' title="bbox 399 4882 2015 4955">
    <p class='ocr_par' dir='ltr' id='par_1_83' title="bbox 399 4882 2015 4955">
     <span class='ocr_line' id='line_1_83' title="bbox 399 4882 2015 4955; baseline 0.001 -17"><span class='ocrx_word' id='word_1_600' title='bbox 399 4886 616 4952; x_wconf 87' lang='lat' dir='ltr'><strong>Tingite</strong></span> <span class='ocrx_word' id='word_1_601' title='bbox 642 4889 702 4939; x_wconf 80' lang='lat' dir='ltr'><strong>in</strong></span> <span class='ocrx_word' id='word_1_602' title='bbox 730 4888 1014 4953; x_wconf 87' lang='lat' dir='ltr'><strong>sanguine,</strong></span> <span class='ocrx_word' id='word_1_603' title='bbox 1047 4891 1153 4940; x_wconf 90' lang='lat' dir='ltr'><strong>etc.</strong></span> <span class='ocrx_word' id='word_1_604' title='bbox 1188 4885 1373 4953; x_wconf 78' lang='lat' dir='ltr'><strong>(Anc.,</strong></span> <span class='ocrx_word' id='word_1_605' title='bbox 1409 4889 1596 4955; x_wconf 59' lang='lat' dir='ltr'><strong>quast.</strong></span> <span class='ocrx_word' id='word_1_606' title='bbox 1630 4886 1697 4940; x_wconf 78' lang='grc'><strong>46</strong></span> <span class='ocrx_word' id='word_1_607' title='bbox 1726 4887 1782 4938; x_wconf 83' lang='lat' dir='ltr'><strong>in</strong></span> <span class='ocrx_word' id='word_1_608' title='bbox 1807 4882 2015 4954; x_wconf 69' lang='lat' dir='ltr'><strong>Exod.)</strong></span> 
     </span>
    </p>
   </div>
   <div class='ocr_carea' id='block_1_84' title="bbox 325 4972 2019 5046">
    <p class='ocr_par' dir='ltr' id='par_1_84' title="bbox 325 4972 2019 5046">
     <span class='ocr_line' id='line_1_84' title="bbox 325 4972 2019 5046; baseline 0 -20"><span class='ocrx_word' id='word_1_609' title='bbox 325 4972 608 5036; x_wconf 64' lang='lat' dir='ltr'><strong>Qumritur</strong></span> <span class='ocrx_word' id='word_1_610' title='bbox 632 4989 805 5044; x_wconf 90' lang='lat' dir='ltr'><strong>quem</strong></span> <span class='ocrx_word' id='word_1_611' title='bbox 831 4975 1173 5046; x_wconf 88' lang='lat' dir='ltr'><strong>sanguinem</strong></span> <span class='ocrx_word' id='word_1_612' title='bbox 1216 4973 1367 5028; x_wconf 88' lang='lat' dir='ltr'><strong>dicat</strong></span> <span class='ocrx_word' id='word_1_613' title='bbox 1405 4973 1569 5042; x_wconf 89' lang='lat' dir='ltr'><strong>juxta</strong></span> <span class='ocrx_word' id='word_1_614' title='bbox 1607 4973 1835 5039; x_wconf 88' lang='lat' dir='ltr'><strong>ostium,</strong></span> <span class='ocrx_word' id='word_1_615' title='bbox 1887 4988 2019 5026; x_wconf 92' lang='lat' dir='ltr'><strong>cum</strong></span> 
     </span>
    </p>
   </div>
   <div class='ocr_carea' id='block_1_85' title="bbox 325 5059 2019 5136">
    <p class='ocr_par' dir='ltr' id='par_1_85' title="bbox 325 5059 2019 5136">
     <span class='ocr_line' id='line_1_85' title="bbox 325 5059 2019 5136; baseline 0.001 -24"><span class='ocrx_word' id='word_1_616' title='bbox 325 5059 482 5113; x_wconf 91' lang='lat' dir='ltr'><strong>illius</strong></span> <span class='ocrx_word' id='word_1_617' title='bbox 514 5063 648 5130; x_wconf 88' lang='lat' dir='ltr'><strong>agni</strong></span> <span class='ocrx_word' id='word_1_618' title='bbox 679 5061 1017 5136; x_wconf 82' lang='lat' dir='ltr'><strong>sanguinem</strong></span> <span class='ocrx_word' id='word_1_619' title='bbox 1048 5062 1184 5115; x_wconf 88' lang='lat' dir='ltr'><strong>velit</strong></span> <span class='ocrx_word' id='word_1_620' title='bbox 1234 5061 1500 5132; x_wconf 89' lang='lat' dir='ltr'><strong>intelligi,</strong></span> <span class='ocrx_word' id='word_1_621' title='bbox 1551 5061 1714 5131; x_wconf 87' lang='lat' dir='ltr'><strong>cujus</strong></span> <span class='ocrx_word' id='word_1_622' title='bbox 1760 5061 2019 5114; x_wconf 82' lang='lat' dir='ltr'><strong>immola-</strong></span> 
     </span>
    </p>
   </div>
   <div class='ocr_carea' id='block_1_86' title="bbox 324 5148 2019 5221">
    <p class='ocr_par' dir='ltr' id='par_1_86' title="bbox 324 5148 2019 5221">
     <span class='ocr_line' id='line_1_86' title="bbox 324 5148 2019 5221; baseline 0 -19"><span class='ocrx_word' id='word_1_623' title='bbox 324 5148 479 5202; x_wconf 89' lang='lat' dir='ltr'><strong>tione</strong></span> <span class='ocrx_word' id='word_1_624' title='bbox 507 5150 721 5203; x_wconf 86' lang='lat' dir='ltr'><strong>Pascha</strong></span> <span class='ocrx_word' id='word_1_625' title='bbox 748 5150 829 5205; x_wconf 84' lang='lat' dir='ltr'><strong>ﬁt.</strong></span> <span class='ocrx_word' id='word_1_626' title='bbox 865 5154 950 5204; x_wconf 85' lang='lat' dir='ltr'><strong>An</strong></span> <span class='ocrx_word' id='word_1_627' title='bbox 989 5150 1251 5221; x_wconf 65' lang='lat' dir='ltr'><strong>praecipit</strong></span> <span class='ocrx_word' id='word_1_628' title='bbox 1282 5165 1350 5204; x_wconf 91' lang='lat' dir='ltr'><strong>eo</strong></span> <span class='ocrx_word' id='word_1_629' title='bbox 1398 5149 1565 5204; x_wconf 92' lang='lat' dir='ltr'><strong>modo</strong></span> <span class='ocrx_word' id='word_1_630' title='bbox 1607 5153 2019 5219; x_wconf 86' lang='lat' dir='ltr'><strong>consequenter</strong></span> 
     </span>
    </p>
   </div>
   <div class='ocr_carea' id='block_1_87' title="bbox 327 5227 2020 5309">
    <p class='ocr_par' dir='ltr' id='par_1_87' title="bbox 327 5227 2020 5309">
     <span class='ocr_line' id='line_1_87' title="bbox 327 5227 2020 5309; baseline 0 -19"><span class='ocrx_word' id='word_1_631' title='bbox 327 5236 472 5304; x_wconf 88' lang='lat' dir='ltr'><strong>ﬁeri,</strong></span> <span class='ocrx_word' id='word_1_632' title='bbox 526 5239 784 5309; x_wconf 90' lang='lat' dir='ltr'><strong>quamvis</strong></span> <span class='ocrx_word' id='word_1_633' title='bbox 837 5239 944 5293; x_wconf 89' lang='lat' dir='ltr'><strong>hoc</strong></span> <span class='ocrx_word' id='word_1_634' title='bbox 990 5240 1253 5306; x_wconf 90' lang='lat' dir='ltr'><strong>tacuerit,</strong></span> <span class='ocrx_word' id='word_1_635' title='bbox 1303 5242 1366 5292; x_wconf 92' lang='lat' dir='ltr'><strong>ut</strong></span> <span class='ocrx_word' id='word_1_636' title='bbox 1422 5227 1575 5293; x_wconf 83' lang='lat' dir='ltr'><strong>idem</strong></span> <span class='ocrx_word' id='word_1_637' title='bbox 1625 5254 1807 5308; x_wconf 90' lang='lat' dir='ltr'><strong>agnus</strong></span> <span class='ocrx_word' id='word_1_638' title='bbox 1852 5239 2020 5308; x_wconf 83' lang='lat' dir='ltr'><strong>juxta</strong></span> 
     </span>
    </p>
   </div>
   <div class='ocr_carea' id='block_1_88' title="bbox 328 5326 2015 5399">
    <p class='ocr_par' dir='ltr' id='par_1_88' title="bbox 328 5326 2015 5399">
     <span class='ocr_line' id='line_1_88' title="bbox 328 5326 2015 5399; baseline 0.001 -20"><span class='ocrx_word' id='word_1_639' title='bbox 328 5327 540 5380; x_wconf 91' lang='lat' dir='ltr'><strong>ostium</strong></span> <span class='ocrx_word' id='word_1_640' title='bbox 597 5327 922 5382; x_wconf 85' lang='lat' dir='ltr'><strong>occidatur?</strong></span> <span class='ocrx_word' id='word_1_641' title='bbox 966 5330 1075 5393; x_wconf 83' lang='lat' dir='ltr'><strong>An,</strong></span> <span class='ocrx_word' id='word_1_642' title='bbox 1133 5327 1286 5399; x_wconf 90' lang='lat' dir='ltr'><strong>quod</strong></span> <span class='ocrx_word' id='word_1_643' title='bbox 1341 5332 1424 5382; x_wconf 90' lang='lat' dir='ltr'><strong>est</strong></span> <span class='ocrx_word' id='word_1_644' title='bbox 1479 5326 1827 5393; x_wconf 85' lang='lat' dir='ltr'><strong>credibilius,</strong></span> <span class='ocrx_word' id='word_1_645' title='bbox 1887 5326 2015 5380; x_wconf 88' lang='lat' dir='ltr'><strong>ideo</strong></span> 
     </span>
    </p>
   </div>
   <div class='ocr_carea' id='block_1_89' title="bbox 326 5414 2019 5486">
    <p class='ocr_par' dir='ltr' id='par_1_89' title="bbox 326 5414 2019 5486">
     <span class='ocr_line' id='line_1_89' title="bbox 326 5414 2019 5486; baseline -0.001 -17"><span class='ocrx_word' id='word_1_646' title='bbox 326 5415 467 5469; x_wconf 84' lang='lat' dir='ltr'><strong>dixit</strong></span> <span class='ocrx_word' id='word_1_647' title='bbox 494 5431 562 5472; x_wconf 78' lang='lat' dir='ltr'><strong>ea:</strong></span> <span class='ocrx_word' id='word_1_648' title='bbox 591 5419 855 5485; x_wconf 85' lang='lat' dir='ltr'><strong>sanguine</strong></span> <span class='ocrx_word' id='word_1_649' title='bbox 884 5417 980 5484; x_wconf 87' lang='lat' dir='ltr'><strong>qui</strong></span> <span class='ocrx_word' id='word_1_650' title='bbox 1013 5420 1091 5470; x_wconf 89' lang='lat' dir='ltr'><strong>est</strong></span> <span class='ocrx_word' id='word_1_651' title='bbox 1133 5417 1303 5485; x_wconf 69' lang='lat' dir='ltr'><strong>juxta</strong></span> <span class='ocrx_word' id='word_1_652' title='bbox 1339 5418 1558 5484; x_wconf 89' lang='lat' dir='ltr'><strong>ostium,</strong></span> <span class='ocrx_word' id='word_1_653' title='bbox 1601 5415 1736 5486; x_wconf 86' lang='lat' dir='ltr'><strong>quia</strong></span> <span class='ocrx_word' id='word_1_654' title='bbox 1782 5415 1878 5469; x_wconf 91' lang='lat' dir='ltr'><strong>ille</strong></span> <span class='ocrx_word' id='word_1_655' title='bbox 1917 5414 2019 5484; x_wconf 91' lang='lat' dir='ltr'><strong>qui</strong></span> 
     </span>
    </p>
   </div>
   <div class='ocr_carea' id='block_1_90' title="bbox 329 5503 2015 5576">
    <p class='ocr_par' dir='ltr' id='par_1_90' title="bbox 329 5503 2015 5576">
     <span class='ocr_line' id='line_1_90' title="bbox 329 5503 2015 5576; baseline 0 -19"><span class='ocrx_word' id='word_1_656' title='bbox 329 5503 599 5561; x_wconf 88' lang='lat' dir='ltr'><strong>liniturus</strong></span> <span class='ocrx_word' id='word_1_657' title='bbox 630 5509 735 5572; x_wconf 89' lang='lat' dir='ltr'><strong>est,</strong></span> <span class='ocrx_word' id='word_1_658' title='bbox 776 5521 872 5559; x_wconf 87' lang='lat' dir='ltr'><strong>vas</strong></span> <span class='ocrx_word' id='word_1_659' title='bbox 901 5505 1091 5576; x_wconf 90' lang='lat' dir='ltr'><strong>ipsum</strong></span> <span class='ocrx_word' id='word_1_660' title='bbox 1129 5503 1192 5558; x_wconf 87' lang='lat' dir='ltr'><strong>in</strong></span> <span class='ocrx_word' id='word_1_661' title='bbox 1231 5520 1346 5575; x_wconf 90' lang='lat' dir='ltr'><strong>quo</strong></span> <span class='ocrx_word' id='word_1_662' title='bbox 1391 5503 1728 5576; x_wconf 91' lang='lat' dir='ltr'><strong>sanguinem</strong></span> <span class='ocrx_word' id='word_1_663' title='bbox 1778 5503 2015 5575; x_wconf 85' lang='lat' dir='ltr'><strong>excepit,</strong></span> 
     </span>
    </p>
   </div>
   <div class='ocr_carea' id='block_1_91' title="bbox 2197 3026 3817 3096">
    <p class='ocr_par' dir='ltr' id='par_1_91' title="bbox 2197 3026 3817 3096">
     <span class='ocr_line' id='line_1_91' title="bbox 2197 3026 3817 3096; baseline -0.003 -13"><span class='ocrx_word' id='word_1_664' title='bbox 2197 3030 2358 3084; x_wconf 73' lang='lat' dir='ltr'><strong>Vens.</strong></span> <span class='ocrx_word' id='word_1_665' title='bbox 2421 3031 2600 3082; x_wconf 86' lang='lat'><strong>30-33.</strong></span> <span class='ocrx_word' id='word_1_666' title='bbox 2657 3057 2727 3067; x_wconf 98' lang='lat'>—</span> <span class='ocrx_word' id='word_1_667' title='bbox 2785 3029 2964 3096; x_wconf 89' lang='lat' dir='ltr'><strong>Neque</strong></span> <span class='ocrx_word' id='word_1_668' title='bbox 3015 3029 3158 3080; x_wconf 86' lang='lat' dir='ltr'><strong>enim</strong></span> <span class='ocrx_word' id='word_1_669' title='bbox 3226 3031 3342 3080; x_wconf 87' lang='lat' dir='ltr'><strong>erat</strong></span> <span class='ocrx_word' id='word_1_670' title='bbox 3424 3026 3632 3089; x_wconf 87' lang='lat' dir='ltr'><strong>domus,</strong></span> <span class='ocrx_word' id='word_1_671' title='bbox 3706 3029 3817 3078; x_wconf 93' lang='lat' dir='ltr'><strong>etc.</strong></span> 
     </span>
    </p>
   </div>
   <div class='ocr_carea' id='block_1_92' title="bbox 2126 3113 3820 3189">
    <p class='ocr_par' dir='ltr' id='par_1_92' title="bbox 2126 3113 3820 3189">
     <span class='ocr_line' id='line_1_92' title="bbox 2126 3113 3820 3189; baseline -0.003 -17"><span class='ocrx_word' id='word_1_672' title='bbox 2126 3119 2305 3189; x_wconf 81' lang='lat' dir='ltr'><strong>(AUG.,</strong></span> <span class='ocrx_word' id='word_1_673' title='bbox 2337 3121 2524 3186; x_wconf 72' lang='lat' dir='ltr'><strong>quaest.</strong></span> <span class='ocrx_word' id='word_1_674' title='bbox 2558 3117 2627 3169; x_wconf 69' lang='grc'>44</span> <span class='ocrx_word' id='word_1_675' title='bbox 2657 3117 2716 3170; x_wconf 87' lang='lat' dir='ltr'><strong>in</strong></span> <span class='ocrx_word' id='word_1_676' title='bbox 2745 3114 2946 3185; x_wconf 66' lang='lat' dir='ltr'><strong>Exod.)</strong></span> <span class='ocrx_word' id='word_1_677' title='bbox 2998 3116 3140 3170; x_wconf 87' lang='lat' dir='ltr'><strong>Cum</strong></span> <span class='ocrx_word' id='word_1_678' title='bbox 3186 3113 3556 3185; x_wconf 88' lang='lat' dir='ltr'><strong>primogeniti</strong></span> <span class='ocrx_word' id='word_1_679' title='bbox 3593 3117 3820 3167; x_wconf 88' lang='lat' dir='ltr'><strong>tantum</strong></span> 
     </span>
    </p>
   </div>
   <div class='ocr_carea' id='block_1_93' title="bbox 2125 3203 3820 3275">
    <p class='ocr_par' dir='ltr' id='par_1_93' title="bbox 2125 3203 3820 3275">
     <span class='ocr_line' id='line_1_93' title="bbox 2125 3203 3820 3275; baseline -0.002 -16"><span class='ocrx_word' id='word_1_680' title='bbox 2125 3211 2502 3272; x_wconf 89' lang='lat' dir='ltr'><strong>morerentur,</strong></span> <span class='ocrx_word' id='word_1_681' title='bbox 2533 3205 2821 3275; x_wconf 91' lang='lat' dir='ltr'><strong>quomodo</strong></span> <span class='ocrx_word' id='word_1_682' title='bbox 2853 3205 3010 3257; x_wconf 90' lang='lat' dir='ltr'><strong>nulla</strong></span> <span class='ocrx_word' id='word_1_683' title='bbox 3039 3208 3162 3257; x_wconf 87' lang='lat' dir='ltr'><strong>erat</strong></span> <span class='ocrx_word' id='word_1_684' title='bbox 3192 3205 3395 3257; x_wconf 92' lang='lat' dir='ltr'><strong>domus</strong></span> <span class='ocrx_word' id='word_1_685' title='bbox 3437 3203 3498 3256; x_wconf 93' lang='lat' dir='ltr'><strong>in</strong></span> <span class='ocrx_word' id='word_1_686' title='bbox 3548 3219 3661 3273; x_wconf 90' lang='lat' dir='ltr'><strong>qua</strong></span> <span class='ocrx_word' id='word_1_687' title='bbox 3697 3218 3820 3255; x_wconf 89' lang='lat' dir='ltr'><strong>non</strong></span> 
     </span>
    </p>
   </div>
   <div class='ocr_carea' id='block_1_94' title="bbox 2122 3292 3816 3361">
    <p class='ocr_par' dir='ltr' id='par_1_94' title="bbox 2122 3292 3816 3361">
     <span class='ocr_line' id='line_1_94' title="bbox 2122 3292 3816 3361; baseline -0.004 -12"><span class='ocrx_word' id='word_1_688' title='bbox 2122 3298 2268 3349; x_wconf 90' lang='lat' dir='ltr'><strong>esset</strong></span> <span class='ocrx_word' id='word_1_689' title='bbox 2298 3295 2604 3348; x_wconf 84' lang='lat' dir='ltr'><strong>mortuus?</strong></span> <span class='ocrx_word' id='word_1_690' title='bbox 2635 3295 2721 3347; x_wconf 83' lang='lat' dir='ltr'><strong>An</strong></span> <span class='ocrx_word' id='word_1_691' title='bbox 2747 3297 2803 3347; x_wconf 92' lang='lat' dir='ltr'><strong>et</strong></span> <span class='ocrx_word' id='word_1_692' title='bbox 2841 3293 2950 3346; x_wconf 89' lang='lat' dir='ltr'><strong>hoc</strong></span> <span class='ocrx_word' id='word_1_693' title='bbox 3000 3292 3270 3347; x_wconf 91' lang='lat' dir='ltr'><strong>divinitus</strong></span> <span class='ocrx_word' id='word_1_694' title='bbox 3312 3292 3496 3345; x_wconf 84' lang='lat' dir='ltr'><strong>fuerat</strong></span> <span class='ocrx_word' id='word_1_695' title='bbox 3541 3306 3816 3361; x_wconf 88' lang='lat' dir='ltr'><strong>procura-</strong></span> 
     </span>
    </p>
   </div>
   <div class='ocr_carea' id='block_1_95' title="bbox 2122 3378 3820 3448">
    <p class='ocr_par' dir='ltr' id='par_1_95' title="bbox 2122 3378 3820 3448">
     <span class='ocr_line' id='line_1_95' title="bbox 2122 3378 3820 3448; baseline -0.004 -10"><span class='ocrx_word' id='word_1_696' title='bbox 2122 3387 2267 3448; x_wconf 90' lang='lat' dir='ltr'><strong>tum,</strong></span> <span class='ocrx_word' id='word_1_697' title='bbox 2301 3387 2366 3435; x_wconf 92' lang='lat' dir='ltr'><strong>ut</strong></span> <span class='ocrx_word' id='word_1_698' title='bbox 2394 3382 2454 3434; x_wconf 93' lang='lat' dir='ltr'><strong>in</strong></span> <span class='ocrx_word' id='word_1_699' title='bbox 2481 3380 2748 3434; x_wconf 88' lang='lat' dir='ltr'><strong>omnibus</strong></span> <span class='ocrx_word' id='word_1_700' title='bbox 2781 3379 3050 3434; x_wconf 88' lang='lat' dir='ltr'><strong>domibus</strong></span> <span class='ocrx_word' id='word_1_701' title='bbox 3075 3385 3263 3433; x_wconf 88' lang='lat' dir='ltr'><strong>essent</strong></span> <span class='ocrx_word' id='word_1_702' title='bbox 3313 3378 3700 3448; x_wconf 86' lang='lat' dir='ltr'><strong>primogeniti,</strong></span> <span class='ocrx_word' id='word_1_703' title='bbox 3754 3378 3820 3432; x_wconf 88' lang='lat' dir='ltr'><strong>in</strong></span> 
     </span>
    </p>
   </div>
   <div class='ocr_carea' id='block_1_96' title="bbox 2121 3466 3825 3542">
    <p class='ocr_par' dir='ltr' id='par_1_96' title="bbox 2121 3466 3825 3542">
     <span class='ocr_line' id='line_1_96' title="bbox 2121 3466 3825 3542; baseline -0.004 -17"><span class='ocrx_word' id='word_1_704' title='bbox 2121 3471 2331 3542; x_wconf 91' lang='lat' dir='ltr'><strong>quibus</strong></span> <span class='ocrx_word' id='word_1_705' title='bbox 2353 3473 2788 3540; x_wconf 89' lang='lat' dir='ltr'><strong>percuterentur</strong></span> <span class='ocrx_word' id='word_1_706' title='bbox 2816 3468 3081 3539; x_wconf 68' lang='lat' dir='ltr'><strong>Egyptii,</strong></span> <span class='ocrx_word' id='word_1_707' title='bbox 3114 3467 3287 3521; x_wconf 90' lang='lat' dir='ltr'><strong>etiam</strong></span> <span class='ocrx_word' id='word_1_708' title='bbox 3335 3467 3436 3537; x_wconf 86' lang='lat' dir='ltr'><strong>qui</strong></span> <span class='ocrx_word' id='word_1_709' title='bbox 3484 3466 3825 3520; x_wconf 84' lang='lat' dir='ltr'><strong>habitabant</strong></span> 
     </span>
    </p>
   </div>
   <div class='ocr_carea' id='block_1_97' title="bbox 2121 3554 3822 3627">
    <p class='ocr_par' dir='ltr' id='par_1_97' title="bbox 2121 3554 3822 3627">
     <span class='ocr_line' id='line_1_97' title="bbox 2121 3554 3822 3627; baseline -0.005 -13"><span class='ocrx_word' id='word_1_710' title='bbox 2121 3559 2182 3614; x_wconf 90' lang='lat' dir='ltr'><strong>in</strong></span> <span class='ocrx_word' id='word_1_711' title='bbox 2241 3564 2394 3614; x_wconf 88' lang='lat' dir='ltr'><strong>terra</strong></span> <span class='ocrx_word' id='word_1_712' title='bbox 2450 3556 2698 3612; x_wconf 87' lang='lat' dir='ltr'><strong>Gessen?</strong></span> <span class='ocrx_word' id='word_1_713' title='bbox 2755 3557 3065 3611; x_wconf 86' lang='lat' dir='ltr'><strong>Hominum</strong></span> <span class='ocrx_word' id='word_1_714' title='bbox 3103 3555 3317 3627; x_wconf 90' lang='lat' dir='ltr'><strong>quippe</strong></span> <span class='ocrx_word' id='word_1_715' title='bbox 3352 3558 3515 3609; x_wconf 88' lang='lat' dir='ltr'><strong>erant</strong></span> <span class='ocrx_word' id='word_1_716' title='bbox 3556 3554 3663 3617; x_wconf 88' lang='lat' dir='ltr'><strong>hic,</strong></span> <span class='ocrx_word' id='word_1_717' title='bbox 3725 3554 3822 3608; x_wconf 85' lang='lat' dir='ltr'><strong>vel</strong></span> 
     </span>
    </p>
   </div>
   <div class='ocr_carea' id='block_1_98' title="bbox 2123 3640 3823 3711">
    <p class='ocr_par' dir='ltr' id='par_1_98' title="bbox 2123 3640 3823 3711">
     <span class='ocr_line' id='line_1_98' title="bbox 2123 3640 3823 3711; baseline -0.005 -10"><span class='ocrx_word' id='word_1_718' title='bbox 2123 3647 2482 3711; x_wconf 90' lang='lat' dir='ltr'><strong>animalium,</strong></span> <span class='ocrx_word' id='word_1_719' title='bbox 2516 3662 2631 3699; x_wconf 92' lang='lat' dir='ltr'><strong>non</strong></span> <span class='ocrx_word' id='word_1_720' title='bbox 2660 3650 2867 3711; x_wconf 61' lang='lat' dir='ltr'><strong>terra};</strong></span> <span class='ocrx_word' id='word_1_721' title='bbox 2906 3645 2966 3699; x_wconf 91' lang='lat' dir='ltr'><strong>id</strong></span> <span class='ocrx_word' id='word_1_722' title='bbox 2990 3648 3092 3705; x_wconf 87' lang='lat' dir='ltr'><strong>est,</strong></span> <span class='ocrx_word' id='word_1_723' title='bbox 3137 3643 3397 3697; x_wconf 90' lang='lat' dir='ltr'><strong>homines</strong></span> <span class='ocrx_word' id='word_1_724' title='bbox 3451 3648 3507 3696; x_wconf 89' lang='lat' dir='ltr'><strong>et</strong></span> <span class='ocrx_word' id='word_1_725' title='bbox 3547 3640 3823 3695; x_wconf 85' lang='lat' dir='ltr'><strong>animalia</strong></span> 
     </span>
    </p>
   </div>
   <div class='ocr_carea' id='block_1_99' title="bbox 2123 3730 3820 3808">
    <p class='ocr_par' dir='ltr' id='par_1_99' title="bbox 2123 3730 3820 3808">
     <span class='ocr_line' id='line_1_99' title="bbox 2123 3730 3820 3808; baseline -0.005 -18"><span class='ocrx_word' id='word_1_726' title='bbox 2123 3735 2510 3808; x_wconf 86' lang='lat' dir='ltr'><strong>primogenita</strong></span> <span class='ocrx_word' id='word_1_727' title='bbox 2561 3733 2974 3798; x_wconf 88' lang='lat' dir='ltr'><strong>moriebantur,</strong></span> <span class='ocrx_word' id='word_1_728' title='bbox 3020 3733 3239 3786; x_wconf 83' lang='lat' dir='ltr'><strong>occulto</strong></span> <span class='ocrx_word' id='word_1_729' title='bbox 3287 3736 3345 3785; x_wconf 90' lang='lat' dir='ltr'><strong>et</strong></span> <span class='ocrx_word' id='word_1_730' title='bbox 3379 3730 3636 3801; x_wconf 91' lang='lat' dir='ltr'><strong>angelico</strong></span> <span class='ocrx_word' id='word_1_731' title='bbox 3683 3744 3820 3799; x_wconf 89' lang='lat' dir='ltr'><strong>per-</strong></span> 
     </span>
    </p>
   </div>
   <div class='ocr_carea' id='block_1_100' title="bbox 2123 3819 3825 3894">
    <p class='ocr_par' dir='ltr' id='par_1_100' title="bbox 2123 3819 3825 3894">
     <span class='ocr_line' id='line_1_100' title="bbox 2123 3819 3825 3894; baseline -0.006 -16"><span class='ocrx_word' id='word_1_732' title='bbox 2123 3841 2292 3880; x_wconf 89' lang='lat' dir='ltr'><strong>cussu</strong></span> <span class='ocrx_word' id='word_1_733' title='bbox 2327 3841 2340 3878; x_wconf 91' lang='lat'><strong>:</strong></span> <span class='ocrx_word' id='word_1_734' title='bbox 2374 3839 2490 3877; x_wconf 91' lang='lat' dir='ltr'><strong>non</strong></span> <span class='ocrx_word' id='word_1_735' title='bbox 2521 3822 2741 3894; x_wconf 88' lang='lat' dir='ltr'><strong>aliquid</strong></span> <span class='ocrx_word' id='word_1_736' title='bbox 2776 3825 2837 3877; x_wconf 90' lang='lat' dir='ltr'><strong>in</strong></span> <span class='ocrx_word' id='word_1_737' title='bbox 2864 3826 3016 3876; x_wconf 88' lang='lat' dir='ltr'><strong>terra</strong></span> <span class='ocrx_word' id='word_1_738' title='bbox 3043 3821 3129 3875; x_wconf 89' lang='lat' dir='ltr'><strong>vel</strong></span> <span class='ocrx_word' id='word_1_739' title='bbox 3159 3820 3219 3873; x_wconf 89' lang='lat' dir='ltr'><strong>in</strong></span> <span class='ocrx_word' id='word_1_740' title='bbox 3251 3821 3388 3874; x_wconf 62' lang='lat' dir='ltr'><strong>caelo</strong></span> <span class='ocrx_word' id='word_1_741' title='bbox 3418 3819 3633 3873; x_wconf 87' lang='lat' dir='ltr'><strong>factum</strong></span> <span class='ocrx_word' id='word_1_742' title='bbox 3690 3820 3825 3870; x_wconf 89' lang='lat' dir='ltr'><strong>erat</strong></span> 
     </span>
    </p>
   </div>
   <div class='ocr_carea' id='block_1_101' title="bbox 2124 3905 3822 3978">
    <p class='ocr_par' dir='ltr' id='par_1_101' title="bbox 2124 3905 3822 3978">
     <span class='ocr_line' id='line_1_101' title="bbox 2124 3905 3822 3978; baseline -0.005 -12"><span class='ocrx_word' id='word_1_743' title='bbox 2124 3913 2271 3966; x_wconf 88' lang='lat' dir='ltr'><strong>sicut</strong></span> <span class='ocrx_word' id='word_1_744' title='bbox 2296 3927 2454 3978; x_wconf 88' lang='lat' dir='ltr'><strong>rana,</strong></span> <span class='ocrx_word' id='word_1_745' title='bbox 2484 3913 2571 3964; x_wconf 88' lang='lat' dir='ltr'><strong>vel</strong></span> <span class='ocrx_word' id='word_1_746' title='bbox 2603 3912 2836 3975; x_wconf 89' lang='lat' dir='ltr'><strong>locusta,</strong></span> <span class='ocrx_word' id='word_1_747' title='bbox 2869 3910 2957 3964; x_wconf 86' lang='lat' dir='ltr'><strong>vel</strong></span> <span class='ocrx_word' id='word_1_748' title='bbox 3003 3909 3276 3963; x_wconf 66' lang='lat' dir='ltr'><strong>tenebrae.</strong></span> <span class='ocrx_word' id='word_1_749' title='bbox 3318 3911 3358 3962; x_wconf 88' lang='lat' dir='ltr'><strong>A</strong></span> <span class='ocrx_word' id='word_1_750' title='bbox 3418 3907 3623 3961; x_wconf 87' lang='lat' dir='ltr'><strong>talibus</strong></span> <span class='ocrx_word' id='word_1_751' title='bbox 3659 3905 3822 3958; x_wconf 85' lang='lat' dir='ltr'><strong>enim</strong></span> 
     </span>
    </p>
   </div>
   <div class='ocr_carea' id='block_1_102' title="bbox 2122 3992 3827 4072">
    <p class='ocr_par' dir='ltr' id='par_1_102' title="bbox 2122 3992 3827 4072">
     <span class='ocr_line' id='line_1_102' title="bbox 2122 3992 3827 4072; baseline -0.005 -17"><span class='ocrx_word' id='word_1_752' title='bbox 2122 4001 2306 4072; x_wconf 91' lang='lat' dir='ltr'><strong>plagis</strong></span> <span class='ocrx_word' id='word_1_753' title='bbox 2335 4015 2465 4054; x_wconf 92' lang='lat' dir='ltr'><strong>cum</strong></span> <span class='ocrx_word' id='word_1_754' title='bbox 2496 4004 2650 4052; x_wconf 89' lang='lat' dir='ltr'><strong>terra</strong></span> <span class='ocrx_word' id='word_1_755' title='bbox 2681 4000 2892 4054; x_wconf 89' lang='lat' dir='ltr'><strong>Gessen</strong></span> <span class='ocrx_word' id='word_1_756' title='bbox 2937 3997 3137 4052; x_wconf 86' lang='lat' dir='ltr'><strong>fuisset</strong></span> <span class='ocrx_word' id='word_1_757' title='bbox 3188 3995 3392 4062; x_wconf 87' lang='lat' dir='ltr'><strong>aliena,</strong></span> <span class='ocrx_word' id='word_1_758' title='bbox 3452 3992 3827 4066; x_wconf 88' lang='lat' dir='ltr'><strong>perveniebat</strong></span> 
     </span>
    </p>
   </div>
   <div class='ocr_carea' id='block_1_103' title="bbox 2123 4083 3822 4158">
    <p class='ocr_par' dir='ltr' id='par_1_103' title="bbox 2123 4083 3822 4158">
     <span class='ocr_line' id='line_1_103' title="bbox 2123 4083 3822 4158; baseline -0.005 -15"><span class='ocrx_word' id='word_1_759' title='bbox 2123 4089 2466 4143; x_wconf 86' lang='lat' dir='ltr'><strong>beneﬁcium</strong></span> <span class='ocrx_word' id='word_1_760' title='bbox 2493 4088 2562 4142; x_wconf 89' lang='lat' dir='ltr'><strong>ad</strong></span> <span class='ocrx_word' id='word_1_761' title='bbox 2595 4087 2886 4158; x_wconf 65' lang='lat' dir='ltr'><strong>Egyptios</strong></span> <span class='ocrx_word' id='word_1_762' title='bbox 2915 4087 3015 4158; x_wconf 90' lang='lat' dir='ltr'><strong>qui</strong></span> <span class='ocrx_word' id='word_1_763' title='bbox 3039 4086 3100 4140; x_wconf 91' lang='lat' dir='ltr'><strong>in</strong></span> <span class='ocrx_word' id='word_1_764' title='bbox 3132 4101 3200 4140; x_wconf 90' lang='lat' dir='ltr'><strong>ea</strong></span> <span class='ocrx_word' id='word_1_765' title='bbox 3230 4101 3361 4139; x_wconf 92' lang='lat' dir='ltr'><strong>cum</strong></span> <span class='ocrx_word' id='word_1_766' title='bbox 3407 4083 3655 4138; x_wconf 72' lang='lat' dir='ltr'><strong>Hebraeis</strong></span> <span class='ocrx_word' id='word_1_767' title='bbox 3691 4098 3822 4136; x_wconf 90' lang='lat' dir='ltr'><strong>mo-</strong></span> 
     </span>
    </p>
   </div>
   <div class='ocr_carea' id='block_1_104' title="bbox 2122 4173 3442 4245">
    <p class='ocr_par' dir='ltr' id='par_1_104' title="bbox 2122 4173 3442 4245">
     <span class='ocr_line' id='line_1_104' title="bbox 2122 4173 3442 4245; baseline -0.005 -13"><span class='ocrx_word' id='word_1_768' title='bbox 2122 4178 2397 4232; x_wconf 89' lang='lat' dir='ltr'><strong>rabantur</strong></span> <span class='ocrx_word' id='word_1_769' title='bbox 2431 4193 2443 4230; x_wconf 88' lang='lat'><strong>:</strong></span> <span class='ocrx_word' id='word_1_770' title='bbox 2477 4177 2583 4230; x_wconf 87' lang='lat' dir='ltr'><strong>hac</strong></span> <span class='ocrx_word' id='word_1_771' title='bbox 2612 4192 2745 4229; x_wconf 90' lang='lat' dir='ltr'><strong>vero</strong></span> <span class='ocrx_word' id='word_1_772' title='bbox 2777 4191 2977 4229; x_wconf 91' lang='lat' dir='ltr'><strong>omnes</strong></span> <span class='ocrx_word' id='word_1_773' title='bbox 3005 4173 3258 4245; x_wconf 87' lang='lat' dir='ltr'><strong>percussi</strong></span> <span class='ocrx_word' id='word_1_774' title='bbox 3289 4176 3442 4226; x_wconf 89' lang='lat' dir='ltr'><strong>sunt.</strong></span> 
     </span>
    </p>
   </div>
   <div class='ocr_carea' id='block_1_105' title="bbox 2195 4257 3825 4334">
    <p class='ocr_par' dir='ltr' id='par_1_105' title="bbox 2195 4257 3825 4334">
     <span class='ocr_line' id='line_1_105' title="bbox 2195 4257 3825 4334; baseline -0.006 -14"><span class='ocrx_word' id='word_1_775' title='bbox 2195 4269 2355 4321; x_wconf 78' lang='lat' dir='ltr'><strong>Vens.</strong></span> <span class='ocrx_word' id='word_1_776' title='bbox 2413 4268 2500 4322; x_wconf 74' lang='grc'><strong>34.</strong></span> <span class='ocrx_word' id='word_1_777' title='bbox 2559 4295 2630 4307; x_wconf 95' lang='grc'><strong><em>-</em></strong></span> <span class='ocrx_word' id='word_1_778' title='bbox 2688 4265 3040 4334; x_wconf 81' lang='lat' dir='ltr'><strong>Conspersam</strong></span> <span class='ocrx_word' id='word_1_779' title='bbox 3105 4264 3372 4328; x_wconf 83' lang='lat' dir='ltr'><strong>farinam,</strong></span> <span class='ocrx_word' id='word_1_780' title='bbox 3444 4265 3550 4314; x_wconf 89' lang='lat' dir='ltr'><strong>etc.</strong></span> <span class='ocrx_word' id='word_1_781' title='bbox 3630 4257 3825 4328; x_wconf 80' lang='lat' dir='ltr'><strong>(AUG.)</strong></span> 
     </span>
    </p>
   </div>
   <div class='ocr_carea' id='block_1_106' title="bbox 2125 4346 3828 4424">
    <p class='ocr_par' dir='ltr' id='par_1_106' title="bbox 2125 4346 3828 4424">
     <span class='ocr_line' id='line_1_106' title="bbox 2125 4346 3828 4424; baseline -0.007 -13"><span class='ocrx_word' id='word_1_782' title='bbox 2125 4359 2369 4424; x_wconf 79' lang='lat' dir='ltr'><strong>Mystice.</strong></span> <span class='ocrx_word' id='word_1_783' title='bbox 2408 4354 2542 4409; x_wconf 90' lang='lat' dir='ltr'><strong>Sine</strong></span> <span class='ocrx_word' id='word_1_784' title='bbox 2574 4354 2854 4408; x_wconf 88' lang='lat' dir='ltr'><strong>fermento</strong></span> <span class='ocrx_word' id='word_1_785' title='bbox 2885 4351 3325 4423; x_wconf 90' lang='lat' dir='ltr'><strong>proﬁciscuntur</strong></span> <span class='ocrx_word' id='word_1_786' title='bbox 3373 4349 3479 4403; x_wconf 89' lang='lat' dir='ltr'><strong>ﬁlii</strong></span> <span class='ocrx_word' id='word_1_787' title='bbox 3520 4347 3692 4402; x_wconf 89' lang='lat' dir='ltr'><strong>Israel</strong></span> <span class='ocrx_word' id='word_1_788' title='bbox 3749 4346 3828 4400; x_wconf 87' lang='lat' dir='ltr'><strong>de</strong></span> 
     </span>
    </p>
   </div>
   <div class='ocr_carea' id='block_1_107' title="bbox 2126 4435 3825 4512">
    <p class='ocr_par' dir='ltr' id='par_1_107' title="bbox 2126 4435 3825 4512">
     <span class='ocr_line' id='line_1_107' title="bbox 2126 4435 3825 4512; baseline -0.005 -15"><span class='ocrx_word' id='word_1_789' title='bbox 2126 4444 2366 4512; x_wconf 51' lang='lat' dir='ltr'><strong>[Egypto</strong></span> <span class='ocrx_word' id='word_1_790' title='bbox 2393 4462 2409 4509; x_wconf 84' lang='lat'><strong>;</strong></span> <span class='ocrx_word' id='word_1_791' title='bbox 2435 4447 2496 4495; x_wconf 92' lang='lat' dir='ltr'><strong>ut</strong></span> <span class='ocrx_word' id='word_1_792' title='bbox 2524 4445 2793 4494; x_wconf 86' lang='lat' dir='ltr'><strong>exeuntes</strong></span> <span class='ocrx_word' id='word_1_793' title='bbox 2817 4440 2887 4494; x_wconf 92' lang='lat' dir='ltr'><strong>de</strong></span> <span class='ocrx_word' id='word_1_794' title='bbox 2918 4441 3027 4493; x_wconf 90' lang='lat' dir='ltr'><strong>hoc</strong></span> <span class='ocrx_word' id='word_1_795' title='bbox 3069 4439 3275 4493; x_wconf 65' lang='lat' dir='ltr'><strong>saeculo</strong></span> <span class='ocrx_word' id='word_1_796' title='bbox 3325 4437 3658 4507; x_wconf 88' lang='lat' dir='ltr'><strong>abjiciamus</strong></span> <span class='ocrx_word' id='word_1_797' title='bbox 3706 4435 3825 4489; x_wconf 88' lang='lat' dir='ltr'><strong>fer-</strong></span> 
     </span>
    </p>
   </div>
   <div class='ocr_carea' id='block_1_108' title="bbox 2126 4523 3830 4599">
    <p class='ocr_par' dir='ltr' id='par_1_108' title="bbox 2126 4523 3830 4599">
     <span class='ocr_line' id='line_1_108' title="bbox 2126 4523 3830 4599; baseline -0.005 -14"><span class='ocrx_word' id='word_1_798' title='bbox 2126 4536 2386 4584; x_wconf 90' lang='lat' dir='ltr'><strong>mentum</strong></span> <span class='ocrx_word' id='word_1_799' title='bbox 2419 4529 2654 4584; x_wconf 73' lang='lat' dir='ltr'><strong>malitise</strong></span> <span class='ocrx_word' id='word_1_800' title='bbox 2674 4533 2732 4582; x_wconf 90' lang='lat' dir='ltr'><strong>et</strong></span> <span class='ocrx_word' id='word_1_801' title='bbox 2751 4528 3045 4599; x_wconf 69' lang='lat' dir='ltr'><strong>nequitite,</strong></span> <span class='ocrx_word' id='word_1_802' title='bbox 3067 4532 3124 4582; x_wconf 92' lang='lat' dir='ltr'><strong>et</strong></span> <span class='ocrx_word' id='word_1_803' title='bbox 3153 4527 3454 4598; x_wconf 88' lang='lat' dir='ltr'><strong>epulemur</strong></span> <span class='ocrx_word' id='word_1_804' title='bbox 3501 4525 3561 4578; x_wconf 90' lang='lat' dir='ltr'><strong>in</strong></span> <span class='ocrx_word' id='word_1_805' title='bbox 3607 4523 3830 4595; x_wconf 81' lang='lat' dir='ltr'><strong>azymis</strong></span> 
     </span>
    </p>
   </div>
   <div class='ocr_carea' id='block_1_109' title="bbox 2127 4617 2848 4673">
    <p class='ocr_par' dir='ltr' id='par_1_109' title="bbox 2127 4617 2848 4673">
     <span class='ocr_line' id='line_1_109' title="bbox 2127 4617 2848 4673; baseline -0.001 -1"><span class='ocrx_word' id='word_1_806' title='bbox 2127 4618 2466 4673; x_wconf 88' lang='lat' dir='ltr'><strong>sinceritatis</strong></span> <span class='ocrx_word' id='word_1_807' title='bbox 2492 4623 2548 4672; x_wconf 91' lang='lat' dir='ltr'><strong>et</strong></span> <span class='ocrx_word' id='word_1_808' title='bbox 2576 4617 2848 4673; x_wconf 87' lang='lat' dir='ltr'><strong>veritatis.</strong></span> 
     </span>
    </p>
   </div>
   <div class='ocr_carea' id='block_1_110' title="bbox 2199 4703 3823 4776">
    <p class='ocr_par' dir='ltr' id='par_1_110' title="bbox 2199 4703 3823 4776">
     <span class='ocr_line' id='line_1_110' title="bbox 2199 4703 3823 4776; baseline -0.002 -17"><span class='ocrx_word' id='word_1_809' title='bbox 2199 4708 2360 4762; x_wconf 76' lang='lat' dir='ltr'><strong>Vens.</strong></span> <span class='ocrx_word' id='word_1_810' title='bbox 2392 4711 2481 4774; x_wconf 78' lang='lat'><strong>35,</strong></span> <span class='ocrx_word' id='word_1_811' title='bbox 2515 4711 2600 4763; x_wconf 83' lang='lat'><strong>36.</strong></span> <span class='ocrx_word' id='word_1_812' title='bbox 2635 4735 2695 4747; x_wconf 95' lang='lat'><strong>-</strong></span> <span class='ocrx_word' id='word_1_813' title='bbox 2731 4707 2810 4760; x_wconf 88' lang='lat' dir='ltr'><strong>Et</strong></span> <span class='ocrx_word' id='word_1_814' title='bbox 2835 4707 3131 4776; x_wconf 82' lang='lat' dir='ltr'><strong>petierunt,</strong></span> <span class='ocrx_word' id='word_1_815' title='bbox 3153 4707 3260 4760; x_wconf 89' lang='lat' dir='ltr'><strong>etc.</strong></span> <span class='ocrx_word' id='word_1_816' title='bbox 3294 4705 3692 4773; x_wconf 63' lang='lat' dir='ltr'><strong>(AUG.,quzst.</strong></span> <span class='ocrx_word' id='word_1_817' title='bbox 3726 4703 3823 4756; x_wconf 78' lang='grc'><strong>45.</strong></span> 
     </span>
    </p>
   </div>
   <div class='ocr_carea' id='block_1_111' title="bbox 2130 4790 3826 4866">
    <p class='ocr_par' dir='ltr' id='par_1_111' title="bbox 2130 4790 3826 4866">
     <span class='ocr_line' id='line_1_111' title="bbox 2130 4790 3826 4866; baseline -0.002 -16"><span class='ocrx_word' id='word_1_818' title='bbox 2130 4798 2242 4851; x_wconf 86' lang='lat' dir='ltr'><strong>Hoc</strong></span> <span class='ocrx_word' id='word_1_819' title='bbox 2263 4797 2386 4866; x_wconf 90' lang='lat' dir='ltr'><strong>jam</strong></span> <span class='ocrx_word' id='word_1_820' title='bbox 2415 4797 2628 4850; x_wconf 86' lang='lat' dir='ltr'><strong>factum</strong></span> <span class='ocrx_word' id='word_1_821' title='bbox 2657 4795 2846 4849; x_wconf 87' lang='lat' dir='ltr'><strong>fuerat</strong></span> <span class='ocrx_word' id='word_1_822' title='bbox 2871 4799 3005 4848; x_wconf 92' lang='lat' dir='ltr'><strong>ante</strong></span> <span class='ocrx_word' id='word_1_823' title='bbox 3031 4799 3244 4848; x_wconf 87' lang='lat' dir='ltr'><strong>mortes</strong></span> <span class='ocrx_word' id='word_1_824' title='bbox 3275 4790 3826 4863; x_wconf 86' lang='lat' dir='ltr'><strong>primogenitorum.</strong></span> 
     </span>
    </p>
   </div>
   <div class='ocr_carea' id='block_1_112' title="bbox 2125 4881 3831 4954">
    <p class='ocr_par' dir='ltr' id='par_1_112' title="bbox 2125 4881 3831 4954">
     <span class='ocr_line' id='line_1_112' title="bbox 2125 4881 3831 4954; baseline -0.005 -15"><span class='ocrx_word' id='word_1_825' title='bbox 2125 4885 2235 4940; x_wconf 90' lang='lat' dir='ltr'><strong>Sed</strong></span> <span class='ocrx_word' id='word_1_826' title='bbox 2261 4900 2412 4938; x_wconf 91' lang='lat' dir='ltr'><strong>nunc</strong></span> <span class='ocrx_word' id='word_1_827' title='bbox 2441 4900 2544 4954; x_wconf 86' lang='lat' dir='ltr'><strong>per</strong></span> <span class='ocrx_word' id='word_1_828' title='bbox 2585 4882 3114 4953; x_wconf 88' lang='lat' dir='ltr'><strong>recapitulationem</strong></span> <span class='ocrx_word' id='word_1_829' title='bbox 3163 4881 3461 4952; x_wconf 87' lang='lat' dir='ltr'><strong>repetitur,</strong></span> <span class='ocrx_word' id='word_1_830' title='bbox 3507 4894 3640 4933; x_wconf 89' lang='lat' dir='ltr'><strong>nam</strong></span> <span class='ocrx_word' id='word_1_831' title='bbox 3680 4893 3831 4931; x_wconf 79' lang='lat' dir='ltr'><strong>nar-</strong></span> 
     </span>
    </p>
   </div>
   <div class='ocr_carea' id='block_1_113' title="bbox 2131 4966 3831 5043">
    <p class='ocr_par' dir='ltr' id='par_1_113' title="bbox 2131 4966 3831 5043">
     <span class='ocr_line' id='line_1_113' title="bbox 2131 4966 3831 5043; baseline -0.006 -15"><span class='ocrx_word' id='word_1_832' title='bbox 2131 4977 2315 5028; x_wconf 90' lang='lat' dir='ltr'><strong>ratum</strong></span> <span class='ocrx_word' id='word_1_833' title='bbox 2345 4977 2430 5027; x_wconf 90' lang='lat' dir='ltr'><strong>est</strong></span> <span class='ocrx_word' id='word_1_834' title='bbox 2454 4973 2680 5043; x_wconf 88' lang='lat' dir='ltr'><strong>quando</strong></span> <span class='ocrx_word' id='word_1_835' title='bbox 2707 4972 2921 5026; x_wconf 88' lang='lat' dir='ltr'><strong>factum</strong></span> <span class='ocrx_word' id='word_1_836' title='bbox 2967 4976 3073 5026; x_wconf 89' lang='lat' dir='ltr'><strong>est.</strong></span> <span class='ocrx_word' id='word_1_837' title='bbox 3125 4969 3287 5026; x_wconf 85' lang='lat' dir='ltr'><strong>Modo</strong></span> <span class='ocrx_word' id='word_1_838' title='bbox 3330 4969 3482 5023; x_wconf 90' lang='lat' dir='ltr'><strong>enim</strong></span> <span class='ocrx_word' id='word_1_839' title='bbox 3530 4966 3831 5038; x_wconf 88' lang='lat' dir='ltr'><strong>quomodo</strong></span> 
     </span>
    </p>
   </div>
   <div class='ocr_carea' id='block_1_114' title="bbox 2129 5056 3828 5132">
    <p class='ocr_par' dir='ltr' id='par_1_114' title="bbox 2129 5056 3828 5132">
     <span class='ocr_line' id='line_1_114' title="bbox 2129 5056 3828 5132; baseline -0.002 -19"><span class='ocrx_word' id='word_1_840' title='bbox 2129 5065 2322 5132; x_wconf 91' lang='lat' dir='ltr'><strong>posset</strong></span> <span class='ocrx_word' id='word_1_841' title='bbox 2350 5060 2475 5113; x_wconf 89' lang='lat' dir='ltr'><strong>ﬁeri</strong></span> <span class='ocrx_word' id='word_1_842' title='bbox 2503 5064 2562 5113; x_wconf 91' lang='lat' dir='ltr'><strong>ut</strong></span> <span class='ocrx_word' id='word_1_843' title='bbox 2589 5060 2650 5113; x_wconf 92' lang='lat' dir='ltr'><strong>in</strong></span> <span class='ocrx_word' id='word_1_844' title='bbox 2679 5063 2835 5113; x_wconf 88' lang='lat' dir='ltr'><strong>tanto</strong></span> <span class='ocrx_word' id='word_1_845' title='bbox 2866 5059 3020 5114; x_wconf 88' lang='lat' dir='ltr'><strong>luctu</strong></span> <span class='ocrx_word' id='word_1_846' title='bbox 3054 5058 3160 5112; x_wconf 88' lang='lat' dir='ltr'><strong>ista</strong></span> <span class='ocrx_word' id='word_1_847' title='bbox 3207 5056 3779 5112; x_wconf 87' lang='lat' dir='ltr'><strong>accommodarentur</strong></span> <span class='ocrx_word' id='word_1_848' title='bbox 3809 5071 3828 5109; x_wconf 89' lang='lat'><strong>:</strong></span> 
     </span>
    </p>
   </div>
   <div class='ocr_carea' id='block_1_115' title="bbox 2131 5145 3836 5219">
    <p class='ocr_par' dir='ltr' id='par_1_115' title="bbox 2131 5145 3836 5219">
     <span class='ocr_line' id='line_1_115' title="bbox 2131 5145 3836 5219; baseline -0.004 -16"><span class='ocrx_word' id='word_1_849' title='bbox 2131 5149 2242 5203; x_wconf 86' lang='lat' dir='ltr'><strong>nisi</strong></span> <span class='ocrx_word' id='word_1_850' title='bbox 2272 5149 2414 5202; x_wconf 89' lang='lat' dir='ltr'><strong>forte</strong></span> <span class='ocrx_word' id='word_1_851' title='bbox 2444 5148 2572 5219; x_wconf 90' lang='lat' dir='ltr'><strong>quis</strong></span> <span class='ocrx_word' id='word_1_852' title='bbox 2603 5148 2750 5203; x_wconf 85' lang='lat' dir='ltr'><strong>dicat</strong></span> <span class='ocrx_word' id='word_1_853' title='bbox 2777 5148 2950 5202; x_wconf 90' lang='lat' dir='ltr'><strong>etiam</strong></span> <span class='ocrx_word' id='word_1_854' title='bbox 2976 5149 3086 5202; x_wconf 88' lang='lat' dir='ltr'><strong>ista</strong></span> <span class='ocrx_word' id='word_1_855' title='bbox 3113 5148 3284 5218; x_wconf 88' lang='lat' dir='ltr'><strong>plaga</strong></span> <span class='ocrx_word' id='word_1_856' title='bbox 3312 5162 3428 5200; x_wconf 91' lang='lat' dir='ltr'><strong>non</strong></span> <span class='ocrx_word' id='word_1_857' title='bbox 3477 5145 3651 5199; x_wconf 83' lang='lat' dir='ltr'><strong>fuisse</strong></span> <span class='ocrx_word' id='word_1_858' title='bbox 3691 5159 3836 5214; x_wconf 86' lang='lat' dir='ltr'><strong>per-</strong></span> 
     </span>
    </p>
   </div>
   <div class='ocr_carea' id='block_1_116' title="bbox 2127 5234 3594 5308">
    <p class='ocr_par' dir='ltr' id='par_1_116' title="bbox 2127 5234 3594 5308">
     <span class='ocr_line' id='line_1_116' title="bbox 2127 5234 3594 5308; baseline -0.004 -16"><span class='ocrx_word' id='word_1_859' title='bbox 2127 5254 2319 5292; x_wconf 91' lang='lat' dir='ltr'><strong>cussos</strong></span> <span class='ocrx_word' id='word_1_860' title='bbox 2345 5236 2636 5308; x_wconf 67' lang='lat' dir='ltr'><strong>Egyptios</strong></span> <span class='ocrx_word' id='word_1_861' title='bbox 2663 5236 2763 5308; x_wconf 90' lang='lat' dir='ltr'><strong>qui</strong></span> <span class='ocrx_word' id='word_1_862' title='bbox 2792 5252 2922 5290; x_wconf 91' lang='lat' dir='ltr'><strong>cum</strong></span> <span class='ocrx_word' id='word_1_863' title='bbox 2957 5235 3210 5290; x_wconf 70' lang='lat' dir='ltr'><strong>Hebraeis</strong></span> <span class='ocrx_word' id='word_1_864' title='bbox 3237 5234 3594 5289; x_wconf 83' lang='lat' dir='ltr'><strong>habitabant.</strong></span> 
     </span>
    </p>
   </div>
   <div class='ocr_carea' id='block_1_117' title="bbox 2206 5322 3838 5393">
    <p class='ocr_par' dir='ltr' id='par_1_117' title="bbox 2206 5322 3838 5393">
     <span class='ocr_line' id='line_1_117' title="bbox 2206 5322 3838 5393; baseline -0.004 -12"><span class='ocrx_word' id='word_1_865' title='bbox 2206 5329 2352 5382; x_wconf 87' lang='lat' dir='ltr'><strong>Vasa</strong></span> <span class='ocrx_word' id='word_1_866' title='bbox 2400 5341 2587 5392; x_wconf 87' lang='lat' dir='ltr'><strong>aurea,</strong></span> <span class='ocrx_word' id='word_1_867' title='bbox 2645 5330 2748 5380; x_wconf 89' lang='lat' dir='ltr'><strong>etc.</strong></span> <span class='ocrx_word' id='word_1_868' title='bbox 2789 5327 2919 5380; x_wconf 58' lang='lat' dir='ltr'><strong>Haec</strong></span> <span class='ocrx_word' id='word_1_869' title='bbox 2960 5324 3249 5378; x_wconf 85' lang='lat' dir='ltr'><strong>doctrinas</strong></span> <span class='ocrx_word' id='word_1_870' title='bbox 3299 5322 3646 5393; x_wconf 86' lang='lat' dir='ltr'><strong>signiﬁcant,</strong></span> <span class='ocrx_word' id='word_1_871' title='bbox 3689 5335 3838 5390; x_wconf 68' lang='lat' dir='ltr'><strong>quae</strong></span> 
     </span>
    </p>
   </div>
   <div class='ocr_carea' id='block_1_118' title="bbox 2130 5407 3838 5485">
    <p class='ocr_par' dir='ltr' id='par_1_118' title="bbox 2130 5407 3838 5485">
     <span class='ocr_line' id='line_1_118' title="bbox 2130 5407 3838 5485; baseline -0.006 -15"><span class='ocrx_word' id='word_1_872' title='bbox 2130 5429 2196 5470; x_wconf 85' lang='lat' dir='ltr'><strong>ex</strong></span> <span class='ocrx_word' id='word_1_873' title='bbox 2220 5414 2343 5485; x_wconf 91' lang='lat' dir='ltr'><strong>ipsa</strong></span> <span class='ocrx_word' id='word_1_874' title='bbox 2371 5414 2782 5469; x_wconf 88' lang='lat' dir='ltr'><strong>consuetudine</strong></span> <span class='ocrx_word' id='word_1_875' title='bbox 2813 5413 3075 5485; x_wconf 89' lang='lat' dir='ltr'><strong>gentium</strong></span> <span class='ocrx_word' id='word_1_876' title='bbox 3103 5428 3223 5467; x_wconf 90' lang='lat' dir='ltr'><strong>non</strong></span> <span class='ocrx_word' id='word_1_877' title='bbox 3252 5411 3447 5466; x_wconf 90' lang='lat' dir='ltr'><strong>inutili</strong></span> <span class='ocrx_word' id='word_1_878' title='bbox 3494 5408 3685 5464; x_wconf 90' lang='lat' dir='ltr'><strong>studio</strong></span> <span class='ocrx_word' id='word_1_879' title='bbox 3734 5407 3838 5462; x_wconf 75' lang='lat' dir='ltr'><strong>di-</strong></span> 
     </span>
    </p>
   </div>
   <div class='ocr_carea' id='block_1_119' title="bbox 2129 5501 3838 5574">
    <p class='ocr_par' dir='ltr' id='par_1_119' title="bbox 2129 5501 3838 5574">
     <span class='ocr_line' id='line_1_119' title="bbox 2129 5501 3838 5574; baseline -0.004 -16"><span class='ocrx_word' id='word_1_880' title='bbox 2129 5508 2363 5558; x_wconf 89' lang='lat' dir='ltr'><strong>scuntur</strong></span> <span class='ocrx_word' id='word_1_881' title='bbox 2385 5520 2400 5570; x_wconf 91' lang='lat'><strong>;</strong></span> <span class='ocrx_word' id='word_1_882' title='bbox 2424 5504 2510 5557; x_wconf 89' lang='lat' dir='ltr'><strong>vel</strong></span> <span class='ocrx_word' id='word_1_883' title='bbox 2535 5503 2755 5558; x_wconf 89' lang='lat' dir='ltr'><strong>animas</strong></span> <span class='ocrx_word' id='word_1_884' title='bbox 2782 5501 3060 5574; x_wconf 88' lang='lat' dir='ltr'><strong>pretiosas</strong></span> <span class='ocrx_word' id='word_1_885' title='bbox 3098 5518 3165 5556; x_wconf 88' lang='lat' dir='ltr'><strong>ex</strong></span> <span class='ocrx_word' id='word_1_886' title='bbox 3206 5501 3496 5572; x_wconf 86' lang='lat' dir='ltr'><strong>gentibus.</strong></span> <span class='ocrx_word' id='word_1_887' title='bbox 3543 5503 3838 5569; x_wconf 82' lang='lat' dir='ltr'><strong>tanquam</strong></span> 
     </span>
    </p>
   </div>
  </div>
