4064 6186
190 237 282 287 2'2l
1330 228 1585 286 GLOSSA
1621 228 2027 285 OBDINARIA.
2074 258 2137 266 --
2180 226 2309 281 LIB.
2352 226 2557 281 EXOD.

3606 227 3709 278 2'22

188 370 314 407 vasa
336 370 516 407 aurea
535 358 592 407 et
646 355 955 423 argentea:
1006 367 1137 406 cum
1192 351 1458 416 vestibus,
1509 351 1568 405 id
1619 357 1724 417 est,
1775 367 1892 406 cor-
1930 354 1975 406 A
2005 349 2109 403 cha
2136 347 2418 419 praecipit,
2450 352 2576 411 etc.,
2612 360 2782 415 usque
2808 346 2882 400 ad
2910 344 3168 416 alioquin
3204 346 3389 416 gratia
3443 347 3558 415 jam
3589 363 3707 401 non

188 442 457 512 poribus:
496 458 627 513 quae
657 458 715 495 se
735 442 1057 512 adjungunt
1083 441 1294 510 populo
1339 440 1455 497 Dei.
1494 445 1557 494 ut
1612 441 1789 495 semel
1820 439 1889 493 de

187 532 285 585 hoc
310 532 527 584 saeculo
559 535 835 601 tanquam
856 530 925 583 de
971 531 1210 599 £gypto
1249 529 1583 583 liberentur.

250 619 415 671 Vens.
453 619 642 672 37-45.
681 648 750 657 —
793 619 1130 686 Profectique
1169 622 1317 683 sunt,
1375 623 1481 671 etc.
1543 616 1719 685 (Onio.
1747 617 1885 670 hom.

187 708 285 758 Sin
320 706 555 775 Emori).
592 706 699 770 Qui
722 707 791 760 de
817 707 1057 776 .Egypto
1107 711 1271 776 parat
1327 706 1630 776 proﬁcisci,
1673 705 1772 777 qui
1792 721 1889 758 cu-

184 792 257 864 pit
284 794 565 848 obscuros
593 794 792 848 mundi
813 799 970 847 actus
999 800 1056 848 et
1103 810 1367 848 errorum
1408 794 1668 848 tenebras
1718 794 1888 848 relin-

181 897 373 952 quere,
404 881 598 951 primo
616 882 668 935 ei
698 898 766 935 ex
798 883 1063 935 Ramesse
1097 882 1579 952 proficiscendum
1623 886 1727 942 est,
1760 897 1889 952 quae

178 970 595 1039 interpretatur
622 972 897 1024 commotio
930 972 1101 1023 tineae.
1137 970 1191 1023 Si
1222 970 1305 1023 vis
1344 970 1535 1023 venire
1583 970 1641 1023 in
1692 969 1797 1023 hoc
1827 974 1891 1022 ut

180 1060 322 1113 Deus
353 1059 430 1112 sit
459 1060 567 1113 tibi
589 1059 722 1124 dux,
752 1064 809 1113 et
839 1063 1109 1129 sequatur
1151 1064 1330 1130 petra,
1382 1076 1509 1130 quae
1558 1075 1743 1114 escam
1775 1059 1889 1128 spi-

179 1146 404 1199 ritalem
439 1152 500 1200 et
520 1151 723 1217 potum
757 1147 988 1212 tribuat,
1038 1148 1125 1201 exi
1166 1148 1233 1202 de
1284 1150 1571 1217 Ramesse,
1629 1164 1700 1201 ne
1756 1148 1886 1201 the-

176 1236 425 1289 saurizes
459 1236 558 1289 ubi
592 1236 746 1289 tinea
779 1235 1138 1303 exterminat,
1168 1242 1225 1291 et
1254 1238 1406 1291 fures
1438 1236 1734 1303 effodiunt,
1769 1242 1878 1290 etc.

240 1322 302 1376 Si
333 1327 419 1377 vis
449 1326 729 1393 perfectus
782 1324 1055 1378 cssevade
1112 1330 1162 1378 et
1206 1326 1372 1379 vende
1423 1329 1605 1380 omnia
1643 1342 1761 1395 quae
1790 1327 1888 1379 ha-

178 1413 278 1477 bes,
314 1417 368 1465 et
406 1413 487 1465 da
511 1414 869 1481 pauperibus,
900 1417 949 1466 et
979 1414 1198 1467 habebis
1231 1415 1541 1468 thesaurum
1569 1417 1627 1468 in
1662 1415 1805 1481 caalo,
1841 1418 1889 1467 et

174 1503 289 1554 veni
318 1516 549 1570 sequere
580 1518 661 1556 me
699 1503 916 1569 (Matth.
948 1506 1047 1571 v1),
1081 1503 1185 1556 hcc
1204 1508 1287 1557 est
1331 1504 1614 1575 prolicisci
1657 1504 1727 1557 de
1781 1504 1889 1557 Ra-

178 1604 381 1656 messe,
416 1595 479 1642 et
510 1590 674 1660 sequi
702 1590 1011 1644 Christum.

240 1639 1024 1745 Dev'Rames‘sewin—"S—ocwot—li,
1087 1682 1195 1733 etc.
1241 1679 1416 1749 (ORIG.
1485 1678 1643 1747 ibid.)
1675 1678 1883 1734 Videa-
1922 1639 1961 1693 Β

177 1782 299 1819 mus
325 1769 465 1838 quis
492 1768 566 1822 sit
591 1772 905 1823 castrorum
964 1770 1120 1824 locus
1177 1769 1247 1823 ad
1295 1786 1468 1840 quem
1506 1771 1758 1825 venitur.
1812 1772 1888 1826 De

176 1854 449 1909 Ramesse
484 1862 765 1910 venerunt
790 1856 851 1910 in
876 1857 1104 1918 Socoth.
1149 1858 1303 1928 quod
1351 1858 1761 1927 interpretatur
1811 1865 1882 1913 ta-

176 1942 494 1996 bernacula.
531 1944 673 1998 Cum
701 1960 857 2014 ergo,
909 1944 1238 2015 relinquens
1294 1947 1619 2017 Egyptum,
1672 1947 1885 2001 discus-

174 2032 311 2084 seris
339 2032 534 2085 tineas
553 2032 730 2086 totius
753 2034 1113 2104 corruptelae,
1140 2038 1197 2087 et
1220 2033 1487 2088 vitiorum
1516 2034 1887 2089 incitamenta

173 2120 469 2189 rejeceris,
510 2121 797 2175 habitabis
846 2122 907 2175 in
965 2122 1365 2191 tabernaculis,
1416 2122 1624 2194 quibus
1678 2124 1890 2179 scilicet

175 2210 455 2262 nolumus
487 2209 796 2278 exspoliari
850 2210 951 2263 sed
1009 2198 1398 2280 supervestiri.
1450 2212 1729 2266 Habitatio
1786 2230 1887 2266 au-

174 2304 289 2351 tem
313 2298 828 2352 tabernaculorum
859 2298 1186 2368 expeditum
1223 2298 1437 2353 indicat
1462 2316 1582 2354 esse
1624 2317 1758 2355 eum
1789 2302 1888 2373 qui

174 2385 407 2438 festinat
438 2385 511 2439 ad
536 2387 736 2440 Deum.
773 2386 877 2440 Sed
911 2402 1016 2441 nec
1046 2387 1106 2441 in
1134 2388 1241 2440 hoc
1262 2388 1534 2442 standum
1565 2395 1653 2443 est
1686 2406 1698 2444 :
1764 2407 1884 2445 mo-

176 2474 358 2527 venda
384 2479 524 2528 sunt
557 2474 732 2529 etiam
779 2480 959 2530 castra
1013 2476 1083 2530 de
1140 2475 1347 2531 Socoth
1374 2494 1387 2543 ;
1422 2482 1477 2531 et
1505 2478 1886 2533 festinandum

176 2566 259 2615 est
285 2562 351 2614 in
393 2562 611 2631 Othon,
633 2564 788 2633 quod
824 2564 1231 2635 interpretatur
1266 2568 1425 2634 signa
1472 2570 1570 2633 eis,
1632 2568 1766 2639 quia
1797 2569 1889 2622 hic

178 2649 396 2704 scilicet
429 2650 629 2704 audies
662 2652 811 2722 quod
847 2653 991 2706 Deus
1012 2653 1308 2707 antecedat
1338 2670 1434 2707 eos
1486 2671 1591 2725 per
1646 2656 1797 2710 diem
1827 2656 1884 2710 in

177 2741 453 2793 columna
476 2740 665 2805 nubis,
700 2745 758 2794 et
786 2756 889 2811 per
924 2745 1152 2795 noctem
1175 2741 1236 2795 in
1262 2742 1527 2795 columna
1552 2742 1701 2813 ignis
1725 2762 1739 2809 ;
1770 2760 1886 2797 non

179 2829 285 2881 huc
312 2828 377 2881 in
412 2829 703 2894 Ramesse,
743 2845 845 2882 nec
901 2829 961 2883 in
1010 2830 1236 2894 Socoth,
1287 2846 1416 2900 qum
1464 2832 1709 2885 secunda
1756 2836 1888 2886 sunt

2002 441 2146 492 esset
2166 437 2365 507 gratia.

2074 526 2232 579 Vens.
2269 526 2449 581 13-15.
2483 552 2554 563 -
2604 523 2769 578 Omne
2820 529 2997 577 autem
3060 523 3481 591 primogenitum
3532 522 3703 577 homi-

1998 614 2105 676 nis,
2140 618 2245 666 etc.
2277 613 2541 676 (Cymen)
2586 609 2974 679 Primogenita
3022 609 3325 663 hominum
3379 609 3583 662 redimi
3608 611 3701 680 ju-

1999 701 2113 765 bet,
2141 706 2203 754 ut
2241 700 2610 754 homicidium
2632 704 2817 752 vetet:
2869 698 2970 769 qui
3027 698 3223 752 omnia
3286 703 3346 751 ut
3398 696 3701 769 incorrpti-

1998 787 2137 841 bilia
2167 793 2372 849 essent,
2404 786 2641 840 creavit.

2070 878 2274 945 (Gnee.,
2333 876 2432 929 lib.
2492 891 2634 928 xxvn
2716 874 2934 940 Moral.,
2994 889 3119 943 cap.
3184 874 3256 942 1.)
3321 872 3529 929 Asinus
3588 872 3697 926 im-

1998 965 2362 1030 munditiam,
2395 963 2513 1016 ovis
2552 961 2939 1015 innocentiam
2997 960 3307 1030 significat.
3363 958 3522 1015 Asini
3562 976 3700 1031 ergo

1998 1054 2450 1125 primogenitum
2480 1067 2582 1105 ove
2618 1055 2862 1115 mutare,
2918 1053 3001 1104 cst
3056 1049 3371 1103 immundae
3431 1049 3557 1102 vitae
3588 1048 3701 1119 pri-

2000 1144 2220 1196 mordia
2256 1142 2598 1195 innocentia:
2631 1139 2997 1209 simplicitate
3049 1144 3400 1202 convertere,
3454 1144 3516 1192 ut
3542 1141 3699 1207 post-

1999 1248 2173 1304 quam
2200 1235 2462 1303 peccator
2486 1231 2583 1284 illa
2613 1230 2729 1299 egit
2768 1246 2897 1300 quae
2954 1232 3018 1282 ut
3073 1228 3372 1282 immunda
3422 1226 3699 1280 Dominus

2000 1321 2239 1391 respuit,
2282 1321 2483 1390 eajam
2523 1319 2746 1388 agendo
2806 1318 3059 1388 proferat
3090 1334 3218 1388 quae
3270 1316 3368 1371 Dei
3426 1314 3701 1369 sacrificio

1999 1409 2281 1478 imponat.
2316 1408 2523 1461 Omnes
2554 1405 2707 1459 enim
2740 1408 2800 1458 in
2855 1409 3082 1476 peccato
3128 1404 3248 1457 nati
3300 1420 3518 1471 sumus,
3549 1407 3605 1456 et
3634 1418 3699 1456 ex

1999 1497 2183 1552 carnis
2208 1496 2579 1550 delectatione
2602 1494 2881 1563 concepti,
2939 1494 3165 1563 culpam
3223 1491 3560 1561 originalem
3593 1508 3700 1543 no-

2003 1586 2090 1641 bis
2118 1583 2525 1638 contraximus.
2561 1583 2719 1637 Unde
2750 1583 2918 1637 etiam
2974 1583 3264 1637 voluntate
3315 1584 3509 1635 nostra
3563 1596 3701 1649 pec-

2001 1669 2138 1724 catis
2163 1668 2548 1739 implicamur.
2602 1668 2711 1722 Sed
2770 1671 2826 1721 et
2854 1666 2954 1739 qui
3008 1671 3129 1737 post
3181 1666 3459 1720 malitiam
3516 1664 3700 1718 carnis

2000 1758 2069 1813 ad
2099 1756 2486 1811 innocentiam
2546 1756 2900 1810 convertitur
2961 1756 3168 1820 cordis,
3244 1755 3697 1826 primogenitum

1997 1845 2143 1900 asini
2178 1850 2361 1899 mutat
2406 1860 2528 1904 ove,
2581 1844 2860 1898 malitiam
2894 1845 3105 1899 scilicet
3162 1843 3370 1915 prioris
3414 1843 3563 1898 vitae.
3596 1842 3704 1907 Qui

1997 1934 2153 1988 enim
2186 1934 2365 2004 qualis
2414 1932 2573 2002 prius
2630 1933 2735 1986 fuit
2790 1932 2998 1987 desinit
3054 1949 3194 1997 esse,
3237 1937 3288 1986 et
3346 1930 3704 2001 apprehensa

1996 2023 2183 2077 carnis
2234 2021 2519 2076 munditia
2582 2021 2979 2075 innocentiam
3050 2022 3314 2083 custodit,
3373 2021 3431 2073 in
3462 2019 3699 2074 ablatio-

2000 2128 2131 2166 nem
2164 2111 2264 2165 Dei
2297 2110 2748 2180 primogenitum
2773 2110 2917 2163 asini
2974 2126 3077 2165 ove
3138 2110 3396 2163 mutavit.

2061 2202 2221 2254 Vens.
2265 2202 2436 2253 t6.—
2466 2201 2537 2253 Et
2577 2202 2740 2269 quasi
2780 2214 3096 2268 appensum.
3156 2200 3273 2253 Hoc
3322 2198 3468 2252 male
3528 2197 3700 2251 intel—

1997 2289 2239 2360 ligentes
2284 2288 2485 2353 Judari,
2544 2287 2781 2358 pictatia
2850 2288 2937 2341 vel
2996 2287 3346 2358 phylacteria
3415 2287 3699 2357 capitibus

1996 2376 2488 2448 circumligabant,
2522 2377 2580 2430 in
2609 2376 2815 2448 quibus
2847 2376 3045 2430 decem
3077 2376 3247 2430 verba
3310 2376 3519 2447 scripta
3565 2379 3697 2428 ante

1996 2467 2189 2519 oculos
2221 2465 2527 2519 habebant.

2069 2556 2230 2607 Vens.
2276 2558 2360 2609 17.
2394 2585 2463 2593 -
2494 2556 2666 2621 Igitur
2688 2570 2807 2608 cum
2859 2556 3137 2619 emisisset,
3183 2558 3287 2608 etc.
3347 2555 3536 2621 (Gneo.
3596 2553 3695 2606 lib.

1996 2659 2122 2696 xxxv
2155 2644 2347 2698 Μίνωι.
2411 2659 2534 2713 cap.
2595 2644 2700 2710 l3).
2762 2643 2921 2714 Saepe
2961 2643 3215 2697 conversi
3248 2643 3307 2695 in
3360 2643 3482 2713 ipso
3539 2641 3695 2695 aditu

1998 2747 2114 2784 suae
2152 2730 2537 2784 conversionis
2577 2730 3053 2802 tranquillitatem
3111 2731 3316 2795 carnis,
3373 2732 3525 2784 dona
3562 2747 3695 2800 pro-

1994 2821 2201 2890 phetaa,
2237 2820 2682 2889 praedicamenta
2719 2820 3015 2887 doctrinae,
3067 2820 3372 2891 signorum
3420 2820 3696 2873 miracula

177 2917 595 2971 castra,Tertja
620 2921 754 2971 sunt
780 2917 839 2970 in
872 2918 1079 2989 quibus
1102 2919 1247 2972 ﬁunt,
1301 2918 1463 2989 signa
1517 2920 1707 2974 divina
1735 2936 1750 2971 ε
1782 2921 1887 2973 hoc
1925 2926 1963 2981 (ς
1997 2908 2080 2961 vel
2112 2908 2355 2979 gratiam
2394 2907 2753 2961 curationum
2783 2908 3087 2978 accipiunt.
3123 2910 3323 2963 Postea
3373 2909 3532 2962 duris
3570 2912 3695 2960 ten-

176 3012 297 3059 erat
328 3006 589 3059 triduum
620 3006 685 3059 ad
709 3006 860 3077 quod
892 3006 1237 3061 festinabant
1290 3008 1469 3061 Moses
1494 3012 1551 3061 et
1602 3010 1887 3071 Aaron,et

175 3094 609 3148 contradicebat
640 3095 857 3149 Pharao
903 3095 1134 3149 dicens:
1168 3098 1281 3151 Non
1304 3099 1439 3150 eatis
1478 3098 1709 3165 longius.
1772 3099 1882 3152 No-

177 3182 329 3237 lebat
353 3183 427 3235 ad
452 3183 641 3236 locum
681 3183 978 3253 signorum
1032 3185 1331 3254 pervenire
1388 3184 1537 3238 iilios
1593 3185 1785 3250 Israel,
1822 3190 1885 3238 ut

175 3274 410 3338 possent
448 3268 603 3323 tertii
631 3270 739 3323 dici
768 3270 879 3323 frui
911 3270 1216 3341 mysteriis.
1282 3271 1438 3325 Unde
1462 3271 1590 3326 Ose.
1656 3288 1746 3325 v1:
1787 3274 1879 3326 Re-

176 3356 480 3411 Suscitabit
510 3372 604 3410 nos
649 3357 793 3410 Deus
831 3362 951 3426 post
1008 3357 1253 3424 biduum,
1311 3363 1361 3411 et
1386 3362 1443 3411 in
1493 3359 1581 3412 die
1609 3363 1771 3413 tertia
1813 3376 1888 3413 rc-

176 3456 480 3509 surgcmus,
530 3448 579 3496 et
634 3447 869 3497 vivemus
910 3447 967 3497 in
1010 3451 1289 3515 conspectu
1348 3447 1486 3513 ejus.
1550 3446 1739 3500 Prima
1760 3447 1877 3500 dies

175 3532 341 3583 nobis
363 3531 576 3585 Christi
600 3532 787 3601 passio
820 3550 832 3599 ;
868 3534 1136 3598 secunda,
1195 3550 1307 3604 qua
1346 3532 1407 3586 in
1465 3532 1755 3588 infernum
1786 3535 1887 3588 de-

176 3620 643 3685 scendit;tertia,
699 3638 812 3692 qua
876 3622 1230 3677 resurrexit:
1283 3622 1409 3676 ideo
1466 3623 1529 3676 in
1574 3625 1741 3677 tertia
1794 3624 1886 3678 die

176 3708 553 3762 antecedebat
608 3725 703 3762 eos
742 3726 845 3779 per
889 3710 1040 3764 diem
1108 3710 1166 3763 in
1225 3711 1491 3763 columna
1544 3711 1751 3777 nubis;
1786 3728 1889 3782 per

178 3802 407 3850 noctem
436 3813 589 3865 vero,
622 3796 679 3851 in
707 3800 976 3853 columna
1010 3800 1180 3870 ignis.
1228 3803 1605 3856 Necessarium
1657 3806 1734 3855 est
1758 3817 1886 3869 ergo

178 3893 234 3942 ut
260 3889 358 3956 qui
378 3888 734 3957 baptizantur
780 3892 836 3942 in
907 3890 1135 3955 Christo,
1182 3893 1239 3943 in
1270 3896 1436 3945 morte
1493 3893 1662 3960 ipsius
1715 3891 1889 3959 bapti-

178 3981 388 4040 zentur,
435 3980 485 4028 et
516 3991 634 4029 cum
664 3979 779 4045 ipso
800 3979 1152 4044 sepeliantur,
1188 3983 1239 4031 et
1266 3979 1353 4032 die
1383 3982 1547 4032 tertia
1576 3982 1885 4045 resurgant,

180 4080 309 4133 quos
332 4065 544 4118 scilicet
574 4080 747 4119 secum
768 4069 1052 4122 suscitavit
1100 4072 1151 4122 et
1201 4070 1330 4134 fecit
1390 4069 1668 4123 consedere
1697 4071 1756 4122 in
1784 4085 1888 4123 caa-

179 4152 401 4206 lestibus
426 4152 599 4222 (Rom.
634 4153 724 4221 v1).

1992 2994 2275 3049 tationum
2297 2994 2729 3066 probationibus
2787 2995 3119 3067 fatigantur,
3152 3014 3183 3049 a
3231 2998 3440 3067 quibus
3492 2995 3698 3050 liberos

1994 3100 2050 3135 se
2087 3099 2206 3136 esse
2240 3084 2546 3137 credebant
2578 3100 2591 3137 :
2625 3084 2759 3154 quia
2789 3084 2916 3137 siin
2966 3084 3251 3155 principio
3309 3085 3697 3137 tentationum

1995 3170 2313 3225 amaritudo
2344 3173 2618 3241 pulsaret,
2652 3172 2813 3226 facile
2858 3173 2931 3227 ad
2984 3173 3122 3226 vitia
3178 3173 3455 3236 redirent,
3509 3191 3539 3225 a
3571 3172 3696 3243 qui-

1993 3262 2099 3314 bus
2132 3261 2431 3331 nonlonge
2460 3266 2833 3316 recesserunt.
2871 3263 2949 3316 De
3003 3262 3249 3333 Egypto
3303 3278 3438 3331 ergo
3486 3277 3696 3315 exeun-

1991 3348 2143 3403 tibus
2173 3365 2203 3403 e
2224 3350 2408 3403 vicino
2438 3350 2587 3404 bella
2618 3350 3035 3405 subtrahuntur
3070 3366 3084 3405 :
3133 3351 3269 3423 quia
3322 3350 3696 3421 relinquenti-

1996 3437 2100 3490 bus
2130 3438 2404 3492 saeculum
2437 3440 2699 3509 quaedam
2731 3440 2891 3510 prius
2914 3440 3296 3511 tranquillitas
3354 3438 3693 3503 ostenditur,

1995 3540 2066 3578 ne
2105 3524 2166 3578 in
2225 3525 2348 3595 ipsa
2395 3526 2780 3581 teneritudine
2838 3530 2893 3581 et
2948 3528 3311 3583 inchoatione
3351 3526 3583 3591 turbati,
3630 3527 3694 3579 ad

1996 3614 2102 3667 hoc
2130 3614 2284 3685 quod
2308 3616 2678 3687 reliquerant,
2702 3615 2941 3669 redeant
2973 3633 2985 3670 :
3018 3617 3327 3687 priusergo
3363 3616 3696 3669 suavitatem

1992 3703 2308 3757 securitatis
2338 3705 2612 3772 sentiunt,
2646 3704 2806 3775 prius
2850 3705 3003 3774 pacis
3047 3705 3239 3775 quiete
3301 3706 3639 3759 nutriuntur
3674 3719 3689 3769 ;

1995 3793 2429 3863 postcognitam
2482 3809 2615 3846 vero
2680 3793 3043 3861 dulcedinem
3121 3798 3276 3847 tanto
3341 3793 3696 3847 tolerabilius

1997 3882 2377 3934 tentationum
2434 3881 2746 3934 certamina
2830 3881 3113 3933 sustinent
3192 3886 3406 3950 quanto
3466 3881 3526 3934 in
3578 3883 3693 3934 Deo

1996 3968 2162 4022 altius
2191 3970 2581 4036 cognoverunt
2611 3982 2739 4036 quae
2768 3971 2976 4019 ament.

2070 4059 2224 4110 Vens.
2264 4058 2445 4110 l8-20.
2501 4057 2711 4110 —Non
2767 4069 2850 4108 eos
2908 4055 3069 4108 duwit
3122 4058 3281 4125 Deus,
3341 4059 3446 4109 etc.
3508 4056 3696 4127 (ire,

1996 4150 2183 4215 quzest.
2238 4144 2348 4214 49).
2406 4144 2504 4198 llic
2552 4143 2868 4197 ostenditur
2923 4143 3115 4197 omnia
3171 4143 3297 4198 ﬁeri
3334 4144 3539 4199 debere
3567 4162 3696 4216 quas

246 4214 517 4296 Sarmata
534 4244 651 4309 fere
681 4214 876 4304 millia,
909 4248 1040 4310 etc.,
1110 4243 1292 4313 (Ana,
1326 4249 1511 4313 quaest.
1549 4248 1664 4313 47.)
1718 4214 1954 4309 Quae-1)
1993 4214 2227 4290 consilio
2286 4237 2436 4287 recte
2489 4232 2615 4287 ﬁeri
2678 4237 2937 4304 possunt,
2989 4234 3058 4287 ad
3118 4234 3381 4288 evitanda
3445 4250 3511 4289 ea
3567 4214 3694 4304 quae

180 4331 322 4382 ritur
344 4335 545 4383 utrum
603 4331 675 4385 ad
722 4336 945 4385 tantum
992 4349 1299 4387 numerum
1354 4339 1737 4404 pervenerunt
1786 4337 1887 4388 Ile-

180 4416 313 4471 braei
336 4434 444 4488 per
474 4434 568 4471 eos
600 4436 781 4473 annos
821 4421 879 4473 in
918 4424 1180 4492 ngypto,
1215 4426 1358 4486 etc.,
1382 4437 1550 4489 usque
1571 4422 1644 4475 ad
1675 4423 1728 4476 id
1778 4426 1883 4487 est,

179 4512 302 4575 post
333 4511 587 4560 mortem
642 4509 853 4578 Joseph
917 4509 1061 4563 dura
1110 4509 1382 4564 servitute
1435 4510 1692 4581 Oppressi
1730 4516 1881 4578 sunt,

246 4595 409 4648 Vens.
440 4594 704 4648 46-51.-
737 4597 841 4649 Nec
887 4597 1059 4661 illius,
1092 4601 1207 4650 etc.
1260 4597 1333 4650 Os
1373 4596 1582 4651 Christi
1602 4597 1663 4651 in
1718 4613 1884 4651 cruce

177 4698 287 4736 non
318 4687 410 4738 est
465 4683 835 4749 confractum,
893 4683 1030 4754 quia
1081 4684 1336 4738 videntes
1386 4701 1517 4738 eum
1562 4686 1685 4756 jam
1731 4701 1886 4739 mor-

175 4775 361 4838 tuum,
433 4784 549 4823 non
614 4768 909 4839 fregerunt
964 4769 1086 4839 ejus
1142 4786 1308 4824 crura
1348 4772 1467 4825 :vel
1514 4771 1691 4825 robur
1734 4771 1883 4825 divi-

176 4861 367 4915 nitatis
396 4862 458 4914 in
482 4875 650 4914 carne
692 4876 795 4929 per
848 4860 1262 4931 blasphemiam
1311 4877 1426 4915 non
1473 4863 1878 4932 corrumpitur,

177 4950 306 5021 quia
333 4965 455 5003 non
488 4953 571 5003 est
591 4965 770 5020 purus
796 4949 994 5015 homo,
1018 4950 1115 5003 sed
1148 4966 1314 5004 verus
1373 4952 1539 5005 Deus.

817 5037 1041 5092 CAPUT
1098 5038 1232 5092 XIII.

240 5127 402 5180 Vens.
439 5128 552 5178 28.
604 5155 672 5166 —
727 5127 1018 5194 Sancti/ica
1100 5126 1238 5180 mihi
1306 5141 1455 5181 omne
1545 5129 1876 5195 primogeni-

174 5218 298 5279 tum,
325 5219 437 5268 etc.
470 5213 615 5276 Quia
641 5212 821 5267 occidi
850 5212 1046 5268 omnia
1064 5214 1453 5285 primogenita
1481 5214 1875 5285 Egyptiorum

172 5303 225 5355 in
256 5304 602 5357 liberatione
625 5306 830 5356 vestra.

236 5393 399 5447 Vens.
426 5393 577 5446 942.
632 5419 694 5431 —
745 5391 825 5444 Et
872 5390 977 5443 erit
1027 5392 1190 5460 quasi
1243 5393 1481 5459 signum,
1523 5395 1630 5444 etc.
1687 5390 1873 5461 (Auc.,

172 5485 353 5549 quasi.
389 5481 462 5537 48
490 5483 551 5534 in
573 5479 802 5549 Exod).
850 5478 997 5546 Quid
1051 5484 1137 5535 est
1165 5480 1317 5555 quod
1362 5479 1444 5534 ait
1490 5496 1621 5535 cum
1643 5480 1712 5534 de
1744 5497 1873 5552 pas-

1996 4325 2227 4378 adversa
2256 4327 2407 4388 sunt,
2438 4322 2611 4377 etiam
2668 4338 2799 4376 cum
2851 4324 2996 4377 Deus
3056 4323 3415 4395 apertissime
3468 4323 3697 4394 adjutor

1994 4416 2080 4466 est
2111 4413 2306 4481 (Epist.
2340 4412 2413 4465 ad
2433 4415 2611 4475 Dam.,
2646 4415 2784 4465 tom.
2828 4412 2897 4481 Ι).

2064 4504 2135 4555 Et
2173 4501 2375 4554 armati
2400 4499 2753 4554 ascenderunt
2808 4499 2939 4570 ﬁlii,
2998 4504 3103 4554 etc.
3150 4501 3426 4571 (Hienon.)
3466 4499 3693 4571 Aquila,

1993 4589 2091 4660 qui
2134 4604 2249 4642 non
2280 4588 2684 4652 contentiosus,
2720 4592 2783 4642 ut
2812 4592 3035 4659 putant,
3078 4591 3176 4643 sed
3233 4589 3523 4643 studiosus
3580 4605 3698 4641 vcr-

1990 4676 2127 4730 bum
2158 4676 2564 4747 interpretatur
2594 4676 2661 4731 ad
2724 4677 2983 4741 verbum,
3040 4676 3137 4730 ubi
3179 4678 3305 4732 LXX
3362 4680 3693 4747 posuerunt,

1991 4768 2184 4833 quinta
2241 4770 2419 4819 autem
2476 4768 2816 4833 generatione
2858 4765 3214 4818 ascenderunt
3263 4766 3371 4833 ﬁlii
3431 4765 3604 4818 Israel
3629 4766 3695 4819 de

1990 4858 2137 4907 terra
2192 4855 2438 4923 Egypti,
2495 4854 2804 4919 transtulit,
2862 4858 2911 4907 et
2934 4856 3139 4907 armati
3183 4853 3549 4907 ascenderunt
3592 4855 3697 4923 filii

1988 4944 2155 4997 Israel
2175 4943 2240 4997 de
2268 4948 2415 4997 terra
2446 4945 2704 5014 Egypti,
2741 4943 2868 4996 licet
2897 4958 3001 5012 pro
3032 4958 3099 4995 eo
3142 4943 3293 5013 quod
3354 4958 3461 4996 nos
3492 4947 3697 4999 armati

1989 5029 2259 5098 diximus,
2314 5033 2626 5087 secundum
2686 5031 2860 5086 Graeci
2918 5030 3199 5084 sermonis
3255 5032 3692 5103 ambiguitatem

1985 5120 2243 5174 instructi
2280 5122 2367 5174 vel
2388 5124 2585 5175 muniti
2618 5125 2851 5191 propter
2882 5120 3330 5190 suppellectilem
3378 5139 3491 5194 quo
3535 5125 3696 5193 [Egy-

1985 5207 2133 5276 ptios
2164 5209 2639 5278 exspoliaverunt,
2693 5208 2871 5277 possit
2923 5207 3188 5276 intelligi.
3246 5210 3355 5264 Sed
3412 5210 3512 5265 ubi
3546 5213 3692 5277 LXX,

1984 5299 2179 5366 quinta
2207 5298 2545 5363 generatione
2582 5302 2918 5365 posuerunt,
2959 5295 3057 5367 qui
3101 5297 3471 5352 Hebraeorum
3520 5298 3695 5353 libros

1984 5393 2288 5463 diligenter
2351 5392 2738 5463 inspexerunt,
2820 5410 2937 5447 non
3010 5393 3233 5464 quinta,
3286 5395 3382 5449 sed
3413 5396 3693 5467 quinque,

1983 5482 2256 5555 scriptum
2288 5481 2546 5544 afferunt,
2580 5485 2641 5537 ut
2671 5481 2962 5537 sitsensns
2996 5498 3009 5537 :
3044 5482 3299 5556 quinque
3358 5489 3549 5539 autem
3602 5502 3691 5538 as-
