4064 6186
228 291 309 344 225
1313 283 1567 339 GLOSSA
1605 281 2010 338 ORDINARIA.
2052 313 2119 321 —
2162 284 2292 339 LIB.
2334 284 2543 340 EXOD.

3580 294 3685 346 226

227 408 379 469 verba,
402 421 523 459 cum
551 403 797 457 viderint
843 407 1043 472 postea
1089 402 1359 457 Israelitae
1403 404 1695 475 rEgyptios
1716 407 1743 457 Υ
1789 406 1875 457 An
1902 422 1947 475 Α
1985 402 2130 474 legis
2161 409 2217 458 et
2244 404 2540 474 vigilantia
2570 405 3030 476 Scripturarum;
3064 406 3171 459 iter
3198 405 3302 460 tibi
3341 409 3685 479 disputando

233 498 338 568 quia
361 496 444 547 isti
476 494 569 563 qui
611 498 748 545 tunc
793 490 1080 557 videbant,
1134 508 1250 545 non
1298 508 1395 545 eos
1442 492 1684 545 ulterius
1726 492 1875 546 vide-

228 589 349 647 runt,
378 582 502 651 quia
540 586 595 633 et
644 580 727 633 illi
778 580 992 633 mortui
1039 585 1173 633 sunt
1215 579 1315 649 qui
1364 580 1770 651 sequebantur,
1817 588 1876 635 et

226 671 295 724 isti
332 685 516 723 omnes
569 668 811 739 quisque
858 668 948 722 die
996 668 1196 722 mortis
1244 670 1409 723 sure?
1469 671 1611 723 Nam
1652 670 1866 740 posteri

227 775 386 812 eorum
413 758 671 812 viderunt
696 762 954 828 posteros
984 757 1243 811 illorum.
1276 762 1383 825 An,
1416 774 1534 811 non
1574 775 1670 811 eos
1717 758 1872 812 vide-

228 847 327 901 bitis
354 848 488 899 sicut
512 846 699 911 hodie,
734 846 1172 915 intelligendum
1199 850 1302 912 est,
1354 863 1473 900 non
1514 847 1661 901 sicut
1708 847 1875 901 hodie

224 940 586 1006 persequentes
611 939 667 988 et
706 934 983 995 inimicos,
1036 940 1097 988 ut
1140 935 1300 988 nulla
1360 936 1433 989 sit
1484 936 1724 1005 quaestio
1773 952 1877 989 nec

225 1026 277 1077 de
300 1029 493 1077 aeterno
526 1028 784 1093 tempore
816 1023 972 1092 quod
1001 1024 1093 1078 hic
1130 1023 1343 1094 posuit,
1386 1025 1522 1095 quia
1565 1026 1669 1079 etsi
1718 1024 1875 1078 vide-

226 1114 335 1166 bant
363 1130 414 1165 se
442 1112 666 1182 utrique
714 1117 975 1182 tempore
1018 1112 1471 1180 resurrectionis,
1520 1130 1635 1168 non
1683 1113 1763 1167 sic
1816 1118 1876 1167 ut

228 1203 383 1255 hodie.

281 1292 420 1343 Vens.
455 1291 641 1344 15-17.
681 1321 752 1331 -
783 1291 931 1357 Quid
958 1292 1161 1345 clamas
1203 1291 1280 1345 ad
1327 1292 1457 1345 me?
1502 1296 1607 1345 etc.
1659 1292 1876 1361 (GM-36.)

226 1382 364 1433 Voces
390 1379 535 1449 apud
569 1396 735 1433 aures
770 1381 867 1433 Dei
896 1396 1013 1433 non
1042 1380 1261 1433 faciunt
1296 1380 1468 1433 verba
1514 1385 1729 1446 nostra,
1780 1380 1876 1434 sed

224 1468 482 1522 desideria.
515 1469 804 1522 £ternam
838 1470 993 1522 enim
1022 1468 1194 1522 vitam
1226 1468 1271 1521 si
1316 1484 1413 1522 ore
1456 1470 1723 1538 petimus,
1775 1485 1878 1521 nec

222 1556 358 1609 corde
382 1556 785 1625 desideramus,
816 1558 1125 1611 clamantes
1154 1561 1405 1610 tacemus
1433 1573 1445 1610 :
1480 1558 1527 1610 si
1548 1574 1681 1611 vero
1709 1557 1876 1611 corde

220 1644 590 1712 desideramus,
675 1660 773 1699 ore
838 1650 1109 1711 tacemus,
1212 1649 1463 1698 tacentes
1541 1645 1872 1698 clamamus.

224 1733 348 1786 Unde
376 1732 430 1784 in
473 1748 669 1786 eremo
711 1749 842 1786 cum
898 1734 1148 1803 populus
1198 1734 1428 1786 vocibus
1472 1740 1873 1803 perstreperet,

220 1825 261 1873 et
292 1820 449 1873 Moses
473 1837 503 1874 a
537 1822 779 1891 strepitu
807 1821 1111 1875 verborum
1143 1826 1371 1887 taceret,
1401 1820 1573 1874 silens
1622 1821 1875 1889 auditur,

218 1915 261 1961 et
306 1909 494 1962 dicitur
555 1910 657 1963 ei:
717 1910 858 1975 Quid
909 1912 1111 1965 clamas
1166 1910 1241 1962 ad
1297 1911 1429 1963 me?
1480 1910 1542 1963 In
1592 1909 1875 1963 desiderio

217 1998 341 2050 enim
366 1998 579 2052 clamor
618 2003 867 2052 secretus
892 2014 1006 2052 non
1037 1999 1297 2068 pervenit
1342 1999 1413 2053 ad
1456 2014 1622 2051 aures
1674 1998 1877 2051 huma-

218 2101 314 2151 nas,
344 2086 558 2141 divinas
589 2087 796 2158 replet.

274 2174 459 2242 (01110.,
490 2181 551 2229 ut
581 2176 798 2246 supra.)
832 2176 997 2230 Nulla
1027 2192 1129 2230 vox
1162 2176 1336 2246 Moysi
1366 2176 1617 2241 auditur,
1659 2180 1716 2229 et
1766 2176 1874 2229 Do-

219 2262 375 2316 minus
404 2265 535 2319 dicit
566 2282 578 2319 :
616 2266 759 2331 Quid
789 2266 990 2320 clamas
1021 2265 1095 2319 ad
1144 2266 1270 2318 me?
1318 2266 1497 2320 Velim
1544 2265 1685 2319 scire
1735 2281 1877 2335 quo-

218 2352 354 2404 modo
384 2354 559 2406 sancti
589 2355 843 2406 clamant
872 2354 994 2405 sine
1025 2369 1157 2405 voce
1192 2352 1263 2405 ad
1314 2353 1517 2405 Deum.
1575 2354 1876 2422 Apostolus

215 2438 268 2491 ad
298 2440 399 2494 Gal.
449 2457 523 2508 1v,
583 2442 765 2495 dicit:
822 2441 962 2507 Quia
1021 2441 1177 2494 dabit
1230 2444 1367 2495 Deus
1425 2442 1694 2510 Spiritum
1750 2444 1879 2495 Filii

216 2530 285 2579 sui
308 2532 358 2582 in
400 2530 653 2584 cordibus
692 2532 891 2584 nostris
937 2531 1304 2584 clamantem:
1356 2530 1534 2596 Abba,
1583 2532 1760 2583 Pater.
1814 2532 1878 2584 Et

215 2616 343 2670 addit
369 2634 380 2670 :
415 2620 527 2687 ipse
564 2620 812 2687 Spiritus
842 2620 1152 2687 interpellat
1180 2634 1281 2687 pro
1307 2620 1457 2672 nobis
1479 2619 1766 2684 gemitibus
1789 2622 1876 2672 in-

210 2707 597 2762 enorrabilibus.
637 2709 697 2761 Et
727 2707 937 2761 iterum
971 2708 1134 2761 Rom.
1176 2724 1269 2761 VIII
1305 2724 1317 2760 :
1350 2708 1459 2772 Qui
1485 2713 1663 2760 autem
1715 2722 1874 2762 scru-

212 2797 331 2845 tatur
375 2795 553 2861 corda,
617 2799 720 2849 scit
778 2795 913 2863 quid
970 2796 1235 2849 desideret
1294 2798 1538 2864 spiritus.
1594 2796 1683 2849 Sic
1738 2812 1875 2867 ergo

213 2884 500 2948 postulante
528 2883 750 2954 Spiritu
784 2890 976 2938 sancto
1010 2901 1111 2955 per
1138 2884 1431 2937 silentium
1471 2885 1686 2937 clamor
1736 2900 1873 2937 san-

1980 509 2083 563 per
2109 494 2705 564 adversarios'pande,
2741 500 2795 548 et
2843 495 3046 549 cedent
3093 496 3259 549 unde:
3301 496 3524 565 victori,
3580 500 3688 552 mi-

1981 581 2353 649 rantibusque
2385 587 2442 634 et
2471 586 2703 651 stupore
2739 581 2940 635 deﬁxis
2993 581 3093 651 qui
3141 588 3274 635 ante
3325 585 3683 639 contradice-

1981 668 2140 735 baut,
2173 668 2443 737 legitimis
2474 669 2928 739 disputationum
2958 670 3124 724 lineis
3153 677 3375 725 rectum
3402 674 3535 727 ﬁdei
3578 674 3687 728 iter

1982 757 2215 822 secabis,
2251 763 2305 810 et
2367 760 2427 811 in
2469 764 2693 812 tantum
2742 758 3016 812 doctrinae
3067 760 3238 813 verbo
3286 762 3573 831 proﬁcies,
3623 769 3687 819 ut

1982 843 2273 896 auditores
2306 844 2411 908 tui,
2440 861 2582 914 quos
2630 850 2692 897 tu
2747 845 2804 897 in
2865 846 3037 898 verba
3094 844 3236 916 legis
3265 848 3527 915 erudisti,
3556 853 3677 917 jam

1983 936 2180 983 contra
2211 932 2521 1001 Egyptios,
2554 933 2709 985 velut
2741 932 2943 986 fluctus
2976 933 3168 1001 maris,
3202 934 3522 1005 insurgent,
3583 954 3685 991 nec

1986 1022 2173 1073 solum
2205 1020 2567 1090 impugnent,
2612 1021 2709 1075 sed
2742 1026 2795 1075 et
2851 1027 3122 1091 superent
3175 1028 3230 1075 et
3282 1025 3669 1095 exstinguant.

1987 1109 2308 1179 Exstinguit
2338 1111 2491 1162 enim
2518 1111 2843 1179 Egyptum,
2877 1110 2976 1180 qui
3003 1127 3117 1163 non
3150 1112 3267 1181 agit
3306 1129 3480 1181 opera
3527 1118 3682 1167 tene-

1987 1199 2241 1263 brarum,
2272 1199 2371 1268 qui
2399 1215 2515 1251 non
2564 1200 2886 1265 carnaliter,
2936 1200 3030 1253 sed
3079 1201 3453 1269 spiritualiter
3501 1203 3675 1269 vivit;

1985 1289 2084 1357 qui
2144 1287 2513 1356 cogitationes
2569 1287 2825 1340 sordidas
2882 1289 2969 1341 vel
3038 1289 3203 1343 corde
3281 1291 3534 1360 expellit,
3594 1292 3683 1345 vel

1987 1376 2224 1429 omnino
2256 1391 2371 1429 non
2397 1375 2616 1445 recipit,
2652 1377 2962 1430 secundum
2994 1377 3130 1431 illud
3178 1378 3311 1447 Eph.
3368 1396 3418 1431 v1
3452 1396 3463 1432 :
3517 1384 3685 1434 Assu-

1985 1471 2206 1518 meutes
2237 1470 2460 1518 scutum
2491 1464 2644 1530 tidei,
2681 1472 2743 1517 ut
2775 1466 3004 1534 possitis
3036 1466 3232 1519 omnia
3268 1462 3511 1536 maligni
3541 1468 3685 1538 igni-

1986 1559 2043 1606 ta
2095 1552 2285 1621 jacula
2340 1553 2721 1622 exstinguere.
2787 1554 2900 1606 Hoc
2958 1570 3092 1623 ergo
3151 1556 3322 1609 modo
3376 1572 3681 1625 possumus

1986 1642 2157 1694 etiam
2211 1641 2506 1711 {Egyptios
2560 1641 2731 1695 hodie
2798 1642 2990 1695 videre
3039 1648 3313 1708 mortuos,
3372 1649 3427 1696 et
3489 1645 3678 1714 ipsum

1917 1711 1957 1765 Β
1988 1731 2364 1793 Pharaonem,
2401 1730 2448 1783 si
2482 1734 2637 1783 tanta
2664 1730 2776 1783 ﬁde
2808 1730 3082 1797 vivamus,
3123 1736 3188 1784 ut
3233 1733 3378 1785 Deus
3426 1738 3685 1789 conterat

1985 1818 2251 1872 Satanam
2303 1819 2407 1872 sub
2466 1818 2707 1888 pedibus
2759 1820 2968 1872 nostris
3016 1820 3286 1873 velociter
3334 1837 3437 1891 per
3488 1822 3682 1875 Jesum

1986 1907 2293 1961 Christum.

2058 1996 2219 2048 Vens.
2286 1998 2468 2049 19-20.
2527 2024 2593 2034 —
2646 1996 2956 2064 Tollensque
3007 2012 3061 2051 se
3118 1999 3340 2063 angelus
3394 2001 3513 2065 Dei,
3572 2004 3679 2054 etc.

1986 2085 2230 2152 (Suum)
2272 2085 2547 2154 Angelus,
2600 2085 2699 2155 qui
2745 2089 2968 2139 nuntius
3015 2086 3445 2156 interpretatur,
3501 2089 3691 2160 signi-7

1984 2172 2117 2227 ﬁcat
2144 2173 2421 2239 doctores,
2455 2174 2555 2243 qui
2586 2173 2752 2227 nobis
2804 2181 3087 2244 praecepta
3134 2176 3263 2229 vitze
3311 2178 3673 2246 annuntiant,

1985 2267 2041 2315 et
2097 2278 2226 2315 cum
2279 2262 2453 2327 nube,
2492 2262 2552 2315 id
2605 2268 2691 2315 est
2747 2262 2983 2316 scientia
3027 2264 3449 2333 Scripturarum
3500 2272 3682 2320 castra

1985 2352 2177 2415 Israel,
2207 2350 2261 2403 id
2293 2355 2377 2403 est
2408 2350 2712 2404 Ecclesium
2745 2352 3093 2421 praecedunt,
3128 2353 3262 2422 quia
3309 2371 3439 2407 cum
3497 2358 3679 2409 scien-

1983 2440 2061 2493 tia
2091 2438 2513 2508 Scripturarum
2554 2440 2880 2510 praesident.
2930 2441 3472 2511 Superveniemibus
3518 2445 3681 2515 Egy-

1982 2528 2118 2598 ptiis
2148 2534 2458 2581 retrorsum
2493 2529 2633 2596 abit,
2668 2528 2804 2599 quia
2833 2535 3091 2599 tempore
3122 2531 3530 2600 persecutionis
3576 2550 3678 2602 op-

1985 2622 2202 2686 ponent
2231 2633 2289 2670 se
2320 2634 2424 2687 pro
2457 2617 2741 2686 subjectis.
2790 2619 2979 2672 Nubes
3026 2636 3158 2673 vero
3210 2621 3512 2674 tenebrosa
3560 2626 3681 2674 erat

1984 2706 2281 2775 Egyptiis,
2317 2706 2505 2759 lucida
2531 2706 2803 2760 Hebraeis.

2057 2796 2215 2847 Vens.
2273 2798 2448 2848 H-3l.
2480 2826 2547 2832 ——
2610 2798 2741 2848 Tota
2792 2802 2960 2862 nocte,
3017 2800 3119 2849 etc.
3171 2797 3311 2861 Quia
3361 2802 3482 2850 toto
3532 2802 3675 2851 tcm-

1984 2898 2124 2953 pore
2156 2883 2326 2951 hujus
2355 2883 2507 2948 vitae,
2535 2899 2706 2952 quam
2740 2900 2846 2936 nox
2893 2884 3199 2952 signiﬁcat,
3248 2884 3493 2955 Spiritus
3542 2903 3670 2939 san-

211 2973 399 3023 ctorum
430 2972 686 3027 auditur.
719 2973 958 3027 Jubetur
986 2975 1163 3027 Moses
1193 2973 1353 3043 virga
1379 2978 1675 3042 percutere
1694 2989 1871 3040 mare,
1905 2994 1945 3049 ρ
1982 2971 2057 3023 cti
2106 2970 2291 3040 gratia
2347 2986 2523 3040 aquas
2577 2971 2848 3041 baptismi
2897 2972 3160 3049 ﬁdelibus
3212 2972 3484 3026 meabiles
3522 2972 3677 3041 facit,

210 3063 258 3109 ut
284 3058 615 3129 ingredienti
644 3062 857 3132 populo
894 3063 991 3116 Dei
1020 3062 1199 3126 cedat,
1231 3067 1289 3115 et
1317 3078 1481 3132 aqua:
1529 3078 1660 3132 quin
1705 3062 1871 3115 time-

210 3144 398 3213 bantur,
430 3150 633 3203 dextra
681 3152 934 3222 laevaque
983 3167 1181 3205 murus
1230 3152 1463 3217 etfecta-,
1514 3168 1628 3204 non
1687 3152 1868 3205 solum

209 3237 481 3302 perniciem
515 3239 795 3303 nesciant,
846 3241 943 3294 sed
990 3240 1161 3293 etiam
1210 3239 1508 3293 munimen
1548 3240 1869 3305 exhibeant,

209 3324 525 3381 Soliditatem
561 3329 766 3398 recipit
795 3329 1003 3400 liquor,
1038 3334 1095 3382 et
1122 3330 1308 3383 solum
1339 3329 1512 3382 maris
1560 3328 1763 3382 arescit
1811 3328 1871 3381 in

207 3414 461 3479 pulverem
496 3436 513 3470 :
547 3417 863 3471 bonitatem
915 3418 1195 3472 Creatoris
1244 3418 1519 3486 intellige,
1565 3417 1612 3469 si
1668 3418 1870 3471 volun-

205 3502 284 3553 tati
320 3504 431 3573 ejus
481 3506 873 3574 obtemperes,
922 3507 967 3559 si
1014 3508 1199 3577 legem
1252 3507 1375 3573 ejus
1429 3506 1706 3575 sequaris,
1754 3506 1868 3559 ele-

204 3598 363 3646 menta
400 3594 503 3648 tibi
554 3600 754 3648 contra
802 3600 1065 3649 naturam
1122 3596 1332 3649 servire
1381 3595 1695 3664 compellit.
1747 3598 1867 3647 Au-

202 3676 291 3731 divi
343 3698 371 3733 a
419 3683 737 3752 majoribus
782 3683 1056 3739 traditum
1097 3683 1250 3753 quod
1301 3682 1541 3751 singulis
1607 3681 1869 3735 tribubus

201 3764 407 3837 singulae
436 3786 727 3841 aquarum
775 3770 1081 3824 divisiones
1124 3770 1285 3824 factae
1335 3774 1489 3831 sunt,
1539 3775 1595 3823 et
1638 3770 1867 3839 propria

202 3856 478 3927 unicuique
508 3857 624 3911 via.
658 3857 833 3927 quue
863 3859 1183 3911 ostenditur
1222 3874 1289 3911 ex
1341 3875 1406 3911 eo
1452 3858 1610 3928 quod
1660 3858 1868 3911 dicitur

199 3943 385 4009 psalmo
438 3962 671 4001 cxxxv:
732 3946 835 4011 Qui
891 3946 1082 4000 divisit
1130 3962 1279 4000 mare
1328 3947 1571 4001 Rubrum
1621 3948 1681 4000 in
1728 3945 1867 3998 divi-

198 4032 362 4099 siones,
392 4039 495 4088 etc.
532 4036 599 4088 Et
649 4034 806 4100 alibi,
857 4036 1001 4104 psal.
1052 4050 1243 4088 Lxm:
1296 4036 1391 4088 Ibi
1428 4035 1713 4102 Benjamin
1762 4036 1863 4087 mi-

198 4133 275 4171 nor
299 4124 348 4173 in
376 4128 617 4192 stupore.
650 4125 928 4192 Principes
955 4124 1132 4190 Juda,
1187 4122 1347 4176 duces
1400 4138 1601 4188 eorum,
1642 4124 1865 4191 princi-

196 4222 268 4273 pes
320 4213 553 4267 Zabulon
606 4218 657 4266 et
704 4215 981 4281 principes
1036 4213 1379 4281 Nephthali:
1432 4211 1700 4282 proprius
1728 4211 1863 4265 uni-

1984 3064 2047 3113 ut
2101 3059 2171 3112 de
2229 3058 2516 3128 spirituali
2574 3060 2815 3130 zEgypto
2869 3060 2927 3112 in
2987 3064 3199 3115 terram
3280 3062 3677 3132 promissionis

1982 3153 2275 3201 transeant
2308 3165 2320 3201 :
2358 3148 2609 3201 hostium
2636 3164 2768 3201 vero
2796 3149 3034 3203 sutfocat
3054 3151 3392 3205 exercitum.

2054 3237 2224 3305 (1510.)
2253 3238 2399 3290 Mare
2432 3237 2690 3291 Rubrum
2736 3237 3085 3305 baptismum
3138 3240 3345 3294 Christi
3395 3240 3676 3310 sanguine

1980 3330 2372 3379 consecratum
2428 3325 2744 3396 signiﬁcat;
2804 3325 2993 3380 hostes
3042 3344 3073 3380 a
3139 3334 3302 3397 tergo
3374 3334 3677 3399 sequentes

1977 3430 2109 3468 cum
2138 3430 2273 3485 rege
2305 3414 2654 3480 moriuntur,
2686 3414 2822 3485 quia
2866 3421 3094 3485 peccata
3126 3418 3414 3487 praeterita
3460 3418 3521 3473 in
3572 3419 3674 3471 ba-

1977 3503 2190 3573 ptismo
2246 3504 2531 3569 delentur,
2591 3509 2647 3558 et
2704 3503 2962 3558 diabolus
3008 3505 3347 3560 suffocatur:
3402 3512 3677 3576 premunt

1974 3592 2221 3662 Egyptii
2252 3608 2430 3662 usque
2458 3592 2529 3646 ad
2569 3608 2746 3657 mare,
2780 3597 2836 3646 et
2867 3598 3095 3663 peccata
3138 3611 3320 3665 usque
3368 3595 3437 3648 ad
3488 3594 3671 3665 bapti-

1976 3696 2185 3733 smum.
2228 3681 2361 3732 Post
2388 3680 2693 3733 transitum
2742 3680 2916 3733 maris
2968 3681 3145 3734 Rubri
3184 3687 3373 3735 cantat
3415 3685 3669 3753 populus

1976 3767 2288 3822 submersis
2322 3768 2581 3821 hostibus
2610 3768 2961 3833 inﬁdelibus,
2996 3775 3051 3822 et
3078 3770 3274 3824 ﬁdeles
3322 3771 3390 3824 de
3440 3772 3662 3824 lavacro

1978 3858 2363 3922 ascendentes,
2397 3856 2682 3910 exstinctis
2725 3858 2988 3926 peccatis,
3040 3859 3317 3928 hymnum
3369 3858 3673 3914 decantaut

1978 3946 2233 4004 dicentes.
2260 3962 2271 3998 :
2307 3947 2588 4001 Cantemus
2619 3948 2857 4005 Domino,
2889 3947 3115 4013 gloriose
3140 3949 3303 4013 enim,
3337 3953 3448 4001 etc.

2641 4076 2866 4130 CAPUT
2896 4077 3000 4130 XV.

2047 4212 2204 4264 Vens.
2269 4214 2316 4264 l.
2381 4238 2449 4249 ——
2510 4211 2654 4263 Tunc
2693 4212 2884 4263 cecinit
2968 4214 3189 4278 Moyses,
3268 4216 3371 4265 etc.
3448 4212 3659 4281 (ORIG.,

196 4295 369 4365 cuique
397 4298 579 4353 tribui
610 4299 937 4353 enumerari
984 4300 1211 4353 videtur
1257 4299 1571 4369 ingressus.
1632 4303 1865 4370 Aposto-
1894 4286 1938 4342 Ῐ)
1976 4300 2161 4355 homil.
2196 4306 2226 4353 ti
2258 4301 2317 4352 in
2359 4298 2557 4365 Exod.)
2609 4298 2781 4352 Multa
2829 4299 3047 4352 cantica
3095 4300 3337 4370 legimus
3401 4300 3463 4354 in
3530 4302 3669 4355 Scri-

196 4383 265 4435 lus
292 4384 630 4455 baptismum
667 4387 727 4440 in
759 4389 906 4442 Mose
936 4391 1398 4442 consummatum
1429 4388 1567 4441 dicit
1602 4387 1662 4441 in
1712 4388 1860 4441 nube

197 4477 241 4521 et
264 4471 315 4525 in
344 4475 507 4542 mari,
541 4480 608 4529 ut
636 4476 735 4546 qui
768 4475 1073 4546 baptizaris
1101 4476 1158 4529 in
1204 4476 1445 4542 Christo,
1492 4476 1550 4529 in
1601 4492 1749 4546 aqua
1804 4480 1860 4530 et

192 4558 236 4610 in
260 4561 479 4631 Spiritu,
514 4564 660 4617 scias
689 4570 744 4617 te
802 4564 1070 4618 insectari
1115 4564 1408 4635 Egyptios
1457 4568 1514 4617 et
1557 4562 1631 4617 ad
1682 4564 1857 4617 servi-

193 4646 309 4703 tium
360 4667 647 4718 revocare,
708 4656 952 4706 rectores
1033 4653 1245 4706 scilicet
1314 4652 1532 4714 mundi,
1590 4656 1645 4705 et
1690 4651 1857 4722 spiri-

191 4740 345 4791 tuales
404 4742 715 4812 nequitias,
744 4741 951 4812 quibus
1005 4746 1135 4795 ante
1194 4740 1437 4794 servisti.
1500 4741 1588 4793 Sic
1648 4744 1711 4793 tu
1757 4740 1857 4793 de-

192 4827 382 4880 scendis
437 4830 498 4883 in
559 4845 789 4900 aquam,
849 4834 905 4883 et
956 4829 1147 4883 evadis
1191 4828 1499 4883 incolumis
1557 4832 1613 4882 et
1678 4843 1858 4881 novus

190 4916 415 4970 ascendis
472 4924 835 4989 peccatorum
890 4918 1151 4972 sordibus
1200 4918 1449 4983 ablutus,
1500 4922 1730 4987 paratus
1786 4916 1856 4971 ad

190 5005 509 5060 cantandum
562 5022 776 5060 novum
823 5006 1131 5061 canticum.
1178 5005 1427 5076 Egyptii
1456 5005 1857 5076 linsequentes

192 5100 502 5165 merguntur
534 5098 593 5151 in
623 5097 912 5166 abyssum,
954 5100 1008 5150 et
1046 5095 1091 5148 si
1139 5111 1342 5165 rogare
1373 5094 1636 5148 videntur
1663 5096 1855 5149 Jesum

192 5194 246 5234 ne
272 5199 359 5237 eos
384 5185 597 5239 iterum
626 5190 846 5255 mergat
876 5185 934 5238 in
966 5184 1251 5253 abyssum.

245 5272 356 5343 (Ιυ.)
384 5276 587 5343 Aliter,
619 5276 665 5329 si
695 5276 1000 5345 Egyptum
1034 5274 1235 5343 fugias,
1270 5272 1327 5326 id
1384 5276 1467 5326 est
1513 5272 1856 5342 ignorantiae

190 5362 440 5431 tenebras,
474 5365 521 5418 si
553 5364 811 5436 sequaris
843 5365 1051 5429 Mosen,
1099 5362 1158 5416 id
1210 5366 1294 5415 est
1345 5361 1447 5415 Dei
1495 5362 1704 5432 legem,
1754 5378 1852 5415 oc-

191 5458 347 5506 currat
376 5458 566 5508 autem
598 5469 775 5520 mare,
808 5451 868 5505 id
908 5456 1011 5518 est,
1062 5450 1578 5505 contradicentium
1624 5450 1851 5519 ﬂuctus,

192 5546 388 5604 percute
417 5549 476 5598 et
506 5548 569 5598 tu
596 5543 954 5598 obluctantes
982 5540 1168 5596 undas
1197 5540 1379 5611 virga,
1418 5539 1478 5593 id
1524 5545 1629 5609 est,
1678 5540 1853 5595 verbo

1971 4387 2175 4457 pturis,
2210 4386 2305 4440 sed
2340 4386 2447 4440 hoc
2476 4386 2731 4455 primum
2758 4388 3015 4441 omnium
3050 4395 3132 4442 est
3166 4390 3344 4459 quod,
3390 4390 3669 4462 Aigyptiis

1970 4481 2026 4530 et
2078 4477 2372 4530 Pharaone
2420 4475 2733 4539 submerso,
2815 4487 2939 4546 post
3022 4477 3314 4531 victoriam
3388 4484 3667 4533 cantatur.

1969 4564 2085 4616 Mos
2141 4563 2295 4616 enim
2352 4568 2677 4618 sanctorum
2725 4568 2827 4630 est,
2874 4564 2973 4617 ubi
3020 4566 3378 4621 adversarius
3423 4567 3671 4620 vincitur

1970 4651 2130 4721 (quia
2159 4651 2347 4706 sciunt
2392 4668 2512 4705 non
2554 4669 2656 4705 sua
2684 4651 2915 4717 virtute,
2974 4654 3070 4707 sed
3122 4654 3219 4707 Dei
3272 4655 3454 4725 gratia
3495 4654 3667 4707 victo-

1968 4740 2115 4793 riam
2176 4740 2429 4812 factam),
2470 4741 2751 4812 hymnum
2793 4742 2907 4794 Deo
2957 4740 3389 4811 gloriﬁcationis
3438 4742 3663 4796 offerre.

1969 4828 2272 4899 Accipiunt
2333 4834 2527 4883 tamen
2600 4834 2866 4883 canentes
2933 4834 3207 4900 tympana
3256 4831 3319 4884 in
3376 4832 3661 4898 manibus,

1968 4920 2117 4973 sicut
2142 4919 2210 4973 de
2244 4920 2417 4974 Maria
2443 4925 2498 4974 et
2528 4923 2716 4974 Aaron
2746 4919 3011 4973 refertur.
3042 4922 3105 4974 Et
3134 4927 3195 4974 tu
3227 4937 3384 4991 ergo,
3408 4922 3455 4975 si
3510 4938 3667 4976 mare

1968 5008 2230 5063 Rubrum
2282 5009 2598 5074 transieris,
2649 5008 2695 5061 si
2756 5008 3051 5078 Aigyptios
3096 5009 3393 5081 submergi
3434 5011 3667 5078 videris,

1967 5101 2025 5151 et
2048 5098 2412 5151 Pharaonem
2465 5097 2811 5168 prmcipitari
2842 5098 2901 5150 in
2946 5097 3235 5167 abyssum,
3285 5104 3446 5169 potes
3504 5100 3666 5170 hym-

1968 5202 2111 5240 num
2163 5187 2275 5240 Deo
2324 5190 2617 5255 gratanter
2677 5202 2907 5251 canere,
2960 5190 3016 5239 et
3092 5187 3322 5242 dicere:
3371 5190 3667 5245 Cantemus

1966 5277 2196 5329 Domino
2254 5275 2499 5342 gloriose,
2544 5279 2649 5328 etc.
2710 5274 2951 5345 Dignius
3005 5280 3197 5330 autem
3256 5277 3362 5330 hoc
3415 5278 3584 5343 dices,
3620 5278 3666 5331 si

1964 5362 2233 5417 habueris
2275 5363 2337 5416 in
2398 5378 2572 5416 manu
2630 5369 2992 5433 tympanum.
3042 5365 3101 5419 id
3170 5371 3275 5432 est,
3335 5365 3377 5419 si
3433 5383 3666 5421 carnem

1967 5455 2127 5505 tuam
2159 5451 2506 5505 cruciﬁxeris
2531 5467 2660 5505 cum
2690 5452 2842 5506 vitiis
2873 5458 2928 5507 et
2955 5455 3447 5524 concupiscentiis.

2037 5542 2280 5595 Gloriose
2308 5542 2470 5607 enim,
2501 5545 2606 5596 etc.
2641 5541 2846 5611 (Onic.)
2879 5543 3005 5597 Non
3056 5543 3283 5611 sufﬁcit,
3316 5544 3656 5611 gloriﬁcatus
