4064 6186
356 314 456 364 227

985 307 1379 362 WALAFRIDI
1417 306 1662 361 STRABI
1703 305 1899 359 FULD.
1943 302 2027 359 MC

2178 303 2300 357 ιρι).
2345 303 2518 358 PARS
2566 303 2609 357 1.
2649 331 2719 340 -
2757 301 3217 361 THEOLOGICA.

3745 310 3844 361 228

343 438 457 500 est;
482 433 638 486 aliud
667 436 750 486 est
787 431 944 485 enim
985 428 1314 500 gloriﬁcari,
1371 427 1525 481 aliud
1575 426 1826 497 gloriose
1875 426 2119 497 glori-A
2162 425 2279 480 ulla
2350 429 2609 480 creatura
2660 425 2821 495 cujus
2875 426 3149 481 Dominus
3216 445 3331 483 non
3387 429 3479 484 sit.
3539 431 3845 502 Quadrigas

343 522 521 577 ﬁcari.
557 523 697 575 Cum
729 520 882 574 enim
919 518 1176 574 Christus
1205 532 1432 570 carnem
1483 532 1587 586 pro
1637 515 1799 570 nobis
1851 532 2039 569 susce-

344 611 450 682 pit,
482 609 829 682 gloriﬁcatus
859 613 963 667 est,
1005 606 1105 678 qui
1135 603 1292 659 venit
1343 620 1600 674 quaerere
1629 605 1781 674 quod
1846 605 2039 675 perie-

323 705 450 767 rat,
484 715 599 753 non
630 704 822 752 tamen
856 695 1120 766 gloriose,
1164 693 1300 764 quia
1345 709 1461 746 non
1504 692 1746 747 habebat
1788 693 2037 764 speciem

346 804 533 860 neque
565 789 868 850 decorem;
901 784 1251 855 gloriﬁcatus
1291 786 1374 836 est
1416 797 1548 836 cum
1591 781 1748 836 venit
1793 782 1862 836 ad
1909 799 2034 834 cru-

347 894 493 946 cem,
524 880 578 930 et
624 875 860 946 pertulit
904 877 1184 937 mortem;
1229 870 1383 924 unde
1437 871 1601 924 Joan.
1648 885 1801 923 xvn:
1856 871 2035 938 Pater,

346 970 492 1021 venit
521 967 674 1030 hora,
704 965 950 1031 glori/ica
987 962 1189 1015 Filium
1237 965 1408 1024 tuum,
1464 962 1567 1013 etc.
1619 959 1750 1012 Erat
1799 974 1936 1028 ergo
1983 962 2039 1012 et

349 1053 530 1126 gloria
562 1052 751 1123 passio
783 1050 983 1112 crucis,
1016 1048 1112 1103 ubi
1144 1053 1200 1103 et
1223 1046 1592 1118 gloriﬁcatus,
1631 1063 1746 1100 non
1792 1047 2036 1116 gloriose

345 1143 596 1215 quidem,
655 1140 750 1195 sed
797 1139 1132 1204 humiliter;
1192 1137 1346 1192 unde
1394 1136 1539 1190 Phil.
1589 1152 1673 1188 ιιι
1717 1137 2039 1189 Humiliavit

341 1231 701 1298 semetipsum,
752 1230 935 1294 factus
991 1225 1235 1280 obediens
1284 1240 1452 1294 usque
1490 1224 1564 1277 ad
1608 1228 1848 1288 mortem,
1900 1239 2037 1277 mor-

342 1325 443 1372 tem
501 1322 680 1372 autem
735 1318 927 1370 crucis.
987 1316 1054 1369 Et
1111 1315 1244 1385 Sap.
1320 1329 1398 1367 n:
1480 1315 1644 1368 Morte
1719 1314 2037 1381 turpissima

339 1407 742 1462 condemnemus
794 1419 930 1458 eum.
1000 1404 1060 1457 lu
1108 1402 1196 1456 his
1246 1419 1383 1472 ergo
1426 1401 1778 1472 glorilicatus
1830 1406 1914 1455 est
1965 1400 2035 1454 de

344 1515 400 1550 se
432 1496 744 1558 humiliter,
780 1510 898 1547 non
940 1491 1214 1559 gloriose;
1261 1493 1410 1546 unde
1459 1491 1621 1544 Lucas
1668 1506 1838 1544 xxrv:
1893 1491 2036 1554 Quia

345 1585 626 1655 Oportebat
651 1584 775 1653 pati
824 1582 1116 1645 Christum,
1170 1587 1220 1633 et
1273 1583 1350 1634 sic
1405 1582 1614 1633 intrare
1680 1581 1736 1630 in
1805 1579 2034 1646 gloriam

343 1690 519 1728 suam.
553 1675 692 1727 Cum
747 1669 966 1723 venerit
1011 1671 1067 1724 in
1114 1669 1296 1739 gloria
1337 1669 1534 1730 Patris,
1587 1672 1643 1721 et
1697 1669 2034 1737 angelorum

335 1762 596 1831 judicare
624 1765 858 1823 terram,
901 1763 958 1811 et
1003 1773 1202 1811 verum
1258 1758 1633 1824 Pharaonem,
1681 1755 1738 1810 id
1790 1761 1875 1809 est
1915 1756 2034 1810 dia-

343 1851 558 1911 bolum,
620 1845 925 1900 iuterﬁciet
980 1844 1185 1914 spiritu
1235 1845 1348 1897 oris
1397 1843 1506 1910 sui,
1551 1859 1680 1898 cum
1734 1843 2041 1914 refulgebit

271 1978 284 1984 ρ
341 1941 400 1994 in
459 1938 751 2008 majestate
811 1935 1034 1988 Patris:
1088 1939 1223 1988 tunc
1283 1934 1528 2003 gloriose
1599 1934 2034 2003 gloriﬁcabitur,

342 2043 472 2082 cum
505 2040 704 2078 omnes
732 2021 1189 2076 honoriﬁcabunt
1222 2021 1426 2075 Filium
1473 2021 1624 2075 sicut
1664 2021 2040 2077 honoriﬁcant

345 2117 588 2170 Patrem.

415 2205 792 2272 Magniﬁcatus
851 2204 950 2268 est,
1007 2214 1201 2268 equum
1246 2204 1297 2254 et
1350 2213 1678 2252 ascensorem
1730 2197 1922 2267 dejecit
1977 2200 2038 2252 in

340 2310 506 2360 mare,
539 2297 641 2346 etc.
679 2292 743 2345 In
772 2289 948 2359 signis
985 2287 1232 2358 Egypti.
1265 2287 1374 2342 Sed
1405 2287 1653 2357 gloriose
1703 2286 2035 2357 magniﬁca-

339 2389 429 2438 tus
461 2387 568 2450 est,
600 2379 739 2451 quia
768 2379 1122 2433 Pharaonem
1155 2381 1209 2430 et
1241 2376 1553 2430 exercitum
1609 2376 1732 2445 ejus
1776 2375 2033 2429 submer-

340 2472 430 2526 sit.
466 2471 562 2525 Vel
602 2467 1002 2539 magniﬁcatus
1047 2469 1148 2530 est,
1203 2465 1475 2518 miracula
1525 2467 1656 2516 ante
1709 2463 2032 2534 passionem

336 2559 622 2624 faciendo,
655 2555 1038 2628 praedicando,
1075 2552 1134 2607 in
1181 2569 1346 2607 cruce
1391 2552 1727 2619 moriendo;
1781 2553 1877 2607 sed
1910 2553 2033 2623 glo-

342 2648 486 2702 riose
533 2644 934 2716 magniﬁcatus
975 2646 1077 2709 est,
1125 2657 1256 2696 cum
1308 2641 1617 2695 resurrexit
1663 2641 1841 2694 victor
1887 2640 2032 2695 victo

339 2736 566 2790 diabolo
597 2734 840 2805 spoliato
865 2732 1111 2786 inferno.

408 2827 644 2892 Equum,
676 2828 780 2878 etc.
817 2822 1014 2892 (Omo.)
1049 2819 1314 2874 Homines
1348 2819 1447 2890 qui
1496 2835 1601 2872 nos
1650 2819 2034 2888 insequuntur

340 2913 476 2984 equi
505 2916 675 2980 sunt;
708 2916 764 2965 et
793 2925 992 2964 omnes
1017 2909 1115 2980 qui
1145 2908 1206 2962 in
1235 2923 1403 2961 carne
1446 2905 1566 2982 nati
1597 2910 1730 2960 sunt
1775 2904 2031 2976 ﬁgurali-

2150 514 2462 569 Pharaonis
2493 519 2550 568 et
2577 515 2888 568 exercitum
2923 516 3044 586 ejus
3089 517 3328 588 projecit
3370 519 3432 572 in
3473 535 3628 573 mare
3662 536 3676 574 :
3728 522 3840 576 ele-

2148 607 2264 656 ctos
2321 618 2664 669 ascensores,
2726 603 3148 658 ternistratores
3219 606 3495 660 demersit
3566 607 3627 661 in
3692 625 3845 662 mare

2148 690 2425 744 Rubrum.
2461 691 2699 757 Pharao,
2742 692 2893 744 velut
2937 692 3227 761 potentior
3279 694 3339 747 in
3387 695 3624 763 malitia,
3657 701 3717 750 et
3753 713 3838 751 re-

2147 795 2327 849 gnum
2357 778 2629 850 nequitia
2657 783 2878 844 tenens,
2915 780 3224 851 quadrigas
3247 782 3366 852 agit
3398 799 3411 835 :
3441 799 3559 837 non
3593 784 3678 837 illi
3708 785 3837 838 satis

2147 873 2232 922 est
2263 885 2439 922 unum
2473 875 2685 938 equum
2725 869 3050 932 ascendere,
3103 871 3196 924 sed
3249 872 3444 940 plures
3490 873 3659 927 simul
3705 875 3836 945 agit,

2146 961 2202 1011 et
2228 962 2374 1011 torto
2403 957 2637 1011 verbere
2667 957 2837 1025 cogit.
2871 958 3020 1021 Quos
3082 974 3212 1012 cum
3261 959 3465 1014 videris
3507 961 3566 1014 in
3614 962 3835 1016 luxuria

2141 1045 2447 1115 turpiores,
2497 1045 2558 1098 in
2615 1045 2946 1100 crudelitate
2994 1047 3279 1115 saeviores,
3336 1049 3396 1102 in
3445 1049 3683 1104 avaritia
3745 1056 3831 1104 te-

2145 1132 2370 1197 triores,
2435 1133 2574 1187 scito
2631 1133 2701 1188 de
2764 1134 3056 1204 quadrigis
3116 1151 3236 1189 esse
3298 1137 3628 1204 Pharaonis,
3701 1155 3840 1210 quas

2147 1222 2342 1276 currui
2381 1238 2499 1276 non
2529 1222 2838 1292 subjugat:
2884 1223 2944 1276 in
2991 1223 3131 1294 ipsis
3170 1224 3352 1279 fertur
3389 1231 3447 1280 et
3492 1226 3693 1280 volitat
3740 1243 3842 1298 per

2145 1314 2371 1380 apertos
2401 1310 2679 1363 scelerum
2707 1326 2958 1381 campos,
3006 1312 3199 1366 effusis
3244 1313 3500 1369 habenis.
3550 1314 3695 1370 Sunt
3745 1317 3839 1370 alii

2145 1415 2471 1453 ascensores
2501 1398 2687 1464 electi,
2722 1399 2932 1454 scilicet
2965 1401 3032 1454 ad
3064 1401 3364 1457 malitiam.
3696 1474 3698 1476 ν

2217 1486 2895 1556 (0mo.)'l‘ernistratores
2926 1487 3056 1543 ideo
3109 1489 3400 1557 dicuntur,
3451 1491 3589 1561 quia
3636 1492 3841 1563 triplex

2142 1580 2226 1628 est
2256 1576 2586 1630 hominibus
2616 1576 2886 1645 peccandi
2918 1578 3029 1632 via.
3062 1579 3124 1631 In
3155 1578 3302 1632 facto
3347 1580 3525 1648 enim,
3574 1581 3635 1634 in
3680 1582 3828 1636 dicto

2148 1669 2206 1718 et
2263 1666 2320 1718 in
2376 1663 2719 1734 cogitatione
2766 1671 3022 1734 peccant.
3072 1666 3206 1720 Ideo
3251 1668 3672 1723 ternistratores
3701 1671 3841 1740 [per

2151 1752 2406 1824 singulos
2435 1753 2715 1815 dicuntur,
2749 1753 2884 1824 quia
2915 1755 3050 1808 istas
3079 1761 3192 1809 tres
3234 1756 3294 1809 in
3337 1757 3505 1811 nobis
3551 1759 3842 1828 possident

2146 1841 2266 1895 vias
2297 1841 2584 1913 peccandi,
2615 1847 2672 1896 et
2701 1858 2927 1913 semper
2954 1845 3324 1913 speculantur
3368 1851 3424 1899 et
3470 1851 3648 1915 agunt
3698 1847 3835 1902 insi-

2147 1930 2280 1991 diis,
2312 1935 2374 1984 ut
2404 1935 2503 1984 aut
2532 1931 2626 1985 ille
2651 1947 2719 1984 ex
2747 1931 2952 1985 misero
2981 1932 3212 1986 homine
3261 1949 3584 1989 sermonem
3623 1937 3836 1991 malum

2145 2017 2354 2087 eliciat,
2385 2023 2480 2072 aut
2537 2019 2632 2072 ille
2683 2019 2947 2090 iniquum
3005 2037 3149 2092 opus
3195 2027 3549 2094 extorqueat,
3595 2029 3694 2078 aut
3743 2025 3839 2079 ille

2145 2107 2553 2177 cogitationem
2579 2107 2888 2179 pessimam
2923 2110 3122 2180 rapiat.
3161 2111 3414 2182 Denique
3447 2129 3642 2167 semen
3682 2114 3838 2168 verbi

2145 2197 2244 2249 Dei
2283 2197 2380 2250 ubi
2430 2197 2582 2250 cadit
2630 2201 2685 2250 et
2727 2198 2970 2267 deperit,
3026 2199 3227 2268 triplex
3271 2199 3610 2254 describitur
3658 2203 3832 2272 locus,

2143 2299 2303 2338 secus
2332 2283 2504 2352 viam,
2539 2283 2601 2338 in
2649 2284 2848 2355 spinis,
2897 2285 2956 2339 in
3001 2287 3263 2356 petrosis.
3317 2288 3645 2344 Econtrario
3686 2294 3838 2345 terra

2142 2379 2291 2427 bona
2329 2372 2494 2428 affert
2521 2373 2801 2444 triplicem
2834 2374 3105 2441 fructum,
3147 2375 3584 2446 sexagesimum,
3643 2384 3833 2434 cente-

2143 2461 2374 2527 simum,
2426 2461 2776 2516 tricesimum
2829 2464 3047 2530 (Matth.
3093 2468 3232 2534 xm.)
3280 2465 3507 2536 Triplex
3555 2466 3709 2520 enim
3753 2475 3839 2523 est

2143 2549 2316 2604 etiam
2345 2551 2488 2604 bene
2518 2551 2725 2620 agendi
2767 2551 2876 2617 via,
2924 2551 3060 2623 quia
3106 2554 3194 2607 vel
3242 2569 3433 2624 opere,
3480 2555 3569 2609 vel
3620 2557 3834 2627 cogita-

2141 2638 2321 2704 tione,
2352 2639 2439 2693 vel
2469 2640 2638 2693 vcrbo
2670 2640 2887 2710 aliquid
2937 2641 3076 2694 boni
3115 2642 3344 2711 agitur;
3388 2643 3536 2698 unde
3575 2645 3653 2699 ait
3693 2650 3839 2717 Apo-

2141 2727 2322 2781 stolus
2373 2728 2392 2781 Ι
2434 2728 2558 2782 Cor.
2608 2744 2713 2781 In:
2771 2728 2880 2796 Qui
2921 2729 3157 2798 aediﬁcat
3203 2746 3374 2800 supra
3421 2733 3838 2799 fundamentum

2141 2821 2442 2883 argentum,
2509 2832 2723 2884 aurum,
2770 2817 2981 2886 lapides
3016 2821 3302 2888 pretiosos,
3353 2820 3638 2892 triplicem
3663 2823 3840 2877 bono-

2139 2918 2269 2957 rum
2300 2903 2559 2958 indicans
2589 2905 2736 2958 viam
2763 2921 2776 2971 ;
2811 2906 2960 2959 viam
2989 2907 3274 2960 malorum
3300 2907 3493 2962 dicens
3523 2910 3699 2980 ligna,
3738 2912 3839 2974 ~fe-

337 3007 424 3056 tor
454 3001 586 3072 equi
617 3002 772 3062 sunt,
803 3002 859 3052 et
888 2997 1103 3051 habent
1133 2993 1645 3064 ascensoreslsuos.
1698 2993 1841 3048 Sunt
1886 3009 2031 3063 quos
2063 3011 2103 3067 ρ
2141 3008 2299 3060 num,
2332 2992 2621 3062 stipulam.
2657 2993 2754 3047 Isti
2799 3010 2934 3064 ergo
2993 2995 3414 3051 ternistratores
3459 3005 3602 3053 sunt
3636 3000 3831 3071 angeli

337 3090 610 3145 Dominus
656 3085 929 3151 ascendit,
981 3090 1038 3138 et
1085 3083 1435 3138 circumeunt
1481 3099 1712 3137 omnem
1775 3085 2023 3147 terram;

333 3179 403 3233 de
433 3177 641 3248 quibus
682 3175 888 3230 dicitur
933 3171 1136 3226 Iiabac.
1185 3187 1241 3224 ιιι
1277 3188 1289 3224 :
1344 3172 1648 3239 Equitatus
1689 3175 1812 3224 tuus
1855 3171 2024 3225 salus.

334 3266 489 3320 Alios
521 3263 777 3318 ascendit
806 3261 1068 3316 diabolus
1107 3263 1164 3313 et
1209 3259 1400 3329 angeli
1444 3259 1583 3328 ejus.
1629 3258 1803 3312 Judas
1848 3275 2028 3328 equus

335 3358 476 3420 erat,
501 3357 558 3406 et
587 3366 717 3405 cum
748 3363 1105 3404 ascensorem
1135 3345 1339 3400 habuit
1377 3347 1704 3411 Dominum,
1753 3346 1822 3400 de
1871 3345 2028 3415 equi-

333 3445 456 3496 tatu
487 3439 683 3494 salutis
721 3441 846 3491 erat
877 3452 889 3490 :
927 3451 1058 3489 cum
1089 3435 1310 3488 caeteris
1341 3433 1496 3488 enim
1523 3433 1793 3504 apostolis
1821 3433 2028 3487 missus

332 3529 563 3601 aegrotis
593 3529 833 3582 salutem
865 3529 920 3579 et
947 3523 1352 3592 laugnentibus
1398 3522 1664 3594 priestitit
1700 3522 2025 3594 sanitatem,

333 3619 432 3674 ubi
462 3618 690 3673 diabolo
723 3632 781 3669 se
813 3613 1138 3682 substravit,
1165 3613 1265 3684 qui
1295 3617 1428 3683 post
1451 3611 1765 3666 buccellam
1806 3611 1863 3664 in
1893 3627 2026 3664 eum

331 3706 584 3772 intravit,
609 3719 789 3776 equus
816 3703 1036 3758 Satanas
1061 3701 1264 3767 factus,
1293 3703 1348 3754 et
1377 3699 1529 3754 illius
1558 3699 1797 3754 habenis
1826 3699 2026 3754 ductus

331 3802 530 3852 contra
569 3793 876 3848 Dominum
908 3790 1204 3862 equitavit.
1264 3789 1473 3844 Omnes
1523 3805 1659 3860 ergo
1703 3795 2026 3859 persecuto-

330 3902 422 3941 res
447 3884 581 3956 equi
609 3887 744 3937 sunt
773 3881 1120 3946 hinnientes,
1155 3878 1254 3933 sed
1293 3878 1506 3932 habent
1547 3879 1783 3948 angelos
1823 3878 2023 3944 malos,

331 3975 542 4048 quibus
613 3977 863 4044 aguntur
911 3985 1257 4035 ascensores,
1317 3971 1372 4022 et
1423 3967 1551 4022 ideo
1598 3967 1814 4021 feroces
1871 3971 2023 4020 sunt.

331 4065 391 4120 Si
440 4062 649 4118 videris
696 4063 1121 4132 persecutorem
1183 4062 1348 4112 tuum
1434 4056 1607 4111 nimis
1676 4054 2021 4116 saevientem,

331 4154 467 4208 scito
497 4151 633 4224 quia
665 4151 734 4205 ab
762 4165 1062 4204 ascensore
1093 4147 1393 4219 pungitur,
1441 4152 1497 4201 et
1539 4146 1668 4201 ideo
1715 4160 1896 4199 saevus
1942 4147 2027 4198 est

330 4246 386 4297 et
416 4241 792 4295 truculentus.
1550 4286 1558 4293 ,

404 4331 565 4384 Vens.
597 4330 650 4380 2.
685 4357 751 4366 —
779 4327 884 4381 Iste
921 4328 1059 4380 Deus
1107 4339 1276 4389 meus,
1326 4327 1433 4377 etc.
1488 4322 1688 4392 (Ome.)
1738 4321 1843 4376 Hic
1890 4337 2026 4392 ergo

331 4423 387 4474 et
427 4419 575 4472 Deus
606 4413 715 4470 erit
745 4429 907 4467 meus
933 4417 989 4466 et
1019 4413 1184 4479 Deus}
1214 4411 1392 4482 patris
1442 4410 1576 4466 mei.
1624 4409 1792 4464 Pater
1835 4415 2027 4465 noster

331 4507 432 4581 qui
462 4523 564 4561 nos
597 4503 729 4560 fecit
757 4506 813 4556 et
837 4501 1060 4572 genuit,
1095 4499 1355 4563 Christus
1380 4502 1482 4564 est,
1511 4497 1629 4569 ξ’ᾳοὶ
1677 4497 1816 4552 dixit
1855 4499 2018 4554 Joan.

329 4614 422 4653 xvi
458 4613 471 4651 :
510 4594 662 4650 Vade
700 4591 775 4647 ad
800 4596 1020 4661 patrem
1049 4604 1244 4654 meum,
1291 4591 1394 4641 etc.
1443 4587 1501 4641 Si
1539 4602 1675 4658 ergo
1717 4602 2022 4656 agnoscam

330 4684 484 4758 quod
517 4685 663 4738 Deus
693 4697 856 4734 meus
881 4679 972 4740 sit,
1007 4675 1336 4748 gloriﬁcabo
1369 4691 1501 4728 eum
1527 4691 1541 4742 ;
1573 4674 1620 4728 si
1649 4673 1824 4728 etiam
1868 4675 2023 4744 quod

329 4774 505 4846 patris
536 4772 668 4837 mei,
720 4769 982 4826 exaltabo
1038 4781 1209 4820 eum:
1259 4763 1427 4818 altior
1483 4763 1638 4818 enim
1701 4763 2023 4819 intellectus

332 4868 416 4917 est
439 4861 726 4934 quomodo
758 4859 1032 4926 Christus,
1067 4859 1127 4910 ut
1173 4853 1342 4909 unius
1404 4852 1504 4907 Dei
1561 4853 1918 4924 constringat
1969 4857 2023 4907 et

332 4951 495 5005 uniat
534 4951 849 5016 veritatem,
903 4949 1085 5003 Deum
1136 4959 1306 5002 suum
1349 4943 1503 5013 dicit,
1572 4957 1746 5014 quem
1817 4946 2023 4997 natura

335 5041 561 5094 Patrem
592 5039 767 5093 novit.

399 5128 560 5181 Vens.
621 5130 672 5182 3.
722 5157 791 5165 —
846 5127 1112 5180 Dominus
1167 5124 1330 5192 quasi
1395 5124 1484 5176 vir
1550 5124 1840 5192 pugnator,
1911 5124 2017 5176 etc.

329 5216 537 5287 (ORIG.)
585 5214 708 5269 Alia
757 5215 984 5268 littera:
1043 5214 1299 5267 Dominus
1355 5215 1587 5265 conteret
1625 5210 1798 5280 [bella
1851 5213 2022 5265 Amos

327 5322 380 5360 ιι
409 5322 422 5358 :
458 5306 730 5360 Dominus
760 5317 946 5356 nomen
970 5305 1048 5355 est
1080 5302 1182 5354 illi.
1218 5301 1342 5354 Non
1393 5299 1560 5354 modo
1604 5314 1826 5369 pugnas
1883 5297 2021 5351 visi-

327 5392 469 5446 biles
495 5392 750 5458 conterit,
784 5392 881 5444 sed
913 5407 1007 5442 eas
1055 5389 1227 5443 etiam
1260 5405 1391 5460 quas
1435 5387 1602 5442 nobis
1651 5391 1784 5441 sunt
1829 5387 2021 5442 adver-

327 5497 420 5535 sus
465 5482 830 5551 principatus,
882 5482 932 5531 et
975 5480 1287 5546 potestates,
1327 5482 1378 5530 et
1413 5482 1640 5531 rectores
1682 5475 2023 5530 tenebrarum

327 5569 547 5625 harum.
584 5598 654 5610 —
682 5569 936 5624 Dominus
989 5564 1144 5620 enim
1181 5579 1372 5621 nomen
1413 5569 1494 5620 est
1521 5565 1626 5633 illi,
1667 5570 1722 5619 et
1772 5579 1888 5619 non
1937 5569 2022 5618 est

2140 3099 2412 3154 nequam,
2464 3083 2562 3154 qui
2606 3083 2668 3138 in
2711 3084 2800 3138 his
2850 3084 2955 3138 viis
3009 3086 3313 3141 observant
3380 3093 3444 3143 ut
3519 3092 3838 3161 quemlibet

2138 3176 2312 3242 agant
2357 3171 2414 3226 in
2471 3176 2806 3242 peccatum;
2866 3190 3008 3244 quos
3055 3174 3362 3246 immerget
3427 3178 3704 3233 Dominus
3771 3180 3835 3235 in

2138 3259 2285 3314 mari
2312 3260 2526 3324 Rubro,
2561 3265 2618 3315 et
2639 3260 2837 3331 ignitis
2864 3261 3131 3316 ﬂuctibus
3161 3265 3346 3318 tradet
3374 3265 3435 3319 in
3474 3265 3566 3320 die
3610 3267 3834 3338 judicii,

2139 3353 2196 3404 et
2221 3365 2520 3418 poenarum
2549 3351 2754 3420 pelago
2784 3355 2957 3421 teget.

2210 3439 2371 3492 Vens.
2406 3441 2458 3504 ὅ,
2518 3441 2568 3492 6.
2623 3469 2691 3477 ——
2751 3439 3136 3496 Descenderunt
3199 3443 3258 3495 in
3295 3443 3635 3512 profundum
3675 3448 3836 3514 quasi

2138 3527 2300 3596 lapis.
2349 3527 2557 3597 (Οιιιο.)
2608 3527 2752 3591 Quia
2797 3528 3010 3583 scilicet
3056 3529 3195 3583 tales
3244 3545 3363 3584 non
3405 3538 3569 3586 erant
3613 3533 3836 3603 lapides

2139 3617 2207 3670 de
2236 3615 2444 3687 quibus
2470 3617 2878 3670 suscitarentur
2916 3617 3021 3671 ﬁlii
3067 3618 3332 3686 Abrahae,
3384 3621 3481 3675 sed
3531 3621 3631 3693 qui
3669 3639 3836 3677 ama-

2135 3709 2261 3758 rent
2314 3704 2665 3775 profundum
2724 3710 2780 3760 et
2834 3704 3124 3777 liquidum
3179 3707 3550 3776 elementum,
3599 3709 3677 3780 lid
3748 3717 3836 3765 est

2138 3809 2393 3847 amaram
2448 3799 2506 3846 et
2550 3795 2759 3848 fluxam
2809 3796 3182 3864 praesentium
3229 3798 3602 3867 voluptatem.
3674 3800 3834 3855 Unde

2132 3880 2207 3934 de
2256 3879 2394 3950 ipsis
2454 3880 2662 3934 dicitur
2705 3899 2716 3935 :
2765 3884 3004 3938 Demersi
3052 3888 3179 3938 sunt
3241 3888 3403 3954 quasi
3446 3887 3728 3955 plumbum
3774 3890 3837 3943 in

2136 3984 2284 4037 aqua
2329 3969 2696 4025 validissima.
2747 3972 3074 4026 Peccatores
3130 3988 3332 4044 graves
3357 3979 3506 4041 sunt,
3537 3981 3595 4030 et
3619 3976 3836 4046 iniqui-

2136 4061 2222 4112 tas
2250 4075 2423 4129 super
2467 4060 2744 4113 talentum
2776 4060 2997 4130 plumbi
3027 4060 3237 4132 legitur
3264 4063 3461 4118 sedere
3496 4080 3509 4118 :
3557 4065 3688 4119 inde
3709 4066 3829 4120 ini-

2138 4146 2238 4218 qui
2267 4153 2609 4218 merguntur
2638 4148 2697 4201 in
2728 4149 3080 4218 profundum
3117 4149 3280 4220 quasi
3328 4151 3655 4222 plumbum,
3709 4172 3839 4211 san-

2137 4237 2213 4291 cti
2268 4252 2402 4291 vero
2448 4237 2740 4291 ambulant
2797 4253 2970 4309 super
3021 4254 3220 4310 aquas,
3273 4240 3410 4310 quia
3464 4241 3615 4297 leves
3675 4249 3836 4314 sunt,

2136 4329 2194 4378 et
2241 4324 2457 4394 peccati
2501 4325 2752 4395 pondere
2803 4342 2920 4380 non
2965 4333 3292 4397 gravantur.
3344 4330 3599 4386 Christus
3657 4348 3838 4403 super

2133 4428 2310 4483 aquas
2381 4412 2712 4478 ambulavit,
2790 4415 2891 4485 qui
2943 4431 3074 4469 vere
3125 4421 3418 4487 peccatum
3475 4437 3590 4474 non
3648 4420 3830 4476 fecit:

2132 4500 2444 4554 ambulavit
2473 4506 2528 4554 et
2552 4502 2771 4569 Petrus,
2803 4503 2903 4557 sed
2931 4505 3234 4574 paululum
3280 4506 3594 4575 dubitavit;
3628 4508 3836 4564 habuit

2132 4590 2288 4644 enim
2319 4588 2533 4660 aliquid
2562 4591 2805 4660 plumbi,
2837 4597 3073 4663 propter
3114 4594 3269 4665 quod
3307 4594 3516 4650 dicitur
3545 4596 3599 4651 ei
3631 4599 3832 4654 Matth.

2130 4695 2265 4733 xxv:
2321 4678 2542 4733 Modica:
2591 4679 2741 4748 ﬁdei,
2803 4697 2972 4749 quare
3027 4681 3346 4737 dubitasti?
3401 4685 3613 4739 Omnes
3683 4703 3829 4758 ergo

2129 4784 2234 4840 per
2263 4767 2456 4838 ignem
2504 4767 2809 4834 salvantur,
2860 4775 2924 4825 ut
2966 4770 3012 4824 si
3067 4771 3209 4826 forte
3261 4772 3330 4826 de
3377 4774 3564 4843 specie
3607 4775 3837 4845 plumbi

2131 4857 2447 4930 quidquam
2495 4857 2669 4912 fuerit
2715 4859 3051 4926 admissum,
3103 4860 3253 4931 ignis
3301 4863 3582 4933 decoquat
3631 4869 3688 4919 et
3740 4882 3842 4920 re-

2131 4947 2329 5011 solvat,
2361 4950 2424 5000 ut
2463 4946 2786 5001 efficiantur
2835 4964 3033 5002 omnes
3082 4965 3286 5004 aurum
3337 4951 3646 5021 optimum,
3699 4956 3846 5026 quia

2131 5048 2336 5088 aurum
2397 5039 2564 5089 terra:
2611 5035 2766 5090 illius
2832 5036 3116 5106 optimum
3163 5054 3338 5108 quam
3395 5039 3649 5095 habituri
3701 5047 3848 5097 sunt

2130 5121 2348 5189 sancti;
2379 5125 2436 5176 et
2461 5122 2606 5178 sicut
2653 5122 2854 5176 fornax
2905 5125 3114 5194 probat
3159 5142 3386 5194 aurum,
3441 5127 3522 5182 ita
3570 5128 3847 5185 homines

2123 5209 2307 5280 justos
2355 5210 2667 5265 tribulatio.
2719 5212 3078 5268 Veniendum
3127 5219 3212 5269 est
3261 5231 3398 5286 ergo
3448 5217 3719 5272 omnibus
3770 5219 3848 5274 ad

2130 5298 2555 5353 conﬂatorium.
2589 5299 2758 5354 Sedet
2786 5301 2941 5356 enim
2975 5304 3123 5358 Deus
3155 5309 3212 5358 et
3242 5305 3473 5373 conﬁat,
3519 5310 3576 5360 et
3623 5313 3848 5378 purgat

2130 5387 2277 5441 ﬁlios
2299 5388 2460 5442 Juda.
2494 5387 2552 5442 Si
2581 5388 2709 5459 quis
2738 5391 2920 5445 multa
2949 5407 3124 5462 opera
3171 5392 3325 5447 bona
3361 5397 3417 5448 et
3467 5410 3674 5464 parum
3723 5397 3850 5450 ini-

2131 5474 2364 5546 quitatis
2394 5476 2671 5544 attulerit,
2697 5477 2837 5533 illud
2882 5495 3088 5550 parum
3138 5486 3412 5553 tanquam
3462 5482 3594 5554 igne
3645 5487 3852 5540 resol-

2129 5564 2283 5618 vitur
2309 5568 2365 5618 et
2394 5570 2694 5636 purgatur,
2730 5570 2787 5621 et
2827 5572 3012 5624 totum
3056 5576 3316 5626 remanet
3361 5588 3568 5626 aurum
3618 5589 3851 5645 purum
