4064 6186
227 277 310 328 2‘29
1294 265 1551 321 GLOSSA
1592 266 1998 321 ORDINARIA.
2040 296 2106 306 —
2149 267 2275 321 LIB.
2319 265 2527 322 EXOD.

3562 272 3669 326 230

223 388 392 460 Siquis
416 388 532 456 plus
559 383 779 453 plumbi
810 383 1081 450 attulerit,
1126 384 1254 454 plus
1312 383 1588 448 exuritur,
1639 388 1703 437 ut
1736 399 1856 437 am-
1895 388 1934 441 A
1968 388 2105 439 ruat
2133 390 2333 456 gentes
2382 390 2437 438 et
2476 386 2634 438 irate:
2686 388 2835 447 sunt,
2892 385 3117 440 dolores
3163 388 3671 458 apprehenderunt

224 482 339 551 plius
380 476 756 544 decoquatur;
798 477 861 526 ut
918 479 974 527 et
1026 474 1071 525 si
1122 489 1347 543 parum,
1397 479 1587 526 tamen
1645 472 1860 542 aliquid

225 567 317 619 auri
364 561 572 634 purgati
633 560 922 625 resideat;
986 560 1086 630 qui
1159 575 1293 613 vero
1342 564 1496 613 totus
1560 560 1864 629 plumbeus

226 655 356 715 venit,
400 650 738 719 demergitur
787 651 947 718 quasi
997 648 1279 717 plumbum
1326 650 1383 701 in
1441 664 1587 716 aqua
1638 648 1863 701 validis-

223 748 344 798 sima.

274 832 407 884 Vens.
462 830 605 881 7-10.
663 856 732 866 —-
790 828 996 880 Misisti
1050 827 1191 878 iram
1267 829 1437 892 tuam,
1509 828 1614 879 etc.
1703 824 1858 893 (Aac.

222 924 368 990 quaest.
415 920 474 971 55
522 918 579 970 in
612 915 859 985 αΕωοά.)
894 915 1015 970 Alia
1070 914 1305 968 littera:
1350 916 1554 968 Misisti
1611 915 1869 982 spiritum

221 1015 338 1062 tuum
380 1012 423 1059 et
489 1008 755 1074 cooperuit
785 1019 868 1058 eos
920 1018 1090 1070 mare,
1145 1006 1251 1056 etc.
1314 1003 1453 1055 Ecce
1495 1003 1617 1072 jam
1667 1001 1869 1072 quinto

220 1100 647 1150 commemoratur
692 1093 938 1163 Spiritus
997 1091 1115 1156 Dei,
1179 1096 1309 1159 etc.,
1369 1106 1538 1160 usque
1603 1090 1677 1143 ad
1720 1090 1867 1144 Scri-

221 1190 353 1255 ptura
367 1182 750 1237 tantummodo
776 1182 983 1252 jubens
1011 1180 1135 1233 sine
1166 1179 1450 1249 adjutorio
1483 1179 1699 1248 gratiae.

274 1275 517 1339 Vens.,ll.
566 1301 637 1311 —
700 1271 829 1336 Quis
875 1271 1071 1324 similis
1128 1271 1225 1333 tui,
1288 1273 1393 1321 etc.
1438 1268 1644 1336 (Ome,
1699 1272 1869 1321 utsu-

217 1362 468 1431 pra.)Non
495 1359 813 1412 simulacris
867 1358 1126 1427 gentium
1176 1360 1467 1427 comparat
1535 1358 1736 1420 Deum,
1768 1372 1872 1409 nec

222 1450 528 1505 daemonibus
550 1448 652 1519 qui
683 1447 789 1500 sibi
828 1447 968 1499 falso
1012 1462 1225 1499 nomen
1271 1446 1511 1498 deorum
1567 1443 1869 1509 asciscant,

229 1539 302 1593 sed
324 1537 441 1590 dicit
467 1536 593 1590 illos
632 1535 769 1588 deos
811 1533 909 1604 qui
954 1550 1056 1603 per
1102 1533 1340 1603 gratiam
1394 1538 1450 1585 et
1480 1532 1874 1602 participatio-

222 1644 322 1681 nem
348 1626 438 1679 Dei
466 1624 847 1695 appellantur,
896 1621 1208 1675 secundum
1270 1622 1410 1674 illud
1460 1621 1603 1691 psal.
1664 1636 1870 1673 Lxxxr:

220 1716 312 1780 Ego
330 1714 438 1767 dimi
465 1732 480 1766 :
516 1713 619 1768 Dii
646 1715 791 1766 estis.
826 1712 890 1764 Et
937 1710 1073 1764 ibid.
1108 1728 1122 1763 :
1152 1712 1295 1763 Deus
1325 1712 1475 1765 stetit
1521 1713 1577 1763 in
1595 1724 1875 1776 synagoga

216 1804 410 1856 deorum.
449 1802 551 1855 Sed
611 1802 671 1854 hi
726 1799 986 1870 quamvis
1034 1816 1267 1869 capaces
1311 1799 1423 1852 sint
1495 1798 1614 1864 Dei,
1675 1798 1876 1850 ethoc

216 1891 403 1944 nomine
434 1906 532 1960 per
560 1889 808 1959 gratiam
839 1888 1043 1942 donari
1101 1888 1421 1951 videantur,
1482 1886 1672 1939 nullus
1718 1886 1770 1938 ei
1799 1886 1872 1937 si-

217 1979 336 2032 milis
356 1979 409 2032 in
436 1977 694 2049 potentia
735 1978 820 2030 vel
879 1982 1133 2043 natura;
1183 1976 1339 2046 quod
1396 1981 1585 2028 autem
1648 1974 1872 2039 dicitur,

214 2071 378 2123 similes
401 2071 446 2122 ei
471 2070 693 2133 erimus,
749 2066 1064 2120 similitudo
1125 2066 1247 2119 hzec
1292 2081 1407 2117 non
1464 2064 1533 2117 ad
1581 2069 1870 2128 naturam,

215 2158 289 2212 sed
308 2157 365 2210 ad
400 2156 641 2228 gratiam
698 2160 1015 2220 revocatur,
1074 2154 1217 2207 sicut
1253 2153 1478 2223 pictura
1534 2157 1617 2205 est
1677 2151 1878 2205 similis

214 2248 253 2300 ei
284 2247 425 2315 cujus
471 2246 666 2315 imago
732 2244 791 2297 in
864 2243 989 2314 ipsa
1048 2242 1405 2313 exprimitur,
1467 2246 1745 2311 quantum
1805 2241 1878 2294 ad

215 2336 437 2404 gratiam,
470 2334 569 2388 sed
598 2334 773 2403 longe
804 2332 1097 2387 dissimilis
1153 2338 1433 2401 quantum
1496 2330 1565 2383 ad
1614 2329 1877 2382 substan-

211 2424 339 2476 tiam.
370 2422 465 2477 Illa
522 2420 684 2475 enim
742 2419 920 2490 specis
995 2419 1181 2472 carnis
1258 2422 1364 2487 est,
1417 2423 1475 2471 et
1538 2417 1707 2470 decor
1760 2415 1873 2469 vivi

215 2512 426 2582 corporis
458 2511 608 2576 ;ista
637 2511 895 2563 colorum
923 2508 1108 2576 fucus,
1160 2512 1216 2560 et
1275 2522 1405 2560 cera
1446 2506 1659 2559 tabulis
1711 2519 1881 2558 sensu

214 2602 495 2655 carentibus
524 2599 906 2670 superposita.
958 2598 1158 2651 Nullus
1207 2612 1345 2667 ergo
1399 2596 1458 2649 in
1522 2595 1630 2649 diis
1682 2594 1883 2647 similis

217 2691 440 2757 Domino,
472 2688 778 2744 invisibilis
834 2686 1065 2751 scilicet,
1120 2687 1509 2755 incorporeus,
1563 2684 1882 2737 incommu-

216 2776 387 2842 tabilis,
452 2778 573 2830 sine
655 2776 820 2829 initio
892 2780 947 2828 et
1015 2774 1137 2828 sine
1219 2774 1351 2827 ﬁne.
1401 2774 1599 2827 Nullus
1664 2777 1887 2826 creator

214 2867 434 2920 omnium
462 2865 575 2919 nisi
607 2867 776 2919 Pater
805 2879 1002 2919 creans
1046 2863 1241 2917 omnia
1288 2878 1391 2934 per
1456 2862 1683 2928 Filium,
1733 2865 1790 2916 et
1827 2860 1886 2914 in

213 2955 391 3024 Spiritu
414 2960 609 3011 sancto
640 2953 835 3008 omnia
863 2952 1239 3006 sanctiﬁcans.

269 3046 405 3098 Vens.
441 3046 523 3109 l2,
578 3046 664 3097 l3.
727 3072 796 3083 ——
848 3042 1179 3108 Extendisti,
1254 3044 1362 3094 etc.
1426 3039 1643 3109 (Ome)
1701 3038 1887 3092 Monet

218 3146 287 3184 me
312 3132 451 3202 quod
489 3132 570 3185 ait
603 3147 617 3184 :
655 3131 970 3185 Extendisti
1006 3129 1285 3183 dexteram
1332 3132 1483 3182 tuam
1510 3132 1559 3182 et
1607 3127 1887 3181 devoravit

216 3235 279 3273 eos
331 3226 489 3288 terra,
557 3219 725 3289 quasi
778 3223 841 3272 ut
898 3218 1311 3272 devorarentur
1364 3232 1396 3269 a
1478 3220 1650 3282 terra,
1719 3229 1887 3267 causa

220 3306 357 3362 tuerit
395 3308 548 3379 quod
579 3308 871 3362 dexteram
919 3306 1189 3361 extendit.
1249 3304 1308 3359 Si
1364 3303 1689 3358 consideres
1741 3318 1887 3372 quo-

220 3398 355 3451 modo
375 3398 657 3451 exaltatus
706 3395 977 3449 Dominus
1010 3394 1069 3447 in
1101 3410 1267 3447 cruce
1316 3397 1436 3446 tota
1492 3392 1581 3446 die
1635 3392 1888 3446 extendit

222 3502 419 3539 manum
450 3486 518 3540 ad
576 3485 858 3554 populum
908 3498 1023 3536 non
1066 3483 1410 3548 credentem,
1474 3481 1573 3533 sed
1611 3479 1891 3534 contradi-

218 3581 427 3636 centem,
454 3580 509 3628 et
527 3573 824 3645 quomodo
846 3570 1146 3625 inﬁdelem
1171 3572 1448 3640 populum
1480 3570 1580 3639 qui
1605 3568 1886 3623 clamavit:

219 3662 461 3730 Cruciﬁge,
522 3659 787 3730 cruciﬁge
824 3674 942 3712 eum
976 3659 1168 3726 (Joan.
1215 3657 1345 3725 x1x),
1390 3673 1546 3711 mors
1575 3657 1893 3727 iniquitatis

220 3752 482 3820 Oppressit,
533 3748 796 3805 invenies
853 3747 1146 3817 quomodo
1192 3747 1437 3801 extendit
1495 3746 1796 3813 dexteram,
1843 3751 1893 3799 et

220 3840 461 3893 devoravit
499 3854 589 3894 eos
632 3846 797 3893 terra.
858 3838 983 3890 Non
1039 3840 1235 3890 tamen
1291 3834 1529 3889 omnino
1589 3836 1895 3905 desperan-

222 3926 351 3981 dum.
389 3928 445 3982 Si
485 3927 646 3982 enim
694 3925 794 3996 qui
833 3910 1138 3979 devoratus
1190 3928 1293 3989 est,
1339 3924 1654 3995 resipiscat,
1710 3929 1896 3995 potest

221 4018 374 4070 evomi
402 4016 549 4071 sicut
601 4016 787 4069 Jonas.
857 4015 1067 4068 Omnes
1098 4030 1203 4067 nos
1245 4015 1554 4084 aliquando
1611 4018 1764 4068 terra
1796 4014 1891 4068 de-

220 4106 419 4159 vorabat
448 4112 504 4159 et
548 4105 612 4158 in
668 4102 875 4157 inferni
945 4101 1333 4173 penetralibus
1400 4101 1726 4155 retinebat:
1764 4100 1892 4154 ideo

221 4193 445 4248 Christus
474 4192 773 4248 descendit
798 4208 913 4245 non
939 4191 1127 4245 solum
1180 4190 1251 4244 ad
1307 4194 1509 4256 terras,
1569 4189 1667 4243 sed
1721 4189 1891 4242 etiam

219 4282 275 4336 ad
302 4283 569 4338 inferiora
594 4287 757 4336 terrae
782 4297 795 4334 :
824 4284 880 4334 et
925 4280 1006 4333 ibi
1061 4279 1276 4333 invenit
1335 4295 1441 4332 nos
1493 4278 1811 4342 devoratos,
1839 4283 1897 4330 et

219 4372 449 4425 sedentes
472 4372 535 4425 in
595 4370 801 4424 umbra
855 4368 1097 4433 mortis;
1158 4368 1291 4422 inde
1350 4368 1596 4421 educens
1642 4383 1748 4420 nos
1776 4381 1895 4419 non

221 4460 377 4514 solum
433 4466 628 4526 terrae,
696 4475 767 4512 ne
824 4457 1034 4512 iterum
1080 4457 1437 4521 devoremur,
1502 4455 1601 4511 sed
1651 4470 1896 4526 regnum

222 4554 478 4619 praeparat
504 4549 805 4603 caelorum.

279 4637 476 4706 (Ome)
535 4635 749 4705 Impios
788 4633 963 4687 etiam
1023 4631 1190 4686 hodie
1249 4635 1399 4685 terra
1483 4632 1739 4697 devorat,
1798 4630 1895 4702 qui

223 4738 421 4793 semper
452 4725 523 4778 de
558 4728 714 4777 terra
759 4721 1032 4791 cogitant,
1089 4726 1299 4774 terram
1352 4720 1586 4784 faciunt,
1654 4720 1723 4774 de
1749 4724 1900 4773 terra

222 4809 531 4881 loquuntur,
587 4810 828 4881 litigant,
885 4813 1099 4863 terram
1159 4809 1503 4874 desiderant,
1539 4809 1598 4861 in
1640 4824 1707 4862 ea
1738 4823 1899 4878 spem

219 4915 355 4954 snam
378 4904 628 4971 ponunt,
662 4899 731 4952 ad
760 4897 967 4952 caelum
999 4912 1117 4951 non
1180 4896 1514 4966 respiciunt,
1573 4896 1765 4949 futura
1784 4911 1900 4949 non

219 4989 468 5057 cogitant,
495 4987 780 5059 judicium
800 4987 898 5041 Dei
954 5002 1067 5040 non
1107 4990 1396 5049 metuunt,
1467 5000 1571 5037 nec
1623 4984 1903 5055 promissa

219 5077 320 5145 ejus
338 5077 707 5143 desiderant;
740 5076 911 5129 talem
938 5091 1069 5129 cum
1102 5074 1333 5138 videris,
1390 5073 1560 5127 dicite
1612 5074 1747 5143 quia
1804 5074 1901 5127 de-

219 5166 409 5218 voravit
436 5181 575 5218 eum
642 5169 841 5217 terra:
894 5168 950 5216 et
998 5162 1045 5214 si
1098 5177 1269 5232 quem
1330 5160 1535 5214 videris
1575 5160 1818 5214 luxuriae
1848 5166 1905 5215 et

216 5253 585 5324 voluptatibus
630 5250 883 5321 corporis
939 5250 1219 5315 deditum,
1271 5249 1331 5303 in
1390 5266 1505 5320 quo
1538 5249 1620 5303 nil
1677 5250 1903 5304 animus

219 5342 360 5409 valet,
382 5342 483 5396 sed
514 5344 701 5395 totum
733 5339 909 5394 libido
936 5338 1207 5410 possidet,
1264 5338 1434 5393 dicito
1490 5338 1631 5409 quia
1674 5338 1907 5393 devora-

222 5431 289 5485 vit
312 5448 439 5487 eum
464 5437 644 5486 terra.

283 5520 439 5575 Vens.
466 5522 557 5586 14,
594 5523 676 5575 l5.
718 5546 787 5558 —
833 5515 1226 5584 Ascenderunt,
1271 5519 1382 5572 etc.
1429 5514 1636 5587 (ORIG.)
1690 5515 1903 5572 Audie-

1974 474 2318 528 habitatores
2351 473 2712 539 Philisthiim,
2756 478 2861 527 etc.
2900 474 3186 537 Quantum
3240 476 3308 528 ad
3356 476 3674 542 historiam,

1972 563 2197 615 nullum
2239 562 2307 616 de
2355 561 2441 615 his
2487 562 2752 631 gentibus
2795 560 3121 616 interfuisse
3150 562 3493 632 [mirabilius
3540 582 3675 618 con-

1976 656 2126 705 stat:
2165 652 2454 721 quomodo
2480 666 2617 719 ergo
2664 656 2881 704 terrore
2930 651 3147 705 territae
3195 652 3281 705 vel
3330 651 3488 705 iratm
3549 653 3678 706 Phi-

1976 739 2234 809 listhiim,
2284 744 2340 793 et
2398 739 2678 804 Moabitm,
2731 745 2786 791 et
2842 739 3039 804 Edom,
3098 744 3155 793 et
3219 739 3457 811 reliquas
3536 757 3677 811 quas

1979 833 2301 896 enumerat,
2373 826 2677 881 nationes?
2738 827 2864 891 Sed,
2935 828 3329 897 spiritualiter,
3419 829 3676 882 invenies

1979 918 2115 987 quia
2161 915 2529 981 Philisthiim,
2574 914 2633 969 id
2681 920 2765 969 est
2801 916 3048 971 cadentes
3091 918 3320 985 poculo;
3371 923 3427 971 et
3476 918 3674 986 Edom,

1978 1005 2187 1058 scilicet
2221 1008 2480 1069 terrenus,
2516 1003 2805 1073 trepidant
2837 1019 2849 1056 :
2889 1017 2945 1057 et
2975 1020 3176 1058 eorum
3206 1003 3495 1075 principes
3545 1021 3671 1058 cur-

1980 1094 2149 1147 sitant
2203 1097 2257 1146 et
2297 1097 2505 1163 pavent
2552 1092 2841 1145 constricti
2897 1092 3210 1158 doloribus,
3283 1109 3412 1146 cum
3482 1094 3679 1148 vident

1972 1198 2160 1251 regna
2198 1198 2318 1249 sua,
2347 1181 2499 1251 [quae
2546 1179 2605 1233 in
2656 1180 2880 1233 inferno
2930 1185 3082 1246 sunt,
3145 1184 3443 1250 penetrata
3491 1182 3562 1236 ab
3610 1198 3677 1235 eo

1981 1271 2080 1341 qui
2137 1269 2424 1323 descendit
2482 1268 2544 1321 in
2598 1267 2871 1322 inferiora
2912 1273 3101 1335 terrm,
3152 1274 3216 1323 ut
3273 1270 3521 1340 eriperet
3580 1286 3681 1324 eos

1982 1359 2081 1430 qui
2111 1359 2547 1429 possidebantur
2577 1373 2610 1409 a
2643 1362 2844 1411 morte.
2877 1358 3018 1412 Hinc
3062 1358 3264 1412 timent
3301 1363 3356 1412 et
3403 1362 3675 1425 tremunt,

1984 1448 2120 1517 quia
2167 1450 2468 1500 senserunt
2511 1446 2970 1515 magnitudinem
3036 1447 3254 1500 brachii
3321 1447 3477 1517 ejus;
3544 1447 3679 1501 hinc

1982 1536 2153 1589 etiam
2187 1537 2494 1589 tabuerunt
2537 1535 2884 1589 habitatores
2927 1536 3219 1599 Chanaan,
3263 1535 3323 1589 id
3379 1540 3463 1589 est
3499 1541 3677 1590 muta-

1984 1626 2117 1680 biles
2150 1628 2205 1677 et
2235 1626 2472 1692 mobiles,
2501 1642 2629 1680 cum
2656 1624 2921 1677 viderunt
2961 1625 3173 1677 moveri
3224 1640 3401 1694 regna
3455 1640 3576 1690 sua,
3626 1630 3681 1678 et

1984 1713 2208 1783 alligari
2242 1714 2464 1768 fortem.
2496 1713 2698 1769 Veniat
2736 1728 2870 1783 ergo
2899 1730 3070 1783 super
3099 1730 3195 1765 ens
3233 1713 3427 1778 timor,
3481 1717 3536 1766 et
3575 1719 3681 1767 tre-

1984 1818 2150 1858 mor:
2194 1807 2447 1856 tremunt
2487 1810 2543 1857 et
2581 1803 2790 1856 timent
2846 1802 3135 1856 dasmones
3184 1817 3406 1855 crucem
3452 1802 3681 1863 Christi,

1986 1890 2044 1943 in
2066 1906 2180 1960 qua
2209 1890 2550 1959 triumphati
2580 1894 2732 1955 sunt,
2775 1893 2831 1942 et
2879 1889 3032 1943 exuti
3078 1888 3435 1958 principatus
3482 1904 3681 1943 eorum

1986 1982 2041 2030 et
2098 1980 2395 2046 potestate.
2455 1978 2651 2030 Timor
2703 1993 2839 2047 ergo
2896 1983 2952 2029 et
3003 1981 3221 2029 tremor
3263 1977 3468 2031 cadent
3514 1993 3685 2047 super

1987 2080 2103 2132 eos,
2153 2080 2284 2118 cum
2324 2066 2384 2118 in
2438 2066 2601 2119 nobis
2660 2065 2890 2135 signum
2948 2065 3128 2118 crucis
3188 2064 3435 2119 ﬁdeliter
3498 2064 3676 2119 ﬁxum

1986 2153 2252 2220 viderint,
2313 2158 2369 2208 et
2416 2154 2871 2225 magnitudinem
2935 2153 3153 2208 brachii
3197 2154 3353 2224 quod
3411 2155 3686 2209 Dominus

1991 2243 2259 2312 expandit
2289 2242 2349 2295 in
2384 2260 2572 2309 cruce,
2606 2244 2753 2296 sicut
2783 2243 2919 2297 dicit
2952 2244 3055 2296 lsa.
3093 2259 3192 2295 va
3226 2260 3237 2296 :
3291 2245 3423 2297 Tota
3462 2244 3551 2297 die
3597 2260 3687 2297 em-

1985 2332 2163 2402 pandi
2191 2348 2384 2387 manus
2430 2349 2576 2387 meas
2630 2333 2704 2386 ad
2752 2333 3011 2402 populum
3061 2348 3167 2385 non
3214 2332 3531 2400 credentem,
3578 2338 3684 2386 etc.

1992 2420 2115 2473 Non
2146 2425 2201 2473 te
2231 2420 2397 2473 aliter
2419 2420 2727 2485 timebunt,
2758 2436 2861 2473 nec
2888 2425 3106 2473 tremor
3126 2426 3257 2473 tuus
3289 2421 3468 2475 irruet
3516 2437 3688 2491 super

1992 2524 2107 2573 eos,
2144 2508 2252 2561 nisi
2283 2508 2527 2562 viderint
2554 2509 2638 2577 {in
2691 2513 2745 2561 te
2795 2524 3017 2562 crucem
3075 2508 3302 2573 Christi,
3363 2515 3429 2562 ut
3481 2509 3683 2563 dicas:

1993 2597 2144 2650 Mihi
2162 2601 2339 2650 autem
2369 2597 2512 2651 absit
2541 2599 2788 2665 gloriari,
2822 2599 2931 2651 nisi
2958 2596 3016 2650 in
3055 2612 3207 2652 cruce
3254 2599 3470 2651 Domini
3515 2601 3690 2652 nostri

1992 2687 2131 2740 Jesu
2161 2687 2366 2741 Christi
2394 2686 2543 2755 (Gal.
2582 2686 2675 2751 vi).

2068 2776 2229 2828 Vens.
2266 2778 2352 2841 15,
2388 2777 2470 2828 l6.
2502 2804 2571 2813 -—
2602 2776 2765 2828 Fiant
2802 2773 3098 2828 immobiles
3147 2775 3309 2843 quasi
3361 2774 3524 2842 lapis,
3568 2777 3685 2837 etc.

1998 2864 2200 2932 (Οιιιο.)
2236 2863 2381 2917 Fieri
2405 2867 2685 2934 tanquam
2709 2863 2960 2932 lapidem
3008 2878 3127 2916 non
3180 2867 3265 2916 est
3312 2867 3514 2915 natura
3566 2878 3690 2916 esse

1922 2956 1961 3011 C
1992 2951 2266 3022 lapidem.
2308 2952 2429 3006 Non
2459 2952 2608 3005 enim
2657 2951 2821 3005 ﬁeret
2864 2950 2975 3005 nisi
3023 2952 3179 3022 quod
3224 2968 3336 3005 non
3386 2956 3526 3005 erat.
3578 2952 3690 3005 Hoc

1991 3044 2226 3111 propter
2254 3040 2381 3093 illos
2412 3039 2659 3093 diximus
2699 3039 2797 3110 qui
2845 3040 3009 3094 malae
3060 3044 3283 3094 natura:
3332 3039 3689 3094 Pharaonem

1992 3130 2080 3184 vel
2121 3128 2408 3200 Egyptios
2439 3128 2634 3182 dicunt
2663 3128 2855 3197 fuisse,
2900 3145 3005 3182 nec
3044 3145 3111 3183 ex
3149 3130 3413 3184 libertate
3466 3128 3687 3183 arbitrii

1992 3219 2054 3272 in
2083 3219 2191 3272 hoc
2221 3234 2342 3272 esse
2372 3218 2641 3272 deductos
2667 3235 2680 3283 ;
2710 3222 2765 3271 et
2796 3217 2932 3288 quia
2963 3222 3277 3272 creatorem
3302 3219 3478 3271 Deum
3521 3234 3691 3272 accu-

1996 3310 2145 3372 sant,
2174 3309 2447 3377 tanquam
2481 3322 2716 3371 saevum,
2756 3306 2855 3376 qui
2903 3306 3168 3361 homines
3216 3311 3396 3361 vertat
3440 3306 3502 3360 in
3548 3307 3692 3377 lapi-

1998 3396 2097 3451 des
2125 3396 2162 3462 εξ
2192 3411 2309 3448 non
2351 3393 2493 3449 dixit
2528 3412 2540 3449 :
2586 3395 2749 3448 Fiant
2799 3400 3074 3465 tanquam
3125 3395 3343 3466 lapides
3396 3400 3452 3450 et
3494 3396 3692 3462 tacuit,

1996 3484 2095 3538 sed
2123 3489 2349 3554 tempus
2380 3483 2578 3538 statuit
2606 3488 2662 3537 et
2691 3499 3019 3538 mensuram
3062 3484 3493 3551 dominationis,
3547 3484 3691 3538 scili-

1997 3577 2085 3627 cet
2141 3572 2303 3626 donec
2337 3576 2678 3642 pertranseat
2721 3573 2952 3641 populus
2984 3577 3133 3627 tuus.
3195 3574 3359 3626 Prior
3417 3574 3689 3644 populus,

2003 3661 2102 3732 qui
2133 3660 2242 3715 fuit
2282 3665 2411 3715 ante
2463 3677 2586 3726 nos,
2641 3660 2820 3714 factus
2872 3664 2957 3713 est
3013 3666 3287 3731 tanquam
3329 3663 3474 3733 lapis
3520 3662 3697 3717 durus

2001 3754 2057 3803 et
2096 3748 2446 3809 incredulus,
2498 3763 2612 3801 non
2655 3752 2720 3800 ut
2770 3747 2977 3817 lapidis
3030 3753 3235 3801 natura
3297 3755 3544 3817 maneat,
3599 3749 3698 3803 sed

2003 3837 2182 3891 donec
2213 3841 2571 3905 pertranseat
2618 3837 2866 3906 populus
2913 3852 3083 3905 quem
3132 3836 3407 3890 Dominus
3451 3837 3694 3907 acquisi-

2001 3926 2101 3980 vit.
2142 3926 2297 3979 Unde
2328 3925 2494 3979 Rom.
2527 3940 2583 3977 x1
2618 3941 2630 3977 :
2666 3925 2887 3979 Cacitas
2913 3926 3055 3977 enim
3111 3940 3179 3977 ea:
3202 3928 3359 3992 parte
3383 3928 3611 3991 contigit
3639 3927 3697 3979 in

2002 4015 2189 4103 Israel,
2229 4014 2390 4068 donec
2425 4013 2704 4081 plenitudo
2753 4015 2990 4080 gentium
3037 4014 3288 4078 intraret,
3337 4017 3387 4066 et
3430 4018 3555 4067 tunc
3607 4014 3697 4068 Is-

1999 4101 2115 4161 rael
2143 4105 2325 4159 salvus
2353 4102 2543 4174 ﬁeret;
2579 4101 2678 4173 qui
2727 4117 2830 4173 per
2877 4101 3335 4156 incredulitatem
3384 4103 3567 4157 factus
3615 4107 3701 4156 est

2003 4198 2277 4264 tanquam
2336 4191 2499 4261 lapis,
2563 4190 2714 4245 unde
2778 4190 2977 4244 Matth.
3025 4205 3127 4244 iu:
3178 4191 3366 4244 Potens
3415 4196 3493 4245 est
3559 4196 3699 4247 enim

2006 4282 2152 4334 Deus
2182 4280 2247 4333 de
2294 4280 2572 4348 lapidibus
2616 4282 2739 4334 istis
2781 4282 3045 4333 suscitare
3096 4280 3236 4346 ﬁlios
3289 4279 3543 4334 Abrahz.
3592 4280 3697 4334 Sed

2006 4385 2135 4423 cum
2163 4373 2381 4421 creator
2407 4368 2479 4421 sit
2507 4368 2787 4422 omnium.
2833 4368 3126 4439 quomodo
3186 4368 3493 4438 acquisisse
3547 4369 3687 4422 dici-

2005 4461 2100 4510 tur
2128 4457 2282 4527 quod
2314 4472 2481 4510 suum
2514 4472 2634 4509 esse
2664 4456 2903 4510 dubium
2935 4473 3051 4511 non
3099 4457 3234 4510 est?
3284 4456 3499 4509 Dicitur
3546 4458 3701 4510 enim

2006 4546 2065 4599 in
2103 4544 2321 4598 cantico
2381 4545 2856 4598 Deuteronomii:
2914 4548 3095 4600 i‘v’onne
3148 4547 3234 4599 hic
3282 4548 3397 4615 ipse
3446 4547 3702 4599 Dominus

2008 4635 2155 4687 Deus
2186 4638 2328 4697 tuus,
2353 4636 2451 4701 qui
2496 4636 2624 4696 fecit
2684 4639 2733 4688 et
2783 4636 2986 4688 creavit
3038 4639 3105 4695 te,
3163 4638 3213 4687 et
3261 4636 3561 4701 acquisivit
3607 4635 3698 4690 te?

2007 4721 2196 4793 (Deut.
2254 4721 2447 4789 xxxii.)
2494 4722 2722 4775 Videtur
2772 4723 2927 4775 enim
2979 4721 3371 4791 unusquisque
3418 4722 3564 4778 illud
3618 4741 3705 4777 ac-

2008 4810 2235 4881 quirere
2295 4810 2449 4880 quod
2509 4826 2623 4864 non
2680 4810 2789 4864 fuit
2840 4826 3026 4864 suum.
3091 4810 3251 4864 Unde
3305 4811 3555 4865 haeretici
3624 4814 3692 4867 (lc

2009 4899 2297 4953 Salvatore
2348 4899 2543 4953 dicunt
2600 4898 2735 4970 quia
2787 4914 2903 4952 non
2956 4902 3118 4951 erant
3175 4898 3261 4952 sui
3312 4915 3455 4969 quos
3511 4904 3705 4973 acqui-

2010 4985 2139 5039 sivit
2194 5002 2206 5039 :
2277 4985 2409 5040 dato
2477 4986 2630 5039 enim
2704 4985 2890 5055 pretio
2964 4988 3245 5037 mercatus
3306 4990 3389 5039 est
3439 4985 3707 5042 homines

2012 5091 2156 5145 quos
2194 5074 2429 5129 Creator
2458 5074 2686 5138 fecerat,
2742 5077 2796 5126 et
2843 5076 3061 5125 certum
3118 5088 3239 5126 esse
3291 5073 3454 5129 aiunt
3504 5093 3707 5131 unum-

2011 5178 2301 5233 quemque
2355 5178 2542 5216 emere
2600 5161 2752 5231 quod
2812 5176 2977 5214 suum
3036 5177 3153 5214 non
3210 5166 3312 5216 est.
3391 5166 3706 5233 Apostolus

2013 5251 2169 5304 enim
2214 5251 2294 5304 ait
2341 5250 2361 5302 ῐ
2417 5249 2543 5303 Cor.
2598 5264 2718 5301 vn:
2776 5250 2952 5304 Pretio
2998 5256 3164 5318 empti
3218 5256 3366 5307 estis.
3413 5253 3519 5306 Sed
3570 5254 3705 5308 audi

2015 5339 2360 5409 Prophetam
2395 5354 2407 5391 :
2442 5339 2674 5393 Peccatis
2712 5340 2906 5392 vestris
2958 5340 3257 5394 venundati
3303 5345 3451 5409 estis,
3503 5348 3553 5396 et
3608 5359 3708 5412 pro

2014 5428 2400 5497 iniquitatibus
2451 5428 2645 5482 vestris
2674 5426 2865 5482 dimisi
2892 5433 3119 5483 matrem
3147 5436 3382 5485 vestram
3432 5432 3573 5499 (Isa.
3636 5432 3708 5501 ι..)

2017 5516 2116 5570 Dei
2148 5532 2285 5587 ergo
2311 5522 2585 5572 creaturae
2636 5533 2835 5573 omnes
2883 5533 3102 5589 sumus,
3159 5520 3259 5575 sed
3305 5519 3545 5591 peccatis
3593 5520 3708 5574 suis
