4052 6180
302 298 398 351 231

930 290 1331 346 WALAFRIDI
1370 289 1613 343 STRABI
1657 287 1856 342 FULD.
1900 284 2061 340 ΜΟΝ.
2101 281 2253 338 ΟΡΡ.
2299 279 2474 335 PARS
2514 279 2556 333 l.
2600 307 2668 315 —
2705 275 3159 332 TIlEOLOGICA.

3715 273 3815 326 233

304 412 548 485 quisque
574 409 877 480 venditur,‘
906 413 961 464 et
1007 427 1040 464 a
1088 410 1352 463 Creatore
1384 407 1637 461 discedit.
1700 405 1803 458 Dei
1849 419 1986 474 ergo
2019 407 2060 460 A
2100 417 2274 472 opere
2297 401 2596 455 humano:
2662 399 2944 469 templum
3001 396 3187 451 carnis
3233 394 3550 450 aediﬁcatur
3609 395 3670 449 in
3698 397 3816 450 Vir-

301 519 518 568 sumus,
551 501 861 554 secundum
894 498 1045 569 quod
1077 498 1145 552 ab
1176 514 1244 551 eo
1293 495 1469 550 creati
1515 510 1712 548 sumus
1748 510 1760 547 :
1814 492 1998 546 effecti

304 608 436 646 vero
467 590 613 644 servi
640 589 878 653 diaboli,
918 587 1231 641 secundum
1284 585 1439 656 quod
1487 583 1732 654 peccatis
1790 581 2000 635 nostris

2107 491 2263 562 gine,
2297 490 2395 544 sed
2426 489 2568 560 lapis
2601 488 2722 542 sine
2753 487 3016 542 manibus
3055 486 3274 540 excisus
3300 486 3495 552 crevit,
3546 487 3602 539 et
3639 485 3820 540 factus

2107 584 2191 633 est
2222 595 2384 632 mons
2423 594 2665 648 magnus
2695 576 2868 644 (Dan.
2922 575 3019 646 11):
3069 578 3178 629 hoc
3235 581 3318 628 est
3371 574 3820 628 sanctimonium

307 678 617 734 venundati
657 693 874 731 sumus.
922 675 1164 728 Veniens
1213 679 1404 728 autem
1451 672 1706 727 Christus
1759 669 2002 724 redemit
2106 669 2292 722 carnis
2325 671 2650 738 assumptaa,
2680 668 2736 720 et
2765 663 2888 718 sine
2918 663 3185 718 manibus
3215 667 3272 716 et
3301 663 3420 716 sine
3479 678 3654 732 opere
3716 662 3820 716 ho-

309 786 412 823 nos
437 767 743 821 servientes
771 764 1018 829 diabolo,
1052 763 1144 816 cui
1173 779 1274 816 nos
1305 761 1588 832 peccando
1617 759 1996 824 vendidimus,

309 863 366 913 et
395 857 473 911 ita
495 855 718 910 videtur
738 869 871 906 suos
914 850 1215 920 recepisse,
1268 866 1412 920 quos
1456 848 1707 914 creavit;
1757 853 1814 902 et
1863 848 2000 901 alie-

310 963 412 1000 nos
482 941 810 1014 acquisisse,
875 939 974 1010 qui
1048 939 1302 992 alienum
1360 937 1658 992 dominum
1716 935 2000 1007 peccando

2111 766 2332 819 mian
2388 765 2456 819 de
2514 768 2712 818 monte
2768 763 3036 817 humanae
3096 769 3315 817 naturae
3376 765 3432 814 et
3503 760 3820 815 substantia

2107 854 2293 908 carnis
2328 854 2603 908 excisum.

2181 944 2337 996 Vens.
2413 945 2494 996 18.
2545 971 2613 982 —-
2669 943 2932 995 Dominus
2983 938 3254 1005 regnabit,
3305 941 3410 992 etc.
3465 937 3666 1008 (01116.)
3709 940 3814 992 Do-

312 1031 714 1104 acquisierant.
746 1029 855 1084 Sed
909 1032 1060 1082 recte
1117 1043 1222 1081 nos
1269 1025 1576 1080 redemisse
1626 1025 1851 1091 dicitur,
1903 1024 2003 1094 qui
2108 1033 2269 1096 mine,
2316 1032 2413 1098 qui
2432 1044 2624 1098 regnas
2679 1031 2738 1082 in
2762 1029 3013 1083 secutum
3051 1031 3101 1079 et
3168 1028 3226 1080 in
3288 1027 3542 1080 saeculum
3561 1030 3610 1080 et
3638 1025 3816 1080 adhuc

314 1136 417 1191 pro
449 1119 631 1190 pretio
655 1123 851 1171 nostro
905 1114 1245 1185 sanguinem
1293 1130 1459 1168 suum
1510 1113 1680 1168 dedit.
1727 1112 1833 1166 Sed
1868 1112 2000 1182 quid

313 1210 426 1264 tale
456 1213 518 1260 ut
546 1223 650 1260 nos
675 1210 1028 1260 mercaretur
1053 1204 1311 1259 diabolus
1343 1202 1522 1257 'dedit
1545 1203 1573 1256 ?
1623 1202 2002 1256 Homicidium

311 1295 558 1366 pecunia
578 1293 788 1354 diaboli
817 1298 920 1358 est,
950 1292 1046 1346 ille
1079 1292 1234 1345 enim
1264 1292 1334 1345 ab
1359 1291 1524 1344 initio
1546 1290 1834 1344 homicida
1880 1295 1964 1343 est
1989 1305 2002 1354 ;

308 1384 488 1438 fecisti
566 1383 967 1447 homicidium,
1040 1380 1253 1434 diaboli
1332 1381 1633 1450 pecuniam
1716 1378 2000 1449 accepisti.

309 1473 465 1526 Idem
498 1472 801 1525 dicendum
860 1475 945 1523 est
989 1471 1058 1523 de
1110 1469 1410 1536 adulterio,
1461 1469 1780 1538 sacrilegio,
1831 1469 2001 1532 furto,

310 1561 451 1614 falso
483 1560 811 1614 testimonio
839 1563 894 1612 et
941 1558 1268 1627 hujusmodi
1303 1574 1314 1610 :
1389 1557 1492 1610 hac
1564 1557 1808 1627 pecunia
1850 1557 2004 1610 enim

311 1649 450 1702 emit
477 1653 534 1702 et
563 1648 738 1701 efﬁcit
766 1647 889 1700 ‘sibi
936 1663 1125 1700 servos
1167 1663 1365 1700 omnes
1415 1646 1514 1716 qui
1562 1646 1630 1700 de
1679 1646 2004 1716 hujusmodi

315 1753 491 1790 censu
528 1737 649 1805 ejus
681 1740 1188 1806 quantumcunque
1217 1734 1588 1805 susceperint.

314 1825 548 1878 F‘Vans.
621 1828 702 1878 l7.
767 1854 828 1862 —
893 1824 1210 1878 Introduces
1268 1839 1352 1876 eos
1410 1829 1458 1876 et
1526 1824 1826 1892 plantabis,
1898 1827 2001 1878 etc.

315 1913 524 1982 (01116.)
562 1914 685 1966 Non
719 1913 836 1965 vult
865 1928 968 1965 nos
1021 1911 1293 1965 Dominus
1333 1911 1392 1964 in
1437 1914 1678 1982 {Egypto
1728 1912 2003 1981 planlare,

313 2017 417 2055 nec
469 2002 528 2055 in
583 2001 813 2070 dejectis
863 2006 919 2054 et
970 2001 1284 2054 humilibus
1338 2001 1492 2065 locis,
1543 2001 1639 2054 sed
1690 2001 1750 2054 in
1811 2006 2004 2054 monte

313 2090 662 2144 haereditatis
692 2105 830 2143 suae.
867 2091 942 2142 De
977 2090 1081 2142 hac
1132 2089 1496 2159 plantatione
1541 2091 1825 2160 Propheta
1872 2089 2008 2144 dicit

313 2179 452 2249 psal.
485 2193 680 2230 Lxxxix
714 2193 728 2231 :
791 2179 1016 2233 Vineam
1047 2177 1112 2230 de
1140 2179 1372 2246 Egypto
1418 2179 1774 2246 transtulisti,
1805 2179 2010 2246 ejecisti

317 2270 496 2334 gentes
525 2270 574 2319 et
601 2267 869 2333 plantasti
898 2281 1015 2318 eam
1043 2281 1055 2318 :
1081 2265 1196 2318 dua:
1218 2268 1426 2319 itineris
1455 2269 1618 2332 fuisti
1643 2268 1702 2320 in
1729 2271 2009 2334 conspectu

316 2358 456 2425 ejus,
490 2360 540 2410 et
564 2356 836 2424 plantasti
863 2355 1074 2409 radices
1105 2356 1240 2424 ejus,
1275 2361 1324 2409 et
1353 2357 1578 2424 replevit
1609 2361 1826 2410 terram.
1866 2356 2008 2425 Ope-

318 2448 434 2498 ruit
471 2448 672 2498 montes
727 2444 919 2496 umbra
963 2445 1075 2512 ejus
1116 2448 1166 2497 et
1216 2444 1442 2497 arbusta
1487 2446 1602 2514 ejus
1651 2445 1831 2500 cedros
1883 2447 2005 2500 Dei.

320 2531 576 2587 Advertis
609 2531 894 2602 quomodo
922 2531 1139 2600 plantat
1172 2532 1318 2584 Deus
1357 2536 1412 2584 et
1442 2532 1576 2585 ubi!
1630 2533 1754 2586 Non
1795 2533 2013 2603 plantat

319 2619 378 2672 in
403 2619 662 2680 vallibus,
697 2619 796 2671 sed
825 2617 885 2671 in
917 2617 1227 2684 montibus,
1263 2619 1321 2672 in
1371 2619 1602 2673 excelsis
1647 2624 1704 2674 et
1735 2621 1792 2674 in
1833 2621 2009 2674 subli-

325 2708 513 2761 mibus
543 2707 698 2760 locis.
735 2706 885 2770 Quos
934 2706 1085 2759 cnim
1145 2706 1337 2761 educit
1389 2707 1458 2761 de
1514 2709 1774 2778 Aigypto,
1823 2709 1880 2764 id
1928 2715 2012 2764 est

321 2798 526 2851 saeculo
558 2796 630 2849 ad
654 2795 850 2864 ﬁdem,
887 2812 1002 2850 non
1049 2796 1170 2850 vult
1211 2795 1418 2850 iterum
1457 2796 1516 2850 in
1565 2797 1877 2852 humilibus
1928 2799 2009 2852 lo-

319 2902 466 2950 care,
528 2885 624 2939 sed
689 2884 1179 2938 conversationem
1241 2901 1443 2938 eorum
1505 2885 1810 2940 sublimem
1867 2903 2010 2953 esse,

327 2980 382 3028 et
411 2975 470 3028 in
496 2973 785 3028 montibus
815 2973 1075 3026 habitare
1106 2978 1163 3027 et
1193 2972 1252 3026 in
1293 2974 1546 3042 excelsis,
1587 2991 1705 3029 non
1747 2992 1850 3046 per
1896 2981 2016 3030 ter-

320 3078 443 3116 ram
473 3077 692 3132 repere.
726 3062 853 3114 Non
881 3061 1032 3114 ultra
1061 3061 1183 3114 vult
1217 3060 1444 3114 vineam
1493 3079 1652 3116 suam
1701 3063 1764 3118 in
1810 3065 2018 3120 humili

320 3151 566 3221 dejectos
594 3150 803 3204 habere
845 3148 1086 3218 fructus,
1137 3149 1234 3203 sed
1281 3151 1548 3220 palmites
1596 3169 1820 3206 sursum
1863 3154 2015 3221 duci,

320 3238 384 3292 in
431 3239 543 3292 alto
585 3237 781 3303 locari,
834 3237 1095 3290 traduces
1151 3237 1322 3291 ﬁeri:
1385 3243 1441 3292 et
1487 3241 1749 3294 traduces
1797 3257 1912 3296 non
1959 3243 2018 3296 in

323 3326 640 3380 humilibus
672 3325 988 3387 arboribus,
1023 3325 1117 3378 sed
1150 3324 1209 3378 in
1237 3326 1472 3380 excelsis
1519 3332 1574 3382 et
1619 3328 1683 3382 in
1730 3329 2020 3383 altissimis

324 3414 511 3470 cedris
564 3414 686 3482 Dei,
731 3413 1030 3483 prophetis
1067 3413 1290 3481 scilicet
1333 3420 1389 3468 et
1433 3417 1752 3484 apostolis:
1813 3417 2020 3488 quibus

325 3504 372 3558 si
405 3519 508 3557 nos
562 3503 969 3572 adjungamur,
1012 3501 1143 3556 vitis
1189 3519 1362 3574 quam
1410 3505 1708 3560 transtulit
1754 3507 1902 3560 Deus
1951 3507 2018 3560 de

325 3595 585 3664 Egypto,
639 3595 696 3645 et
734 3605 840 3660 per
883 3606 1074 3644 ramos
1113 3606 1315 3645 eorum
1356 3592 1536 3646 nostri
1589 3595 1854 3663 palmites
1911 3595 2018 3649 dif-

328 3681 661 3746 fundantur,
704 3684 761 3732 et
810 3679 950 3748 ipsis
995 3678 1186 3733 innexi
1233 3680 1494 3735 traduces
1536 3682 1853 3737 efﬁciamur
1889 3685 2019 3738 cha-

328 3767 511 3821 ritatis
543 3768 611 3821 ad
643 3767 884 3821 invicem
916 3768 1157 3821 vinculis
1200 3771 1350 3836 nexi,
1401 3771 1647 3826 fructum
1705 3773 2021 3844 plurimum

331 3854 654 3910 aﬁ'eremus.
687 3857 828 3913 Nam
857 3859 1029 3910 omnis
1074 3857 1237 3912 arbor
1281 3875 1400 3927 quae
1426 3875 1532 3914 non
1580 3864 1717 3928 facit
1782 3864 2023 3928 fructum

333 3945 526 3998 bonum
555 3945 832 3998 excidetur
858 3951 908 4000 et
937 3947 996 3998 in
1023 3947 1202 4012 ignem
1239 3950 1486 4002 mittetur
1519 3949 1734 4019 (Matth.
1773 3950 1880 4018 111.)

403 4035 733 4087 Firmissimo
756 4034 1063 4089 habitacqu
1114 4039 1224 4101 tuo,
1266 4041 1368 4092 etc.
1425 4036 1632 4108 (01116.)
1679 4040 1747 4092 In
1793 4055 2024 4110 praepa-

333 4126 457 4175 rata
499 4122 852 4176 habitatione
905 4139 1080 4193 quam
1144 4125 1501 4195 praeparasti,
1562 4126 1816 4180 Domine.
1883 4127 2022 4182 Vide

333 4208 630 4262 clementis
655 4208 975 4263 bonitatem
1006 4210 1238 4264 Domini
1272 4228 1284 4265 :
1315 4226 1428 4266 non
1474 4213 1596 4267 vult
1646 4218 1701 4268 te
1752 4213 2023 4269 inducere

2111 1118 2343 1184 Quoties
2374 1117 2583 1172 dicitur
2610 1119 2669 1171 in
2718 1116 2994 1180 saeculum,
3024 1113 3318 1183 longitudo
3378 1113 3609 1184 quidem
3673 1118 3820 1167 tem-

2111 1207 2283 1278 poris,
2313 1206 2412 1260 sed
2493 1221 2613 1259 esse
2684 1203 2891 1274 aliquis
2949 1201 3079 1256 linis
3163 1201 3486 1269 indicatur;
3556 1208 3613 1255 et
3649 1202 3697 1254 si
3749 1202 3807 1255 in

2113 1296 2272 1350 aliud
2326 1295 2597 1349 saeculum
2645 1293 2872 1358 dicitur,
2929 1290 3142 1362 aliquid
3203 1289 3432 1360 longius
3507 1290 3814 1354 indicatur,

2115 1385 2210 1439 sed
2243 1389 2436 1438 tamen
2468 1383 2598 1438 ﬁnis
2629 1382 2865 1453 ponitur
2897 1385 2993 1435 :et
3045 1379 3264 1450 quoties
3314 1379 3521 1433 saecula
3575 1379 3818 1433 saeculo-

2115 1490 2244 1528 rum
2299 1473 2688 1538 nominantur,
2740 1472 3001 1535 fortasse,
3060 1468 3192 1521 licet
3248 1467 3482 1538 ignotus
3529 1467 3816 1533 nobis,ta-

2116 1579 2308 1615 mena
2366 1563 2480 1614 Deo
2543 1564 2788 1614 statutus
2873 1557 3078 1628 aliquis
3169 1557 3450 1610 terminus
3517 1555 3818 1610 indicatur.

2117 1650 2277 1715 Quod
2301 1665 2434 1704 vero
2459 1648 2549 1702 hic
2595 1647 2814 1701 addidit
2838 1651 2889 1700 et
2929 1646 3127 1710 adhuc,
3175 1645 3398 1698 nullum
3443 1659 3672 1698 sensum
3710 1648 3821 1697 ter-

2116 1738 2258 1793 mini
2290 1737 2529 1807 alicujus
2558 1740 2656 1789 aut
2686 1735 2860 1789 ﬁnem
2892 1734 3169 1804 relinquit
3198 1749 3210 1787 :
3245 1733 3624 1803 quodcunque
3665 1732 3824 1785 enim

2115 1825 2478 1896 cogitaveris,
2524 1825 2584 1877 in
2636 1839 2750 1894 quo
2791 1823 2966 1877 ﬁnem
3011 1826 3176 1892 putes
3223 1821 3556 1889 consistere,
3597 1837 3825 1892 semper

2114 1915 2251 1969 dicit
2282 1914 2386 1968 tibi
2417 1929 2604 1967 sermo
2644 1912 3033 1983 propheticus,
3087 1915 3136 1964 et
3166 1910 3344 1964 adhuc
3380 1930 3395 1976 ;
3443 1909 3598 1964 velut
3627 1910 3674 1962 si
3719 1909 3823 1962 tibi

2115 2003 2284 2070 dicat,
2308 2005 2478 2057 Putas
2503 2003 2563 2055 in
2621 2001 2892 2055 saeculum
2946 2000 3140 2054 saeculi
3196 1999 3503 2053 Dominum
3551 2003 3823 2069 regnatu-

2115 2108 2241 2146 rum
2277 2109 2290 2157 ;
2326 2094 2381 2145 et
2409 2090 2593 2144 adhuc
2631 2093 2798 2159 putas
2819 2088 2879 2141 in
2945 2088 3152 2141 saecula
3205 2087 3544 2141 saeculorum
3577 2102 3590 2140 :
3623 2089 3680 2140 et
3731 2085 3818 2140 ad-

2117 2182 2249 2243 huc,
2287 2185 2342 2234 et
2399 2179 2785 2250 quodcunque
2837 2176 3048 2230 dixeris
3096 2175 3165 2229 de
3215 2175 3378 2247 regni
3419 2177 3542 2248 ejus
3595 2173 3814 2246 spatiis,

2120 2285 2348 2340 semper
2378 2268 2513 2322 dicit
2536 2267 2640 2321 tibi
2659 2266 2959 2336 propheta,
2982 2270 3030 2320 et
3079 2265 3276 2319 adhuc.

2191 2360 2361 2412 Vens.
2410 2359 2485 2410 19.
2522 2386 2590 2398 —
2621 2357 2750 2410 Filii
2793 2360 2972 2409 autem
3029 2355 3216 2418 Israel,
3266 2357 3371 2407 etc.
3433 2352 3632 2425 (01116.)
3686 2353 3826 2407 Ettu

2118 2447 2163 2502 si
2191 2448 2337 2515 ﬁlius
2367 2461 2419 2500 es
2468 2446 2654 2509 Israel,
2694 2449 2844 2514 potes
2869 2443 3147 2497 ambulare
3170 2459 3269 2512 per
3296 2446 3494 2497 siccum
3544 2443 3607 2498 in
3653 2442 3826 2496 medio

2117 2537 2306 2588 maris.
2343 2533 2401 2587 Si
2449 2531 2623 2585 fueris
2677 2530 2735 2584 in
2790 2530 2978 2584 medio
3047 2530 3293 2583 nationis
3340 2545 3530 2600 pravae
3586 2533 3642 2583 et
3697 2545 3826 2600 per-

2121 2638 2316 2687 versae,
2347 2621 2492 2674 sicut
2519 2621 2713 2673 lumen
2743 2619 2876 2672 solis
2907 2618 2966 2672 in
3027 2619 3214 2672 medio
3259 2623 3624 2688 peccatorum
3679 2619 3828 2671 ince-

2120 2712 2279 2777 deus,
2307 2725 2427 2763 non
2448 2713 2502 2763 te
2548 2709 2814 2762 infundet
2863 2711 3073 2761 humor
3127 2707 3360 2778 peccati,
3417 2712 3474 2761 et
3527 2723 3632 2778 per
3675 2707 3830 2760 hunc

2125 2799 2409 2854 mundum
2442 2801 2834 2851 transeuntem
2882 2797 3042 2849 nulla
3092 2793 3348 2850 libidinis
3406 2796 3559 2850 unda
3601 2811 3829 2866 resper-

2124 2893 2238 2958 get,
2271 2887 2462 2941 nullus
2492 2885 2818 2956 cupiditatis
2870 2889 3039 2939 aestus
3102 2884 3440 2939 verberabit.
3501 2884 3608 2948 Qui
3660 2886 3830 2955 [Egy-

2057 2999 2096 3054 ο
2129 2983 2264 3048 ptus
2295 2981 2398 3042 est,
2423 2980 2477 3030 et
2499 2975 2760 3046 sequitur
2804 2974 3181 3039 Pharaonem,
3237 2973 3508 3027 vitiorum
3560 2972 3832 3026 ﬂuctibus

2126 3064 2425 3134 mergitur.
2456 3063 2564 3128 Qui
2589 3079 2722 3116 vero
2771 3062 3028 3134 sequitur
3075 3061 3358 3116 Christum
3385 3078 3405 3129 -;
3454 3066 3510 3115 et
3563 3063 3705 3114 sicut
3739 3061 3833 3114 ille

2126 3152 2458 3219 ambulavit,
2485 3151 2762 3220 ambulat,
2791 3167 2937 3222 aqua
2970 3151 3022 3204 ei
3050 3151 3115 3205 ﬁt
3172 3166 3372 3204 murus
3416 3150 3616 3204 dextra
3660 3149 3833 3204 laeva-

2128 3258 2259 3312 que.
2295 3243 2418 3312 Ipse
2449 3245 2643 3295 autem
2674 3239 2862 3294 media
2917 3238 3007 3293 via
3045 3239 3275 3305 incedit,
3313 3255 3416 3309 per
3455 3239 3669 3292 siccum
3718 3253 3834 3291 non

2129 3330 2378 3385 declinat
2406 3330 2478 3384 ad
2511 3329 2805 3383 dexteram
2827 3344 3015 3400 neque
3043 3328 3113 3382 ad
3157 3327 3469 3392 sinistram,
3529 3341 3835 3398 usquequo

2129 3424 2291 3474 exeat
2319 3419 2389 3472 ad
2427 3418 2770 3485 libertatem,
2826 3421 2883 3470 et
2935 3418 3216 3487 hymnum
3269 3415 3530 3470 victoriae
3589 3417 3834 3470 Domino

2128 3513 2294 3562 canat
2329 3508 2521 3562 dicens
2554 3523 2566 3560 :
2597 3508 2882 3564 Cantemus
2903 3507 3142 3572 Domino,
3174 3509 3276 3558 etc.

2199 3598 2360 3650 Vens.
2409 3597 2587 3664 2Ο,21.
2653 3624 2721 3634 -
2781 3598 3141 3663 Tympanum.
3202 3592 3438 3663 (Summ)
3493 3592 3826 3647 Secundum

2132 3685 2541 3755 Hieronymum
2576 3689 2662 3737 est
2686 3698 2866 3754 genus
2894 3682 3046 3736 tubae
3093 3681 3152 3734 in
3201 3697 3426 3735 summo
3484 3680 3700 3734 habens
3736 3680 3832 3734 sti-

2129 3775 2330 3843 pulam
2355 3774 2442 3826 vel
2473 3773 2722 3826 ﬁstulam
2762 3789 2775 3838 ;
2807 3787 2911 3842 per
2931 3787 3104 3841 quam
3131 3785 3327 3824 vocem
3349 3769 3535 3823 reddit
3554 3784 3829 3823 sonoram

2133 3863 2372 3928 Chorus,
2405 3861 2717 3915 secuudum
2749 3860 3039 3925 eumdem,
3072 3859 3237 3930 pellis
3266 3859 3504 3928 simplex
3535 3873 3666 3912 cum
3699 3859 3837 3912 dua-

2129 3951 2237 4006 bus
2265 3949 2495 4015 cicutis;
2525 3964 2630 4019 per
2659 3949 2896 4002 alteram
2927 3948 3257 4018 inspiratur,
3315 3962 3419 4016 per
3475 3945 3716 3999 alteram
3749 3962 3838 4000 so-

2129 4053 2272 4091 num
2303 4036 2490 4091 reddit
2521 4053 2534 4090 :
2567 4053 2672 4107 per
2689 4042 2997 4107 utrumque
3025 4052 3161 4106 ergo
3183 4039 3426 4107 angusta
3452 4034 3843 4105 intelligentia

2132 4125 2338 4180 veteris
2367 4125 2511 4196 legis
2537 4125 2889 4196 designatur.
2926 4125 3106 4190 Quam
3165 4125 3320 4178 enim
3375 4123 3546 4178 breve
3601 4123 3672 4176 sit
3729 4123 3841 4177 mi-

2130 4214 2355 4269 nimum
2376 4213 2508 4268 inde
2530 4213 2871 4282 ostenditur,
2895 4213 3031 4284 quia
3052 4229 3224 4267 manu
3253 4212 3516 4267 mulieris
3547 4216 3836 4283 portatur.

332 4295 402 4350 ad
452 4296 730 4361 laborem,
776 4311 893 4350 non
941 4297 1062 4350 vult
1093 4302 1156 4351 ut
1207 4297 1327 4368 ipse
1379 4299 1553 4353 facias
1626 4300 1732 4355 tibi
1800 4301 2022 4356 habita—
2069 4287 2458 4358 1)Secundum
2497 4303 2892 4358 Cassiodorum
2917 4306 3370 4373 tympanum‘est
3397 4301 3563 4373 pellis
3609 4305 3843 4355 extensa

341 4383 571 4450 culum;
615 4383 737 4453 jam
785 4388 840 4438 te
887 4383 960 4438 ad
1011 4392 1391 4456 praeparatam
1449 4388 1679 4443 inducet
1726 4389 2028 4445 habitatio-

334 4488 494 4528 nem.
538 4473 697 4527 Unde
717 4474 878 4527 Joan.
909 4489 961 4526 1v
989 4490 1002 4527 :
1035 4475 1160 4529 Alii
1186 4475 1587 4545 laboraverunt,
1627 4483 1677 4533 et
1723 4493 1815 4533 vos
1861 4481 1921 4534 in
1950 4481 2030 4533 la-

339 4561 490 4616 bores
528 4577 710 4616 eorum
739 4564 1024 4617 introistis.

407 4651 794 4706 Sanctuarium
825 4655 995 4718 tuum,
1030 4655 1134 4706 etc.
1163 4653 1370 4724 (ORIG.)
1398 4655 1826 4710 Sanctimonium
1856 4660 2025 4722 tuum,

337 4741 574 4806 Domine,
645 4743 751 4792 etc.
833 4738 1287 4795 Sanctimonium
1347 4741 1554 4796 dicitur
1597 4743 2030 4798 tabernaculum

340 4826 460 4892 Dei,
507 4827 592 4879 vel
633 4825 939 4896 templum,
986 4843 1053 4880 eo
1104 4828 1259 4898 quod
1301 4823 1615 4884 sanctiﬁcat
1679 4830 2025 4885 accedentes.

340 4914 507 4968 Hebr.
543 4930 596 4968 1x
626 4914 732 4968 hoc
761 4932 875 4969 non
896 4915 1104 4970 dicitur
1132 4931 1306 4970 manu
1337 4915 1638 4971 hominum
1668 4918 1899 4986 factum,
1934 4919 2032 4974 sed

341 5019 515 5057 manu
566 5002 712 5057 Dei:
762 5009 999 5074 propter
1049 5008 1104 5058 te
1162 5021 1297 5076 ergo
1354 5007 1500 5059 Deus
1565 5011 1622 5060 et
1692 5008 1910 5078 plantat
1979 5012 2036 5063 et

342 5092 626 5162 mdiﬁcat;
676 5093 924 5162 agricola
969 5092 1215 5148 efﬁcitur
1262 5099 1318 5148 et
1361 5099 1625 5162 structor,
1667 5113 1739 5150 ne
1782 5096 1885 5151 tibi
1928 5097 2030 5152 ali-

341 5181 479 5251 quid
504 5180 667 5234 desit.
713 5181 868 5235 Unde
907 5183 1259 5251 Apostolusl
1312 5183 1438 5238 Cor.
1482 5201 1585 5238 111:
1639 5185 1746 5239 Dei
1790 5187 2032 5252 agricul-

346 5274 492 5337 tura,
524 5271 619 5323 Dei
646 5268 933 5337 aediﬁcatio
962 5273 1108 5326 estis.
1141 5271 1291 5336 Quid
1340 5277 1426 5326 est
1473 5288 1610 5344 ergo
1667 5274 1772 5328 hoc
1822 5277 2032 5328 sancti-

345 5356 607 5409 monium
636 5371 748 5408 non
782 5371 955 5408 manu
983 5357 1309 5425 hominum,
1342 5359 1437 5412 sed
1480 5360 1579 5414 Dei
1626 5367 2029 5430 praeparatum.

345 5445 507 5498 Prov.
537 5459 635 5496 1x:
689 5443 972 5512 Sapientia
1018 5445 1311 5514 aediﬁcavit
1358 5447 1467 5501 sibi
1514 5448 1750 5514 domum,
1805 5449 1861 5502 id
1928 5455 2030 5517 est,

345 5547 576 5586 carnem
629 5531 853 5597 Christi,
910 5549 1027 5588 non
1080 5549 1254 5589 manu
1319 5535 1589 5603 hominis,
1645 5535 1702 5591 id
1755 5541 1859 5606 est,
1918 5553 2036 5592 non

2135 4392 2286 4447 inter
2312 4391 2425 4446 duo
2481 4391 2684 4462 ligna:
2735 4407 2839 4462 per
2903 4392 3058 4462 quod
3113 4391 3418 4445 maceratio
3466 4389 3652 4444 carnis
3691 4389 3840 4444 desi-

2137 4485 2364 4551 gnatur.
2405 4480 2624 4534 Chorus
2668 4484 2863 4534 autem
2918 4485 3005 4534 est
3053 4479 3364 4534 multitudo
3416 4478 3586 4532 simul
3629 4494 3842 4532 canen-

2135 4570 2283 4623 tium
2342 4572 2398 4622 et
2453 4568 2660 4622 dicitur
2719 4569 2925 4622 chorus
2999 4569 3161 4639 quasi
3217 4583 3539 4622 coaevorum
3614 4571 3838 4620 cantus.

2137 4658 2294 4722 Quod
2320 4673 2456 4728 ergo
2534 4657 2594 4711 in
2641 4657 2813 4711 choro
2861 4657 3162 4728 aequaliter
3207 4672 3407 4710 omnes
3461 4671 3624 4709 voces
3690 4671 3846 4709 reso-

2137 4750 2296 4812 nant,
2330 4762 2432 4816 per
2467 4761 2599 4800 eum
2637 4747 2882 4801 charitas
2936 4746 3308 4816 signiﬁcatur,
3356 4760 3469 4816 qua
3523 4759 3727 4798 omnes
3787 4744 3848 4797 in

2139 4834 2360 4888 Christo
2417 4850 2599 4888 unum
2664 4850 2880 4889 sumus.
2923 4835 3258 4906 Quicunque
3315 4850 3451 4904 ergo
3515 4834 3630 4887 Deo
3672 4833 3847 4903 inju-

2138 4923 2319 4978 bilum
2349 4923 2545 4977 laudes
2575 4924 2781 4990 reddit,
2816 4923 3086 4990 inchoro,
3143 4925 3262 4987 hoc,
3302 4928 3386 4978 est
3439 4922 3499 4975 in
3538 4921 3843 4988 charitate,

2140 5013 2248 5067 hoc
2285 5015 2435 5082 agat,
2495 5017 2550 5066 et
2605 5012 2665 5065 in
2722 5017 3017 5084 tympano,
3051 5013 3107 5067 id
3155 5016 3241 5067 est
3296 5012 3354 5065 in
3405 5010 3852 5065 mortiﬁcatione

2140 5100 2344 5154 carnis.
2377 5100 2535 5155 Unde
2564 5100 2707 5171 psal.
2751 5117 2828 5155 CL.
2862 5117 2875 5155 :
2936 5101 3181 5156 Laudate
3235 5115 3354 5155 eum
3387 5101 3444 5154 in
3510 5103 3776 5168 tympano
3805 5103 3856 5152 et

2140 5187 2319 5254 choro,
2353 5191 2462 5242 etc.

2212 5276 2372 5331 Vsus.
2396 5279 2484 5330 22.
2517 5306 2586 5316 —
2612 5278 2754 5332 Tulit
2783 5280 2960 5331 autem
3012 5279 3180 5332 Moses
3228 5277 3414 5342 Israel,
3484 5279 3590 5329 etc.
3659 5275 3857 5345 Bapti-

2145 5364 2252 5418 zati
2277 5381 2379 5434 per
2409 5365 2692 5420 mundum
2722 5366 2884 5436 quasi
2905 5381 3008 5436 per
3037 5365 3326 5419 desertum
3357 5369 3491 5434 post
3533 5362 3849 5417 transitum

2143 5453 2318 5505 maris
2349 5453 2528 5507 Rubri
2557 5454 2859 5521 ducuntur,
2894 5455 3152 5508 nondum
3189 5454 3465 5508 habentes
3502 5451 3859 5522 promissam

2145 5541 2409 5611 patrium,
2443 5542 2543 5597 sed
2557 5548 2851 5613 sperantes
2873 5546 2930 5598 et
2947 5546 3334 5615 exspectantes
3356 5557 3460 5614 per
3482 5539 3850 5612 patientiam,
