4064 6186
186 226 259 276 233
1260 224 1513 282 GLOSSA
1551 227 1950 286 ORDINARIA.
1990 260 2057 271 —
2100 233 2232 289 LIB.
2277 232 2481 289 EXOD.

3528 240 3633 294 234

183 344 283 397 dum
328 340 589 394 laboriosa
634 344 691 395 et
743 341 1061 412 periculosa
1110 347 1424 404 tentatione
1474 349 1806 421 fatigantur.
1846 356 1889 409 Α
1919 355 2102 419 Quare
2133 355 2389 410 addidit:
2418 358 2721 428 Postquam
2752 362 2935 426 posuit
2983 359 3072 415 illi
3111 362 3247 414 Deus
3302 361 3555 429 justitias
3581 368 3633 417 et

184 429 262 483 Sed
285 445 343 483 ne
367 432 712 483 revertantur
747 431 916 485 corde
954 430 1015 486 in
1044 435 1366 505 Egyptum,
1402 453 1503 493 nec
1529 439 1609 493 ibi
1653 440 1810 495 Chri-

186 526 268 573 stus
290 517 499 571 deserit:
533 533 669 573 nam
692 523 751 573 et
776 520 872 574 illa
901 522 1169 576 columna
1198 540 1314 578 non
1346 526 1576 581 recedit.

234 608 359 660 Vens.
389 609 468 673 23,
497 608 586 660 2i.
617 638 687 648 —
718 609 797 663 Et
825 614 1103 676 venerunt,
1136 616 1241 666 etc.
1288 612 1496 682 (Ome,
1528 617 1667 669 hom.
1693 620 1724 671 6
1756 619 1813 670 in

190 694 339 763 Exod.)
368 696 489 748 Post
515 695 819 751 transitum
875 698 1049 753 maris
1104 700 1300 769 Rubri,
1358 706 1487 773 post
1528 704 1729 758 choros
1759 712 1814 760 et

188 790 410 853 tympana,
484 790 611 853 post
666 785 1043 857 triumphales
1106 788 1372 858 hymnos,
1461 792 1691 846 venitur
1743 795 1811 848 ad

188 874 308 936 itare,
336 888 521 939 aquam
543 873 755 927 scilicet
806 892 1069 942 amaram,
1103 894 1276 948 quam
1326 882 1570 951 p0pulus
1618 882 1813 936 bibere

185 976 265 1012 non
300 963 541 1029 poterat;
586 962 811 1016 venitur
861 963 932 1017 ad
969 964 1289 1034 periculum
1341 968 1483 1022 sitis.
1545 969 1655 1023 Sed
1703 970 1815 1023 cla-

181 1047 312 1101 mavit
349 1049 518 1103 Moses
585 1051 656 1104 ad
706 1052 1031 1119 Dominum,
1084 1058 1139 1107 et
1176 1057 1428 1111 ostendit
1466 1058 1517 1111 ei
1570 1058 1812 1128 lignum,

181 1152 264 1206 quo
309 1136 470 1190 dulcis
551 1137 698 1192 facta
752 1146 837 1193 est
900 1158 1069 1211 aqua,
1135 1148 1191 1197 et
1245 1144 1325 1198 ibi
1408 1146 1595 1215 posuit
1668 1149 1814 1201 Deus

183 1224 243 1277 illi
284 1224 510 1293 justitias
577 1230 632 1279 et
678 1226 1007 1295 judicium;
1063 1230 1161 1283 ubi
1214 1232 1426 1287 scilicet
1471 1234 1811 1299 amaritudo,

182 1313 251 1364 ubi
287 1312 413 1380 sitis,
464 1317 539 1376 et,
609 1315 763 1384 quod
824 1316 1052 1385 gravius
1137 1324 1240 1384 est,
1323 1320 1384 1374 in
1463 1322 1816 1376 abundantia

182 1415 422 1469 aquarum,
462 1400 611 1454 alius
662 1418 775 1456 non
854 1409 973 1457 erat
1030 1405 1185 1458 locus
1246 1406 1477 1477 dignior
1527 1415 1584 1462 et
1629 1411 1815 1480 aptior

183 1489 402 1541 Praeterea
454 1490 607 1559 quod
664 1489 819 1556 dicit,
893 1493 1123 1546 ostendit
1142 1495 1228 1547 illi
1274 1496 1481 1561 lignum
1536 1498 1705 1564 Deus,
1760 1503 1818 1553 et

181 1574 435 1629 misitillud
458 1575 519 1629 in
542 1593 773 1647 aquam,
801 1582 858 1632 et
915 1580 1061 1633 facta
1093 1587 1180 1634 est
1238 1581 1439 1649 dulcis,
1487 1586 1650 1654 quasi
1700 1602 1816 1639 non

176 1668 321 1732 posset
349 1664 461 1718 sine
489 1664 651 1735 ligno
711 1683 919 1738 aquam
963 1668 1146 1723 facere
1195 1670 1421 1725 dulcere
1494 1673 1661 1741 Deus,
1725 1678 1824 1729 aut

177 1751 311 1805 Moses
334 1753 547 1822 lignum
579 1755 843 1817 nesciret,
902 1756 1010 1811 Sed
1061 1758 1108 1811 si
1164 1758 1254 1812 lex
1308 1760 1619 1815 secundum
1673 1763 1822 1817 litte-

171 1855 264 1893 ram
294 1841 608 1911 accipiatur,
644 1859 839 1898 amara
869 1848 954 1899 est
982 1848 1038 1899 et
1065 1846 1191 1916 ipsa
1236 1847 1406 1901 Mare.
1466 1848 1614 1912 Quid
1668 1850 1823 1905 enim

172 1931 262 1981 tam
287 1945 532 1984 amarum
559 1948 732 2002 quam
759 1938 824 1987 ut
853 1950 997 2004 puer
1054 1940 1249 1989 octavo
1293 1936 1383 1991 die
1436 1936 1823 1994 circumcisio-

170 2016 238 2069 nis
260 2018 441 2072 vulnus
460 2020 725 2091 accipiat,
757 2027 814 2075 et
839 2023 1086 2091 rigorem
1140 2024 1277 2078 ferri
1337 2030 1536 2079 tenera
1573 2027 1825 2097 patiatur

172 2105 394 2160 infantia?
422 2111 699 2163 Amarum
732 2114 817 2164 est
846 2111 999 2165 enim
1027 2112 1297 2182 poculum
1354 2114 1516 2183 legis,
1572 2117 1824 2186 populus

173 2203 262 2263 Dei,
284 2220 385 2258 non
415 2206 514 2277 qui
572 2207 634 2260 in
688 2209 835 2261 Mose
886 2208 1208 2278 baptizatus
1260 2216 1344 2265 est
1396 2211 1455 2266 in
1505 2211 1657 2267 nube
1686 2213 1824 2267 etin

173 2293 297 2359 mari,
326 2294 415 2347 sed
443 2294 641 2365 quiin
689 2297 896 2366 spiritu
942 2302 997 2352 et
1034 2314 1183 2369 aqua
1236 2316 1353 2354 non
1402 2301 1579 2371 possit
1624 2302 1822 2357 bibere

172 2387 210 2433 et
228 2385 444 2449 gustare,
490 2398 600 2437 nec
656 2383 973 2439 hostiarum
1014 2386 1163 2440 ferre
1219 2388 1685 2455 amaritudinem,
1718 2408 1823 2445 nec

170 2470 343 2523 sabbati
386 2471 825 2527 observantiam.
870 2474 978 2528 Sed
1026 2475 1073 2528 si
1110 2477 1255 2530 Deus
1299 2479 1560 2533 ostendat
1598 2479 1820 2551 lignum

172 2558 287 2627 quod
328 2558 586 2613 mittatur
630 2560 691 2614 in
768 2562 913 2615 hanc
986 2565 1451 2633 amaritudinem,
1506 2566 1687 2622 dulcis
1758 2569 1824 2623 ﬁt

170 2660 281 2714 aqua
316 2646 447 2716 legis
479 2652 541 2701 et
579 2648 867 2718 potabilis.
898 2651 1061 2705 Prov.
1122 2669 1179 2706 ιιι
1212 2670 1224 2707 :
1286 2656 1570 2723 Sapientia
1613 2656 1821 2723 lignum

170 2735 261 2786 vita
285 2740 353 2789 est
382 2738 439 2789 in
489 2738 743 2791 omnibus
795 2741 1235 2808 amplectentibus
1287 2759 1422 2797 eam.
1482 2744 1539 2798 Si
1590 2760 1727 2815 ergo
1750 2746 1818 2799 1i-

169 2835 306 2888 gnum
356 2824 654 2894 sapientiae
696 2825 902 2880 Christi
969 2828 1212 2883 missum
1280 2831 1455 2885 fuerit
1530 2832 1592 2885 in
1670 2834 1815 2903 lege,

1911 443 2149 512 judicia,
2181 444 2262 498 ibi
2287 446 2529 499 tentab’at
2585 461 2703 499 eum
2726 446 2905 501 dicens
2937 463 2949 500 :

3037 449 3097 504 Si
3163 447 3408 503 audieris
3456 465 3632 504 vocem

1924 532 2138 587 Domini
2168 533 2273 587 Dei
2299 536 2397 588 tui.
2431 534 2663 588 Videtur
2704 550 2987 605 exponere
3026 553 3202 607 quare
3265 537 3633 607 justiﬁcatio-

1923 637 2022 674 nes
2055 626 2111 675 et
2132 621 2345 690 judicia
2375 622 2550 692 dedit,
2586 627 2646 677 ut
2677 623 2887 677 scilicet
2942 630 3186 679 tentaret
3224 642 3324 679 eos
3356 625 3404 680 si
3466 626 3629 681 audi-

1925 715 2051 762 rent
2076 726 2272 764 vocem
2306 711 2531 765 Domini
2565 711 2682 778 Dei,
2714 717 2769 766 et
2794 713 3060 766 mandata
3081 715 3203 783 ejus
3237 714 3631 771 custodirent.

1925 798 2064 851 Nam
2087 800 2453 868 quantumad
2486 800 2736 869 priorem
2792 802 3093 871 populum,
3159 803 3294 872 quid
3348 804 3429 857 eis
3498 803 3637 858 boni

1925 892 2022 939 aut
2051 887 2287 957 perfecti
2319 889 2811 942 murmurantibus
2832 896 2888 943 et
2913 890 3435 945 contradicentibus
3469 908 3624 947 man-

1924 974 2174 1041 daretur,
2203 975 2303 1046 qui
2358 976 2530 1044 paulo
2572 981 2716 1044 post,
2774 976 3125 1032 mirabilium
3176 978 3279 1031 Dei
3329 980 3518 1045 obliti,
3556 981 3628 1034 ad

1922 1062 2075 1117 idola
2099 1069 2505 1117 convertuntur
2531 1066 2559 1117 ?
2585 1065 2799 1117 Dantur
2825 1082 2960 1135 ergo
2995 1072 3278 1136 praecepta
3318 1067 3379 1121 in
3422 1068 3633 1139 quibus

1924 1155 2217 1203 tententur
2251 1168 2262 1216 ;
2290 1151 2439 1204 unde
2464 1168 2475 1204 :
2496 1152 2627 1205 Dedi
2656 1154 2806 1207 vobis
2836 1160 3106 1221 praecepta
3133 1160 3184 1207 et
3205 1156 3633 1223 justiﬁcationes

1924 1254 2029 1292 non
2059 1240 2222 1292 bonas
2253 1242 2309 1292 in
2340 1240 2535 1306 quibus
2575 1256 2679 1293 non
2728 1244 2909 1294 vivent
2964 1242 3177 1310 (Ezech.
3244 1245 3355 1311 xx).
3412 1245 3632 1300 Tentati

1926 1327 2081 1380 enim
2106 1326 2161 1379 in
2189 1328 2490 1396 praeceptis
2512 1343 2627 1380 non
2647 1327 3017 1382 inveniuntur
3047 1330 3263 1396 fideles,
3289 1331 3419 1386 ideo
3445 1332 3634 1388 inven-

1926 1420 2049 1469 tum
2079 1420 2163 1468 est
2191 1416 2271 1467 eis
2298 1416 2633 1469 mandatum
2654 1433 2773 1470 esse
2803 1418 2872 1470 ad
2902 1424 3143 1472 mortem
3204 1422 3357 1490 quod
3412 1426 3533 1475 erat
3561 1421 3633 1475 ad

1926 1502 2118 1556 vitam.
2154 1503 2308 1556 Idem
2340 1504 2514 1569 enim,
2551 1505 2594 1556 si
2616 1510 2891 1571 servetur,
2925 1506 3095 1560 vitam
3130 1523 3142 1572 ;
3174 1508 3220 1559 si
3264 1523 3385 1562 non
3435 1524 3631 1563 serve-

1930 1596 2041 1657 tur,
2086 1596 2331 1645 mortem
2353 1597 2608 1662 generat.
2647 1594 2770 1647 Non
2796 1594 3152 1647 servantibus
3182 1611 3319 1664 ergo
3366 1596 3635 1650 dicuntur

1933 1679 2199 1733 mandata
2241 1696 2355 1733 non
2398 1681 2566 1748 bona,
2617 1685 2673 1735 et
2726 1680 2787 1734 in
2829 1681 3036 1751 quibus
3083 1697 3198 1734 non
3260 1681 3467 1736 vivant.
3527 1682 3632 1737 Sed

1934 1766 2347 1837 admistoliguo
2379 1768 2577 1835 crucis,
2625 1768 2686 1822 in
2744 1768 3102 1822 dulcedinem
3158 1785 3338 1837 versa,
3364 1774 3419 1823 et
3465 1769 3631 1840 spiri-

1931 1856 2164 1909 tualiter
2217 1856 2524 1919 intellecta,
2580 1861 2635 1910 et
2686 1862 2906 1911 servata
2956 1862 3091 1911 sunt
3157 1859 3429 1913 mandata
3487 1858 3632 1913 vitae.

1932 1946 2203 1999 Cunctum
2264 1947 2575 2013 languorem
2635 1961 2791 2014 quem
2856 1949 3019 2015 posui
3075 1949 3135 2001 in
3190 1949 3445 2016 Egypto,
3529 1963 3635 2002 non

1930 2036 2187 2091 inducam
2210 2050 2372 2105 super
2403 2042 2476 2091 te.
2518 2036 2748 2090 Videtur
2789 2036 2975 2090 dicere
3007 2037 3161 2107 quod
3193 2037 3239 2090 si
3269 2037 3397 2107 quis
3452 2042 3636 2092 servet

1930 2125 2211 2179 mandata
2254 2124 2474 2178 nullam
2529 2124 2933 2194 aegritudinem
2992 2125 3261 2195 patiatur,
3297 2125 3354 2179 id
3388 2130 3472 2180 est
3527 2142 3632 2181 nec

1930 2211 2133 2279 febres,
2186 2228 2291 2266 nec
2320 2212 2461 2266 alios
2492 2213 2714 2266 dolores
2756 2228 3076 2283 corporeos.
3109 2213 3214 2268 Sed
3255 2213 3489 2267 omnino
3531 2215 3635 2268 Iob

1922 2299 2291 2370 jnstissimus,
2318 2303 2373 2353 et
2402 2299 2559 2353 omni
2613 2300 2822 2370 pietate
2865 2300 3094 2370 plenus,
3130 2316 3162 2353 a
3208 2300 3391 2371 capite
3451 2317 3633 2372 usque

1928 2389 2000 2443 ad
2030 2389 2203 2459 pedes
2258 2389 2513 2458 repletur
2569 2388 2759 2442 ulcere
2822 2388 3094 2458 pessimo.
3162 2388 3273 2443 Sed
3316 2387 3457 2457 justi
3515 2404 3633 2443 non

1926 2475 2139 2529 habent
2158 2475 2285 2529 illas
2315 2475 2677 2529 inﬁrmitates
2724 2493 2867 2547 quas
2918 2477 3184 2548 Egyptii.
3252 2478 3524 2546 Egyptus
3550 2481 3634 2530 est

1928 2564 2213 2618 mundus:
2246 2562 2484 2635 diligere
2531 2580 2666 2635 ergo
2720 2565 3000 2619 mundum
3032 2570 3087 2619 et
3143 2581 3272 2636 quae
3302 2564 3363 2618 in
3414 2565 3630 2619 mundo

1928 2656 2079 2716 sunt,
2127 2652 2421 2723 Egyptius
2472 2652 2716 2723 languor
2789 2659 2875 2707 est
2924 2670 2937 2720 ;
3000 2654 3300 2708 observare
3387 2668 3628 2719 menses,

1925 2746 2208 2811 tempora,
2290 2741 2583 2795 stellarum
2677 2743 2935 2797 cursibus
3023 2743 3337 2811 adhaerere,
3418 2741 3630 2795 servire

1928 2829 2107 2896 carni,
2140 2828 2383 2883 luxurias
2414 2845 2645 2900 operam
2678 2831 2812 2885 dare
2836 2836 2893 2885 et
2939 2830 3155 2885 deliciis
3204 2846 3422 2895 vacare,
3470 2831 3633 2901 Egy—

169 2911 415 2965 ostendens
486 2915 782 2984 quomodo
860 2916 1064 2970 debeat
1144 2918 1387 2989 intelligi
1461 2920 1818 2976 circumcisio
1858 2927 1895 2983 C
1927 2918 2081 2989 ptius
2116 2919 2359 2989 languor
2382 2922 2485 2973 est.

167 2998 533 3066 sabbatum,lex
566 3003 740 3072 leprse
771 3008 828 3057 et
874 3004 1221 3073 hujusmodi,
1271 3007 1593 3061 amaritudo
1654 3008 1818 3079 legis,

169 3087 359 3142 vertitur
403 3089 463 3142 in
531 3091 892 3144 dulcedinem
950 3092 1345 3162 intelligentiae
1401 3094 1729 3165 spiritualis,
1758 3101 1822 3152 ut

170 3176 368 3244 populus
394 3177 593 3231 bibere
622 3178 799 3248 possit
826 3180 924 3249 qui
955 3179 1110 3234 idola
1166 3181 1399 3252 reliquit
1444 3188 1501 3237 et
1544 3184 1613 3237 ad
1639 3185 1819 3238 Deum

171 3262 391 3333 confugit.
424 3265 483 3319 Si
550 3266 749 3319 audiat
798 3267 981 3337 legem
1031 3269 1099 3322 de
1157 3270 1447 3324 sacriﬁciis
1501 3272 1820 3341 docentem,

170 3350 390 3405 continuo
418 3352 637 3423 refugit
658 3357 715 3407 et
747 3353 943 3409 bibere
980 3372 1098 3411 non
1145 3362 1345 3427 potest.
1381 3360 1443 3412 In
1501 3359 1648 3413 hanc
1685 3376 1821 3431 ergo

170 3438 585 3507 amaritudinem,
618 3441 676 3495 id
709 3447 793 3496 est
817 3443 1066 3499 litteram
1120 3446 1283 3516 legis,
1324 3448 1517 3518 posuit
1560 3450 1707 3503 Deus
1725 3450 1821 3520 ju-

168 3524 310 3580 stitias
330 3532 380 3581 et
431 3531 783 3598 testimonia,
843 3532 997 3586 velut
1052 3533 1340 3588 scilicetin
1394 3536 1620 3590 vasculo
1678 3552 1821 3607 quo-

168 3615 266 3670 dam
314 3619 607 3689 sapientia:
640 3636 757 3674 suae
815 3626 871 3675 et
924 3622 1176 3677 scientias
1216 3625 1511 3679 thesauros
1536 3626 1825 3680 concludit

169 3700 445 3780 [condidit].
480 3708 644 3763 Unde
674 3725 687 3762 :
728 3709 1013 3766 Habemus
1068 3713 1376 3767 thesaurum
1405 3716 1569 3769 istum
1597 3716 1655 3768 in
1675 3717 1824 3769 uasis

165 3791 378 3858 fictilibus
407 3799 421 3866 (
452 3798 500 3851 II
517 3798 642 3855 Cor.
678 3799 779 3868 III).
818 3800 890 3853 Ut
916 3815 1053 3870 ergo
1094 3800 1273 3870 possit
1319 3802 1441 3855 haec
1485 3818 1634 3873 aqua
1681 3802 1823 3873 bibi,

166 3884 366 3939 ostendit
386 3886 537 3940 Deus
559 3886 782 3956 lignum
822 3888 977 3959 quod
1018 3888 1282 3943 mittatur
1310 3889 1371 3943 in
1427 3906 1574 3957 eam,
1622 3894 1687 3944 ut
1724 3890 1825 3961 qui

166 3968 329 4026 biberit
352 3990 466 4029 non
497 3976 801 4043 moriatur,
847 3992 961 4030 non
1008 3977 1217 4031 sentiat
1272 3978 1734 4033 amaritudinem.
1766 3979 1824 4034 Si

166 4059 262 4127 quis
285 4078 409 4133 ergo
436 4064 564 4117 sine
596 4064 753 4134 ligno
785 4065 935 4132 vitae,
967 4065 1023 4120 id
1057 4070 1158 4134 est,
1207 4067 1329 4123 sine
1379 4068 1651 4137 mysterio
1699 4084 1825 4122 cru-

2000 3009 2276 3061 Venerunl
2295 3010 2493 3071 autem,
2524 3008 2628 3059 etc.
2664 3005 2866 3075 (ORIG.,
2886 3006 3050 3075 ibid.)
3079 3006 3204 3060 Non
3227 3010 3357 3060 ante
3402 3005 3465 3060 in
3487 3004 3631 3061 Elim

1928 3094 2155 3150 ducitur
2179 3095 2444 3165 populus,
2476 3094 2574 3149 ubi
2600 3098 2768 3149 erant
2792 3094 3095 3149 duodecim
3124 3096 3309 3150 fontes
3351 3111 3631 3166 aquarum

1928 3183 2137 3256 quibus
2163 3184 2244 3237 nil
2278 3184 2465 3237 inerat
2513 3183 2937 3249 amaritudinis,
2987 3183 3108 3238 sed'
3146 3183 3446 3238 amoenitas
3495 3183 3633 3254 plu-

1928 3272 2075 3327 rima
2105 3288 2170 3327 ex
2215 3272 2491 3327 densitate
2546 3273 2901 3342 palmarum:
2955 3272 3052 3326 sed
3102 3272 3263 3343 prius
3314 3272 3519 3326 ductus
3550 3274 3635 3326 est

1928 3360 2000 3414 ad
2027 3377 2204 3431 aquas
2248 3361 2422 3414 salsas
2474 3364 2531 3413 et
2576 3375 2820 3425 amaras,
2881 3359 3090 3430 quibus
3149 3375 3253 3431 per
3320 3360 3545 3429 lignum
3601 3375 3635 3412 a

1931 3449 2173 3503 Domino
2232 3454 2615 3503 monstratum
2672 3449 2996 3513 dulcoratis,
3029 3448 3257 3503 venitur
3286 3448 3358 3502 ad
3420 3448 3629 3503 fontes.

1927 3536 1985 3592 Si
2038 3537 2331 3592 historiam
2394 3537 2572 3591 solam
2636 3552 2964 3607 sequamur,
3045 3553 3159 3591 non
3218 3537 3464 3590 multum
3529 3552 3633 3590 nos

1930 3626 2175 3680 aediﬁcat
2202 3625 2345 3679 scire
2396 3626 2465 3680 ad
2511 3642 2683 3696 quem
2738 3626 2927 3679 locum
2984 3626 3171 3695 primo
3228 3625 3506 3692 venerint,
3564 3624 3634 3678 ad

1931 3729 2103 3785 quem
2158 3713 2426 3768 secundo.
2482 3714 2671 3768 Primo
2729 3717 2922 3767 autem
2987 3713 3217 3767 ducitur
3268 3714 3512 3784 populus
3564 3712 3635 3766 ad

1931 3803 2179 3857 litteram
2202 3801 2362 3871 legis,
2395 3817 2429 3855 a
2458 3818 2571 3872 qua
2597 3802 2735 3856 dum
2791 3804 3091 3871 permanet
3137 3801 3196 3853 in
3252 3800 3634 3855 amaritudine

1931 3907 2054 3956 sua,
2080 3890 2343 3944 recedere
2373 3904 2490 3942 non
2521 3893 2724 3960 potest.
2752 3889 2893 3942 Cum
2926 3903 3062 3955 ergo
3088 3904 3190 3958 per
3246 3888 3473 3956 lignum
3503 3887 3632 3942 vitae

1932 3980 2105 4034 fuerit
2172 3977 2550 4041 indulcorata,
2622 3980 2679 4030 et
2743 3976 3117 4046 spiritualiter
3174 3976 3480 4040 intellecta,
3565 3975 3635 4029 de

1936 4065 2120 4120 Veteri
2145 4066 2505 4119 Testamento
2538 4062 2739 4117 transit
2771 4062 2841 4116 ad
2865 4063 3102 4128 Novum,
3135 4066 3192 4116 et
3224 4062 3296 4115 ad
3327 4060 3631 4115 duodecim

164 4148 235 4211 εἰς,
264 4151 375 4205 sine
429 4153 547 4207 ﬁde
611 4153 839 4219 Christi,
900 4155 1022 4208 sine
1088 4155 1467 4226 intelligentia
1546 4155 1828 4227 spirituali
1871 4218 1902 4227 λ
1935 4153 2272 4226 apostolicos
2303 4152 2511 4212 fontes.
2544 4151 2644 4206 ubi
2699 4152 3065 4221 reperiuntur
3122 4150 3351 4205 arbores
3409 4153 3636 4220 septua-

165 4235 345 4302 biberit,
385 4242 773 4296 amaritudine
792 4218 1103 4298 morietur.
1166 4218 1369 4299 Unde:
1430 4218 1635 4299 Littera
1689 4246 1824 4298 occi-
1871 4218 1909 4272 θ
1935 4218 2093 4313 ginta
2130 4243 2473 4311 palmarum.
2509 4242 2634 4295 Non
2659 4218 2813 4294 enim
2880 4240 2985 4294 soli
3047 4239 3352 4295 duodecim
3396 4218 3639 4309 apostoli

166 4324 243 4391 dit,
276 4327 324 4381 id
346 4334 448 4395 est,
485 4346 640 4402 aqua
679 4332 848 4400 Mare,
898 4332 947 4386 si
992 4332 1222 4387 bibatur
1277 4348 1391 4387 non
1447 4337 1663 4387 mutata
1694 4332 1830 4386 etin

169 4411 486 4472 dulcedinem
520 4434 712 4473 versa.

234 4503 376 4559 Vnus.
460 4509 662 4561 25-27.
708 4534 780 4551 —
852 4508 957 4573 Qui
1018 4510 1252 4564 ostendit
1332 4512 1401 4577 ei,
1460 4514 1566 4564 etc.
1647 4512 1828 4579 (Aue.,

171 4590 325 4653 Quasi.
358 4598 506 4649 57in
537 4596 754 4665 Exod.)
807 4598 996 4652 Genus
1048 4598 1193 4668 ligni
1248 4604 1369 4652 erat
1416 4598 1584 4652 istam
1614 4598 1831 4652 habens

170 4678 278 4735 vim:
306 4698 376 4737 an
413 4685 679 4755 quolibet
707 4686 862 4756 ligno
892 4686 1079 4740 facere
1102 4691 1325 4757 poterat
1346 4688 1512 4753 Deus,
1554 4685 1653 4757 qui
1674 4689 1834 4741 tanta

170 4769 411 4826 mirabilia
441 4773 692 4827 faciebat
716 4774 744 4829 ‘l
796 4775 1035 4829 Videtur
1083 4781 1278 4830 tamen
1329 4775 1647 4845 signiﬁcare
1678 4774 1834 4845 quod

172 4853 342 4912 dictum
363 4865 473 4928 est,
508 4861 746 4916 ostendit
770 4865 836 4929 ei,
870 4867 1146 4934 tanquam
1170 4864 1293 4933 jam
1348 4864 1463 4917 tale
1508 4867 1655 4917 esset
1687 4862 1835 4929 ;nisi

174 4942 282 4998 forte
304 4948 459 5003 locus
496 4954 627 5003 erat
651 4950 749 5004 ubi
798 4951 953 5021 ligna
1010 4952 1248 5006 omnino
1304 4968 1419 5005 non
1460 4951 1835 5005 invenieban-

176 5038 255 5098 tur,
303 5041 361 5091 ut
413 5039 529 5093 hoc
590 5038 780 5109 ipsum
824 5044 974 5094 esset
1014 5040 1194 5095 divini
1244 5040 1524 5109 adjutorii
1600 5040 1751 5110 quod
1786 5040 1839 5093 ei

177 5120 407 5180 Dominus
442 5128 680 5198 lignum
706 5128 976 5195 ostendit,
1008 5130 1109 5184 ubi
1126 5130 1352 5183 nullum
1386 5133 1527 5194 erat,
1562 5134 1619 5183 et
1642 5145 1746 5199 per
1776 5129 1840 5183 li-

177 5222 311 5276 gnum
344 5232 526 5287 aquas
585 5217 796 5282 dulces,
867 5217 1019 5285 fecit,
1065 5219 1440 5289 preeﬁgurans
1498 5218 1739 5288 gloriam
1788 5221 1844 5273 et

179 5302 376 5364 gratiam
401 5304 612 5358 crucis.
657 5304 766 5359 Sed
822 5305 881 5359 in
928 5305 1029 5361 tali
1084 5306 1255 5361 etiam
1330 5307 1487 5377 ligno
1548 5307 1677 5378 quis
1732 5305 1843 5360 nisi

184 5392 364 5444 creator
394 5398 452 5447 et
472 5393 897 5448 demonstrator
924 5394 1242 5450 laudandus
1270 5400 1372 5450 est.

232 5478 297 5533 Ibi
319 5484 607 5538 constituit
631 5484 682 5537 ei
708 5486 1002 5552 pracepta.
1062 5483 1259 5554 (0816.,
1334 5484 1471 5539 hom.
1499 5488 1528 5537 7
1558 5485 1617 5538 in
1644 5484 1845 5555 Exod.)

508 5556 789 5623 ΡΑΤιιοι..
839 5555 1056 5623 CXIII.

1936 4331 2107 4385 ﬁdem
2138 4329 2345 4385 Christi
2376 4329 2848 4400 praedicaverunt,
2880 4329 2974 4382 sed
3025 4333 3079 4382 et
3109 4328 3206 4382 alii
3256 4327 3637 4398 septuaginta,

1936 4434 2200 4489 perquos
2238 4418 2457 4487 palmas
2514 4416 2760 4471 victorize
2818 4417 3026 4471 Christi
3088 4416 3336 4479 mundus
3385 4416 3634 4485 agnovit.

1941 4509 2064 4561 Non
2094 4506 2453 4577 sufﬁcitergo
2508 4506 2725 4576 populo
2785 4504 2885 4558 Dei
2944 4521 3153 4575 aquam
3211 4506 3361 4560 Mara
3424 4504 3639 4569 bibere,

1939 4594 2197 4666 quamvis
2220 4595 2635 4649 indulcoratam
2668 4609 2771 4663 per
2801 4594 3023 4663 lignum
3056 4592 3182 4647 vitae
3216 4613 3231 4660 ;
3262 4593 3445 4647 solum
3470 4593 3643 4647 Vetus

1938 4685 2364 4738 Testamentum
2393 4700 2508 4737 non
2537 4682 2749 4738 sufﬁcit
2800 4684 2867 4737 ad
2920 4683 3254 4748 bibendum,
3288 4683 3641 4737 veniendum

1941 4778 2026 4827 est
2054 4772 2207 4826 enim
2230 4773 2299 4826 ad
2327 4773 2564 4836 Novum,
2600 4772 2669 4827 de
2701 4788 2815 4843 quo
2846 4772 2967 4825 sine
2998 4772 3265 4840 scrupulo
3295 4774 3351 4824 et
3403 4770 3643 4825 difﬁcul-

1940 4866 2055 4915 tate
2084 4864 2335 4931 potatur.
2365 4861 2548 4915 Judaei
2592 4861 2763 4916 etiam
2803 4876 2953 4913 nunc
3003 4860 3151 4929 apud
3174 4860 3325 4913 Mara
3380 4862 3532 4928 sunt,
3586 4859 3645 4914 id

1942 4954 2025 5004 est
2054 4949 2124 5003 ad
2152 4965 2328 5019 aquas
2357 4964 2579 5002 amaras
2603 4965 2616 5003 :
2647 4948 2905 5003 nondum
2938 4947 3091 5001 enim
3114 4947 3365 5000 ostendit
3395 4946 3475 5001 eis
3497 4948 3647 5002 Deus

1944 5038 2165 5106 lignum
2198 5038 2267 5092 de
2297 5055 2411 5109 quo
2441 5038 2789 5099 dulcescunt,
2824 5036 2958 5105 quia
2983 5037 3091 5089 nisi
3119 5036 3478 5103 crediderint,
3540 5050 3648 5090 non

1943 5127 2245 5194 intelligent
2277 5128 2405 5195 (Isa.
2442 5127 2559 5193 vu).

2585 5257 2807 5312 CAPUT
2886 5258 3022 5313 XVI.

2047 5396 2207 5449 Vens.
2256 5396 2309 5447 2.
2364 5423 2431 5433 —
2510 5393 2583 5448 Et
2629 5396 2991 5448 murmurauit
3056 5396 3229 5447 omnis
3313 5395 3657 5463 congregatio

1952 5484 2143 5553 Israel,
2201 5487 2306 5539 etc.
2358 5481 2564 5549 (Omo.,
2635 5484 2773 5538 hom.
2833 5486 2863 5535 7
2920 5485 2979 5536 in
3036 5481 3340 5618 .Emod.)80
3397 5482 3658 5553 ingratus
